DATE,PRICE,VOLUME
2018-02-28 16:00:00,0.00000405,17494.00000000
2018-02-28 16:00:01,0.00000406,27991.00000000
2018-02-28 16:00:01,0.00000405,490.00000000
2018-02-28 16:00:01,0.00000406,131757.00000000
2018-02-28 16:00:01,0.00000406,4716.00000000
2018-02-28 16:00:02,0.00000406,999.00000000
2018-02-28 16:00:03,0.00000406,1000.00000000
2018-02-28 16:00:03,0.00000406,937.00000000
2018-02-28 16:00:03,0.00000406,736.00000000
2018-02-28 16:00:04,0.00000405,343.00000000
2018-02-28 16:00:05,0.00000406,1487.00000000
2018-02-28 16:00:05,0.00000406,3000.00000000
2018-02-28 16:00:06,0.00000406,3929.00000000
2018-02-28 16:00:06,0.00000406,14590.00000000
2018-02-28 16:00:07,0.00000405,98668.00000000
2018-02-28 16:00:08,0.00000406,29156.00000000
2018-02-28 16:00:08,0.00000405,754.00000000
2018-02-28 16:00:08,0.00000405,590.00000000
2018-02-28 16:00:08,0.00000405,2468.00000000
2018-02-28 16:00:08,0.00000405,28374.00000000
2018-02-28 16:00:08,0.00000405,2469.00000000
2018-02-28 16:00:09,0.00000405,627.00000000
2018-02-28 16:00:09,0.00000406,975.00000000
2018-02-28 16:00:09,0.00000406,671.00000000
2018-02-28 16:00:09,0.00000405,250.00000000
2018-02-28 16:00:09,0.00000405,498.00000000
2018-02-28 16:00:09,0.00000406,70000.00000000
2018-02-28 16:00:09,0.00000405,74609.00000000
2018-02-28 16:00:10,0.00000406,595.00000000
2018-02-28 16:00:11,0.00000405,67316.00000000
2018-02-28 16:00:11,0.00000405,53091.00000000
2018-02-28 16:00:11,0.00000405,17464.00000000
2018-02-28 16:00:11,0.00000405,1037.00000000
2018-02-28 16:00:11,0.00000405,30176.00000000
2018-02-28 16:00:11,0.00000405,54368.00000000
2018-02-28 16:00:12,0.00000405,322.00000000
2018-02-28 16:00:12,0.00000405,394.00000000
2018-02-28 16:00:13,0.00000405,11300.00000000
2018-02-28 16:00:13,0.00000404,498.00000000
2018-02-28 16:00:13,0.00000404,627.00000000
2018-02-28 16:00:13,0.00000405,4313.00000000
2018-02-28 16:00:15,0.00000405,12345.00000000
2018-02-28 16:00:15,0.00000405,3850.00000000
2018-02-28 16:00:15,0.00000404,498.00000000
2018-02-28 16:00:16,0.00000405,10076.00000000
2018-02-28 16:00:16,0.00000405,450268.00000000
2018-02-28 16:00:17,0.00000405,15367.00000000
2018-02-28 16:00:18,0.00000405,7812.00000000
2018-02-28 16:00:19,0.00000404,1492.00000000
2018-02-28 16:00:19,0.00000404,179926.00000000
2018-02-28 16:00:19,0.00000405,2266.00000000
2018-02-28 16:00:20,0.00000405,42964.00000000
2018-02-28 16:00:20,0.00000405,44709.00000000
2018-02-28 16:00:21,0.00000405,46985.00000000
2018-02-28 16:00:22,0.00000405,3000.00000000
2018-02-28 16:00:24,0.00000406,502.00000000
2018-02-28 16:00:25,0.00000405,408.00000000
2018-02-28 16:00:25,0.00000405,4169.00000000
2018-02-28 16:00:27,0.00000405,24691.00000000
2018-02-28 16:00:27,0.00000405,77503.00000000
2018-02-28 16:00:28,0.00000405,21010.00000000
2018-02-28 16:00:30,0.00000405,52372.00000000
2018-02-28 16:00:30,0.00000405,6875.00000000
2018-02-28 16:00:30,0.00000405,6944.00000000
2018-02-28 16:00:32,0.00000405,11626.00000000
2018-02-28 16:00:32,0.00000406,4045.00000000
2018-02-28 16:00:33,0.00000405,11503.00000000
2018-02-28 16:00:33,0.00000405,6560.00000000
2018-02-28 16:00:33,0.00000405,78014.00000000
2018-02-28 16:00:33,0.00000405,21095.00000000
2018-02-28 16:00:34,0.00000405,2170.00000000
2018-02-28 16:00:34,0.00000405,101.00000000
2018-02-28 16:00:34,0.00000405,585.00000000
2018-02-28 16:00:37,0.00000405,2753.00000000
2018-02-28 16:00:38,0.00000404,500.00000000
2018-02-28 16:00:38,0.00000405,1830.00000000
2018-02-28 16:00:40,0.00000405,599.00000000
2018-02-28 16:00:42,0.00000405,149000.00000000
2018-02-28 16:00:42,0.00000405,8531.00000000
2018-02-28 16:00:44,0.00000405,800.00000000
2018-02-28 16:00:45,0.00000405,181780.00000000
2018-02-28 16:00:45,0.00000405,25362.00000000
2018-02-28 16:00:45,0.00000405,4564.00000000
2018-02-28 16:00:45,0.00000405,9258.00000000
2018-02-28 16:00:47,0.00000405,797.00000000
2018-02-28 16:00:49,0.00000405,9272.00000000
2018-02-28 16:00:52,0.00000405,400.00000000
2018-02-28 16:00:52,0.00000405,8787.00000000
2018-02-28 16:00:54,0.00000405,4561.00000000
2018-02-28 16:00:55,0.00000405,551.00000000
2018-02-28 16:00:56,0.00000404,518.00000000
2018-02-28 16:00:58,0.00000405,389.00000000
2018-02-28 16:00:58,0.00000405,380.00000000
2018-02-28 16:00:58,0.00000405,719.00000000
2018-02-28 16:00:58,0.00000405,1000.00000000
2018-02-28 16:00:59,0.00000405,238303.00000000
2018-02-28 16:00:59,0.00000405,6487.00000000
2018-02-28 16:01:00,0.00000406,2200.00000000
2018-02-28 16:01:01,0.00000405,28985.00000000
2018-02-28 16:01:01,0.00000405,60921.00000000
2018-02-28 16:01:01,0.00000405,498.00000000
2018-02-28 16:01:01,0.00000405,498.00000000
2018-02-28 16:01:02,0.00000405,105278.00000000
2018-02-28 16:01:02,0.00000405,500.00000000
2018-02-28 16:01:02,0.00000405,34707.00000000
2018-02-28 16:01:02,0.00000405,43513.00000000
2018-02-28 16:01:02,0.00000405,498.00000000
2018-02-28 16:01:02,0.00000405,10853.00000000
2018-02-28 16:01:04,0.00000404,137171.00000000
2018-02-28 16:01:07,0.00000405,20000.00000000
2018-02-28 16:01:07,0.00000405,4405.00000000
2018-02-28 16:01:07,0.00000405,3303.00000000
2018-02-28 16:01:09,0.00000405,8884.00000000
2018-02-28 16:01:12,0.00000404,1000.00000000
2018-02-28 16:01:15,0.00000405,24229.00000000
2018-02-28 16:01:20,0.00000404,36747.00000000
2018-02-28 16:01:20,0.00000405,150875.00000000
2018-02-28 16:01:21,0.00000405,304577.00000000
2018-02-28 16:01:21,0.00000404,250.00000000
2018-02-28 16:01:22,0.00000404,100000.00000000
2018-02-28 16:01:23,0.00000404,1659.00000000
2018-02-28 16:01:25,0.00000405,7048.00000000
2018-02-28 16:01:27,0.00000405,12794.00000000
2018-02-28 16:01:27,0.00000405,2327.00000000
2018-02-28 16:01:31,0.00000404,2755.00000000
2018-02-28 16:01:31,0.00000404,842.00000000
2018-02-28 16:01:31,0.00000404,10000.00000000
2018-02-28 16:01:34,0.00000405,11.00000000
2018-02-28 16:01:36,0.00000405,1462.00000000
2018-02-28 16:01:38,0.00000404,152083.00000000
2018-02-28 16:01:39,0.00000405,2212.00000000
2018-02-28 16:01:40,0.00000404,3500.00000000
2018-02-28 16:01:41,0.00000405,3080.00000000
2018-02-28 16:01:41,0.00000405,36838.00000000
2018-02-28 16:01:41,0.00000405,1850.00000000
2018-02-28 16:01:43,0.00000405,537.00000000
2018-02-28 16:01:43,0.00000405,13980.00000000
2018-02-28 16:01:45,0.00000405,469.00000000
2018-02-28 16:01:45,0.00000405,13777.00000000
2018-02-28 16:01:47,0.00000405,399.00000000
2018-02-28 16:01:47,0.00000405,29500.00000000
2018-02-28 16:01:50,0.00000404,8000.00000000
2018-02-28 16:01:53,0.00000405,428443.00000000
2018-02-28 16:01:59,0.00000405,7.00000000
2018-02-28 16:02:00,0.00000405,60313.00000000
2018-02-28 16:02:02,0.00000404,56943.00000000
2018-02-28 16:02:07,0.00000405,172648.00000000
2018-02-28 16:02:09,0.00000405,17155.00000000
2018-02-28 16:02:10,0.00000405,174937.00000000
2018-02-28 16:02:13,0.00000404,24.00000000
2018-02-28 16:02:17,0.00000405,49232.00000000
2018-02-28 16:02:21,0.00000405,562.00000000
2018-02-28 16:02:22,0.00000405,3521.00000000
2018-02-28 16:02:22,0.00000405,3493.00000000
2018-02-28 16:02:24,0.00000405,2812.00000000
2018-02-28 16:02:26,0.00000405,13257.00000000
2018-02-28 16:02:27,0.00000405,12326.00000000
2018-02-28 16:02:31,0.00000405,6922.00000000
2018-02-28 16:02:35,0.00000405,3586.00000000
2018-02-28 16:02:39,0.00000405,61743.00000000
2018-02-28 16:02:39,0.00000405,20650.00000000
2018-02-28 16:02:40,0.00000406,187074.00000000
2018-02-28 16:02:40,0.00000405,2444.00000000
2018-02-28 16:02:41,0.00000405,47123.00000000
2018-02-28 16:02:43,0.00000405,11303.00000000
2018-02-28 16:02:45,0.00000405,3711.00000000
2018-02-28 16:02:49,0.00000406,69.00000000
2018-02-28 16:02:50,0.00000405,2131.00000000
2018-02-28 16:02:50,0.00000405,101.00000000
2018-02-28 16:02:52,0.00000405,18615.00000000
2018-02-28 16:02:53,0.00000405,300.00000000
2018-02-28 16:02:53,0.00000405,263937.00000000
2018-02-28 16:02:53,0.00000404,250.00000000
2018-02-28 16:02:54,0.00000405,1500.00000000
2018-02-28 16:02:55,0.00000405,2386.00000000
2018-02-28 16:02:55,0.00000405,6824.00000000
2018-02-28 16:02:58,0.00000405,11274.00000000
2018-02-28 16:02:59,0.00000405,473.00000000
2018-02-28 16:03:00,0.00000405,5581.00000000
2018-02-28 16:03:00,0.00000405,18470.00000000
2018-02-28 16:03:02,0.00000405,13244.00000000
2018-02-28 16:03:02,0.00000405,853.00000000
2018-02-28 16:03:02,0.00000405,34547.00000000
2018-02-28 16:03:02,0.00000405,1620.00000000
2018-02-28 16:03:03,0.00000405,9196.00000000
2018-02-28 16:03:07,0.00000405,1045.00000000
2018-02-28 16:03:07,0.00000405,87999.00000000
2018-02-28 16:03:08,0.00000405,127457.00000000
2018-02-28 16:03:09,0.00000406,2.00000000
2018-02-28 16:03:09,0.00000405,1500.00000000
2018-02-28 16:03:10,0.00000405,12319.00000000
2018-02-28 16:03:10,0.00000405,1335.00000000
2018-02-28 16:03:10,0.00000406,73197.00000000
2018-02-28 16:03:13,0.00000405,419.00000000
2018-02-28 16:03:15,0.00000405,500.00000000
2018-02-28 16:03:17,0.00000405,572.00000000
2018-02-28 16:03:18,0.00000405,503.00000000
2018-02-28 16:03:20,0.00000406,260.00000000
2018-02-28 16:03:21,0.00000406,5529.00000000
2018-02-28 16:03:23,0.00000405,980.00000000
2018-02-28 16:03:23,0.00000406,1457.00000000
2018-02-28 16:03:24,0.00000406,316813.00000000
2018-02-28 16:03:26,0.00000406,4152.00000000
2018-02-28 16:03:27,0.00000406,931.00000000
2018-02-28 16:03:27,0.00000406,67305.00000000
2018-02-28 16:03:27,0.00000406,3970.00000000
2018-02-28 16:03:28,0.00000406,300.00000000
2018-02-28 16:03:29,0.00000406,17365.00000000
2018-02-28 16:03:30,0.00000406,4674.00000000
2018-02-28 16:03:31,0.00000405,216237.00000000
2018-02-28 16:03:33,0.00000405,309.00000000
2018-02-28 16:03:33,0.00000405,2023.00000000
2018-02-28 16:03:33,0.00000406,106808.00000000
2018-02-28 16:03:34,0.00000406,17.00000000
2018-02-28 16:03:38,0.00000405,714.00000000
2018-02-28 16:03:39,0.00000406,1127.00000000
2018-02-28 16:03:41,0.00000406,4900.00000000
2018-02-28 16:03:41,0.00000406,376.00000000
2018-02-28 16:03:43,0.00000406,1.00000000
2018-02-28 16:03:43,0.00000406,3303.00000000
2018-02-28 16:03:43,0.00000405,5331.00000000
2018-02-28 16:03:43,0.00000406,32730.00000000
2018-02-28 16:03:44,0.00000406,1500.00000000
2018-02-28 16:03:45,0.00000405,3444.00000000
2018-02-28 16:03:45,0.00000406,500.00000000
2018-02-28 16:03:45,0.00000406,2110.00000000
2018-02-28 16:03:46,0.00000406,6920.00000000
2018-02-28 16:03:46,0.00000405,978.00000000
2018-02-28 16:03:47,0.00000406,1132632.00000000
2018-02-28 16:03:47,0.00000406,53788.00000000
2018-02-28 16:03:47,0.00000406,2856.00000000
2018-02-28 16:03:47,0.00000406,21459.00000000
2018-02-28 16:03:47,0.00000406,12389.00000000
2018-02-28 16:03:47,0.00000406,14641.00000000
2018-02-28 16:03:47,0.00000406,34488.00000000
2018-02-28 16:03:48,0.00000406,29881.00000000
2018-02-28 16:03:48,0.00000406,8348.00000000
2018-02-28 16:03:48,0.00000406,18922.00000000
2018-02-28 16:03:48,0.00000406,8358.00000000
2018-02-28 16:03:49,0.00000406,13277.00000000
2018-02-28 16:03:49,0.00000406,7142.00000000
2018-02-28 16:03:49,0.00000406,35676.00000000
2018-02-28 16:03:51,0.00000406,428.00000000
2018-02-28 16:03:51,0.00000406,977937.00000000
2018-02-28 16:03:51,0.00000407,4507.00000000
2018-02-28 16:03:52,0.00000406,795.00000000
2018-02-28 16:03:52,0.00000406,10734.00000000
2018-02-28 16:03:52,0.00000406,104930.00000000
2018-02-28 16:03:53,0.00000406,5326.00000000
2018-02-28 16:03:54,0.00000406,400.00000000
2018-02-28 16:03:56,0.00000407,1060.00000000
2018-02-28 16:03:56,0.00000406,210512.00000000
2018-02-28 16:03:56,0.00000406,29113.00000000
2018-02-28 16:03:57,0.00000406,448892.00000000
2018-02-28 16:03:57,0.00000406,2382.00000000
2018-02-28 16:03:57,0.00000406,1230.00000000
2018-02-28 16:03:58,0.00000406,10602.00000000
2018-02-28 16:03:58,0.00000406,8511.00000000
2018-02-28 16:03:58,0.00000406,293945.00000000
2018-02-28 16:03:58,0.00000406,351.00000000
2018-02-28 16:03:59,0.00000406,3961.00000000
2018-02-28 16:04:00,0.00000406,573.00000000
2018-02-28 16:04:00,0.00000406,28095.00000000
2018-02-28 16:04:01,0.00000406,2759.00000000
2018-02-28 16:04:01,0.00000406,7631.00000000
2018-02-28 16:04:03,0.00000406,321332.00000000
2018-02-28 16:04:03,0.00000406,184556.00000000
2018-02-28 16:04:03,0.00000406,181555.00000000
2018-02-28 16:04:03,0.00000406,14538.00000000
2018-02-28 16:04:04,0.00000406,17421.00000000
2018-02-28 16:04:04,0.00000406,61519.00000000
2018-02-28 16:04:05,0.00000406,837.00000000
2018-02-28 16:04:06,0.00000406,250.00000000
2018-02-28 16:04:06,0.00000406,871135.00000000
2018-02-28 16:04:06,0.00000406,7198.00000000
2018-02-28 16:04:08,0.00000406,1128.00000000
2018-02-28 16:04:08,0.00000406,5387.00000000
2018-02-28 16:04:09,0.00000406,67.00000000
2018-02-28 16:04:09,0.00000406,616.00000000
2018-02-28 16:04:09,0.00000406,351676.00000000
2018-02-28 16:04:09,0.00000406,367.00000000
2018-02-28 16:04:10,0.00000406,5064.00000000
2018-02-28 16:04:10,0.00000406,23081.00000000
2018-02-28 16:04:11,0.00000406,24630.00000000
2018-02-28 16:04:11,0.00000406,43714.00000000
2018-02-28 16:04:13,0.00000406,10959.00000000
2018-02-28 16:04:14,0.00000406,24630.00000000
2018-02-28 16:04:14,0.00000406,56428.00000000
2018-02-28 16:04:14,0.00000406,13702.00000000
2018-02-28 16:04:14,0.00000407,20765.00000000
2018-02-28 16:04:15,0.00000406,7469.00000000
2018-02-28 16:04:16,0.00000407,808.00000000
2018-02-28 16:04:16,0.00000407,161598.00000000
2018-02-28 16:04:17,0.00000406,99.00000000
2018-02-28 16:04:18,0.00000406,428.00000000
2018-02-28 16:04:18,0.00000406,1469.00000000
2018-02-28 16:04:19,0.00000406,408.00000000
2018-02-28 16:04:19,0.00000407,53032.00000000
2018-02-28 16:04:19,0.00000407,4007.00000000
2018-02-28 16:04:20,0.00000406,5571.00000000
2018-02-28 16:04:20,0.00000406,3163.00000000
2018-02-28 16:04:21,0.00000406,408.00000000
2018-02-28 16:04:21,0.00000406,2326.00000000
2018-02-28 16:04:22,0.00000406,1897.00000000
2018-02-28 16:04:22,0.00000406,4880.00000000
2018-02-28 16:04:23,0.00000406,24630.00000000
2018-02-28 16:04:23,0.00000406,52938.00000000
2018-02-28 16:04:24,0.00000406,24630.00000000
2018-02-28 16:04:24,0.00000406,47979.00000000
2018-02-28 16:04:25,0.00000406,28095.00000000
2018-02-28 16:04:27,0.00000406,306.00000000
2018-02-28 16:04:28,0.00000406,24630.00000000
2018-02-28 16:04:28,0.00000406,1510.00000000
2018-02-28 16:04:28,0.00000407,80645.00000000
2018-02-28 16:04:30,0.00000407,1058.00000000
2018-02-28 16:04:31,0.00000406,24630.00000000
2018-02-28 16:04:32,0.00000406,51183.00000000
2018-02-28 16:04:32,0.00000407,568.00000000
2018-02-28 16:04:32,0.00000407,2457.00000000
2018-02-28 16:04:32,0.00000407,247481.00000000
2018-02-28 16:04:33,0.00000406,795.00000000
2018-02-28 16:04:33,0.00000406,112979.00000000
2018-02-28 16:04:33,0.00000406,612.00000000
2018-02-28 16:04:33,0.00000406,6755.00000000
2018-02-28 16:04:34,0.00000406,4081.00000000
2018-02-28 16:04:35,0.00000406,24630.00000000
2018-02-28 16:04:35,0.00000406,51469.00000000
2018-02-28 16:04:35,0.00000407,1411.00000000
2018-02-28 16:04:35,0.00000407,265.00000000
2018-02-28 16:04:36,0.00000407,4694.00000000
2018-02-28 16:04:36,0.00000407,157334.00000000
2018-02-28 16:04:36,0.00000407,8063.00000000
2018-02-28 16:04:37,0.00000407,902.00000000
2018-02-28 16:04:37,0.00000407,88.00000000
2018-02-28 16:04:37,0.00000407,4095.00000000
2018-02-28 16:04:39,0.00000407,1046.00000000
2018-02-28 16:04:39,0.00000407,49547.00000000
2018-02-28 16:04:40,0.00000407,10863.00000000
2018-02-28 16:04:41,0.00000407,1700.00000000
2018-02-28 16:04:42,0.00000407,15784.00000000
2018-02-28 16:04:43,0.00000407,25988.00000000
2018-02-28 16:04:44,0.00000407,42629.00000000
2018-02-28 16:04:45,0.00000407,3571.00000000
2018-02-28 16:04:45,0.00000407,2997.00000000
2018-02-28 16:04:45,0.00000407,10704.00000000
2018-02-28 16:04:45,0.00000407,20567.00000000
2018-02-28 16:04:46,0.00000407,120715.00000000
2018-02-28 16:04:47,0.00000407,39159.00000000
2018-02-28 16:04:47,0.00000406,12000.00000000
2018-02-28 16:04:47,0.00000407,143093.00000000
2018-02-28 16:04:48,0.00000407,29544.00000000
2018-02-28 16:04:48,0.00000407,234059.00000000
2018-02-28 16:04:49,0.00000407,141245.00000000
2018-02-28 16:04:49,0.00000407,407.00000000
2018-02-28 16:04:49,0.00000407,2932.00000000
2018-02-28 16:04:49,0.00000407,2456.00000000
2018-02-28 16:04:49,0.00000407,4324.00000000
2018-02-28 16:04:49,0.00000407,2456.00000000
2018-02-28 16:04:49,0.00000408,5206.00000000
2018-02-28 16:04:49,0.00000408,3015.00000000
2018-02-28 16:04:49,0.00000408,47119.00000000
2018-02-28 16:04:49,0.00000407,2875.00000000
2018-02-28 16:04:50,0.00000407,500.00000000
2018-02-28 16:04:50,0.00000407,3109.00000000
2018-02-28 16:04:50,0.00000407,407.00000000
2018-02-28 16:04:50,0.00000407,2696.00000000
2018-02-28 16:04:51,0.00000407,3300.00000000
2018-02-28 16:04:51,0.00000407,2481.00000000
2018-02-28 16:04:52,0.00000407,3976.00000000
2018-02-28 16:04:52,0.00000407,17824.00000000
2018-02-28 16:04:52,0.00000407,761.00000000
2018-02-28 16:04:52,0.00000407,38359.00000000
2018-02-28 16:04:52,0.00000407,707.00000000
2018-02-28 16:04:52,0.00000407,562.00000000
2018-02-28 16:04:52,0.00000407,501.00000000
2018-02-28 16:04:53,0.00000407,2481.00000000
2018-02-28 16:04:53,0.00000407,1364.00000000
2018-02-28 16:04:53,0.00000407,1324.00000000
2018-02-28 16:04:54,0.00000407,12690.00000000
2018-02-28 16:04:54,0.00000407,44826.00000000
2018-02-28 16:04:54,0.00000407,3648.00000000
2018-02-28 16:04:55,0.00000407,7841.00000000
2018-02-28 16:04:55,0.00000407,6048.00000000
2018-02-28 16:04:55,0.00000408,49179.00000000
2018-02-28 16:04:56,0.00000407,8167.00000000
2018-02-28 16:04:56,0.00000408,46474.00000000
2018-02-28 16:04:57,0.00000407,3808.00000000
2018-02-28 16:04:57,0.00000408,15340.00000000
2018-02-28 16:04:58,0.00000407,3543.00000000
2018-02-28 16:04:58,0.00000408,105982.00000000
2018-02-28 16:05:00,0.00000407,4008.00000000
2018-02-28 16:05:01,0.00000408,224364.00000000
2018-02-28 16:05:01,0.00000407,672.00000000
2018-02-28 16:05:02,0.00000407,502.00000000
2018-02-28 16:05:02,0.00000408,1700.00000000
2018-02-28 16:05:02,0.00000408,683269.00000000
2018-02-28 16:05:02,0.00000408,116841.00000000
2018-02-28 16:05:02,0.00000407,2450.00000000
2018-02-28 16:05:02,0.00000408,10180.00000000
2018-02-28 16:05:03,0.00000408,25301.00000000
2018-02-28 16:05:03,0.00000408,1341.00000000
2018-02-28 16:05:03,0.00000407,1341.00000000
2018-02-28 16:05:03,0.00000407,1340.00000000
2018-02-28 16:05:03,0.00000407,10000.00000000
2018-02-28 16:05:03,0.00000408,498.00000000
2018-02-28 16:05:04,0.00000408,632.00000000
2018-02-28 16:05:04,0.00000408,546.00000000
2018-02-28 16:05:04,0.00000407,3666.00000000
2018-02-28 16:05:04,0.00000408,767.00000000
2018-02-28 16:05:04,0.00000408,51168.00000000
2018-02-28 16:05:04,0.00000408,36688.00000000
2018-02-28 16:05:05,0.00000407,154569.00000000
2018-02-28 16:05:06,0.00000408,6351.00000000
2018-02-28 16:05:06,0.00000408,2504.00000000
2018-02-28 16:05:06,0.00000407,1515.00000000
2018-02-28 16:05:07,0.00000408,9812.00000000
2018-02-28 16:05:08,0.00000408,56418.00000000
2018-02-28 16:05:08,0.00000408,52443.00000000
2018-02-28 16:05:08,0.00000407,52443.00000000
2018-02-28 16:05:08,0.00000407,10284.00000000
2018-02-28 16:05:08,0.00000407,739.00000000
2018-02-28 16:05:09,0.00000408,752.00000000
2018-02-28 16:05:10,0.00000408,14125.00000000
2018-02-28 16:05:10,0.00000408,99325.00000000
2018-02-28 16:05:10,0.00000408,121591.00000000
2018-02-28 16:05:10,0.00000408,111141.00000000
2018-02-28 16:05:10,0.00000408,121591.00000000
2018-02-28 16:05:10,0.00000408,406.00000000
2018-02-28 16:05:10,0.00000408,798.00000000
2018-02-28 16:05:10,0.00000408,2450.00000000
2018-02-28 16:05:10,0.00000408,41257.00000000
2018-02-28 16:05:10,0.00000408,5969.00000000
2018-02-28 16:05:10,0.00000408,9306.00000000
2018-02-28 16:05:10,0.00000408,2057.00000000
2018-02-28 16:05:10,0.00000408,798.00000000
2018-02-28 16:05:10,0.00000408,2449.00000000
2018-02-28 16:05:10,0.00000408,798.00000000
2018-02-28 16:05:10,0.00000408,34371.00000000
2018-02-28 16:05:10,0.00000408,1080.00000000
2018-02-28 16:05:10,0.00000408,2449.00000000
2018-02-28 16:05:10,0.00000408,798.00000000
2018-02-28 16:05:10,0.00000408,75157.00000000
2018-02-28 16:05:10,0.00000408,798.00000000
2018-02-28 16:05:10,0.00000408,6910.00000000
2018-02-28 16:05:10,0.00000408,37406.00000000
2018-02-28 16:05:11,0.00000408,442.00000000
2018-02-28 16:05:12,0.00000407,27000.00000000
2018-02-28 16:05:12,0.00000407,603651.00000000
2018-02-28 16:05:13,0.00000408,329.00000000
2018-02-28 16:05:14,0.00000408,1627.00000000
2018-02-28 16:05:14,0.00000408,967.00000000
2018-02-28 16:05:14,0.00000408,411.00000000
2018-02-28 16:05:14,0.00000408,4589.00000000
2018-02-28 16:05:14,0.00000408,984.00000000
2018-02-28 16:05:15,0.00000408,3605.00000000
2018-02-28 16:05:15,0.00000408,8796.00000000
2018-02-28 16:05:15,0.00000408,35842.00000000
2018-02-28 16:05:15,0.00000408,5496.00000000
2018-02-28 16:05:15,0.00000408,31838.00000000
2018-02-28 16:05:16,0.00000408,5343.00000000
2018-02-28 16:05:16,0.00000408,976.00000000
2018-02-28 16:05:17,0.00000408,2257.00000000
2018-02-28 16:05:17,0.00000408,14910.00000000
2018-02-28 16:05:17,0.00000409,65116.00000000
2018-02-28 16:05:17,0.00000408,502.00000000
2018-02-28 16:05:18,0.00000408,452.00000000
2018-02-28 16:05:18,0.00000408,637.00000000
2018-02-28 16:05:19,0.00000408,80764.00000000
2018-02-28 16:05:19,0.00000408,2181.00000000
2018-02-28 16:05:20,0.00000408,1.00000000
2018-02-28 16:05:20,0.00000408,8963.00000000
2018-02-28 16:05:20,0.00000408,10998.00000000
2018-02-28 16:05:21,0.00000408,8517.00000000
2018-02-28 16:05:21,0.00000408,14803.00000000
2018-02-28 16:05:21,0.00000409,20000.00000000
2018-02-28 16:05:21,0.00000408,21911.00000000
2018-02-28 16:05:21,0.00000408,1833.00000000
2018-02-28 16:05:21,0.00000408,3776.00000000
2018-02-28 16:05:21,0.00000408,20842.00000000
2018-02-28 16:05:22,0.00000408,8495.00000000
2018-02-28 16:05:22,0.00000408,10716.00000000
2018-02-28 16:05:22,0.00000408,6890.00000000
2018-02-28 16:05:23,0.00000408,406.00000000
2018-02-28 16:05:23,0.00000408,1156.00000000
2018-02-28 16:05:23,0.00000408,755.00000000
2018-02-28 16:05:24,0.00000408,702.00000000
2018-02-28 16:05:24,0.00000408,2140.00000000
2018-02-28 16:05:24,0.00000408,1382.00000000
2018-02-28 16:05:25,0.00000408,3678.00000000
2018-02-28 16:05:25,0.00000408,702.00000000
2018-02-28 16:05:26,0.00000408,500.00000000
2018-02-28 16:05:26,0.00000408,711.00000000
2018-02-28 16:05:26,0.00000409,1596.00000000
2018-02-28 16:05:26,0.00000409,1171.00000000
2018-02-28 16:05:26,0.00000409,3102.00000000
2018-02-28 16:05:26,0.00000408,4019.00000000
2018-02-28 16:05:27,0.00000408,3678.00000000
2018-02-28 16:05:27,0.00000408,58355.00000000
2018-02-28 16:05:28,0.00000408,406.00000000
2018-02-28 16:05:28,0.00000408,1068.00000000
2018-02-28 16:05:28,0.00000408,54446.00000000
2018-02-28 16:05:29,0.00000407,2084.00000000
2018-02-28 16:05:29,0.00000408,32580.00000000
2018-02-28 16:05:29,0.00000408,387.00000000
2018-02-28 16:05:29,0.00000407,120710.00000000
2018-02-28 16:05:30,0.00000408,13125.00000000
2018-02-28 16:05:31,0.00000408,72110.00000000
2018-02-28 16:05:31,0.00000409,436120.00000000
2018-02-28 16:05:33,0.00000408,1785.00000000
2018-02-28 16:05:33,0.00000409,515.00000000
2018-02-28 16:05:33,0.00000407,582.00000000
2018-02-28 16:05:33,0.00000407,19580.00000000
2018-02-28 16:05:33,0.00000409,1815.00000000
2018-02-28 16:05:33,0.00000407,1807.00000000
2018-02-28 16:05:35,0.00000408,500.00000000
2018-02-28 16:05:35,0.00000408,21199.00000000
2018-02-28 16:05:35,0.00000408,13950.00000000
2018-02-28 16:05:35,0.00000409,17400.00000000
2018-02-28 16:05:35,0.00000408,2997.00000000
2018-02-28 16:05:36,0.00000408,13191.00000000
2018-02-28 16:05:36,0.00000409,200.00000000
2018-02-28 16:05:37,0.00000408,1016.00000000
2018-02-28 16:05:37,0.00000409,1740.00000000
2018-02-28 16:05:38,0.00000408,1626.00000000
2018-02-28 16:05:38,0.00000408,3000.00000000
2018-02-28 16:05:39,0.00000408,6158.00000000
2018-02-28 16:05:39,0.00000409,245.00000000
2018-02-28 16:05:39,0.00000408,913.00000000
2018-02-28 16:05:40,0.00000408,3475.00000000
2018-02-28 16:05:40,0.00000409,20897.00000000
2018-02-28 16:05:40,0.00000409,119495.00000000
2018-02-28 16:05:40,0.00000409,4611.00000000
2018-02-28 16:05:40,0.00000408,669.00000000
2018-02-28 16:05:40,0.00000409,4864.00000000
2018-02-28 16:05:41,0.00000408,6707.00000000
2018-02-28 16:05:41,0.00000409,5000.00000000
2018-02-28 16:05:41,0.00000409,23854.00000000
2018-02-28 16:05:41,0.00000409,5815.00000000
2018-02-28 16:05:41,0.00000409,14678.00000000
2018-02-28 16:05:42,0.00000408,500.00000000
2018-02-28 16:05:42,0.00000408,2601.00000000
2018-02-28 16:05:42,0.00000409,320984.00000000
2018-02-28 16:05:42,0.00000409,4427.00000000
2018-02-28 16:05:43,0.00000408,426.00000000
2018-02-28 16:05:43,0.00000409,177046.00000000
2018-02-28 16:05:43,0.00000409,7711.00000000
2018-02-28 16:05:43,0.00000409,8148.00000000
2018-02-28 16:05:44,0.00000408,24509.00000000
2018-02-28 16:05:44,0.00000408,84796.00000000
2018-02-28 16:05:44,0.00000409,4893.00000000
2018-02-28 16:05:45,0.00000408,30995.00000000
2018-02-28 16:05:45,0.00000409,73247.00000000
2018-02-28 16:05:45,0.00000408,13187.00000000
2018-02-28 16:05:46,0.00000408,2431.00000000
2018-02-28 16:05:46,0.00000408,12279.00000000
2018-02-28 16:05:46,0.00000408,832.00000000
2018-02-28 16:05:46,0.00000409,1519.00000000
2018-02-28 16:05:46,0.00000408,10000.00000000
2018-02-28 16:05:47,0.00000408,5127.00000000
2018-02-28 16:05:47,0.00000408,640.00000000
2018-02-28 16:05:47,0.00000409,1000.00000000
2018-02-28 16:05:47,0.00000409,4745.00000000
2018-02-28 16:05:48,0.00000408,1706.00000000
2018-02-28 16:05:48,0.00000409,20703.00000000
2018-02-28 16:05:48,0.00000409,7721.00000000
2018-02-28 16:05:48,0.00000408,1500.00000000
2018-02-28 16:05:48,0.00000409,588.00000000
2018-02-28 16:05:49,0.00000408,500.00000000
2018-02-28 16:05:49,0.00000408,6449.00000000
2018-02-28 16:05:49,0.00000409,3000.00000000
2018-02-28 16:05:49,0.00000408,173136.00000000
2018-02-28 16:05:50,0.00000408,58106.00000000
2018-02-28 16:05:50,0.00000409,9062.00000000
2018-02-28 16:05:50,0.00000409,50897.00000000
2018-02-28 16:05:50,0.00000409,7848.00000000
2018-02-28 16:05:50,0.00000408,12279.00000000
2018-02-28 16:05:51,0.00000408,15090.00000000
2018-02-28 16:05:51,0.00000408,792.00000000
2018-02-28 16:05:51,0.00000409,1730.00000000
2018-02-28 16:05:52,0.00000408,8348.00000000
2018-02-28 16:05:52,0.00000409,11870.00000000
2018-02-28 16:05:52,0.00000408,12279.00000000
2018-02-28 16:05:53,0.00000408,341.00000000
2018-02-28 16:05:53,0.00000408,7321.00000000
2018-02-28 16:05:54,0.00000409,3356.00000000
2018-02-28 16:05:54,0.00000408,5000.00000000
2018-02-28 16:05:54,0.00000409,24658.00000000
2018-02-28 16:05:54,0.00000409,17831.00000000
2018-02-28 16:05:54,0.00000409,1171.00000000
2018-02-28 16:05:54,0.00000409,1582.00000000
2018-02-28 16:05:54,0.00000409,207390.00000000
2018-02-28 16:05:55,0.00000409,249.00000000
2018-02-28 16:05:55,0.00000409,5000.00000000
2018-02-28 16:05:56,0.00000408,4800.00000000
2018-02-28 16:05:56,0.00000409,37128.00000000
2018-02-28 16:05:56,0.00000409,48822.00000000
2018-02-28 16:05:56,0.00000409,380765.00000000
2018-02-28 16:05:57,0.00000409,7804.00000000
2018-02-28 16:05:57,0.00000409,48899.00000000
2018-02-28 16:05:57,0.00000409,11904.00000000
2018-02-28 16:05:57,0.00000409,11123.00000000
2018-02-28 16:05:57,0.00000409,7149.00000000
2018-02-28 16:05:58,0.00000409,8603.00000000
2018-02-28 16:05:58,0.00000409,1050.00000000
2018-02-28 16:05:58,0.00000409,5832.00000000
2018-02-28 16:05:58,0.00000409,6422.00000000
2018-02-28 16:05:58,0.00000408,6422.00000000
2018-02-28 16:05:58,0.00000409,825.00000000
2018-02-28 16:05:59,0.00000409,43188.00000000
2018-02-28 16:05:59,0.00000409,2400.00000000
2018-02-28 16:06:00,0.00000409,12049.00000000
2018-02-28 16:06:00,0.00000409,1998.00000000
2018-02-28 16:06:00,0.00000409,2400.00000000
2018-02-28 16:06:00,0.00000409,600.00000000
2018-02-28 16:06:01,0.00000410,95191.00000000
2018-02-28 16:06:01,0.00000410,47000.00000000
2018-02-28 16:06:02,0.00000409,12225.00000000
2018-02-28 16:06:02,0.00000409,994.00000000
2018-02-28 16:06:02,0.00000409,927.00000000
2018-02-28 16:06:02,0.00000409,24449.00000000
2018-02-28 16:06:02,0.00000409,49913.00000000
2018-02-28 16:06:03,0.00000409,2657.00000000
2018-02-28 16:06:04,0.00000409,21115.00000000
2018-02-28 16:06:04,0.00000409,3989.00000000
2018-02-28 16:06:04,0.00000409,12255.00000000
2018-02-28 16:06:04,0.00000410,5000.00000000
2018-02-28 16:06:05,0.00000409,12827.00000000
2018-02-28 16:06:05,0.00000409,16227.00000000
2018-02-28 16:06:05,0.00000409,118873.00000000
2018-02-28 16:06:05,0.00000409,2443.00000000
2018-02-28 16:06:05,0.00000409,4056.00000000
2018-02-28 16:06:05,0.00000409,28215.00000000
2018-02-28 16:06:05,0.00000409,797.00000000
2018-02-28 16:06:05,0.00000409,2443.00000000
2018-02-28 16:06:06,0.00000409,12145.00000000
2018-02-28 16:06:06,0.00000410,10000.00000000
2018-02-28 16:06:06,0.00000409,7505.00000000
2018-02-28 16:06:06,0.00000409,12145.00000000
2018-02-28 16:06:06,0.00000410,23624.00000000
2018-02-28 16:06:06,0.00000409,12255.00000000
2018-02-28 16:06:06,0.00000410,493224.00000000
2018-02-28 16:06:07,0.00000409,500.00000000
2018-02-28 16:06:07,0.00000409,24449.00000000
2018-02-28 16:06:07,0.00000409,12145.00000000
2018-02-28 16:06:07,0.00000409,53184.00000000
2018-02-28 16:06:07,0.00000409,12173.00000000
2018-02-28 16:06:07,0.00000410,23268.00000000
2018-02-28 16:06:07,0.00000410,4247.00000000
2018-02-28 16:06:08,0.00000409,12255.00000000
2018-02-28 16:06:08,0.00000409,12145.00000000
2018-02-28 16:06:08,0.00000410,53856.00000000
2018-02-28 16:06:08,0.00000409,12145.00000000
2018-02-28 16:06:08,0.00000410,487.00000000
2018-02-28 16:06:09,0.00000409,4077.00000000
2018-02-28 16:06:09,0.00000409,12145.00000000
2018-02-28 16:06:09,0.00000409,127061.00000000
2018-02-28 16:06:09,0.00000410,22684.00000000
2018-02-28 16:06:10,0.00000409,12201.00000000
2018-02-28 16:06:10,0.00000409,12255.00000000
2018-02-28 16:06:10,0.00000409,2443.00000000
2018-02-28 16:06:10,0.00000409,8360.00000000
2018-02-28 16:06:10,0.00000409,11967.00000000
2018-02-28 16:06:10,0.00000410,7797.00000000
2018-02-28 16:06:10,0.00000409,12192.00000000
2018-02-28 16:06:11,0.00000409,4056.00000000
2018-02-28 16:06:11,0.00000409,500.00000000
2018-02-28 16:06:11,0.00000410,766.00000000
2018-02-28 16:06:12,0.00000409,21400.00000000
2018-02-28 16:06:12,0.00000409,733.00000000
2018-02-28 16:06:12,0.00000409,500.00000000
2018-02-28 16:06:12,0.00000410,66657.00000000
2018-02-28 16:06:12,0.00000410,5338.00000000
2018-02-28 16:06:12,0.00000410,1600.00000000
2018-02-28 16:06:13,0.00000409,3846.00000000
2018-02-28 16:06:13,0.00000410,382.00000000
2018-02-28 16:06:13,0.00000409,2000.00000000
2018-02-28 16:06:14,0.00000410,500.00000000
2018-02-28 16:06:14,0.00000409,12255.00000000
2018-02-28 16:06:14,0.00000410,10580.00000000
2018-02-28 16:06:15,0.00000409,1774.00000000
2018-02-28 16:06:16,0.00000409,67165.00000000
2018-02-28 16:06:16,0.00000409,304.00000000
2018-02-28 16:06:16,0.00000409,11514.00000000
2018-02-28 16:06:16,0.00000409,733.00000000
2018-02-28 16:06:16,0.00000410,1340.00000000
2018-02-28 16:06:17,0.00000409,14265.00000000
2018-02-28 16:06:17,0.00000409,81094.00000000
2018-02-28 16:06:17,0.00000410,119061.00000000
2018-02-28 16:06:18,0.00000409,2850.00000000
2018-02-28 16:06:18,0.00000410,145270.00000000
2018-02-28 16:06:18,0.00000410,1246.00000000
2018-02-28 16:06:18,0.00000410,111626.00000000
2018-02-28 16:06:18,0.00000410,10547.00000000
2018-02-28 16:06:18,0.00000410,4943.00000000
2018-02-28 16:06:19,0.00000410,6191.00000000
2018-02-28 16:06:20,0.00000410,2322.00000000
2018-02-28 16:06:20,0.00000410,55265.00000000
2018-02-28 16:06:20,0.00000410,2160.00000000
2018-02-28 16:06:22,0.00000410,56741.00000000
2018-02-28 16:06:22,0.00000410,295.00000000
2018-02-28 16:06:22,0.00000409,500.00000000
2018-02-28 16:06:22,0.00000410,4.00000000
2018-02-28 16:06:22,0.00000409,12255.00000000
2018-02-28 16:06:22,0.00000410,2999.00000000
2018-02-28 16:06:22,0.00000409,18746.00000000
2018-02-28 16:06:23,0.00000409,2936.00000000
2018-02-28 16:06:23,0.00000410,81384.00000000
2018-02-28 16:06:23,0.00000410,13658.00000000
2018-02-28 16:06:23,0.00000410,57054.00000000
2018-02-28 16:06:24,0.00000410,1048.00000000
2018-02-28 16:06:24,0.00000409,12225.00000000
2018-02-28 16:06:24,0.00000410,4679.00000000
2018-02-28 16:06:25,0.00000410,23210.00000000
2018-02-28 16:06:25,0.00000410,755.00000000
2018-02-28 16:06:26,0.00000410,517.00000000
2018-02-28 16:06:27,0.00000410,49260.00000000
2018-02-28 16:06:27,0.00000409,12225.00000000
2018-02-28 16:06:28,0.00000410,8997.00000000
2018-02-28 16:06:29,0.00000410,1975.00000000
2018-02-28 16:06:29,0.00000410,493.00000000
2018-02-28 16:06:29,0.00000409,12225.00000000
2018-02-28 16:06:30,0.00000410,2734.00000000
2018-02-28 16:06:30,0.00000410,277251.00000000
2018-02-28 16:06:30,0.00000410,7642.00000000
2018-02-28 16:06:31,0.00000410,564.00000000
2018-02-28 16:06:31,0.00000409,6138.00000000
2018-02-28 16:06:32,0.00000409,24449.00000000
2018-02-28 16:06:32,0.00000410,18322.00000000
2018-02-28 16:06:32,0.00000410,56742.00000000
2018-02-28 16:06:33,0.00000409,12225.00000000
2018-02-28 16:06:33,0.00000410,7709.00000000
2018-02-28 16:06:33,0.00000410,2264.00000000
2018-02-28 16:06:34,0.00000410,1926.00000000
2018-02-28 16:06:34,0.00000410,38556.00000000
2018-02-28 16:06:34,0.00000410,64423.00000000
2018-02-28 16:06:34,0.00000410,29328.00000000
2018-02-28 16:06:34,0.00000410,99325.00000000
2018-02-28 16:06:34,0.00000410,7591.00000000
2018-02-28 16:06:34,0.00000410,202148.00000000
2018-02-28 16:06:34,0.00000410,300.00000000
2018-02-28 16:06:34,0.00000409,309064.00000000
2018-02-28 16:06:35,0.00000409,2438.00000000
2018-02-28 16:06:35,0.00000409,9138.00000000
2018-02-28 16:06:35,0.00000410,974.00000000
2018-02-28 16:06:35,0.00000410,36571.00000000
2018-02-28 16:06:35,0.00000410,13883.00000000
2018-02-28 16:06:35,0.00000410,93752.00000000
2018-02-28 16:06:35,0.00000409,13883.00000000
2018-02-28 16:06:35,0.00000409,2438.00000000
2018-02-28 16:06:36,0.00000410,3718.00000000
2018-02-28 16:06:36,0.00000410,4676.00000000
2018-02-28 16:06:36,0.00000410,2439.00000000
2018-02-28 16:06:36,0.00000410,354.00000000
2018-02-28 16:06:36,0.00000410,456.00000000
2018-02-28 16:06:36,0.00000410,889.00000000
2018-02-28 16:06:36,0.00000410,2438.00000000
2018-02-28 16:06:36,0.00000410,724.00000000
2018-02-28 16:06:37,0.00000410,724.00000000
2018-02-28 16:06:37,0.00000410,19502.00000000
2018-02-28 16:06:37,0.00000410,12213.00000000
2018-02-28 16:06:38,0.00000410,12141.00000000
2018-02-28 16:06:38,0.00000410,25758.00000000
2018-02-28 16:06:38,0.00000410,12161.00000000
2018-02-28 16:06:39,0.00000410,22229.00000000
2018-02-28 16:06:39,0.00000411,121747.00000000
2018-02-28 16:06:39,0.00000411,5469.00000000
2018-02-28 16:06:39,0.00000410,17963.00000000
2018-02-28 16:06:39,0.00000410,375.00000000
2018-02-28 16:06:40,0.00000410,12195.00000000
2018-02-28 16:06:40,0.00000410,303.00000000
2018-02-28 16:06:40,0.00000410,2450.00000000
2018-02-28 16:06:40,0.00000410,2214.00000000
2018-02-28 16:06:41,0.00000410,4634.00000000
2018-02-28 16:06:41,0.00000410,66348.00000000
2018-02-28 16:06:41,0.00000410,12195.00000000
2018-02-28 16:06:42,0.00000411,1409942.00000000
2018-02-28 16:06:42,0.00000412,265666.00000000
2018-02-28 16:06:42,0.00000410,6755.00000000
2018-02-28 16:06:42,0.00000411,4225.00000000
2018-02-28 16:06:42,0.00000412,106026.00000000
2018-02-28 16:06:42,0.00000410,10189.00000000
2018-02-28 16:06:43,0.00000411,1620.00000000
2018-02-28 16:06:43,0.00000410,1620.00000000
2018-02-28 16:06:43,0.00000410,1619.00000000
2018-02-28 16:06:43,0.00000410,3838.00000000
2018-02-28 16:06:43,0.00000411,4053.00000000
2018-02-28 16:06:43,0.00000412,49318.00000000
2018-02-28 16:06:43,0.00000412,51341.00000000
2018-02-28 16:06:44,0.00000410,108535.00000000
2018-02-28 16:06:44,0.00000410,1000.00000000
2018-02-28 16:06:44,0.00000411,4082.00000000
2018-02-28 16:06:44,0.00000412,128425.00000000
2018-02-28 16:06:44,0.00000410,12195.00000000
2018-02-28 16:06:45,0.00000411,784867.00000000
2018-02-28 16:06:45,0.00000411,748.00000000
2018-02-28 16:06:45,0.00000411,3.00000000
2018-02-28 16:06:45,0.00000411,1617.00000000
2018-02-28 16:06:45,0.00000412,5642.00000000
2018-02-28 16:06:46,0.00000411,500.00000000
2018-02-28 16:06:46,0.00000411,3385.00000000
2018-02-28 16:06:46,0.00000411,3954.00000000
2018-02-28 16:06:47,0.00000412,1013.00000000
2018-02-28 16:06:47,0.00000411,1188.00000000
2018-02-28 16:06:47,0.00000411,1587.00000000
2018-02-28 16:06:47,0.00000412,2775.00000000
2018-02-28 16:06:47,0.00000412,8335.00000000
2018-02-28 16:06:47,0.00000412,20915.00000000
2018-02-28 16:06:47,0.00000412,1480.00000000
2018-02-28 16:06:48,0.00000411,12165.00000000
2018-02-28 16:06:48,0.00000411,4468.00000000
2018-02-28 16:06:48,0.00000411,2074.00000000
2018-02-28 16:06:49,0.00000411,2663.00000000
2018-02-28 16:06:49,0.00000412,8602.00000000
2018-02-28 16:06:49,0.00000411,12165.00000000
2018-02-28 16:06:50,0.00000412,5000.00000000
2018-02-28 16:06:50,0.00000412,43136.00000000
2018-02-28 16:06:50,0.00000411,2298.00000000
2018-02-28 16:06:50,0.00000412,1249427.00000000
2018-02-28 16:06:50,0.00000412,4221.00000000
2018-02-28 16:06:50,0.00000412,611.00000000
2018-02-28 16:06:50,0.00000412,3115.00000000
2018-02-28 16:06:51,0.00000411,1967.00000000
2018-02-28 16:06:51,0.00000411,1412.00000000
2018-02-28 16:06:51,0.00000412,55422.00000000
2018-02-28 16:06:51,0.00000411,586.00000000
2018-02-28 16:06:51,0.00000411,5167.00000000
2018-02-28 16:06:51,0.00000412,40658.00000000
2018-02-28 16:06:52,0.00000412,6565.00000000
2018-02-28 16:06:52,0.00000411,500.00000000
2018-02-28 16:06:52,0.00000411,33551.00000000
2018-02-28 16:06:52,0.00000412,10880.00000000
2018-02-28 16:06:53,0.00000411,7060.00000000
2018-02-28 16:06:53,0.00000412,342.00000000
2018-02-28 16:06:53,0.00000412,6030.00000000
2018-02-28 16:06:53,0.00000412,24792.00000000
2018-02-28 16:06:54,0.00000412,27724.00000000
2018-02-28 16:06:54,0.00000412,338.00000000
2018-02-28 16:06:54,0.00000411,12165.00000000
2018-02-28 16:06:54,0.00000412,87035.00000000
2018-02-28 16:06:54,0.00000412,6653.00000000
2018-02-28 16:06:55,0.00000411,99325.00000000
2018-02-28 16:06:55,0.00000411,231728.00000000
2018-02-28 16:06:55,0.00000411,26047.00000000
2018-02-28 16:06:55,0.00000410,62005.00000000
2018-02-28 16:06:55,0.00000412,109956.00000000
2018-02-28 16:06:55,0.00000412,891.00000000
2018-02-28 16:06:55,0.00000412,500.00000000
2018-02-28 16:06:55,0.00000412,3637.00000000
2018-02-28 16:06:56,0.00000412,669.00000000
2018-02-28 16:06:56,0.00000412,79780.00000000
2018-02-28 16:06:56,0.00000410,13128.00000000
2018-02-28 16:06:56,0.00000412,25000.00000000
2018-02-28 16:06:56,0.00000412,5000.00000000
2018-02-28 16:06:56,0.00000412,21244.00000000
2018-02-28 16:06:56,0.00000412,102700.00000000
2018-02-28 16:06:56,0.00000412,37879.00000000
2018-02-28 16:06:57,0.00000411,1297.00000000
2018-02-28 16:06:57,0.00000411,12307.00000000
2018-02-28 16:06:57,0.00000411,7887.00000000
2018-02-28 16:06:57,0.00000411,962.00000000
2018-02-28 16:06:57,0.00000412,100.00000000
2018-02-28 16:06:58,0.00000411,7422.00000000
2018-02-28 16:06:58,0.00000411,1843.00000000
2018-02-28 16:06:58,0.00000411,4296.00000000
2018-02-28 16:06:58,0.00000412,317458.00000000
2018-02-28 16:06:58,0.00000413,621892.00000000
2018-02-28 16:06:58,0.00000412,2578.00000000
2018-02-28 16:06:58,0.00000411,2578.00000000
2018-02-28 16:06:58,0.00000411,9660.00000000
2018-02-28 16:06:59,0.00000412,1346.00000000
2018-02-28 16:06:59,0.00000412,3200.00000000
2018-02-28 16:06:59,0.00000412,20855.00000000
2018-02-28 16:06:59,0.00000412,13732.00000000
2018-02-28 16:06:59,0.00000412,3844.00000000
2018-02-28 16:06:59,0.00000412,5545.00000000
2018-02-28 16:06:59,0.00000412,1386.00000000
2018-02-28 16:06:59,0.00000412,5545.00000000
2018-02-28 16:06:59,0.00000412,300.00000000
2018-02-28 16:07:00,0.00000412,1782.00000000
2018-02-28 16:07:00,0.00000412,1196.00000000
2018-02-28 16:07:00,0.00000412,14678.00000000
2018-02-28 16:07:01,0.00000412,1357.00000000
2018-02-28 16:07:01,0.00000411,1495.00000000
2018-02-28 16:07:01,0.00000412,2282.00000000
2018-02-28 16:07:01,0.00000412,2740.00000000
2018-02-28 16:07:01,0.00000412,55183.00000000
2018-02-28 16:07:01,0.00000412,2561.00000000
2018-02-28 16:07:01,0.00000412,2217.00000000
2018-02-28 16:07:01,0.00000412,183675.00000000
2018-02-28 16:07:01,0.00000412,4400.00000000
2018-02-28 16:07:01,0.00000412,182.00000000
2018-02-28 16:07:01,0.00000412,701856.00000000
2018-02-28 16:07:01,0.00000412,1516.00000000
2018-02-28 16:07:02,0.00000412,275.00000000
2018-02-28 16:07:02,0.00000411,3564.00000000
2018-02-28 16:07:02,0.00000412,8354.00000000
2018-02-28 16:07:02,0.00000412,175943.00000000
2018-02-28 16:07:02,0.00000413,10700.00000000
2018-02-28 16:07:03,0.00000412,1196.00000000
2018-02-28 16:07:04,0.00000412,10000.00000000
2018-02-28 16:07:04,0.00000412,51563.00000000
2018-02-28 16:07:04,0.00000412,145743.00000000
2018-02-28 16:07:04,0.00000413,380649.00000000
2018-02-28 16:07:04,0.00000411,619.00000000
2018-02-28 16:07:04,0.00000411,1287.00000000
2018-02-28 16:07:04,0.00000411,1719.00000000
2018-02-28 16:07:04,0.00000412,459.00000000
2018-02-28 16:07:07,0.00000412,23259.00000000
2018-02-28 16:07:07,0.00000412,12827.00000000
2018-02-28 16:07:07,0.00000412,604.00000000
2018-02-28 16:07:07,0.00000413,66192.00000000
2018-02-28 16:07:07,0.00000412,551.00000000
2018-02-28 16:07:07,0.00000412,522.00000000
2018-02-28 16:07:07,0.00000413,394563.00000000
2018-02-28 16:07:07,0.00000413,10000.00000000
2018-02-28 16:07:07,0.00000413,10000.00000000
2018-02-28 16:07:07,0.00000413,82735.00000000
2018-02-28 16:07:08,0.00000412,8328.00000000
2018-02-28 16:07:08,0.00000412,3308.00000000
2018-02-28 16:07:08,0.00000413,88904.00000000
2018-02-28 16:07:08,0.00000412,12136.00000000
2018-02-28 16:07:08,0.00000412,2000.00000000
2018-02-28 16:07:08,0.00000413,11565.00000000
2018-02-28 16:07:08,0.00000413,126155.00000000
2018-02-28 16:07:08,0.00000413,20021.00000000
2018-02-28 16:07:09,0.00000412,8046.00000000
2018-02-28 16:07:09,0.00000412,5736.00000000
2018-02-28 16:07:09,0.00000413,1728.00000000
2018-02-28 16:07:09,0.00000412,256071.00000000
2018-02-28 16:07:10,0.00000413,295682.00000000
2018-02-28 16:07:10,0.00000413,396862.00000000
2018-02-28 16:07:10,0.00000413,4117.00000000
2018-02-28 16:07:10,0.00000413,3621.00000000
2018-02-28 16:07:10,0.00000413,14048.00000000
2018-02-28 16:07:10,0.00000413,3619.00000000
2018-02-28 16:07:11,0.00000413,3014.00000000
2018-02-28 16:07:11,0.00000413,12107.00000000
2018-02-28 16:07:11,0.00000413,8470.00000000
2018-02-28 16:07:11,0.00000413,3388.00000000
2018-02-28 16:07:11,0.00000413,1697.00000000
2018-02-28 16:07:12,0.00000414,34617.00000000
2018-02-28 16:07:12,0.00000414,20000.00000000
2018-02-28 16:07:12,0.00000413,7547.00000000
2018-02-28 16:07:12,0.00000413,537.00000000
2018-02-28 16:07:13,0.00000414,221046.00000000
2018-02-28 16:07:13,0.00000413,487.00000000
2018-02-28 16:07:13,0.00000414,2.00000000
2018-02-28 16:07:13,0.00000413,549.00000000
2018-02-28 16:07:14,0.00000414,8910.00000000
2018-02-28 16:07:14,0.00000414,21590.00000000
2018-02-28 16:07:14,0.00000414,84386.00000000
2018-02-28 16:07:14,0.00000414,8309.00000000
2018-02-28 16:07:14,0.00000414,5028.00000000
2018-02-28 16:07:14,0.00000413,495.00000000
2018-02-28 16:07:14,0.00000413,12107.00000000
2018-02-28 16:07:14,0.00000413,2000.00000000
2018-02-28 16:07:15,0.00000413,410.00000000
2018-02-28 16:07:15,0.00000414,2842.00000000
2018-02-28 16:07:15,0.00000414,90584.00000000
2018-02-28 16:07:15,0.00000414,661004.00000000
2018-02-28 16:07:15,0.00000413,874619.00000000
2018-02-28 16:07:15,0.00000413,7144.00000000
2018-02-28 16:07:15,0.00000413,72376.00000000
2018-02-28 16:07:15,0.00000414,68412.00000000
2018-02-28 16:07:16,0.00000414,62925.00000000
2018-02-28 16:07:16,0.00000413,269.00000000
2018-02-28 16:07:16,0.00000413,6159.00000000
2018-02-28 16:07:16,0.00000412,12107.00000000
2018-02-28 16:07:17,0.00000412,410.00000000
2018-02-28 16:07:17,0.00000414,67443.00000000
2018-02-28 16:07:17,0.00000414,1661.00000000
2018-02-28 16:07:17,0.00000412,9392.00000000
2018-02-28 16:07:17,0.00000413,9680.00000000
2018-02-28 16:07:17,0.00000414,21636.00000000
2018-02-28 16:07:17,0.00000414,18919.00000000
2018-02-28 16:07:17,0.00000414,189119.00000000
2018-02-28 16:07:17,0.00000413,523.00000000
2018-02-28 16:07:18,0.00000414,2661.00000000
2018-02-28 16:07:18,0.00000414,122940.00000000
2018-02-28 16:07:18,0.00000413,6527.00000000
2018-02-28 16:07:18,0.00000414,47194.00000000
2018-02-28 16:07:18,0.00000414,3541.00000000
2018-02-28 16:07:18,0.00000413,615.00000000
2018-02-28 16:07:18,0.00000413,12112.00000000
2018-02-28 16:07:18,0.00000414,12943.00000000
2018-02-28 16:07:18,0.00000413,18692.00000000
2018-02-28 16:07:19,0.00000414,1803.00000000
2018-02-28 16:07:19,0.00000414,713.00000000
2018-02-28 16:07:19,0.00000413,56581.00000000
2018-02-28 16:07:20,0.00000413,3450.00000000
2018-02-28 16:07:20,0.00000413,23313.00000000
2018-02-28 16:07:20,0.00000413,5041.00000000
2018-02-28 16:07:20,0.00000414,10691.00000000
2018-02-28 16:07:20,0.00000413,7237.00000000
2018-02-28 16:07:21,0.00000414,75269.00000000
2018-02-28 16:07:21,0.00000413,455.00000000
2018-02-28 16:07:21,0.00000413,600.00000000
2018-02-28 16:07:22,0.00000414,5503.00000000
2018-02-28 16:07:22,0.00000414,3923.00000000
2018-02-28 16:07:22,0.00000414,107291.00000000
2018-02-28 16:07:22,0.00000414,3865.00000000
2018-02-28 16:07:22,0.00000414,61901.00000000
2018-02-28 16:07:22,0.00000414,8877.00000000
2018-02-28 16:07:22,0.00000414,1045.00000000
2018-02-28 16:07:23,0.00000414,28738.00000000
2018-02-28 16:07:23,0.00000415,6885.00000000
2018-02-28 16:07:23,0.00000414,1196.00000000
2018-02-28 16:07:23,0.00000414,5022.00000000
2018-02-28 16:07:24,0.00000414,1000.00000000
2018-02-28 16:07:24,0.00000414,500.00000000
2018-02-28 16:07:24,0.00000414,270.00000000
2018-02-28 16:07:24,0.00000414,250000.00000000
2018-02-28 16:07:24,0.00000414,1835.00000000
2018-02-28 16:07:24,0.00000414,121245.00000000
2018-02-28 16:07:24,0.00000414,1666.00000000
2018-02-28 16:07:24,0.00000414,11794.00000000
2018-02-28 16:07:24,0.00000413,59190.00000000
2018-02-28 16:07:24,0.00000414,8602.00000000
2018-02-28 16:07:24,0.00000413,475.00000000
2018-02-28 16:07:24,0.00000414,31611.00000000
2018-02-28 16:07:24,0.00000414,35813.00000000
2018-02-28 16:07:25,0.00000414,1422.00000000
2018-02-28 16:07:25,0.00000413,3832.00000000
2018-02-28 16:07:25,0.00000414,8559.00000000
2018-02-28 16:07:25,0.00000414,15481.00000000
2018-02-28 16:07:25,0.00000414,10000.00000000
2018-02-28 16:07:25,0.00000414,12875.00000000
2018-02-28 16:07:26,0.00000414,1929.00000000
2018-02-28 16:07:26,0.00000414,1850.00000000
2018-02-28 16:07:26,0.00000414,2191.00000000
2018-02-28 16:07:27,0.00000414,4381.00000000
2018-02-28 16:07:27,0.00000414,13368.00000000
2018-02-28 16:07:27,0.00000414,47131.00000000
2018-02-28 16:07:27,0.00000413,1859.00000000
2018-02-28 16:07:27,0.00000414,100.00000000
2018-02-28 16:07:27,0.00000414,18570.00000000
2018-02-28 16:07:27,0.00000414,548.00000000
2018-02-28 16:07:28,0.00000414,870.00000000
2018-02-28 16:07:28,0.00000413,343.00000000
2018-02-28 16:07:28,0.00000414,38447.00000000
2018-02-28 16:07:28,0.00000414,2970.00000000
2018-02-28 16:07:29,0.00000414,36927.00000000
2018-02-28 16:07:29,0.00000414,548.00000000
2018-02-28 16:07:29,0.00000414,902.00000000
2018-02-28 16:07:29,0.00000413,10000.00000000
2018-02-28 16:07:29,0.00000413,400.00000000
2018-02-28 16:07:29,0.00000414,38985.00000000
2018-02-28 16:07:30,0.00000413,1000.00000000
2018-02-28 16:07:30,0.00000414,137.00000000
2018-02-28 16:07:30,0.00000414,155416.00000000
2018-02-28 16:07:30,0.00000414,99325.00000000
2018-02-28 16:07:30,0.00000414,2414.00000000
2018-02-28 16:07:30,0.00000414,23905.00000000
2018-02-28 16:07:30,0.00000414,2414.00000000
2018-02-28 16:07:30,0.00000414,31611.00000000
2018-02-28 16:07:30,0.00000414,500.00000000
2018-02-28 16:07:30,0.00000414,42350.00000000
2018-02-28 16:07:30,0.00000414,2415.00000000
2018-02-28 16:07:30,0.00000414,2414.00000000
2018-02-28 16:07:30,0.00000414,128098.00000000
2018-02-28 16:07:30,0.00000414,407.00000000
2018-02-28 16:07:30,0.00000414,1346.00000000
2018-02-28 16:07:31,0.00000415,34.00000000
2018-02-28 16:07:31,0.00000415,3570.00000000
2018-02-28 16:07:31,0.00000415,50.00000000
2018-02-28 16:07:31,0.00000414,2154.00000000
2018-02-28 16:07:31,0.00000414,7029.00000000
2018-02-28 16:07:31,0.00000414,52200.00000000
2018-02-28 16:07:31,0.00000414,1508.00000000
2018-02-28 16:07:31,0.00000414,208737.00000000
2018-02-28 16:07:31,0.00000413,300.00000000
2018-02-28 16:07:31,0.00000414,4505.00000000
2018-02-28 16:07:31,0.00000414,9.00000000
2018-02-28 16:07:31,0.00000414,4554.00000000
2018-02-28 16:07:31,0.00000413,356146.00000000
2018-02-28 16:07:31,0.00000412,297528.00000000
2018-02-28 16:07:32,0.00000412,10809.00000000
2018-02-28 16:07:32,0.00000411,2815.00000000
2018-02-28 16:07:32,0.00000412,2026.00000000
2018-02-28 16:07:32,0.00000411,1126.00000000
2018-02-28 16:07:32,0.00000412,5585.00000000
2018-02-28 16:07:32,0.00000411,564.00000000
2018-02-28 16:07:32,0.00000412,2.00000000
2018-02-28 16:07:32,0.00000412,421.00000000
2018-02-28 16:07:32,0.00000412,2026.00000000
2018-02-28 16:07:32,0.00000412,18473.00000000
2018-02-28 16:07:32,0.00000412,3603.00000000
2018-02-28 16:07:32,0.00000412,1.00000000
2018-02-28 16:07:32,0.00000412,12995.00000000
2018-02-28 16:07:32,0.00000412,5123.00000000
2018-02-28 16:07:33,0.00000412,120721.00000000
2018-02-28 16:07:33,0.00000412,12938.00000000
2018-02-28 16:07:33,0.00000412,5693.00000000
2018-02-28 16:07:33,0.00000412,93688.00000000
2018-02-28 16:07:33,0.00000412,1436.00000000
2018-02-28 16:07:34,0.00000412,15321.00000000
2018-02-28 16:07:34,0.00000412,3607.00000000
2018-02-28 16:07:34,0.00000412,70571.00000000
2018-02-28 16:07:34,0.00000412,50.00000000
2018-02-28 16:07:34,0.00000411,1533.00000000
2018-02-28 16:07:34,0.00000412,15547.00000000
2018-02-28 16:07:34,0.00000412,12708.00000000
2018-02-28 16:07:34,0.00000411,574.00000000
2018-02-28 16:07:34,0.00000412,24346.00000000
2018-02-28 16:07:34,0.00000411,5120.00000000
2018-02-28 16:07:34,0.00000412,1714.00000000
2018-02-28 16:07:35,0.00000411,41657.00000000
2018-02-28 16:07:35,0.00000411,7180.00000000
2018-02-28 16:07:35,0.00000412,21234.00000000
2018-02-28 16:07:35,0.00000411,4700.00000000
2018-02-28 16:07:35,0.00000412,221000.00000000
2018-02-28 16:07:35,0.00000411,4784.00000000
2018-02-28 16:07:36,0.00000412,152172.00000000
2018-02-28 16:07:36,0.00000411,12078.00000000
2018-02-28 16:07:36,0.00000411,18960.00000000
2018-02-28 16:07:36,0.00000411,620.00000000
2018-02-28 16:07:36,0.00000411,394.00000000
2018-02-28 16:07:36,0.00000412,8142.00000000
2018-02-28 16:07:36,0.00000412,4836.00000000
2018-02-28 16:07:36,0.00000412,2487.00000000
2018-02-28 16:07:36,0.00000411,4823.00000000
2018-02-28 16:07:37,0.00000412,25.00000000
2018-02-28 16:07:37,0.00000412,89999.00000000
2018-02-28 16:07:37,0.00000412,14734.00000000
2018-02-28 16:07:37,0.00000411,368.00000000
2018-02-28 16:07:37,0.00000411,74738.00000000
2018-02-28 16:07:37,0.00000411,6062.00000000
2018-02-28 16:07:37,0.00000412,45804.00000000
2018-02-28 16:07:37,0.00000410,1148.00000000
2018-02-28 16:07:38,0.00000411,2800.00000000
2018-02-28 16:07:38,0.00000411,11534.00000000
2018-02-28 16:07:39,0.00000411,2011.00000000
2018-02-28 16:07:39,0.00000411,5198.00000000
2018-02-28 16:07:39,0.00000410,3197.00000000
2018-02-28 16:07:39,0.00000411,8476.00000000
2018-02-28 16:07:39,0.00000410,625.00000000
2018-02-28 16:07:39,0.00000411,55533.00000000
2018-02-28 16:07:39,0.00000412,7220.00000000
2018-02-28 16:07:40,0.00000412,25.00000000
2018-02-28 16:07:40,0.00000410,296.00000000
2018-02-28 16:07:41,0.00000411,9588.00000000
2018-02-28 16:07:41,0.00000411,296.00000000
2018-02-28 16:07:41,0.00000412,250.00000000
2018-02-28 16:07:41,0.00000411,81.00000000
2018-02-28 16:07:41,0.00000411,17455.00000000
2018-02-28 16:07:42,0.00000412,3.00000000
2018-02-28 16:07:42,0.00000411,1345.00000000
2018-02-28 16:07:42,0.00000411,5740.00000000
2018-02-28 16:07:43,0.00000412,1154.00000000
2018-02-28 16:07:44,0.00000411,53856.00000000
2018-02-28 16:07:44,0.00000412,690.00000000
2018-02-28 16:07:44,0.00000411,30075.00000000
2018-02-28 16:07:45,0.00000411,490.00000000
2018-02-28 16:07:45,0.00000411,39432.00000000
2018-02-28 16:07:45,0.00000412,3.00000000
2018-02-28 16:07:45,0.00000412,120671.00000000
2018-02-28 16:07:46,0.00000412,955498.00000000
2018-02-28 16:07:46,0.00000411,2487.00000000
2018-02-28 16:07:46,0.00000411,488.00000000
2018-02-28 16:07:46,0.00000411,194.00000000
2018-02-28 16:07:46,0.00000411,50110.00000000
2018-02-28 16:07:47,0.00000412,33053.00000000
2018-02-28 16:07:47,0.00000412,388.00000000
2018-02-28 16:07:47,0.00000411,721.00000000
2018-02-28 16:07:47,0.00000411,1196.00000000
2018-02-28 16:07:48,0.00000411,167524.00000000
2018-02-28 16:07:48,0.00000412,53390.00000000
2018-02-28 16:07:48,0.00000411,488.00000000
2018-02-28 16:07:48,0.00000412,75445.00000000
2018-02-28 16:07:49,0.00000411,6942.00000000
2018-02-28 16:07:49,0.00000411,1190.00000000
2018-02-28 16:07:49,0.00000412,4663.00000000
2018-02-28 16:07:49,0.00000412,58866.00000000
2018-02-28 16:07:50,0.00000412,6373.00000000
2018-02-28 16:07:50,0.00000412,914544.00000000
2018-02-28 16:07:50,0.00000412,1000.00000000
2018-02-28 16:07:50,0.00000412,11630.00000000
2018-02-28 16:07:51,0.00000413,2519.00000000
2018-02-28 16:07:51,0.00000413,23656.00000000
2018-02-28 16:07:51,0.00000413,39390.00000000
2018-02-28 16:07:51,0.00000413,21957.00000000
2018-02-28 16:07:51,0.00000413,2418.00000000
2018-02-28 16:07:51,0.00000412,57879.00000000
2018-02-28 16:07:51,0.00000412,443.00000000
2018-02-28 16:07:51,0.00000412,588.00000000
2018-02-28 16:07:51,0.00000412,301.00000000
2018-02-28 16:07:51,0.00000412,1318.00000000
2018-02-28 16:07:51,0.00000413,2420.00000000
2018-02-28 16:07:51,0.00000413,380.00000000
2018-02-28 16:07:51,0.00000413,9814.00000000
2018-02-28 16:07:52,0.00000413,2421.00000000
2018-02-28 16:07:52,0.00000413,2421.00000000
2018-02-28 16:07:52,0.00000413,762.00000000
2018-02-28 16:07:52,0.00000413,401.00000000
2018-02-28 16:07:52,0.00000413,20963.00000000
2018-02-28 16:07:52,0.00000413,720.00000000
2018-02-28 16:07:52,0.00000414,3810.00000000
2018-02-28 16:07:53,0.00000413,401.00000000
2018-02-28 16:07:53,0.00000413,524.00000000
2018-02-28 16:07:54,0.00000413,3962.00000000
2018-02-28 16:07:55,0.00000414,121445.00000000
2018-02-28 16:07:55,0.00000414,111352.00000000
2018-02-28 16:07:56,0.00000414,11202.00000000
2018-02-28 16:07:56,0.00000413,2662.00000000
2018-02-28 16:07:57,0.00000413,2567.00000000
2018-02-28 16:07:57,0.00000414,320.00000000
2018-02-28 16:07:57,0.00000414,309.00000000
2018-02-28 16:07:57,0.00000414,10151.00000000
2018-02-28 16:07:58,0.00000414,11900.00000000
2018-02-28 16:07:58,0.00000414,60386.00000000
2018-02-28 16:07:58,0.00000414,41433.00000000
2018-02-28 16:07:59,0.00000413,657743.00000000
2018-02-28 16:07:59,0.00000413,14010.00000000
2018-02-28 16:08:00,0.00000413,37317.00000000
2018-02-28 16:08:00,0.00000413,73757.00000000
2018-02-28 16:08:00,0.00000413,30.00000000
2018-02-28 16:08:00,0.00000413,7251.00000000
2018-02-28 16:08:01,0.00000413,3271.00000000
2018-02-28 16:08:01,0.00000413,9864.00000000
2018-02-28 16:08:01,0.00000413,500.00000000
2018-02-28 16:08:01,0.00000413,4.00000000
2018-02-28 16:08:01,0.00000413,3117.00000000
2018-02-28 16:08:01,0.00000413,34.00000000
2018-02-28 16:08:01,0.00000412,3172.00000000
2018-02-28 16:08:02,0.00000412,6184.00000000
2018-02-28 16:08:02,0.00000413,7633.00000000
2018-02-28 16:08:02,0.00000413,948.00000000
2018-02-28 16:08:02,0.00000413,53570.00000000
2018-02-28 16:08:02,0.00000413,724.00000000
2018-02-28 16:08:02,0.00000413,11652.00000000
2018-02-28 16:08:02,0.00000413,32422.00000000
2018-02-28 16:08:02,0.00000413,5926.00000000
2018-02-28 16:08:02,0.00000414,79060.00000000
2018-02-28 16:08:03,0.00000414,16644.00000000
2018-02-28 16:08:03,0.00000414,22176.00000000
2018-02-28 16:08:03,0.00000413,8516.00000000
2018-02-28 16:08:03,0.00000412,1484.00000000
2018-02-28 16:08:04,0.00000413,4207.00000000
2018-02-28 16:08:04,0.00000413,1000.00000000
2018-02-28 16:08:04,0.00000413,113591.00000000
2018-02-28 16:08:04,0.00000413,4340.00000000
2018-02-28 16:08:04,0.00000413,11697.00000000
2018-02-28 16:08:04,0.00000414,59704.00000000
2018-02-28 16:08:04,0.00000414,2681.00000000
2018-02-28 16:08:04,0.00000413,2963.00000000
2018-02-28 16:08:04,0.00000412,237.00000000
2018-02-28 16:08:05,0.00000413,5811.00000000
2018-02-28 16:08:06,0.00000414,16564.00000000
2018-02-28 16:08:06,0.00000414,3200.00000000
2018-02-28 16:08:07,0.00000413,3633.00000000
2018-02-28 16:08:07,0.00000414,182.00000000
2018-02-28 16:08:07,0.00000414,4000.00000000
2018-02-28 16:08:08,0.00000414,32244.00000000
2018-02-28 16:08:09,0.00000414,12594.00000000
2018-02-28 16:08:10,0.00000414,1000.00000000
2018-02-28 16:08:10,0.00000414,492.00000000
2018-02-28 16:08:11,0.00000413,27957.00000000
2018-02-28 16:08:11,0.00000413,130881.00000000
2018-02-28 16:08:11,0.00000414,10527.00000000
2018-02-28 16:08:12,0.00000413,64085.00000000
2018-02-28 16:08:12,0.00000412,123718.00000000
2018-02-28 16:08:12,0.00000414,1306.00000000
2018-02-28 16:08:12,0.00000413,31418.00000000
2018-02-28 16:08:12,0.00000413,26289.00000000
2018-02-28 16:08:13,0.00000413,100.00000000
2018-02-28 16:08:14,0.00000413,342.00000000
2018-02-28 16:08:14,0.00000413,10609.00000000
2018-02-28 16:08:15,0.00000413,4925.00000000
2018-02-28 16:08:15,0.00000414,41353.00000000
2018-02-28 16:08:16,0.00000414,26948.00000000
2018-02-28 16:08:16,0.00000414,25.00000000
2018-02-28 16:08:17,0.00000413,24213.00000000
2018-02-28 16:08:17,0.00000413,21026.00000000
2018-02-28 16:08:17,0.00000414,134538.00000000
2018-02-28 16:08:18,0.00000414,1000.00000000
2018-02-28 16:08:18,0.00000414,112189.00000000
2018-02-28 16:08:18,0.00000414,1360.00000000
2018-02-28 16:08:19,0.00000413,47445.00000000
2018-02-28 16:08:19,0.00000412,473126.00000000
2018-02-28 16:08:19,0.00000412,401.00000000
2018-02-28 16:08:19,0.00000412,3636.00000000
2018-02-28 16:08:19,0.00000412,8782.00000000
2018-02-28 16:08:19,0.00000412,96744.00000000
2018-02-28 16:08:19,0.00000412,138739.00000000
2018-02-28 16:08:19,0.00000412,10138.00000000
2018-02-28 16:08:20,0.00000412,2405.00000000
2018-02-28 16:08:20,0.00000412,3635.00000000
2018-02-28 16:08:20,0.00000412,477.00000000
2018-02-28 16:08:20,0.00000412,364.00000000
2018-02-28 16:08:21,0.00000412,843.00000000
2018-02-28 16:08:21,0.00000412,849.00000000
2018-02-28 16:08:21,0.00000412,104396.00000000
2018-02-28 16:08:21,0.00000412,9291.00000000
2018-02-28 16:08:21,0.00000412,1811.00000000
2018-02-28 16:08:22,0.00000412,24330.00000000
2018-02-28 16:08:22,0.00000412,13104.00000000
2018-02-28 16:08:22,0.00000412,3014.00000000
2018-02-28 16:08:22,0.00000412,2702.00000000
2018-02-28 16:08:22,0.00000412,10.00000000
2018-02-28 16:08:22,0.00000412,20000.00000000
2018-02-28 16:08:22,0.00000411,1.00000000
2018-02-28 16:08:22,0.00000412,9574.00000000
2018-02-28 16:08:23,0.00000412,495.00000000
2018-02-28 16:08:23,0.00000412,957.00000000
2018-02-28 16:08:23,0.00000412,25.00000000
2018-02-28 16:08:23,0.00000412,4658.00000000
2018-02-28 16:08:23,0.00000412,15727.00000000
2018-02-28 16:08:23,0.00000412,49.00000000
2018-02-28 16:08:23,0.00000412,38509.00000000
2018-02-28 16:08:23,0.00000413,244.00000000
2018-02-28 16:08:24,0.00000412,582.00000000
2018-02-28 16:08:24,0.00000412,7445.00000000
2018-02-28 16:08:25,0.00000413,7867.00000000
2018-02-28 16:08:25,0.00000413,40502.00000000
2018-02-28 16:08:26,0.00000413,1000.00000000
2018-02-28 16:08:26,0.00000413,5.00000000
2018-02-28 16:08:26,0.00000413,3967.00000000
2018-02-28 16:08:28,0.00000413,5138.00000000
2018-02-28 16:08:28,0.00000413,34058.00000000
2018-02-28 16:08:28,0.00000412,16195.00000000
2018-02-28 16:08:28,0.00000412,2849.00000000
2018-02-28 16:08:28,0.00000413,8318.00000000
2018-02-28 16:08:28,0.00000413,8.00000000
2018-02-28 16:08:29,0.00000412,3000.00000000
2018-02-28 16:08:29,0.00000413,4263.00000000
2018-02-28 16:08:29,0.00000412,15752.00000000
2018-02-28 16:08:29,0.00000413,144277.00000000
2018-02-28 16:08:29,0.00000413,4941.00000000
2018-02-28 16:08:30,0.00000413,3307.00000000
2018-02-28 16:08:30,0.00000413,5242.00000000
2018-02-28 16:08:31,0.00000412,1000.00000000
2018-02-28 16:08:32,0.00000412,33063.00000000
2018-02-28 16:08:32,0.00000413,159521.00000000
2018-02-28 16:08:32,0.00000413,1.00000000
2018-02-28 16:08:32,0.00000413,2173.00000000
2018-02-28 16:08:32,0.00000413,19257.00000000
2018-02-28 16:08:33,0.00000412,26048.00000000
2018-02-28 16:08:33,0.00000412,2850.00000000
2018-02-28 16:08:34,0.00000412,100.00000000
2018-02-28 16:08:35,0.00000413,5722.00000000
2018-02-28 16:08:35,0.00000413,22256.00000000
2018-02-28 16:08:35,0.00000413,107926.00000000
2018-02-28 16:08:35,0.00000412,380.00000000
2018-02-28 16:08:36,0.00000413,237078.00000000
2018-02-28 16:08:36,0.00000413,13020.00000000
2018-02-28 16:08:37,0.00000413,2102.00000000
2018-02-28 16:08:37,0.00000413,1.00000000
2018-02-28 16:08:37,0.00000412,33063.00000000
2018-02-28 16:08:37,0.00000413,242.00000000
2018-02-28 16:08:37,0.00000413,484.00000000
2018-02-28 16:08:39,0.00000413,676.00000000
2018-02-28 16:08:39,0.00000413,13603.00000000
2018-02-28 16:08:39,0.00000413,74.00000000
2018-02-28 16:08:40,0.00000413,470.00000000
2018-02-28 16:08:41,0.00000413,67795.00000000
2018-02-28 16:08:41,0.00000413,33063.00000000
2018-02-28 16:08:41,0.00000413,190555.00000000
2018-02-28 16:08:43,0.00000413,500.00000000
2018-02-28 16:08:44,0.00000413,1000.00000000
2018-02-28 16:08:45,0.00000413,118942.00000000
2018-02-28 16:08:46,0.00000413,796.00000000
2018-02-28 16:08:47,0.00000413,7712.00000000
2018-02-28 16:08:48,0.00000413,1455.00000000
2018-02-28 16:08:48,0.00000413,102180.00000000
2018-02-28 16:08:49,0.00000414,1.00000000
2018-02-28 16:08:49,0.00000414,177879.00000000
2018-02-28 16:08:50,0.00000413,222774.00000000
2018-02-28 16:08:50,0.00000414,1759.00000000
2018-02-28 16:08:50,0.00000413,3000.00000000
2018-02-28 16:08:51,0.00000413,16935.00000000
2018-02-28 16:08:51,0.00000413,6253.00000000
2018-02-28 16:08:51,0.00000414,9585.00000000
2018-02-28 16:08:51,0.00000413,7635.00000000
2018-02-28 16:08:52,0.00000413,7254.00000000
2018-02-28 16:08:53,0.00000413,6373.00000000
2018-02-28 16:08:54,0.00000413,4091.00000000
2018-02-28 16:08:54,0.00000414,436.00000000
2018-02-28 16:08:54,0.00000414,2397.00000000
2018-02-28 16:08:55,0.00000413,52854.00000000
2018-02-28 16:08:55,0.00000413,3654.00000000
2018-02-28 16:08:55,0.00000414,910.00000000
2018-02-28 16:08:55,0.00000414,145.00000000
2018-02-28 16:08:56,0.00000413,24856.00000000
2018-02-28 16:08:56,0.00000413,96539.00000000
2018-02-28 16:08:57,0.00000413,50200.00000000
2018-02-28 16:08:57,0.00000413,29847.00000000
2018-02-28 16:08:57,0.00000414,23277.00000000
2018-02-28 16:08:58,0.00000414,27232.00000000
2018-02-28 16:08:59,0.00000413,214928.00000000
2018-02-28 16:08:59,0.00000413,53548.00000000
2018-02-28 16:08:59,0.00000413,193470.00000000
2018-02-28 16:08:59,0.00000413,5051.00000000
2018-02-28 16:08:59,0.00000413,24390.00000000
2018-02-28 16:09:00,0.00000413,7582.00000000
2018-02-28 16:09:00,0.00000413,3543.00000000
2018-02-28 16:09:00,0.00000414,2393.00000000
2018-02-28 16:09:00,0.00000413,3705.00000000
2018-02-28 16:09:01,0.00000414,1398.00000000
2018-02-28 16:09:02,0.00000413,51090.00000000
2018-02-28 16:09:02,0.00000413,2300.00000000
2018-02-28 16:09:02,0.00000413,235.00000000
2018-02-28 16:09:03,0.00000412,114.00000000
2018-02-28 16:09:03,0.00000412,5202.00000000
2018-02-28 16:09:03,0.00000413,75040.00000000
2018-02-28 16:09:03,0.00000413,24213.00000000
2018-02-28 16:09:03,0.00000413,12959.00000000
2018-02-28 16:09:04,0.00000413,99273.00000000
2018-02-28 16:09:04,0.00000413,1049.00000000
2018-02-28 16:09:04,0.00000413,500.00000000
2018-02-28 16:09:05,0.00000413,1555.00000000
2018-02-28 16:09:05,0.00000413,200.00000000
2018-02-28 16:09:06,0.00000413,947.00000000
2018-02-28 16:09:06,0.00000413,380465.00000000
2018-02-28 16:09:07,0.00000413,1225.00000000
2018-02-28 16:09:07,0.00000413,999.00000000
2018-02-28 16:09:08,0.00000413,1199.00000000
2018-02-28 16:09:08,0.00000413,600.00000000
2018-02-28 16:09:09,0.00000413,73893.00000000
2018-02-28 16:09:09,0.00000414,2.00000000
2018-02-28 16:09:10,0.00000413,48.00000000
2018-02-28 16:09:10,0.00000413,38645.00000000
2018-02-28 16:09:10,0.00000413,14674.00000000
2018-02-28 16:09:10,0.00000412,14840.00000000
2018-02-28 16:09:10,0.00000414,19039.00000000
2018-02-28 16:09:10,0.00000412,20.00000000
2018-02-28 16:09:10,0.00000412,10880.00000000
2018-02-28 16:09:11,0.00000414,180114.00000000
2018-02-28 16:09:11,0.00000413,9356.00000000
2018-02-28 16:09:11,0.00000413,22413.00000000
2018-02-28 16:09:11,0.00000414,2.00000000
2018-02-28 16:09:12,0.00000413,11500.00000000
2018-02-28 16:09:12,0.00000414,3.00000000
2018-02-28 16:09:12,0.00000413,41654.00000000
2018-02-28 16:09:13,0.00000414,1090120.00000000
2018-02-28 16:09:13,0.00000414,64786.00000000
2018-02-28 16:09:14,0.00000414,32727.00000000
2018-02-28 16:09:14,0.00000414,3.00000000
2018-02-28 16:09:14,0.00000414,5462.00000000
2018-02-28 16:09:15,0.00000414,10000.00000000
2018-02-28 16:09:15,0.00000413,500.00000000
2018-02-28 16:09:15,0.00000414,1.00000000
2018-02-28 16:09:15,0.00000414,66239.00000000
2018-02-28 16:09:16,0.00000414,4381.00000000
2018-02-28 16:09:16,0.00000414,136492.00000000
2018-02-28 16:09:17,0.00000413,1000.00000000
2018-02-28 16:09:17,0.00000414,2.00000000
2018-02-28 16:09:17,0.00000413,551.00000000
2018-02-28 16:09:18,0.00000414,681.00000000
2018-02-28 16:09:18,0.00000413,2510.00000000
2018-02-28 16:09:18,0.00000413,1216.00000000
2018-02-28 16:09:19,0.00000414,1.00000000
2018-02-28 16:09:20,0.00000414,2339.00000000
2018-02-28 16:09:20,0.00000414,1.00000000
2018-02-28 16:09:20,0.00000414,5090.00000000
2018-02-28 16:09:21,0.00000413,1000.00000000
2018-02-28 16:09:22,0.00000414,1206.00000000
2018-02-28 16:09:22,0.00000414,12.00000000
2018-02-28 16:09:22,0.00000414,8874.00000000
2018-02-28 16:09:22,0.00000414,14355.00000000
2018-02-28 16:09:22,0.00000415,100.00000000
2018-02-28 16:09:22,0.00000414,551.00000000
2018-02-28 16:09:22,0.00000414,2507.00000000
2018-02-28 16:09:22,0.00000414,1849.00000000
2018-02-28 16:09:22,0.00000414,6032.00000000
2018-02-28 16:09:22,0.00000414,1859.00000000
2018-02-28 16:09:23,0.00000414,2414.00000000
2018-02-28 16:09:23,0.00000414,14932.00000000
2018-02-28 16:09:23,0.00000414,12237.00000000
2018-02-28 16:09:23,0.00000414,2415.00000000
2018-02-28 16:09:23,0.00000414,1514.00000000
2018-02-28 16:09:23,0.00000414,9595.00000000
2018-02-28 16:09:23,0.00000415,1021.00000000
2018-02-28 16:09:23,0.00000414,12237.00000000
2018-02-28 16:09:23,0.00000414,370.00000000
2018-02-28 16:09:23,0.00000414,848.00000000
2018-02-28 16:09:23,0.00000414,23914.00000000
2018-02-28 16:09:23,0.00000415,128840.00000000
2018-02-28 16:09:23,0.00000414,12077.00000000
2018-02-28 16:09:24,0.00000414,184004.00000000
2018-02-28 16:09:24,0.00000414,790.00000000
2018-02-28 16:09:24,0.00000414,13519.00000000
2018-02-28 16:09:24,0.00000414,5673.00000000
2018-02-28 16:09:24,0.00000414,100027.00000000
2018-02-28 16:09:24,0.00000414,402.00000000
2018-02-28 16:09:25,0.00000414,39391.00000000
2018-02-28 16:09:26,0.00000414,40811.00000000
2018-02-28 16:09:26,0.00000414,1307.00000000
2018-02-28 16:09:26,0.00000414,19302.00000000
2018-02-28 16:09:26,0.00000414,15147.00000000
2018-02-28 16:09:26,0.00000414,29855.00000000
2018-02-28 16:09:27,0.00000414,12725.00000000
2018-02-28 16:09:27,0.00000413,5807.00000000
2018-02-28 16:09:27,0.00000414,92.00000000
2018-02-28 16:09:27,0.00000414,24010.00000000
2018-02-28 16:09:27,0.00000414,765.00000000
2018-02-28 16:09:27,0.00000414,2696.00000000
2018-02-28 16:09:27,0.00000414,3995.00000000
2018-02-28 16:09:28,0.00000414,172111.00000000
2018-02-28 16:09:28,0.00000413,3995.00000000
2018-02-28 16:09:28,0.00000414,1321.00000000
2018-02-28 16:09:28,0.00000414,6386.00000000
2018-02-28 16:09:28,0.00000414,4360.00000000
2018-02-28 16:09:29,0.00000415,50.00000000
2018-02-28 16:09:29,0.00000414,4897.00000000
2018-02-28 16:09:29,0.00000414,12077.00000000
2018-02-28 16:09:29,0.00000414,2000.00000000
2018-02-28 16:09:30,0.00000414,2586.00000000
2018-02-28 16:09:30,0.00000414,410.00000000
2018-02-28 16:09:30,0.00000415,6719.00000000
2018-02-28 16:09:30,0.00000414,300.00000000
2018-02-28 16:09:31,0.00000414,2417.00000000
2018-02-28 16:09:31,0.00000414,3722.00000000
2018-02-28 16:09:31,0.00000414,79780.00000000
2018-02-28 16:09:31,0.00000414,12077.00000000
2018-02-28 16:09:31,0.00000415,2536.00000000
2018-02-28 16:09:32,0.00000414,3000.00000000
2018-02-28 16:09:32,0.00000414,780.00000000
2018-02-28 16:09:32,0.00000414,410.00000000
2018-02-28 16:09:32,0.00000415,3329.00000000
2018-02-28 16:09:32,0.00000415,500.00000000
2018-02-28 16:09:33,0.00000414,12077.00000000
2018-02-28 16:09:33,0.00000414,3061.00000000
2018-02-28 16:09:33,0.00000414,3603.00000000
2018-02-28 16:09:34,0.00000414,7164.00000000
2018-02-28 16:09:34,0.00000414,320.00000000
2018-02-28 16:09:34,0.00000415,3014.00000000
2018-02-28 16:09:34,0.00000414,1000.00000000
2018-02-28 16:09:34,0.00000414,493.00000000
2018-02-28 16:09:34,0.00000415,5984.00000000
2018-02-28 16:09:34,0.00000414,12077.00000000
2018-02-28 16:09:35,0.00000414,17964.00000000
2018-02-28 16:09:35,0.00000414,2380.00000000
2018-02-28 16:09:35,0.00000414,859.00000000
2018-02-28 16:09:35,0.00000414,519.00000000
2018-02-28 16:09:35,0.00000414,548.00000000
2018-02-28 16:09:35,0.00000415,1265.00000000
2018-02-28 16:09:35,0.00000415,10.00000000
2018-02-28 16:09:35,0.00000415,10000.00000000
2018-02-28 16:09:36,0.00000414,3981.00000000
2018-02-28 16:09:36,0.00000414,2000.00000000
2018-02-28 16:09:36,0.00000414,12077.00000000
2018-02-28 16:09:37,0.00000414,400.00000000
2018-02-28 16:09:37,0.00000414,400.00000000
2018-02-28 16:09:37,0.00000415,11800.00000000
2018-02-28 16:09:38,0.00000414,5962.00000000
2018-02-28 16:09:38,0.00000414,12077.00000000
2018-02-28 16:09:38,0.00000414,2490.00000000
2018-02-28 16:09:38,0.00000414,1000.00000000
2018-02-28 16:09:38,0.00000415,631.00000000
2018-02-28 16:09:39,0.00000414,7402.00000000
2018-02-28 16:09:39,0.00000414,62124.00000000
2018-02-28 16:09:39,0.00000415,20000.00000000
2018-02-28 16:09:39,0.00000414,49260.00000000
2018-02-28 16:09:39,0.00000415,6258.00000000
2018-02-28 16:09:40,0.00000414,940.00000000
2018-02-28 16:09:40,0.00000414,22260.00000000
2018-02-28 16:09:40,0.00000414,7303.00000000
2018-02-28 16:09:40,0.00000414,430.00000000
2018-02-28 16:09:40,0.00000414,7583.00000000
2018-02-28 16:09:40,0.00000415,628.00000000
2018-02-28 16:09:40,0.00000414,50582.00000000
2018-02-28 16:09:40,0.00000414,1297.00000000
2018-02-28 16:09:41,0.00000414,3561.00000000
2018-02-28 16:09:41,0.00000414,940.00000000
2018-02-28 16:09:41,0.00000415,10.00000000
2018-02-28 16:09:41,0.00000415,1503.00000000
2018-02-28 16:09:41,0.00000415,25775.00000000
2018-02-28 16:09:41,0.00000415,19901.00000000
2018-02-28 16:09:41,0.00000415,292.00000000
2018-02-28 16:09:41,0.00000414,2421.00000000
2018-02-28 16:09:41,0.00000415,1639.00000000
2018-02-28 16:09:42,0.00000414,400.00000000
2018-02-28 16:09:42,0.00000415,254.00000000
2018-02-28 16:09:42,0.00000415,19159.00000000
2018-02-28 16:09:42,0.00000414,150.00000000
2018-02-28 16:09:42,0.00000415,11566.00000000
2018-02-28 16:09:42,0.00000415,3250.00000000
2018-02-28 16:09:42,0.00000415,13675.00000000
2018-02-28 16:09:43,0.00000415,2334.00000000
2018-02-28 16:09:43,0.00000414,10000.00000000
2018-02-28 16:09:43,0.00000414,65226.00000000
2018-02-28 16:09:43,0.00000415,1941.00000000
2018-02-28 16:09:43,0.00000415,2319.00000000
2018-02-28 16:09:43,0.00000414,4162.00000000
2018-02-28 16:09:43,0.00000414,28708.00000000
2018-02-28 16:09:43,0.00000415,84928.00000000
2018-02-28 16:09:43,0.00000415,14926.00000000
2018-02-28 16:09:44,0.00000414,400.00000000
2018-02-28 16:09:44,0.00000415,486312.00000000
2018-02-28 16:09:44,0.00000415,14180.00000000
2018-02-28 16:09:44,0.00000415,3000.00000000
2018-02-28 16:09:44,0.00000414,2050.00000000
2018-02-28 16:09:44,0.00000415,45101.00000000
2018-02-28 16:09:44,0.00000415,858.00000000
2018-02-28 16:09:44,0.00000414,2000.00000000
2018-02-28 16:09:44,0.00000414,750.00000000
2018-02-28 16:09:44,0.00000415,200000.00000000
2018-02-28 16:09:44,0.00000415,750.00000000
2018-02-28 16:09:45,0.00000415,427875.00000000
2018-02-28 16:09:45,0.00000414,1120.00000000
2018-02-28 16:09:45,0.00000415,56434.00000000
2018-02-28 16:09:45,0.00000415,11585.00000000
2018-02-28 16:09:45,0.00000415,28453.00000000
2018-02-28 16:09:45,0.00000415,255577.00000000
2018-02-28 16:09:45,0.00000415,115970.00000000
2018-02-28 16:09:45,0.00000414,255577.00000000
2018-02-28 16:09:45,0.00000415,7382.00000000
2018-02-28 16:09:45,0.00000415,48520.00000000
2018-02-28 16:09:45,0.00000415,2408.00000000
2018-02-28 16:09:45,0.00000415,64660.00000000
2018-02-28 16:09:45,0.00000415,70249.00000000
2018-02-28 16:09:45,0.00000414,4450.00000000
2018-02-28 16:09:45,0.00000415,96230.00000000
2018-02-28 16:09:45,0.00000415,4000.00000000
2018-02-28 16:09:46,0.00000415,49770.00000000
2018-02-28 16:09:46,0.00000415,5520.00000000
2018-02-28 16:09:46,0.00000415,26197.00000000
2018-02-28 16:09:46,0.00000415,3880.00000000
2018-02-28 16:09:46,0.00000415,143845.00000000
2018-02-28 16:09:46,0.00000415,6900.00000000
2018-02-28 16:09:46,0.00000415,2408.00000000
2018-02-28 16:09:46,0.00000415,399.00000000
2018-02-28 16:09:46,0.00000416,33198.00000000
2018-02-28 16:09:46,0.00000415,488.00000000
2018-02-28 16:09:46,0.00000415,6313.00000000
2018-02-28 16:09:46,0.00000415,808.00000000
2018-02-28 16:09:47,0.00000415,1414.00000000
2018-02-28 16:09:47,0.00000415,85843.00000000
2018-02-28 16:09:47,0.00000415,699.00000000
2018-02-28 16:09:47,0.00000415,3635.00000000
2018-02-28 16:09:47,0.00000415,1131.00000000
2018-02-28 16:09:47,0.00000415,5047.00000000
2018-02-28 16:09:48,0.00000415,750.00000000
2018-02-28 16:09:48,0.00000415,3532.00000000
2018-02-28 16:09:48,0.00000415,12000.00000000
2018-02-28 16:09:48,0.00000416,17670.00000000
2018-02-28 16:09:48,0.00000415,1001.00000000
2018-02-28 16:09:48,0.00000415,22128.00000000
2018-02-28 16:09:49,0.00000416,400.00000000
2018-02-28 16:09:49,0.00000416,542.00000000
2018-02-28 16:09:49,0.00000415,878.00000000
2018-02-28 16:09:49,0.00000415,487.00000000
2018-02-28 16:09:49,0.00000415,5328.00000000
2018-02-28 16:09:50,0.00000415,2000.00000000
2018-02-28 16:09:50,0.00000415,3801.00000000
2018-02-28 16:09:50,0.00000416,3105.00000000
2018-02-28 16:09:50,0.00000415,11995.00000000
2018-02-28 16:09:50,0.00000416,373.00000000
2018-02-28 16:09:50,0.00000415,500.00000000
2018-02-28 16:09:51,0.00000415,3767.00000000
2018-02-28 16:09:51,0.00000416,7.00000000
2018-02-28 16:09:51,0.00000416,4000.00000000
2018-02-28 16:09:52,0.00000415,498.00000000
2018-02-28 16:09:52,0.00000415,419.00000000
2018-02-28 16:09:52,0.00000416,604.00000000
2018-02-28 16:09:52,0.00000415,491.00000000
2018-02-28 16:09:52,0.00000416,106028.00000000
2018-02-28 16:09:53,0.00000416,134.00000000
2018-02-28 16:09:53,0.00000416,28341.00000000
2018-02-28 16:09:53,0.00000415,491.00000000
2018-02-28 16:09:54,0.00000416,186.00000000
2018-02-28 16:09:54,0.00000415,1125.00000000
2018-02-28 16:09:54,0.00000415,491.00000000
2018-02-28 16:09:55,0.00000416,2957.00000000
2018-02-28 16:09:55,0.00000416,2865.00000000
2018-02-28 16:09:55,0.00000415,12048.00000000
2018-02-28 16:09:56,0.00000415,491.00000000
2018-02-28 16:09:56,0.00000416,29499.00000000
2018-02-28 16:09:56,0.00000416,500.00000000
2018-02-28 16:09:56,0.00000416,101.00000000
2018-02-28 16:09:56,0.00000416,6703.00000000
2018-02-28 16:09:56,0.00000416,209047.00000000
2018-02-28 16:09:56,0.00000416,10599.00000000
2018-02-28 16:09:57,0.00000416,448990.00000000
2018-02-28 16:09:57,0.00000416,73287.00000000
2018-02-28 16:09:57,0.00000416,2627.00000000
2018-02-28 16:09:57,0.00000416,250000.00000000
2018-02-28 16:09:57,0.00000416,336800.00000000
2018-02-28 16:09:58,0.00000416,304.00000000
2018-02-28 16:09:58,0.00000416,186.00000000
2018-02-28 16:09:58,0.00000416,51582.00000000
2018-02-28 16:09:58,0.00000416,30542.00000000
2018-02-28 16:09:58,0.00000416,223368.00000000
2018-02-28 16:09:58,0.00000416,1694.00000000
2018-02-28 16:09:58,0.00000416,797.00000000
2018-02-28 16:09:58,0.00000416,593.00000000
2018-02-28 16:09:58,0.00000417,310047.00000000
2018-02-28 16:09:58,0.00000416,1000.00000000
2018-02-28 16:09:59,0.00000416,1000.00000000
2018-02-28 16:09:59,0.00000416,363.00000000
2018-02-28 16:09:59,0.00000416,20478.00000000
2018-02-28 16:09:59,0.00000416,12019.00000000
2018-02-28 16:09:59,0.00000416,298.00000000
2018-02-28 16:09:59,0.00000416,336.00000000
2018-02-28 16:10:00,0.00000416,597.00000000
2018-02-28 16:10:00,0.00000416,14354.00000000
2018-02-28 16:10:01,0.00000416,12019.00000000
2018-02-28 16:10:01,0.00000416,6989.00000000
2018-02-28 16:10:01,0.00000417,423787.00000000
2018-02-28 16:10:01,0.00000417,956666.00000000
2018-02-28 16:10:02,0.00000417,35484.00000000
2018-02-28 16:10:02,0.00000416,24158.00000000
2018-02-28 16:10:02,0.00000416,16242.00000000
2018-02-28 16:10:02,0.00000417,1490.00000000
2018-02-28 16:10:02,0.00000416,12019.00000000
2018-02-28 16:10:02,0.00000417,23017.00000000
2018-02-28 16:10:03,0.00000417,77477.00000000
2018-02-28 16:10:03,0.00000417,29872.00000000
2018-02-28 16:10:03,0.00000417,5211.00000000
2018-02-28 16:10:03,0.00000417,24933.00000000
2018-02-28 16:10:03,0.00000418,286594.00000000
2018-02-28 16:10:03,0.00000417,972.00000000
2018-02-28 16:10:03,0.00000417,2398.00000000
2018-02-28 16:10:03,0.00000417,2397.00000000
2018-02-28 16:10:03,0.00000418,100.00000000
2018-02-28 16:10:03,0.00000417,2398.00000000
2018-02-28 16:10:03,0.00000417,2397.00000000
2018-02-28 16:10:03,0.00000417,4200.00000000
2018-02-28 16:10:03,0.00000417,2397.00000000
2018-02-28 16:10:03,0.00000417,2398.00000000
2018-02-28 16:10:04,0.00000417,397.00000000
2018-02-28 16:10:04,0.00000417,809.00000000
2018-02-28 16:10:04,0.00000417,1381.00000000
2018-02-28 16:10:04,0.00000417,2409.00000000
2018-02-28 16:10:04,0.00000417,2398.00000000
2018-02-28 16:10:04,0.00000417,1000.00000000
2018-02-28 16:10:04,0.00000417,2409.00000000
2018-02-28 16:10:04,0.00000417,100000.00000000
2018-02-28 16:10:05,0.00000417,11990.00000000
2018-02-28 16:10:05,0.00000417,500.00000000
2018-02-28 16:10:05,0.00000417,2500.00000000
2018-02-28 16:10:05,0.00000417,2409.00000000
2018-02-28 16:10:05,0.00000418,3.00000000
2018-02-28 16:10:05,0.00000417,2409.00000000
2018-02-28 16:10:05,0.00000417,4209.00000000
2018-02-28 16:10:06,0.00000417,7268.00000000
2018-02-28 16:10:06,0.00000417,2000.00000000
2018-02-28 16:10:06,0.00000417,1000.00000000
2018-02-28 16:10:06,0.00000417,2409.00000000
2018-02-28 16:10:06,0.00000418,45951.00000000
2018-02-28 16:10:06,0.00000417,2409.00000000
2018-02-28 16:10:06,0.00000418,15807.00000000
2018-02-28 16:10:06,0.00000418,100.00000000
2018-02-28 16:10:06,0.00000417,11990.00000000
2018-02-28 16:10:07,0.00000418,117402.00000000
2018-02-28 16:10:07,0.00000417,45002.00000000
2018-02-28 16:10:07,0.00000418,51304.00000000
2018-02-28 16:10:07,0.00000417,1333.00000000
2018-02-28 16:10:08,0.00000418,150612.00000000
2018-02-28 16:10:08,0.00000418,10405.00000000
2018-02-28 16:10:08,0.00000418,21783.00000000
2018-02-28 16:10:08,0.00000418,215624.00000000
2018-02-28 16:10:08,0.00000418,16857.00000000
2018-02-28 16:10:09,0.00000418,255.00000000
2018-02-28 16:10:09,0.00000417,11990.00000000
2018-02-28 16:10:09,0.00000418,43511.00000000
2018-02-28 16:10:09,0.00000418,247182.00000000
2018-02-28 16:10:09,0.00000418,48055.00000000
2018-02-28 16:10:09,0.00000418,3038.00000000
2018-02-28 16:10:09,0.00000417,3847.00000000
2018-02-28 16:10:09,0.00000418,10949.00000000
2018-02-28 16:10:09,0.00000418,29096.00000000
2018-02-28 16:10:10,0.00000418,225664.00000000
2018-02-28 16:10:10,0.00000418,20158.00000000
2018-02-28 16:10:10,0.00000418,346217.00000000
2018-02-28 16:10:10,0.00000419,2190138.00000000
2018-02-28 16:10:10,0.00000417,200000.00000000
2018-02-28 16:10:10,0.00000419,100.00000000
2018-02-28 16:10:10,0.00000418,2525.00000000
2018-02-28 16:10:10,0.00000418,1941.00000000
2018-02-28 16:10:10,0.00000418,1945.00000000
2018-02-28 16:10:10,0.00000419,12703.00000000
2018-02-28 16:10:11,0.00000418,459.00000000
2018-02-28 16:10:11,0.00000418,11990.00000000
2018-02-28 16:10:11,0.00000418,1823.00000000
2018-02-28 16:10:11,0.00000419,20.00000000
2018-02-28 16:10:11,0.00000418,1921.00000000
2018-02-28 16:10:11,0.00000419,244.00000000
2018-02-28 16:10:11,0.00000419,17866.00000000
2018-02-28 16:10:11,0.00000418,499.00000000
2018-02-28 16:10:11,0.00000418,1000.00000000
2018-02-28 16:10:12,0.00000418,11590.00000000
2018-02-28 16:10:12,0.00000418,4636.00000000
2018-02-28 16:10:12,0.00000418,2674.00000000
2018-02-28 16:10:12,0.00000418,2325.00000000
2018-02-28 16:10:12,0.00000418,2107.00000000
2018-02-28 16:10:12,0.00000418,965.00000000
2018-02-28 16:10:12,0.00000418,1292.00000000
2018-02-28 16:10:12,0.00000419,25.00000000
2018-02-28 16:10:13,0.00000418,1726.00000000
2018-02-28 16:10:13,0.00000418,2000.00000000
2018-02-28 16:10:13,0.00000419,10698.00000000
2018-02-28 16:10:13,0.00000419,3153.00000000
2018-02-28 16:10:13,0.00000418,427875.00000000
2018-02-28 16:10:14,0.00000418,20000.00000000
2018-02-28 16:10:14,0.00000419,26486.00000000
2018-02-28 16:10:14,0.00000419,120994.00000000
2018-02-28 16:10:14,0.00000418,11962.00000000
2018-02-28 16:10:14,0.00000418,1000.00000000
2018-02-28 16:10:15,0.00000419,4917.00000000
2018-02-28 16:10:15,0.00000418,184727.00000000
2018-02-28 16:10:15,0.00000418,1643.00000000
2018-02-28 16:10:15,0.00000418,780.00000000
2018-02-28 16:10:15,0.00000418,68372.00000000
2018-02-28 16:10:15,0.00000418,48930.00000000
2018-02-28 16:10:15,0.00000418,71623.00000000
2018-02-28 16:10:15,0.00000417,17652.00000000
2018-02-28 16:10:16,0.00000418,6714.00000000
2018-02-28 16:10:16,0.00000417,2506.00000000
2018-02-28 16:10:16,0.00000418,81410.00000000
2018-02-28 16:10:16,0.00000419,176863.00000000
2018-02-28 16:10:16,0.00000419,25.00000000
2018-02-28 16:10:16,0.00000419,38054.00000000
2018-02-28 16:10:16,0.00000418,16596.00000000
2018-02-28 16:10:16,0.00000419,282536.00000000
2018-02-28 16:10:16,0.00000419,7095.00000000
2018-02-28 16:10:16,0.00000419,1100.00000000
2018-02-28 16:10:16,0.00000419,1648.00000000
2018-02-28 16:10:16,0.00000418,7365.00000000
2018-02-28 16:10:16,0.00000418,7000.00000000
2018-02-28 16:10:17,0.00000419,2143.00000000
2018-02-28 16:10:17,0.00000419,5473.00000000
2018-02-28 16:10:17,0.00000418,10344.00000000
2018-02-28 16:10:17,0.00000418,47224.00000000
2018-02-28 16:10:17,0.00000418,4434.00000000
2018-02-28 16:10:17,0.00000418,98954.00000000
2018-02-28 16:10:17,0.00000418,2158.00000000
2018-02-28 16:10:17,0.00000419,70525.00000000
2018-02-28 16:10:17,0.00000418,34084.00000000
2018-02-28 16:10:17,0.00000417,77777.00000000
2018-02-28 16:10:18,0.00000418,1843.00000000
2018-02-28 16:10:18,0.00000418,11172.00000000
2018-02-28 16:10:18,0.00000418,707.00000000
2018-02-28 16:10:18,0.00000418,197.00000000
2018-02-28 16:10:18,0.00000418,139736.00000000
2018-02-28 16:10:18,0.00000418,6885.00000000
2018-02-28 16:10:18,0.00000418,15.00000000
2018-02-28 16:10:18,0.00000418,2671.00000000
2018-02-28 16:10:18,0.00000418,18001.00000000
2018-02-28 16:10:18,0.00000417,12500.00000000
2018-02-28 16:10:18,0.00000418,3565.00000000
2018-02-28 16:10:18,0.00000418,67181.00000000
2018-02-28 16:10:19,0.00000417,388.00000000
2018-02-28 16:10:19,0.00000418,15269.00000000
2018-02-28 16:10:19,0.00000417,17356.00000000
2018-02-28 16:10:19,0.00000418,38083.00000000
2018-02-28 16:10:20,0.00000417,136849.00000000
2018-02-28 16:10:20,0.00000418,10141.00000000
2018-02-28 16:10:20,0.00000418,3450.00000000
2018-02-28 16:10:20,0.00000418,10601.00000000
2018-02-28 16:10:20,0.00000418,3116.00000000
2018-02-28 16:10:20,0.00000418,80037.00000000
2018-02-28 16:10:20,0.00000417,17932.00000000
2018-02-28 16:10:20,0.00000418,27602.00000000
2018-02-28 16:10:20,0.00000417,644.00000000
2018-02-28 16:10:21,0.00000418,50.00000000
2018-02-28 16:10:21,0.00000417,54265.00000000
2018-02-28 16:10:21,0.00000418,19531.00000000
2018-02-28 16:10:21,0.00000417,96797.00000000
2018-02-28 16:10:21,0.00000418,5.00000000
2018-02-28 16:10:21,0.00000417,103497.00000000
2018-02-28 16:10:21,0.00000417,7010.00000000
2018-02-28 16:10:21,0.00000417,7867.00000000
2018-02-28 16:10:21,0.00000417,3119.00000000
2018-02-28 16:10:21,0.00000417,42079.00000000
2018-02-28 16:10:21,0.00000417,2019.00000000
2018-02-28 16:10:21,0.00000416,68.00000000
2018-02-28 16:10:21,0.00000418,7507.00000000
2018-02-28 16:10:21,0.00000418,28967.00000000
2018-02-28 16:10:22,0.00000417,801.00000000
2018-02-28 16:10:22,0.00000417,2643.00000000
2018-02-28 16:10:22,0.00000417,2198.00000000
2018-02-28 16:10:22,0.00000417,4178.00000000
2018-02-28 16:10:22,0.00000417,207566.00000000
2018-02-28 16:10:22,0.00000417,2629.00000000
2018-02-28 16:10:22,0.00000416,9434.00000000
2018-02-28 16:10:22,0.00000417,3119.00000000
2018-02-28 16:10:23,0.00000417,359.00000000
2018-02-28 16:10:23,0.00000417,275511.00000000
2018-02-28 16:10:23,0.00000417,16486.00000000
2018-02-28 16:10:23,0.00000416,3514.00000000
2018-02-28 16:10:23,0.00000417,2400.00000000
2018-02-28 16:10:23,0.00000417,4008.00000000
2018-02-28 16:10:23,0.00000416,212581.00000000
2018-02-28 16:10:23,0.00000416,395.00000000
2018-02-28 16:10:23,0.00000416,2561.00000000
2018-02-28 16:10:23,0.00000416,90773.00000000
2018-02-28 16:10:23,0.00000416,7596.00000000
2018-02-28 16:10:23,0.00000416,7563.00000000
2018-02-28 16:10:23,0.00000416,977.00000000
2018-02-28 16:10:23,0.00000416,13563.00000000
2018-02-28 16:10:23,0.00000416,24578.00000000
2018-02-28 16:10:23,0.00000416,8071.00000000
2018-02-28 16:10:23,0.00000416,45.00000000
2018-02-28 16:10:23,0.00000416,5.00000000
2018-02-28 16:10:23,0.00000416,134921.00000000
2018-02-28 16:10:24,0.00000415,132375.00000000
2018-02-28 16:10:24,0.00000416,1549.00000000
2018-02-28 16:10:24,0.00000416,38496.00000000
2018-02-28 16:10:24,0.00000416,1.00000000
2018-02-28 16:10:24,0.00000416,12194.00000000
2018-02-28 16:10:24,0.00000416,40326.00000000
2018-02-28 16:10:24,0.00000417,188179.00000000
2018-02-28 16:10:24,0.00000417,503.00000000
2018-02-28 16:10:24,0.00000417,50000.00000000
2018-02-28 16:10:24,0.00000417,952.00000000
2018-02-28 16:10:24,0.00000417,1730.00000000
2018-02-28 16:10:25,0.00000417,51208.00000000
2018-02-28 16:10:25,0.00000417,3935.00000000
2018-02-28 16:10:25,0.00000416,382.00000000
2018-02-28 16:10:25,0.00000415,190.00000000
2018-02-28 16:10:25,0.00000417,9521.00000000
2018-02-28 16:10:25,0.00000417,12.00000000
2018-02-28 16:10:25,0.00000416,203.00000000
2018-02-28 16:10:25,0.00000416,14019.00000000
2018-02-28 16:10:25,0.00000415,105233.00000000
2018-02-28 16:10:25,0.00000417,11445.00000000
2018-02-28 16:10:26,0.00000417,2.00000000
2018-02-28 16:10:26,0.00000416,1714.00000000
2018-02-28 16:10:26,0.00000416,4772.00000000
2018-02-28 16:10:26,0.00000416,572.00000000
2018-02-28 16:10:26,0.00000417,3113.00000000
2018-02-28 16:10:26,0.00000417,6011.00000000
2018-02-28 16:10:26,0.00000416,1000.00000000
2018-02-28 16:10:26,0.00000417,6886.00000000
2018-02-28 16:10:26,0.00000417,55901.00000000
2018-02-28 16:10:26,0.00000417,2393.00000000
2018-02-28 16:10:26,0.00000417,28659.00000000
2018-02-28 16:10:26,0.00000417,53267.00000000
2018-02-28 16:10:26,0.00000416,2393.00000000
2018-02-28 16:10:26,0.00000416,12573.00000000
2018-02-28 16:10:26,0.00000415,26292.00000000
2018-02-28 16:10:27,0.00000417,11501.00000000
2018-02-28 16:10:27,0.00000417,2037.00000000
2018-02-28 16:10:27,0.00000417,3.00000000
2018-02-28 16:10:27,0.00000416,2800.00000000
2018-02-28 16:10:27,0.00000416,26267.00000000
2018-02-28 16:10:27,0.00000417,6626.00000000
2018-02-28 16:10:27,0.00000417,164164.00000000
2018-02-28 16:10:27,0.00000416,8627.00000000
2018-02-28 16:10:28,0.00000416,384.00000000
2018-02-28 16:10:28,0.00000416,3744.00000000
2018-02-28 16:10:28,0.00000416,13817.00000000
2018-02-28 16:10:28,0.00000415,13240.00000000
2018-02-28 16:10:28,0.00000415,18181.00000000
2018-02-28 16:10:28,0.00000415,2497.00000000
2018-02-28 16:10:28,0.00000416,58900.00000000
2018-02-28 16:10:28,0.00000416,1.00000000
2018-02-28 16:10:28,0.00000416,1642.00000000
2018-02-28 16:10:29,0.00000416,51741.00000000
2018-02-28 16:10:29,0.00000416,20445.00000000
2018-02-28 16:10:29,0.00000416,899.00000000
2018-02-28 16:10:29,0.00000416,1.00000000
2018-02-28 16:10:29,0.00000415,246934.00000000
2018-02-28 16:10:29,0.00000415,60000.00000000
2018-02-28 16:10:30,0.00000415,493.00000000
2018-02-28 16:10:30,0.00000416,3828.00000000
2018-02-28 16:10:30,0.00000416,53815.00000000
2018-02-28 16:10:30,0.00000416,1546.00000000
2018-02-28 16:10:31,0.00000416,1302.00000000
2018-02-28 16:10:31,0.00000415,23183.00000000
2018-02-28 16:10:31,0.00000415,19872.00000000
2018-02-28 16:10:31,0.00000416,61643.00000000
2018-02-28 16:10:32,0.00000415,33175.00000000
2018-02-28 16:10:32,0.00000415,4274.00000000
2018-02-28 16:10:32,0.00000415,2700.00000000
2018-02-28 16:10:32,0.00000416,3200.00000000
2018-02-28 16:10:32,0.00000416,27880.00000000
2018-02-28 16:10:32,0.00000416,8289.00000000
2018-02-28 16:10:32,0.00000416,308.00000000
2018-02-28 16:10:32,0.00000416,5252.00000000
2018-02-28 16:10:32,0.00000416,128832.00000000
2018-02-28 16:10:32,0.00000415,2518.00000000
2018-02-28 16:10:32,0.00000415,2450.00000000
2018-02-28 16:10:32,0.00000416,12052.00000000
2018-02-28 16:10:32,0.00000417,845.00000000
2018-02-28 16:10:33,0.00000415,294.00000000
2018-02-28 16:10:33,0.00000416,4918.00000000
2018-02-28 16:10:33,0.00000415,36432.00000000
2018-02-28 16:10:33,0.00000415,1000.00000000
2018-02-28 16:10:33,0.00000415,12345.00000000
2018-02-28 16:10:33,0.00000415,64423.00000000
2018-02-28 16:10:34,0.00000417,387.00000000
2018-02-28 16:10:34,0.00000417,7851.00000000
2018-02-28 16:10:34,0.00000416,2500.00000000
2018-02-28 16:10:34,0.00000415,351.00000000
2018-02-28 16:10:34,0.00000417,624426.00000000
2018-02-28 16:10:34,0.00000417,1253.00000000
2018-02-28 16:10:34,0.00000417,2800.00000000
2018-02-28 16:10:34,0.00000417,6708.00000000
2018-02-28 16:10:34,0.00000417,4413.00000000
2018-02-28 16:10:35,0.00000417,6670.00000000
2018-02-28 16:10:35,0.00000417,10389.00000000
2018-02-28 16:10:35,0.00000417,8414.00000000
2018-02-28 16:10:35,0.00000418,2000.00000000
2018-02-28 16:10:35,0.00000417,15000.00000000
2018-02-28 16:10:35,0.00000417,488.00000000
2018-02-28 16:10:35,0.00000417,233090.00000000
2018-02-28 16:10:36,0.00000417,50000.00000000
2018-02-28 16:10:36,0.00000417,41360.00000000
2018-02-28 16:10:36,0.00000417,4600.00000000
2018-02-28 16:10:36,0.00000417,1912.00000000
2018-02-28 16:10:36,0.00000417,488.00000000
2018-02-28 16:10:37,0.00000418,6340.00000000
2018-02-28 16:10:38,0.00000417,3856.00000000
2018-02-28 16:10:38,0.00000417,4003.00000000
2018-02-28 16:10:39,0.00000418,5297.00000000
2018-02-28 16:10:39,0.00000418,6621.00000000
2018-02-28 16:10:39,0.00000417,39145.00000000
2018-02-28 16:10:39,0.00000417,3613.00000000
2018-02-28 16:10:39,0.00000417,77697.00000000
2018-02-28 16:10:40,0.00000417,2537.00000000
2018-02-28 16:10:41,0.00000417,250000.00000000
2018-02-28 16:10:42,0.00000417,22662.00000000
2018-02-28 16:10:42,0.00000417,6990.00000000
2018-02-28 16:10:42,0.00000418,5438.00000000
2018-02-28 16:10:42,0.00000418,598.00000000
2018-02-28 16:10:42,0.00000417,544.00000000
2018-02-28 16:10:43,0.00000417,4722.00000000
2018-02-28 16:10:43,0.00000418,17130.00000000
2018-02-28 16:10:43,0.00000417,516.00000000
2018-02-28 16:10:43,0.00000417,1676.00000000
2018-02-28 16:10:43,0.00000417,1340.00000000
2018-02-28 16:10:44,0.00000417,133494.00000000
2018-02-28 16:10:45,0.00000418,4720.00000000
2018-02-28 16:10:45,0.00000418,22911.00000000
2018-02-28 16:10:45,0.00000418,5824.00000000
2018-02-28 16:10:45,0.00000418,11256.00000000
2018-02-28 16:10:45,0.00000417,70070.00000000
2018-02-28 16:10:45,0.00000418,1183621.00000000
2018-02-28 16:10:46,0.00000418,48518.00000000
2018-02-28 16:10:46,0.00000418,20569.00000000
2018-02-28 16:10:46,0.00000418,6373.00000000
2018-02-28 16:10:46,0.00000419,1.00000000
2018-02-28 16:10:46,0.00000419,18.00000000
2018-02-28 16:10:47,0.00000419,189.00000000
2018-02-28 16:10:47,0.00000418,4933.00000000
2018-02-28 16:10:47,0.00000418,24792.00000000
2018-02-28 16:10:47,0.00000418,292.00000000
2018-02-28 16:10:47,0.00000419,5460.00000000
2018-02-28 16:10:47,0.00000419,3.00000000
2018-02-28 16:10:48,0.00000418,879.00000000
2018-02-28 16:10:48,0.00000418,173987.00000000
2018-02-28 16:10:48,0.00000418,1778.00000000
2018-02-28 16:10:48,0.00000418,2000.00000000
2018-02-28 16:10:49,0.00000418,296.00000000
2018-02-28 16:10:49,0.00000419,883.00000000
2018-02-28 16:10:50,0.00000419,1673.00000000
2018-02-28 16:10:50,0.00000419,2424.00000000
2018-02-28 16:10:50,0.00000419,17329.00000000
2018-02-28 16:10:50,0.00000419,4561.00000000
2018-02-28 16:10:51,0.00000418,557.00000000
2018-02-28 16:10:52,0.00000419,2168.00000000
2018-02-28 16:10:52,0.00000419,151312.00000000
2018-02-28 16:10:53,0.00000419,3376.00000000
2018-02-28 16:10:53,0.00000419,1770.00000000
2018-02-28 16:10:53,0.00000419,6805.00000000
2018-02-28 16:10:54,0.00000418,4136.00000000
2018-02-28 16:10:54,0.00000418,697.00000000
2018-02-28 16:10:54,0.00000418,82533.00000000
2018-02-28 16:10:54,0.00000419,68993.00000000
2018-02-28 16:10:54,0.00000419,12463.00000000
2018-02-28 16:10:55,0.00000418,18289.00000000
2018-02-28 16:10:55,0.00000419,30829.00000000
2018-02-28 16:10:55,0.00000419,58329.00000000
2018-02-28 16:10:55,0.00000418,490.00000000
2018-02-28 16:10:55,0.00000419,3267.00000000
2018-02-28 16:10:56,0.00000419,176518.00000000
2018-02-28 16:10:56,0.00000419,1534.00000000
2018-02-28 16:10:56,0.00000419,83220.00000000
2018-02-28 16:10:56,0.00000419,7660.00000000
2018-02-28 16:10:56,0.00000419,57225.00000000
2018-02-28 16:10:56,0.00000419,10741.00000000
2018-02-28 16:10:56,0.00000419,263852.00000000
2018-02-28 16:10:56,0.00000419,3645.00000000
2018-02-28 16:10:56,0.00000419,45752.00000000
2018-02-28 16:10:56,0.00000418,49397.00000000
2018-02-28 16:10:56,0.00000418,15280.00000000
2018-02-28 16:10:56,0.00000418,608.00000000
2018-02-28 16:10:57,0.00000419,1292.00000000
2018-02-28 16:10:57,0.00000418,1291.00000000
2018-02-28 16:10:57,0.00000418,487.00000000
2018-02-28 16:10:57,0.00000419,512.00000000
2018-02-28 16:10:57,0.00000419,540.00000000
2018-02-28 16:10:58,0.00000419,41518.00000000
2018-02-28 16:10:58,0.00000419,811.00000000
2018-02-28 16:10:58,0.00000419,2834.00000000
2018-02-28 16:10:58,0.00000419,1782.00000000
2018-02-28 16:10:58,0.00000419,112560.00000000
2018-02-28 16:10:58,0.00000419,88208.00000000
2018-02-28 16:10:58,0.00000419,1328.00000000
2018-02-28 16:10:58,0.00000419,1000.00000000
2018-02-28 16:10:59,0.00000419,10000.00000000
2018-02-28 16:10:59,0.00000420,739.00000000
2018-02-28 16:10:59,0.00000419,316.00000000
2018-02-28 16:10:59,0.00000419,1000.00000000
2018-02-28 16:10:59,0.00000419,2755.00000000
2018-02-28 16:10:59,0.00000419,485.00000000
2018-02-28 16:10:59,0.00000419,1102.00000000
2018-02-28 16:10:59,0.00000419,553.00000000
2018-02-28 16:10:59,0.00000419,6223.00000000
2018-02-28 16:11:00,0.00000419,46583.00000000
2018-02-28 16:11:00,0.00000419,262.00000000
2018-02-28 16:11:00,0.00000419,3807.00000000
2018-02-28 16:11:00,0.00000419,1249.00000000
2018-02-28 16:11:01,0.00000420,11922.00000000
2018-02-28 16:11:01,0.00000419,731.00000000
2018-02-28 16:11:03,0.00000419,1600.00000000
2018-02-28 16:11:04,0.00000419,490.00000000
2018-02-28 16:11:04,0.00000420,6330.00000000
2018-02-28 16:11:04,0.00000419,1420.00000000
2018-02-28 16:11:04,0.00000419,2242.00000000
2018-02-28 16:11:04,0.00000420,2660.00000000
2018-02-28 16:11:04,0.00000420,3238.00000000
2018-02-28 16:11:05,0.00000419,3652.00000000
2018-02-28 16:11:05,0.00000420,199514.00000000
2018-02-28 16:11:05,0.00000419,304307.00000000
2018-02-28 16:11:05,0.00000419,50441.00000000
2018-02-28 16:11:05,0.00000419,990.00000000
2018-02-28 16:11:05,0.00000419,4815.00000000
2018-02-28 16:11:05,0.00000419,117780.00000000
2018-02-28 16:11:05,0.00000420,29454.00000000
2018-02-28 16:11:05,0.00000420,1754.00000000
2018-02-28 16:11:05,0.00000420,4410.00000000
2018-02-28 16:11:06,0.00000419,4039.00000000
2018-02-28 16:11:06,0.00000419,821.00000000
2018-02-28 16:11:06,0.00000419,16123.00000000
2018-02-28 16:11:06,0.00000419,6008.00000000
2018-02-28 16:11:06,0.00000419,1222.00000000
2018-02-28 16:11:06,0.00000419,1370.00000000
2018-02-28 16:11:06,0.00000420,25625.00000000
2018-02-28 16:11:06,0.00000419,486.00000000
2018-02-28 16:11:06,0.00000420,9817.00000000
2018-02-28 16:11:06,0.00000420,3923.00000000
2018-02-28 16:11:07,0.00000419,1500.00000000
2018-02-28 16:11:07,0.00000420,20472.00000000
2018-02-28 16:11:07,0.00000419,486.00000000
2018-02-28 16:11:07,0.00000420,3403.00000000
2018-02-28 16:11:07,0.00000419,25000.00000000
2018-02-28 16:11:07,0.00000419,119459.00000000
2018-02-28 16:11:07,0.00000419,41703.00000000
2018-02-28 16:11:08,0.00000419,6548.00000000
2018-02-28 16:11:08,0.00000419,3834.00000000
2018-02-28 16:11:08,0.00000418,3342.00000000
2018-02-28 16:11:09,0.00000419,5776.00000000
2018-02-28 16:11:09,0.00000419,5323.00000000
2018-02-28 16:11:09,0.00000419,1395.00000000
2018-02-28 16:11:09,0.00000419,70138.00000000
2018-02-28 16:11:09,0.00000419,10188.00000000
2018-02-28 16:11:09,0.00000420,13735.00000000
2018-02-28 16:11:09,0.00000418,1000.00000000
2018-02-28 16:11:09,0.00000419,487.00000000
2018-02-28 16:11:09,0.00000420,17603.00000000
2018-02-28 16:11:10,0.00000419,487.00000000
2018-02-28 16:11:10,0.00000420,2000.00000000
2018-02-28 16:11:10,0.00000420,2284.00000000
2018-02-28 16:11:11,0.00000420,22379.00000000
2018-02-28 16:11:11,0.00000419,1224.00000000
2018-02-28 16:11:11,0.00000419,2812.00000000
2018-02-28 16:11:11,0.00000420,54146.00000000
2018-02-28 16:11:11,0.00000420,198075.00000000
2018-02-28 16:11:11,0.00000419,486.00000000
2018-02-28 16:11:11,0.00000419,532.00000000
2018-02-28 16:11:11,0.00000420,9.00000000
2018-02-28 16:11:11,0.00000420,4910.00000000
2018-02-28 16:11:12,0.00000420,137377.00000000
2018-02-28 16:11:12,0.00000419,1346.00000000
2018-02-28 16:11:12,0.00000419,487.00000000
2018-02-28 16:11:12,0.00000419,105195.00000000
2018-02-28 16:11:12,0.00000419,6030.00000000
2018-02-28 16:11:13,0.00000419,6199.00000000
2018-02-28 16:11:13,0.00000419,2098.00000000
2018-02-28 16:11:13,0.00000419,17351.00000000
2018-02-28 16:11:13,0.00000419,879.00000000
2018-02-28 16:11:13,0.00000419,64223.00000000
2018-02-28 16:11:13,0.00000419,9597.00000000
2018-02-28 16:11:14,0.00000419,57276.00000000
2018-02-28 16:11:14,0.00000419,2381.00000000
2018-02-28 16:11:14,0.00000419,5500.00000000
2018-02-28 16:11:14,0.00000419,636.00000000
2018-02-28 16:11:14,0.00000419,2865.00000000
2018-02-28 16:11:14,0.00000419,4757.00000000
2018-02-28 16:11:15,0.00000419,1453.00000000
2018-02-28 16:11:15,0.00000419,120739.00000000
2018-02-28 16:11:15,0.00000419,2853.00000000
2018-02-28 16:11:15,0.00000419,307.00000000
2018-02-28 16:11:15,0.00000419,308.00000000
2018-02-28 16:11:15,0.00000419,357.00000000
2018-02-28 16:11:15,0.00000419,692.00000000
2018-02-28 16:11:15,0.00000419,2854.00000000
2018-02-28 16:11:15,0.00000419,417.00000000
2018-02-28 16:11:16,0.00000419,2137.00000000
2018-02-28 16:11:16,0.00000419,1689.00000000
2018-02-28 16:11:16,0.00000419,7723.00000000
2018-02-28 16:11:16,0.00000419,60354.00000000
2018-02-28 16:11:16,0.00000419,4548.00000000
2018-02-28 16:11:16,0.00000419,9112.00000000
2018-02-28 16:11:16,0.00000419,1280.00000000
2018-02-28 16:11:17,0.00000419,18177.00000000
2018-02-28 16:11:17,0.00000419,2444.00000000
2018-02-28 16:11:17,0.00000419,250.00000000
2018-02-28 16:11:17,0.00000419,1583.00000000
2018-02-28 16:11:17,0.00000419,937.00000000
2018-02-28 16:11:17,0.00000419,9390.00000000
2018-02-28 16:11:17,0.00000418,258.00000000
2018-02-28 16:11:17,0.00000419,8732.00000000
2018-02-28 16:11:18,0.00000419,3321.00000000
2018-02-28 16:11:18,0.00000419,101998.00000000
2018-02-28 16:11:18,0.00000418,751.00000000
2018-02-28 16:11:18,0.00000419,924.00000000
2018-02-28 16:11:18,0.00000419,28081.00000000
