DATE,PRICE,VOLUME
2018-02-25 14:00:00,0.00000420,10907.00000000
2018-02-25 14:00:00,0.00000420,2181.00000000
2018-02-25 14:00:01,0.00000420,111057.00000000
2018-02-25 14:00:01,0.00000420,3985.00000000
2018-02-25 14:00:01,0.00000420,1500.00000000
2018-02-25 14:00:04,0.00000420,4944.00000000
2018-02-25 14:00:06,0.00000419,530.00000000
2018-02-25 14:00:06,0.00000419,1608147.00000000
2018-02-25 14:00:07,0.00000420,3214.00000000
2018-02-25 14:00:08,0.00000419,22603.00000000
2018-02-25 14:00:10,0.00000419,884.00000000
2018-02-25 14:00:12,0.00000420,1700.00000000
2018-02-25 14:00:13,0.00000419,1199.00000000
2018-02-25 14:00:24,0.00000420,133637.00000000
2018-02-25 14:00:26,0.00000420,414.00000000
2018-02-25 14:00:35,0.00000420,414.00000000
2018-02-25 14:00:36,0.00000420,414.00000000
2018-02-25 14:00:37,0.00000420,4459.00000000
2018-02-25 14:00:41,0.00000420,1545.00000000
2018-02-25 14:00:41,0.00000419,8388.00000000
2018-02-25 14:00:41,0.00000420,53735.00000000
2018-02-25 14:00:43,0.00000420,101.00000000
2018-02-25 14:00:47,0.00000419,1818.00000000
2018-02-25 14:00:49,0.00000419,1168.00000000
2018-02-25 14:00:59,0.00000419,9002.00000000
2018-02-25 14:01:01,0.00000419,4000.00000000
2018-02-25 14:01:04,0.00000419,463.00000000
2018-02-25 14:01:08,0.00000420,8290.00000000
2018-02-25 14:01:09,0.00000420,3295.00000000
2018-02-25 14:01:09,0.00000420,50282.00000000
2018-02-25 14:01:09,0.00000419,18732.00000000
2018-02-25 14:01:09,0.00000419,956.00000000
2018-02-25 14:01:09,0.00000419,23805.00000000
2018-02-25 14:01:09,0.00000419,7136.00000000
2018-02-25 14:01:09,0.00000419,30055.00000000
2018-02-25 14:01:11,0.00000420,414.00000000
2018-02-25 14:01:11,0.00000420,22285.00000000
2018-02-25 14:01:15,0.00000419,102700.00000000
2018-02-25 14:01:16,0.00000420,2418.00000000
2018-02-25 14:01:16,0.00000420,9167.00000000
2018-02-25 14:01:19,0.00000420,18596.00000000
2018-02-25 14:01:21,0.00000420,23.00000000
2018-02-25 14:01:25,0.00000419,4618.00000000
2018-02-25 14:01:26,0.00000419,11117.00000000
2018-02-25 14:01:33,0.00000420,25767.00000000
2018-02-25 14:01:40,0.00000420,23866.00000000
2018-02-25 14:01:40,0.00000420,12709.00000000
2018-02-25 14:01:41,0.00000420,4146.00000000
2018-02-25 14:01:44,0.00000420,4956.00000000
2018-02-25 14:01:44,0.00000420,4533.00000000
2018-02-25 14:01:44,0.00000419,555.00000000
2018-02-25 14:01:45,0.00000420,999.00000000
2018-02-25 14:01:46,0.00000420,10358.00000000
2018-02-25 14:01:50,0.00000420,1000.00000000
2018-02-25 14:01:51,0.00000419,24156.00000000
2018-02-25 14:01:51,0.00000420,1000.00000000
2018-02-25 14:01:54,0.00000420,164845.00000000
2018-02-25 14:01:58,0.00000420,1000.00000000
2018-02-25 14:02:01,0.00000419,32522.00000000
2018-02-25 14:02:02,0.00000420,4537.00000000
2018-02-25 14:02:04,0.00000420,800.00000000
2018-02-25 14:02:06,0.00000420,6390.00000000
2018-02-25 14:02:19,0.00000419,14000.00000000
2018-02-25 14:02:22,0.00000420,4000.00000000
2018-02-25 14:02:25,0.00000420,260.00000000
2018-02-25 14:02:36,0.00000420,4082.00000000
2018-02-25 14:02:43,0.00000420,420.00000000
2018-02-25 14:02:46,0.00000420,116353.00000000
2018-02-25 14:02:59,0.00000419,10000.00000000
2018-02-25 14:03:01,0.00000420,16196.00000000
2018-02-25 14:03:06,0.00000420,25100.00000000
2018-02-25 14:03:07,0.00000419,15654.00000000
2018-02-25 14:03:19,0.00000419,3356.00000000
2018-02-25 14:03:24,0.00000419,4933.00000000
2018-02-25 14:03:25,0.00000419,4452.00000000
2018-02-25 14:03:30,0.00000419,500.00000000
2018-02-25 14:03:31,0.00000419,1.00000000
2018-02-25 14:03:32,0.00000420,2523.00000000
2018-02-25 14:03:33,0.00000419,500.00000000
2018-02-25 14:03:34,0.00000419,1.00000000
2018-02-25 14:03:36,0.00000419,500.00000000
2018-02-25 14:03:37,0.00000419,73110.00000000
2018-02-25 14:03:38,0.00000419,500.00000000
2018-02-25 14:03:44,0.00000419,4685.00000000
2018-02-25 14:03:46,0.00000419,10533.00000000
2018-02-25 14:03:47,0.00000419,600.00000000
2018-02-25 14:03:51,0.00000419,204850.00000000
2018-02-25 14:03:52,0.00000419,700.00000000
2018-02-25 14:03:52,0.00000419,2279.00000000
2018-02-25 14:03:57,0.00000419,3451.00000000
2018-02-25 14:03:59,0.00000420,1.00000000
2018-02-25 14:04:00,0.00000419,499.00000000
2018-02-25 14:04:03,0.00000419,500.00000000
2018-02-25 14:04:10,0.00000420,6824.00000000
2018-02-25 14:04:16,0.00000419,4995.00000000
2018-02-25 14:04:17,0.00000419,5248.00000000
2018-02-25 14:04:23,0.00000420,9176.00000000
2018-02-25 14:04:23,0.00000420,3500.00000000
2018-02-25 14:04:25,0.00000420,1498.00000000
2018-02-25 14:04:26,0.00000420,20929.00000000
2018-02-25 14:04:28,0.00000420,2353.00000000
2018-02-25 14:04:30,0.00000419,160536.00000000
2018-02-25 14:04:34,0.00000419,483692.00000000
2018-02-25 14:04:39,0.00000420,1060.00000000
2018-02-25 14:04:39,0.00000419,1053.00000000
2018-02-25 14:04:43,0.00000419,2311.00000000
2018-02-25 14:04:46,0.00000419,20000.00000000
2018-02-25 14:04:47,0.00000420,614.00000000
2018-02-25 14:04:48,0.00000419,732.00000000
2018-02-25 14:04:48,0.00000419,4786.00000000
2018-02-25 14:04:50,0.00000420,6672.00000000
2018-02-25 14:04:57,0.00000419,77835.00000000
2018-02-25 14:05:02,0.00000419,5471.00000000
2018-02-25 14:05:07,0.00000419,3850.00000000
2018-02-25 14:05:16,0.00000419,43694.00000000
2018-02-25 14:05:18,0.00000420,4000.00000000
2018-02-25 14:05:18,0.00000420,82927.00000000
2018-02-25 14:05:19,0.00000419,123654.00000000
2018-02-25 14:05:29,0.00000419,612.00000000
2018-02-25 14:05:31,0.00000420,142609.00000000
2018-02-25 14:05:34,0.00000419,3458.00000000
2018-02-25 14:05:36,0.00000420,1617.00000000
2018-02-25 14:05:36,0.00000419,112983.00000000
2018-02-25 14:05:36,0.00000419,9611.00000000
2018-02-25 14:05:37,0.00000419,1684.00000000
2018-02-25 14:05:37,0.00000419,20422.00000000
2018-02-25 14:05:37,0.00000419,48391.00000000
2018-02-25 14:05:40,0.00000419,1600.00000000
2018-02-25 14:05:40,0.00000419,8400.00000000
2018-02-25 14:05:43,0.00000419,1500.00000000
2018-02-25 14:05:48,0.00000420,225.00000000
2018-02-25 14:06:04,0.00000420,2368.00000000
2018-02-25 14:06:09,0.00000419,348.00000000
2018-02-25 14:06:12,0.00000420,476.00000000
2018-02-25 14:06:20,0.00000420,4021.00000000
2018-02-25 14:06:21,0.00000419,657.00000000
2018-02-25 14:06:25,0.00000419,75277.00000000
2018-02-25 14:06:25,0.00000419,6104.00000000
2018-02-25 14:06:25,0.00000419,7535.00000000
2018-02-25 14:06:25,0.00000419,3900.00000000
2018-02-25 14:06:25,0.00000419,5935.00000000
2018-02-25 14:06:25,0.00000419,1614.00000000
2018-02-25 14:06:25,0.00000419,5950.00000000
2018-02-25 14:06:25,0.00000419,1614.00000000
2018-02-25 14:06:25,0.00000419,455.00000000
2018-02-25 14:06:25,0.00000418,5935.00000000
2018-02-25 14:06:25,0.00000418,399.00000000
2018-02-25 14:06:25,0.00000418,1092.00000000
2018-02-25 14:06:25,0.00000419,6104.00000000
2018-02-25 14:06:25,0.00000419,3809.00000000
2018-02-25 14:06:25,0.00000419,5423.00000000
2018-02-25 14:06:25,0.00000419,1727.00000000
2018-02-25 14:06:25,0.00000419,21335.00000000
2018-02-25 14:06:28,0.00000420,3729.00000000
2018-02-25 14:06:29,0.00000419,1.00000000
2018-02-25 14:06:30,0.00000419,20478.00000000
2018-02-25 14:06:31,0.00000419,1.00000000
2018-02-25 14:06:34,0.00000419,127968.00000000
2018-02-25 14:06:52,0.00000419,1.00000000
2018-02-25 14:06:53,0.00000419,3700.00000000
2018-02-25 14:07:03,0.00000420,80.00000000
2018-02-25 14:07:06,0.00000419,22332.00000000
2018-02-25 14:07:16,0.00000419,141618.00000000
2018-02-25 14:07:21,0.00000419,6156.00000000
2018-02-25 14:07:25,0.00000419,84915.00000000
2018-02-25 14:07:31,0.00000419,10049.00000000
2018-02-25 14:07:32,0.00000419,324.00000000
2018-02-25 14:07:35,0.00000419,569.00000000
2018-02-25 14:07:48,0.00000419,64150.00000000
2018-02-25 14:08:02,0.00000420,109279.00000000
2018-02-25 14:08:29,0.00000420,13724.00000000
2018-02-25 14:08:32,0.00000420,245.00000000
2018-02-25 14:08:32,0.00000419,1.00000000
2018-02-25 14:08:34,0.00000420,708.00000000
2018-02-25 14:08:41,0.00000420,879.00000000
2018-02-25 14:08:48,0.00000420,2380.00000000
2018-02-25 14:08:53,0.00000419,13628.00000000
2018-02-25 14:08:57,0.00000419,268.00000000
2018-02-25 14:08:58,0.00000420,4761.00000000
2018-02-25 14:08:58,0.00000419,88194.00000000
2018-02-25 14:08:59,0.00000419,59475.00000000
2018-02-25 14:09:02,0.00000420,262.00000000
2018-02-25 14:09:09,0.00000419,2286.00000000
2018-02-25 14:09:11,0.00000420,2560.00000000
2018-02-25 14:09:21,0.00000419,13648.00000000
2018-02-25 14:09:28,0.00000419,2586.00000000
2018-02-25 14:09:33,0.00000420,767.00000000
2018-02-25 14:09:35,0.00000419,3400.00000000
2018-02-25 14:09:36,0.00000419,9099.00000000
2018-02-25 14:09:36,0.00000419,19751.00000000
2018-02-25 14:09:36,0.00000419,22515.00000000
2018-02-25 14:09:36,0.00000418,1100.00000000
2018-02-25 14:09:37,0.00000419,10914.00000000
2018-02-25 14:09:39,0.00000419,4553.00000000
2018-02-25 14:09:41,0.00000419,23923.00000000
2018-02-25 14:09:41,0.00000419,5552.00000000
2018-02-25 14:09:45,0.00000418,8690.00000000
2018-02-25 14:09:49,0.00000418,3015.00000000
2018-02-25 14:09:54,0.00000418,1.00000000
2018-02-25 14:09:57,0.00000418,127708.00000000
2018-02-25 14:10:00,0.00000418,1447.00000000
2018-02-25 14:10:06,0.00000418,6735.00000000
2018-02-25 14:10:13,0.00000419,1500.00000000
2018-02-25 14:10:13,0.00000418,1948211.00000000
2018-02-25 14:10:14,0.00000418,163.00000000
2018-02-25 14:10:15,0.00000418,223858.00000000
2018-02-25 14:10:18,0.00000419,561.00000000
2018-02-25 14:10:20,0.00000418,1.00000000
2018-02-25 14:10:35,0.00000419,975.00000000
2018-02-25 14:10:37,0.00000419,5466.00000000
2018-02-25 14:10:43,0.00000418,1.00000000
2018-02-25 14:10:43,0.00000419,1157.00000000
2018-02-25 14:10:44,0.00000418,142593.00000000
2018-02-25 14:10:44,0.00000419,358.00000000
2018-02-25 14:10:49,0.00000419,2255.00000000
2018-02-25 14:10:50,0.00000419,1477.00000000
2018-02-25 14:10:55,0.00000419,1000.00000000
2018-02-25 14:10:59,0.00000419,463.00000000
2018-02-25 14:11:04,0.00000419,8900.00000000
2018-02-25 14:11:06,0.00000419,532.00000000
2018-02-25 14:11:13,0.00000419,3927.00000000
2018-02-25 14:11:17,0.00000419,72399.00000000
2018-02-25 14:11:19,0.00000419,2298.00000000
2018-02-25 14:11:21,0.00000419,770.00000000
2018-02-25 14:11:21,0.00000419,702.00000000
2018-02-25 14:11:24,0.00000419,9670.00000000
2018-02-25 14:11:35,0.00000418,165789.00000000
2018-02-25 14:11:38,0.00000419,4141.00000000
2018-02-25 14:11:39,0.00000419,3698.00000000
2018-02-25 14:11:46,0.00000418,7448.00000000
2018-02-25 14:11:53,0.00000418,24533.00000000
2018-02-25 14:11:56,0.00000418,983.00000000
2018-02-25 14:12:00,0.00000418,1000.00000000
2018-02-25 14:12:13,0.00000418,3980.00000000
2018-02-25 14:12:14,0.00000419,477.00000000
2018-02-25 14:12:15,0.00000418,1003.00000000
2018-02-25 14:12:16,0.00000419,853.00000000
2018-02-25 14:12:22,0.00000418,36734.00000000
2018-02-25 14:12:26,0.00000419,300.00000000
2018-02-25 14:12:27,0.00000419,124401.00000000
2018-02-25 14:12:30,0.00000419,1837.00000000
2018-02-25 14:12:35,0.00000419,3079.00000000
2018-02-25 14:12:37,0.00000418,50000.00000000
2018-02-25 14:12:38,0.00000419,38500.00000000
2018-02-25 14:12:44,0.00000418,3170.00000000
2018-02-25 14:12:50,0.00000418,5000.00000000
2018-02-25 14:12:51,0.00000419,5325.00000000
2018-02-25 14:12:51,0.00000419,5332.00000000
2018-02-25 14:12:51,0.00000418,274.00000000
2018-02-25 14:12:51,0.00000419,5326.00000000
2018-02-25 14:12:51,0.00000419,5326.00000000
2018-02-25 14:12:51,0.00000419,16509.00000000
2018-02-25 14:12:51,0.00000419,7145.00000000
2018-02-25 14:12:51,0.00000418,5325.00000000
2018-02-25 14:12:52,0.00000418,581.00000000
2018-02-25 14:13:00,0.00000418,34122.00000000
2018-02-25 14:13:00,0.00000419,5620.00000000
2018-02-25 14:13:00,0.00000419,18193.00000000
2018-02-25 14:13:01,0.00000419,16103.00000000
2018-02-25 14:13:02,0.00000419,915.00000000
2018-02-25 14:13:02,0.00000419,1686.00000000
2018-02-25 14:13:03,0.00000419,1686.00000000
2018-02-25 14:13:03,0.00000419,853.00000000
2018-02-25 14:13:03,0.00000419,8842.00000000
2018-02-25 14:13:04,0.00000419,4163.00000000
2018-02-25 14:13:04,0.00000419,19691.00000000
2018-02-25 14:13:05,0.00000419,3125.00000000
2018-02-25 14:13:11,0.00000419,1588.00000000
2018-02-25 14:13:21,0.00000418,82504.00000000
2018-02-25 14:13:21,0.00000418,1001.00000000
2018-02-25 14:13:29,0.00000418,3384.00000000
2018-02-25 14:13:33,0.00000419,11730.00000000
2018-02-25 14:13:34,0.00000418,2838.00000000
2018-02-25 14:13:36,0.00000419,5018.00000000
2018-02-25 14:13:36,0.00000418,10000.00000000
2018-02-25 14:13:38,0.00000419,2530.00000000
2018-02-25 14:13:38,0.00000419,2530.00000000
2018-02-25 14:13:38,0.00000419,2530.00000000
2018-02-25 14:13:39,0.00000419,23923.00000000
2018-02-25 14:13:39,0.00000419,25518.00000000
2018-02-25 14:13:42,0.00000419,23974.00000000
2018-02-25 14:13:44,0.00000419,43.00000000
2018-02-25 14:13:48,0.00000419,1561.00000000
2018-02-25 14:13:55,0.00000418,1605773.00000000
2018-02-25 14:13:59,0.00000418,3367.00000000
2018-02-25 14:14:01,0.00000418,62589.00000000
2018-02-25 14:14:01,0.00000418,46929.00000000
2018-02-25 14:14:02,0.00000419,239.00000000
2018-02-25 14:14:10,0.00000418,380.00000000
2018-02-25 14:14:12,0.00000418,49923.00000000
2018-02-25 14:14:13,0.00000419,102604.00000000
2018-02-25 14:14:16,0.00000418,133814.00000000
2018-02-25 14:14:27,0.00000418,16328.00000000
2018-02-25 14:14:27,0.00000418,3672.00000000
2018-02-25 14:14:36,0.00000419,12.00000000
2018-02-25 14:14:38,0.00000418,13691.00000000
2018-02-25 14:14:39,0.00000418,5373.00000000
2018-02-25 14:14:42,0.00000419,428.00000000
2018-02-25 14:14:42,0.00000418,2500.00000000
2018-02-25 14:14:44,0.00000418,21306.00000000
2018-02-25 14:14:44,0.00000419,242.00000000
2018-02-25 14:14:48,0.00000418,5322.00000000
2018-02-25 14:14:48,0.00000419,431.00000000
2018-02-25 14:14:48,0.00000418,5684.00000000
2018-02-25 14:14:48,0.00000418,8581.00000000
2018-02-25 14:14:51,0.00000418,13330.00000000
2018-02-25 14:14:55,0.00000418,50000.00000000
2018-02-25 14:14:56,0.00000418,194745.00000000
2018-02-25 14:14:56,0.00000418,5977.00000000
2018-02-25 14:14:57,0.00000418,431.00000000
2018-02-25 14:15:00,0.00000418,8647.00000000
2018-02-25 14:15:00,0.00000418,41353.00000000
2018-02-25 14:15:01,0.00000418,479.00000000
2018-02-25 14:15:02,0.00000418,2345.00000000
2018-02-25 14:15:03,0.00000418,5823.00000000
2018-02-25 14:15:11,0.00000418,26527.00000000
2018-02-25 14:15:15,0.00000418,16073.00000000
2018-02-25 14:15:15,0.00000417,350518.00000000
2018-02-25 14:15:15,0.00000417,4000.00000000
2018-02-25 14:15:15,0.00000417,13800.00000000
2018-02-25 14:15:15,0.00000419,166382.00000000
2018-02-25 14:15:21,0.00000419,20.00000000
2018-02-25 14:15:27,0.00000418,50180.00000000
2018-02-25 14:15:31,0.00000419,250.00000000
2018-02-25 14:15:33,0.00000418,72974.00000000
2018-02-25 14:15:33,0.00000418,2297.00000000
2018-02-25 14:15:44,0.00000418,18817.00000000
2018-02-25 14:15:52,0.00000418,3776.00000000
2018-02-25 14:15:53,0.00000418,56454.00000000
2018-02-25 14:16:01,0.00000418,391.00000000
2018-02-25 14:16:08,0.00000418,14495.00000000
2018-02-25 14:16:12,0.00000418,138897.00000000
2018-02-25 14:16:15,0.00000418,8143.00000000
2018-02-25 14:16:22,0.00000418,138832.00000000
2018-02-25 14:16:22,0.00000418,106084.00000000
2018-02-25 14:16:23,0.00000418,1206.00000000
2018-02-25 14:16:29,0.00000418,2786.00000000
2018-02-25 14:16:29,0.00000418,9500.00000000
2018-02-25 14:16:29,0.00000418,7163.00000000
2018-02-25 14:16:29,0.00000418,5274.00000000
2018-02-25 14:16:29,0.00000418,20958.00000000
2018-02-25 14:16:29,0.00000418,21750.00000000
2018-02-25 14:16:29,0.00000418,7163.00000000
2018-02-25 14:16:29,0.00000418,7162.00000000
2018-02-25 14:16:29,0.00000418,7163.00000000
2018-02-25 14:16:29,0.00000418,50402.00000000
2018-02-25 14:16:29,0.00000418,29495.00000000
2018-02-25 14:16:30,0.00000418,1600.00000000
2018-02-25 14:16:30,0.00000418,9500.00000000
2018-02-25 14:16:31,0.00000418,3408.00000000
2018-02-25 14:16:33,0.00000419,242.00000000
2018-02-25 14:16:36,0.00000418,5132.00000000
2018-02-25 14:16:36,0.00000418,2086.00000000
2018-02-25 14:16:36,0.00000418,729.00000000
2018-02-25 14:16:37,0.00000418,2392.00000000
2018-02-25 14:16:38,0.00000418,326.00000000
2018-02-25 14:16:39,0.00000418,20893.00000000
2018-02-25 14:16:41,0.00000419,4.00000000
2018-02-25 14:16:42,0.00000419,2392.00000000
2018-02-25 14:16:43,0.00000419,309.00000000
2018-02-25 14:16:44,0.00000419,2386.00000000
2018-02-25 14:16:46,0.00000418,27187.00000000
2018-02-25 14:16:47,0.00000418,2392.00000000
2018-02-25 14:16:47,0.00000418,4350.00000000
2018-02-25 14:16:47,0.00000418,4109.00000000
2018-02-25 14:16:47,0.00000418,32192.00000000
2018-02-25 14:16:48,0.00000418,563.00000000
2018-02-25 14:16:48,0.00000418,2386.00000000
2018-02-25 14:16:49,0.00000418,2033.00000000
2018-02-25 14:16:49,0.00000418,10588.00000000
2018-02-25 14:16:50,0.00000418,11962.00000000
2018-02-25 14:16:53,0.00000418,502.00000000
2018-02-25 14:16:53,0.00000418,7161.00000000
2018-02-25 14:16:53,0.00000418,674.00000000
2018-02-25 14:16:53,0.00000418,279.00000000
2018-02-25 14:16:53,0.00000418,7162.00000000
2018-02-25 14:16:53,0.00000418,2392.00000000
2018-02-25 14:16:53,0.00000418,7162.00000000
2018-02-25 14:16:53,0.00000418,2392.00000000
2018-02-25 14:16:54,0.00000418,8277.00000000
2018-02-25 14:17:01,0.00000417,2000.00000000
2018-02-25 14:17:01,0.00000418,31.00000000
2018-02-25 14:17:01,0.00000418,7162.00000000
2018-02-25 14:17:01,0.00000418,7161.00000000
2018-02-25 14:17:01,0.00000418,25262.00000000
2018-02-25 14:17:02,0.00000418,492.00000000
2018-02-25 14:17:03,0.00000418,4282.00000000
2018-02-25 14:17:04,0.00000417,8940.00000000
2018-02-25 14:17:05,0.00000418,3.00000000
2018-02-25 14:17:06,0.00000418,400.00000000
2018-02-25 14:17:07,0.00000417,4400.00000000
2018-02-25 14:17:09,0.00000417,75252.00000000
2018-02-25 14:17:19,0.00000418,7700.00000000
2018-02-25 14:17:24,0.00000418,20110.00000000
2018-02-25 14:17:35,0.00000418,1250.00000000
2018-02-25 14:17:39,0.00000417,51.00000000
2018-02-25 14:17:40,0.00000418,4543.00000000
2018-02-25 14:17:40,0.00000418,819.00000000
2018-02-25 14:17:42,0.00000418,5032.00000000
2018-02-25 14:17:46,0.00000418,53652.00000000
2018-02-25 14:17:48,0.00000417,2147.00000000
2018-02-25 14:17:50,0.00000417,948.00000000
2018-02-25 14:17:53,0.00000418,639.00000000
2018-02-25 14:17:55,0.00000418,154819.00000000
2018-02-25 14:17:56,0.00000417,700.00000000
2018-02-25 14:17:59,0.00000418,1.00000000
2018-02-25 14:18:08,0.00000418,4183.00000000
2018-02-25 14:18:10,0.00000417,1000.00000000
2018-02-25 14:18:16,0.00000418,22426.00000000
2018-02-25 14:18:19,0.00000417,942.00000000
2018-02-25 14:18:21,0.00000417,258.00000000
2018-02-25 14:18:22,0.00000418,50378.00000000
2018-02-25 14:18:36,0.00000418,2952.00000000
2018-02-25 14:18:39,0.00000419,1970.00000000
2018-02-25 14:18:47,0.00000419,2334.00000000
2018-02-25 14:18:52,0.00000418,137558.00000000
2018-02-25 14:18:53,0.00000418,47.00000000
2018-02-25 14:19:00,0.00000418,104006.00000000
2018-02-25 14:19:05,0.00000419,55088.00000000
2018-02-25 14:19:06,0.00000419,701.00000000
2018-02-25 14:19:06,0.00000418,500.00000000
2018-02-25 14:19:10,0.00000419,1250.00000000
2018-02-25 14:19:12,0.00000419,52291.00000000
2018-02-25 14:19:18,0.00000419,42.00000000
2018-02-25 14:19:19,0.00000418,339.00000000
2018-02-25 14:19:23,0.00000418,31890.00000000
2018-02-25 14:19:24,0.00000418,2.00000000
2018-02-25 14:19:26,0.00000418,2.00000000
2018-02-25 14:19:27,0.00000419,10.00000000
2018-02-25 14:19:30,0.00000419,13550.00000000
2018-02-25 14:19:35,0.00000419,3.00000000
2018-02-25 14:19:35,0.00000418,35780.00000000
2018-02-25 14:19:36,0.00000419,1656.00000000
2018-02-25 14:19:41,0.00000419,1971.00000000
2018-02-25 14:19:44,0.00000418,8309.00000000
2018-02-25 14:19:44,0.00000419,946.00000000
2018-02-25 14:19:45,0.00000419,701.00000000
2018-02-25 14:19:47,0.00000418,11126.00000000
2018-02-25 14:19:47,0.00000418,45658.00000000
2018-02-25 14:19:47,0.00000418,23583.00000000
2018-02-25 14:19:47,0.00000418,12574.00000000
2018-02-25 14:19:47,0.00000418,7161.00000000
2018-02-25 14:19:47,0.00000417,7161.00000000
2018-02-25 14:19:47,0.00000418,1600.00000000
2018-02-25 14:19:47,0.00000418,63632.00000000
2018-02-25 14:19:49,0.00000419,477.00000000
2018-02-25 14:19:52,0.00000418,25187.00000000
2018-02-25 14:19:53,0.00000419,2997.00000000
2018-02-25 14:19:56,0.00000419,4200.00000000
2018-02-25 14:19:57,0.00000418,701.00000000
2018-02-25 14:19:57,0.00000419,966.00000000
2018-02-25 14:19:57,0.00000419,701.00000000
2018-02-25 14:19:59,0.00000419,151.00000000
2018-02-25 14:20:03,0.00000418,882.00000000
2018-02-25 14:20:07,0.00000418,2136.00000000
2018-02-25 14:20:07,0.00000417,2867.00000000
2018-02-25 14:20:10,0.00000419,1674.00000000
2018-02-25 14:20:15,0.00000419,4841.00000000
2018-02-25 14:20:17,0.00000418,21077.00000000
2018-02-25 14:20:18,0.00000418,672.00000000
2018-02-25 14:20:21,0.00000418,2497.00000000
2018-02-25 14:20:21,0.00000418,19103.00000000
2018-02-25 14:20:21,0.00000418,14468.00000000
2018-02-25 14:20:21,0.00000418,33234.00000000
2018-02-25 14:20:21,0.00000418,7156.00000000
2018-02-25 14:20:21,0.00000417,7156.00000000
2018-02-25 14:20:22,0.00000418,695.00000000
2018-02-25 14:20:22,0.00000418,162248.00000000
2018-02-25 14:20:23,0.00000419,612.00000000
2018-02-25 14:20:26,0.00000418,16070.00000000
2018-02-25 14:20:27,0.00000419,25586.00000000
2018-02-25 14:20:34,0.00000419,701.00000000
2018-02-25 14:20:39,0.00000418,698.00000000
2018-02-25 14:20:43,0.00000418,5492.00000000
2018-02-25 14:20:49,0.00000419,20000.00000000
2018-02-25 14:20:59,0.00000418,793.00000000
2018-02-25 14:21:05,0.00000419,32.00000000
2018-02-25 14:21:06,0.00000419,1000.00000000
2018-02-25 14:21:07,0.00000419,849.00000000
2018-02-25 14:21:08,0.00000418,6299.00000000
2018-02-25 14:21:09,0.00000418,146345.00000000
2018-02-25 14:21:11,0.00000418,1402.00000000
2018-02-25 14:21:12,0.00000419,2000.00000000
2018-02-25 14:21:12,0.00000419,701.00000000
2018-02-25 14:21:30,0.00000419,482.00000000
2018-02-25 14:21:35,0.00000419,11291.00000000
2018-02-25 14:21:35,0.00000419,1965.00000000
2018-02-25 14:21:44,0.00000419,701.00000000
2018-02-25 14:21:47,0.00000418,2462.00000000
2018-02-25 14:21:50,0.00000418,4000.00000000
2018-02-25 14:21:51,0.00000418,1002.00000000
2018-02-25 14:21:53,0.00000418,698.00000000
2018-02-25 14:22:02,0.00000419,114726.00000000
2018-02-25 14:22:02,0.00000418,1675.00000000
2018-02-25 14:22:03,0.00000419,5.00000000
2018-02-25 14:22:03,0.00000419,4634.00000000
2018-02-25 14:22:08,0.00000419,3385.00000000
2018-02-25 14:22:20,0.00000418,17490.00000000
2018-02-25 14:22:28,0.00000419,2000.00000000
2018-02-25 14:22:34,0.00000418,46219.00000000
2018-02-25 14:22:36,0.00000419,3001.00000000
2018-02-25 14:22:42,0.00000419,3814.00000000
2018-02-25 14:22:45,0.00000419,118721.00000000
2018-02-25 14:22:51,0.00000418,88169.00000000
2018-02-25 14:22:51,0.00000419,46312.00000000
2018-02-25 14:23:21,0.00000419,1357.00000000
2018-02-25 14:23:23,0.00000418,29030.00000000
2018-02-25 14:23:25,0.00000419,1018.00000000
2018-02-25 14:23:27,0.00000419,764.00000000
2018-02-25 14:23:30,0.00000419,573.00000000
2018-02-25 14:23:32,0.00000419,429.00000000
2018-02-25 14:23:32,0.00000418,1920.00000000
2018-02-25 14:23:34,0.00000419,322.00000000
2018-02-25 14:23:36,0.00000418,19537.00000000
2018-02-25 14:23:36,0.00000419,242.00000000
2018-02-25 14:23:37,0.00000418,13710.00000000
2018-02-25 14:23:39,0.00000418,912.00000000
2018-02-25 14:23:42,0.00000419,726.00000000
2018-02-25 14:23:45,0.00000418,700.00000000
2018-02-25 14:23:47,0.00000418,64486.00000000
2018-02-25 14:23:47,0.00000418,1600.00000000
2018-02-25 14:23:47,0.00000418,2823.00000000
2018-02-25 14:23:49,0.00000418,17283.00000000
2018-02-25 14:23:50,0.00000419,1171.00000000
2018-02-25 14:23:55,0.00000418,30221.00000000
2018-02-25 14:23:58,0.00000418,13000.00000000
2018-02-25 14:24:02,0.00000419,39.00000000
2018-02-25 14:24:04,0.00000418,180834.00000000
2018-02-25 14:24:04,0.00000418,13962.00000000
2018-02-25 14:24:07,0.00000418,703.00000000
2018-02-25 14:24:12,0.00000418,6003.00000000
2018-02-25 14:24:12,0.00000418,8213.00000000
2018-02-25 14:24:12,0.00000418,5404.00000000
2018-02-25 14:24:12,0.00000418,1066.00000000
2018-02-25 14:24:12,0.00000418,23301.00000000
2018-02-25 14:24:12,0.00000418,20988.00000000
2018-02-25 14:24:13,0.00000418,23980.00000000
2018-02-25 14:24:13,0.00000418,10421.00000000
2018-02-25 14:24:13,0.00000418,17404.00000000
2018-02-25 14:24:14,0.00000418,2128.00000000
2018-02-25 14:24:14,0.00000418,10421.00000000
2018-02-25 14:24:15,0.00000418,2490.00000000
2018-02-25 14:24:15,0.00000418,2482.00000000
2018-02-25 14:24:16,0.00000418,23980.00000000
2018-02-25 14:24:16,0.00000418,626.00000000
2018-02-25 14:24:16,0.00000417,2000.00000000
2018-02-25 14:24:16,0.00000418,10421.00000000
2018-02-25 14:24:21,0.00000418,4.00000000
2018-02-25 14:24:22,0.00000418,2175.00000000
2018-02-25 14:24:22,0.00000418,500.00000000
2018-02-25 14:24:22,0.00000418,500.00000000
2018-02-25 14:24:22,0.00000418,500.00000000
2018-02-25 14:24:22,0.00000418,499.00000000
2018-02-25 14:24:22,0.00000417,499.00000000
2018-02-25 14:24:24,0.00000418,2087.00000000
2018-02-25 14:24:25,0.00000418,15218.00000000
2018-02-25 14:24:26,0.00000417,482.00000000
2018-02-25 14:24:34,0.00000418,16329.00000000
2018-02-25 14:24:35,0.00000418,1250.00000000
2018-02-25 14:24:36,0.00000418,12986.00000000
2018-02-25 14:24:39,0.00000419,73126.00000000
2018-02-25 14:24:46,0.00000419,976.00000000
2018-02-25 14:24:50,0.00000419,84500.00000000
2018-02-25 14:24:55,0.00000418,452707.00000000
2018-02-25 14:24:55,0.00000418,37420.00000000
2018-02-25 14:24:55,0.00000418,24624.00000000
2018-02-25 14:24:55,0.00000418,809.00000000
2018-02-25 14:24:55,0.00000418,4172.00000000
2018-02-25 14:24:55,0.00000418,2531.00000000
2018-02-25 14:24:55,0.00000418,7160.00000000
2018-02-25 14:24:56,0.00000418,418.00000000
2018-02-25 14:24:59,0.00000418,10419.00000000
2018-02-25 14:24:59,0.00000418,1531.00000000
2018-02-25 14:25:01,0.00000418,7191.00000000
2018-02-25 14:25:04,0.00000418,10420.00000000
2018-02-25 14:25:06,0.00000418,10000.00000000
2018-02-25 14:25:16,0.00000418,538.00000000
2018-02-25 14:25:19,0.00000417,88952.00000000
2018-02-25 14:25:20,0.00000418,162.00000000
2018-02-25 14:25:22,0.00000418,10.00000000
2018-02-25 14:25:25,0.00000418,78063.00000000
2018-02-25 14:25:33,0.00000418,1213.00000000
2018-02-25 14:25:37,0.00000418,37616.00000000
2018-02-25 14:25:38,0.00000418,2392.00000000
2018-02-25 14:25:41,0.00000418,28148.00000000
2018-02-25 14:25:42,0.00000417,200.00000000
2018-02-25 14:25:45,0.00000418,1159284.00000000
2018-02-25 14:25:48,0.00000417,501.00000000
2018-02-25 14:25:49,0.00000417,151.00000000
2018-02-25 14:25:53,0.00000418,76400.00000000
2018-02-25 14:25:55,0.00000418,837.00000000
2018-02-25 14:25:56,0.00000418,1000.00000000
2018-02-25 14:25:56,0.00000418,31738.00000000
2018-02-25 14:25:58,0.00000418,103588.00000000
2018-02-25 14:25:59,0.00000417,58821.00000000
2018-02-25 14:25:59,0.00000418,313.00000000
2018-02-25 14:26:00,0.00000417,399.00000000
2018-02-25 14:26:07,0.00000418,3580.00000000
2018-02-25 14:26:08,0.00000418,275.00000000
2018-02-25 14:26:09,0.00000417,131816.00000000
2018-02-25 14:26:11,0.00000418,11519.00000000
2018-02-25 14:26:13,0.00000418,2351.00000000
2018-02-25 14:26:21,0.00000418,23998.00000000
2018-02-25 14:26:24,0.00000418,12051.00000000
2018-02-25 14:26:25,0.00000418,3994.00000000
2018-02-25 14:26:26,0.00000418,8.00000000
2018-02-25 14:26:29,0.00000418,1416.00000000
2018-02-25 14:26:32,0.00000418,11962.00000000
2018-02-25 14:26:34,0.00000418,929.00000000
2018-02-25 14:26:39,0.00000418,59809.00000000
2018-02-25 14:26:40,0.00000418,6249.00000000
2018-02-25 14:26:41,0.00000418,59809.00000000
2018-02-25 14:26:42,0.00000418,26478.00000000
2018-02-25 14:26:43,0.00000418,1400.00000000
2018-02-25 14:26:43,0.00000418,11962.00000000
2018-02-25 14:26:45,0.00000418,11962.00000000
2018-02-25 14:26:45,0.00000417,211.00000000
2018-02-25 14:26:46,0.00000418,24902.00000000
2018-02-25 14:26:46,0.00000418,110172.00000000
2018-02-25 14:26:50,0.00000418,3998.00000000
2018-02-25 14:27:09,0.00000418,34727.00000000
2018-02-25 14:27:09,0.00000418,12700.00000000
2018-02-25 14:27:09,0.00000418,25795.00000000
2018-02-25 14:27:22,0.00000419,5.00000000
2018-02-25 14:27:32,0.00000418,1927.00000000
2018-02-25 14:27:36,0.00000418,1636.00000000
2018-02-25 14:27:37,0.00000418,979.00000000
2018-02-25 14:27:42,0.00000418,150523.00000000
2018-02-25 14:27:47,0.00000418,1000.00000000
2018-02-25 14:27:47,0.00000418,4179.00000000
2018-02-25 14:27:49,0.00000418,36281.00000000
2018-02-25 14:27:50,0.00000418,875.00000000
2018-02-25 14:27:53,0.00000418,73287.00000000
2018-02-25 14:27:53,0.00000418,769.00000000
2018-02-25 14:28:02,0.00000418,3326.00000000
2018-02-25 14:28:02,0.00000417,6674.00000000
2018-02-25 14:28:03,0.00000418,316863.00000000
2018-02-25 14:28:14,0.00000419,3000.00000000
2018-02-25 14:28:15,0.00000418,2417.00000000
2018-02-25 14:28:22,0.00000419,1.00000000
2018-02-25 14:28:23,0.00000419,3500.00000000
2018-02-25 14:28:30,0.00000418,1267.00000000
2018-02-25 14:28:54,0.00000419,100.00000000
2018-02-25 14:28:58,0.00000418,67134.00000000
2018-02-25 14:29:06,0.00000419,1.00000000
2018-02-25 14:29:07,0.00000418,13828.00000000
2018-02-25 14:29:07,0.00000418,41.00000000
2018-02-25 14:29:08,0.00000419,17.00000000
2018-02-25 14:29:11,0.00000418,553.00000000
2018-02-25 14:29:17,0.00000418,666.00000000
2018-02-25 14:29:20,0.00000418,4468.00000000
2018-02-25 14:29:44,0.00000419,112112.00000000
2018-02-25 14:29:49,0.00000419,419.00000000
2018-02-25 14:29:50,0.00000418,7008.00000000
2018-02-25 14:29:55,0.00000418,675.00000000
2018-02-25 14:30:09,0.00000418,121549.00000000
2018-02-25 14:30:09,0.00000418,3159.00000000
2018-02-25 14:30:13,0.00000418,7760.00000000
2018-02-25 14:30:14,0.00000418,1681.00000000
2018-02-25 14:30:16,0.00000418,66019.00000000
2018-02-25 14:30:19,0.00000419,3.00000000
2018-02-25 14:30:31,0.00000419,2196.00000000
2018-02-25 14:30:40,0.00000418,100608.00000000
2018-02-25 14:30:49,0.00000418,800.00000000
2018-02-25 14:30:59,0.00000418,500.00000000
2018-02-25 14:31:05,0.00000418,3751.00000000
2018-02-25 14:31:23,0.00000419,77989.00000000
2018-02-25 14:31:26,0.00000418,3575.00000000
2018-02-25 14:31:40,0.00000418,1415.00000000
2018-02-25 14:31:46,0.00000418,1285.00000000
2018-02-25 14:31:47,0.00000418,1333.00000000
2018-02-25 14:31:47,0.00000419,1590.00000000
2018-02-25 14:31:49,0.00000418,552.00000000
2018-02-25 14:31:49,0.00000418,1478.00000000
2018-02-25 14:31:51,0.00000419,5.00000000
2018-02-25 14:31:58,0.00000418,17884.00000000
2018-02-25 14:32:00,0.00000418,2051.00000000
2018-02-25 14:32:05,0.00000419,1284.00000000
2018-02-25 14:32:07,0.00000418,1925.00000000
2018-02-25 14:32:18,0.00000419,124997.00000000
2018-02-25 14:32:18,0.00000418,564.00000000
2018-02-25 14:32:21,0.00000419,14475.00000000
2018-02-25 14:32:22,0.00000419,6335.00000000
2018-02-25 14:32:26,0.00000418,2050.00000000
2018-02-25 14:32:29,0.00000419,64.00000000
2018-02-25 14:32:33,0.00000418,284.00000000
2018-02-25 14:32:39,0.00000419,1654.00000000
2018-02-25 14:32:47,0.00000418,1532.00000000
2018-02-25 14:32:49,0.00000419,5274.00000000
2018-02-25 14:32:52,0.00000419,596.00000000
2018-02-25 14:32:58,0.00000419,516.00000000
2018-02-25 14:33:11,0.00000418,750.00000000
2018-02-25 14:33:12,0.00000418,1.00000000
2018-02-25 14:33:13,0.00000419,151198.00000000
2018-02-25 14:33:16,0.00000419,1.00000000
2018-02-25 14:33:17,0.00000418,22977.00000000
2018-02-25 14:33:20,0.00000418,37219.00000000
2018-02-25 14:33:44,0.00000418,1752.00000000
2018-02-25 14:33:47,0.00000418,2.00000000
2018-02-25 14:33:48,0.00000419,23.00000000
2018-02-25 14:33:48,0.00000418,21946.00000000
2018-02-25 14:33:50,0.00000418,2448.00000000
2018-02-25 14:33:58,0.00000419,835.00000000
2018-02-25 14:34:00,0.00000418,102911.00000000
2018-02-25 14:34:01,0.00000419,258474.00000000
2018-02-25 14:34:01,0.00000419,1429.00000000
2018-02-25 14:34:01,0.00000419,790.00000000
2018-02-25 14:34:02,0.00000419,26124.00000000
2018-02-25 14:34:11,0.00000419,468.00000000
2018-02-25 14:34:15,0.00000419,8496.00000000
2018-02-25 14:34:16,0.00000419,17545.00000000
2018-02-25 14:34:16,0.00000419,17545.00000000
2018-02-25 14:34:17,0.00000419,6744.00000000
2018-02-25 14:34:20,0.00000419,7698.00000000
2018-02-25 14:34:21,0.00000420,119.00000000
2018-02-25 14:34:25,0.00000419,1572.00000000
2018-02-25 14:34:31,0.00000419,4779.00000000
2018-02-25 14:34:37,0.00000419,44646.00000000
2018-02-25 14:34:38,0.00000419,2390.00000000
2018-02-25 14:34:40,0.00000420,122517.00000000
2018-02-25 14:34:43,0.00000419,607.00000000
2018-02-25 14:34:44,0.00000419,8538.00000000
2018-02-25 14:34:45,0.00000419,14926.00000000
2018-02-25 14:34:45,0.00000419,734.00000000
2018-02-25 14:34:45,0.00000419,2605.00000000
2018-02-25 14:34:45,0.00000419,6941.00000000
2018-02-25 14:34:46,0.00000420,400.00000000
2018-02-25 14:34:49,0.00000420,88997.00000000
2018-02-25 14:34:50,0.00000420,400.00000000
2018-02-25 14:35:04,0.00000420,2676.00000000
2018-02-25 14:35:23,0.00000419,4215.00000000
2018-02-25 14:35:24,0.00000420,1024.00000000
2018-02-25 14:35:25,0.00000420,17861.00000000
2018-02-25 14:35:32,0.00000420,7500.00000000
2018-02-25 14:35:32,0.00000420,9420.00000000
2018-02-25 14:35:33,0.00000419,500.00000000
2018-02-25 14:35:33,0.00000420,11000.00000000
2018-02-25 14:35:39,0.00000419,1273.00000000
2018-02-25 14:35:42,0.00000420,53596.00000000
2018-02-25 14:35:42,0.00000420,129143.00000000
2018-02-25 14:35:44,0.00000420,6.00000000
2018-02-25 14:35:47,0.00000419,11480.00000000
2018-02-25 14:35:50,0.00000419,1540.00000000
2018-02-25 14:35:55,0.00000419,3701.00000000
2018-02-25 14:35:56,0.00000420,5.00000000
2018-02-25 14:36:22,0.00000420,394.00000000
2018-02-25 14:36:23,0.00000419,400.00000000
2018-02-25 14:36:25,0.00000419,19219.00000000
2018-02-25 14:36:26,0.00000420,10878.00000000
2018-02-25 14:36:27,0.00000420,24.00000000
2018-02-25 14:36:36,0.00000419,152571.00000000
2018-02-25 14:36:40,0.00000420,29007.00000000
2018-02-25 14:36:45,0.00000420,591.00000000
2018-02-25 14:36:50,0.00000420,9000.00000000
2018-02-25 14:36:51,0.00000419,2656.00000000
2018-02-25 14:37:04,0.00000419,1048.00000000
2018-02-25 14:37:10,0.00000419,5000.00000000
2018-02-25 14:37:21,0.00000420,16.00000000
2018-02-25 14:37:22,0.00000419,78637.00000000
2018-02-25 14:37:46,0.00000420,21.00000000
2018-02-25 14:37:46,0.00000419,6598.00000000
2018-02-25 14:38:02,0.00000419,252.00000000
2018-02-25 14:38:09,0.00000420,121626.00000000
2018-02-25 14:38:12,0.00000419,3683.00000000
2018-02-25 14:38:15,0.00000419,14932.00000000
2018-02-25 14:38:16,0.00000419,250334.00000000
2018-02-25 14:38:16,0.00000419,8716.00000000
2018-02-25 14:38:19,0.00000419,144141.00000000
2018-02-25 14:38:27,0.00000419,282.00000000
2018-02-25 14:38:27,0.00000420,1.00000000
2018-02-25 14:38:32,0.00000420,7004.00000000
2018-02-25 14:38:33,0.00000420,1712.00000000
2018-02-25 14:38:39,0.00000420,1463.00000000
2018-02-25 14:38:51,0.00000420,1500.00000000
2018-02-25 14:39:04,0.00000420,122642.00000000
2018-02-25 14:39:40,0.00000420,18000.00000000
2018-02-25 14:39:58,0.00000419,385.00000000
2018-02-25 14:40:04,0.00000419,1263.00000000
2018-02-25 14:40:06,0.00000420,88386.00000000
2018-02-25 14:40:13,0.00000420,747.00000000
2018-02-25 14:40:15,0.00000420,11.00000000
2018-02-25 14:40:16,0.00000420,1001.00000000
2018-02-25 14:40:18,0.00000420,5428.00000000
2018-02-25 14:40:31,0.00000419,9189.00000000
2018-02-25 14:40:39,0.00000419,427.00000000
2018-02-25 14:40:40,0.00000420,6412.00000000
2018-02-25 14:40:45,0.00000419,13996.00000000
2018-02-25 14:40:51,0.00000419,2235.00000000
2018-02-25 14:40:58,0.00000419,1337.00000000
2018-02-25 14:41:00,0.00000419,147357.00000000
2018-02-25 14:41:02,0.00000419,42536.00000000
2018-02-25 14:41:10,0.00000419,400.00000000
2018-02-25 14:41:22,0.00000419,2401.00000000
2018-02-25 14:41:22,0.00000419,6741.00000000
2018-02-25 14:41:28,0.00000419,11847.00000000
2018-02-25 14:41:29,0.00000419,502.00000000
2018-02-25 14:41:35,0.00000419,2999.00000000
2018-02-25 14:41:38,0.00000420,4095.00000000
2018-02-25 14:41:49,0.00000419,1438.00000000
2018-02-25 14:41:51,0.00000420,133.00000000
2018-02-25 14:41:52,0.00000420,57961.00000000
2018-02-25 14:41:53,0.00000419,73861.00000000
2018-02-25 14:41:54,0.00000419,1647.00000000
2018-02-25 14:41:59,0.00000419,9282.00000000
2018-02-25 14:42:04,0.00000419,6912.00000000
2018-02-25 14:42:11,0.00000419,17018.00000000
2018-02-25 14:42:11,0.00000419,1200.00000000
2018-02-25 14:42:11,0.00000419,5171.00000000
2018-02-25 14:42:12,0.00000419,94998.00000000
2018-02-25 14:42:22,0.00000419,319.00000000
2018-02-25 14:42:23,0.00000419,699.00000000
2018-02-25 14:42:23,0.00000420,1.00000000
2018-02-25 14:42:33,0.00000420,34355.00000000
2018-02-25 14:42:35,0.00000420,12838.00000000
2018-02-25 14:42:41,0.00000420,25451.00000000
2018-02-25 14:42:43,0.00000419,3664.00000000
2018-02-25 14:42:50,0.00000420,147100.00000000
2018-02-25 14:42:50,0.00000420,1520.00000000
2018-02-25 14:42:56,0.00000419,290.00000000
2018-02-25 14:42:58,0.00000419,2346.00000000
2018-02-25 14:43:03,0.00000420,237.00000000
2018-02-25 14:43:11,0.00000419,600.00000000
2018-02-25 14:43:17,0.00000419,658829.00000000
2018-02-25 14:43:17,0.00000419,24848.00000000
2018-02-25 14:43:17,0.00000419,8300.00000000
2018-02-25 14:43:18,0.00000419,417.00000000
2018-02-25 14:43:19,0.00000419,417.00000000
2018-02-25 14:43:19,0.00000419,47732.00000000
2018-02-25 14:43:20,0.00000419,479.00000000
2018-02-25 14:43:20,0.00000418,1.00000000
2018-02-25 14:43:20,0.00000418,10821.00000000
2018-02-25 14:43:21,0.00000419,13863.00000000
2018-02-25 14:43:23,0.00000419,509.00000000
2018-02-25 14:43:24,0.00000418,23367.00000000
2018-02-25 14:43:25,0.00000419,9092.00000000
2018-02-25 14:43:25,0.00000419,2481.00000000
2018-02-25 14:43:26,0.00000419,417.00000000
2018-02-25 14:43:28,0.00000419,3774.00000000
2018-02-25 14:43:29,0.00000419,6006.00000000
2018-02-25 14:43:30,0.00000419,1.00000000
2018-02-25 14:43:30,0.00000419,2877.00000000
2018-02-25 14:43:32,0.00000419,1.00000000
2018-02-25 14:43:32,0.00000419,1501.00000000
2018-02-25 14:43:32,0.00000419,834.00000000
2018-02-25 14:43:33,0.00000419,582.00000000
2018-02-25 14:43:33,0.00000419,19021.00000000
2018-02-25 14:43:34,0.00000419,5611.00000000
2018-02-25 14:43:39,0.00000419,12352.00000000
2018-02-25 14:43:40,0.00000419,32339.00000000
2018-02-25 14:43:41,0.00000419,10026.00000000
2018-02-25 14:43:44,0.00000418,1.00000000
2018-02-25 14:43:48,0.00000419,18105.00000000
2018-02-25 14:43:51,0.00000418,1000.00000000
2018-02-25 14:43:51,0.00000419,137375.00000000
2018-02-25 14:43:56,0.00000419,6.00000000
2018-02-25 14:44:02,0.00000419,38.00000000
2018-02-25 14:44:09,0.00000419,36893.00000000
2018-02-25 14:44:15,0.00000419,167346.00000000
2018-02-25 14:44:17,0.00000418,52124.00000000
2018-02-25 14:44:18,0.00000419,21.00000000
2018-02-25 14:44:20,0.00000419,22484.00000000
2018-02-25 14:44:34,0.00000418,134.00000000
2018-02-25 14:44:35,0.00000419,4045.00000000
2018-02-25 14:44:40,0.00000419,67453.00000000
2018-02-25 14:44:43,0.00000419,1000.00000000
2018-02-25 14:44:48,0.00000419,142888.00000000
2018-02-25 14:44:48,0.00000418,319.00000000
2018-02-25 14:44:51,0.00000419,2340.00000000
2018-02-25 14:44:57,0.00000419,1000.00000000
2018-02-25 14:44:58,0.00000419,71364.00000000
2018-02-25 14:44:59,0.00000418,223655.00000000
2018-02-25 14:45:01,0.00000419,4487.00000000
2018-02-25 14:45:01,0.00000418,2335.00000000
2018-02-25 14:45:02,0.00000418,1669.00000000
2018-02-25 14:45:05,0.00000418,1050.00000000
2018-02-25 14:45:08,0.00000419,1000.00000000
2018-02-25 14:45:12,0.00000418,1415.00000000
2018-02-25 14:45:12,0.00000419,1285.00000000
2018-02-25 14:45:13,0.00000419,1000.00000000
2018-02-25 14:45:21,0.00000418,463433.00000000
2018-02-25 14:45:23,0.00000419,500.00000000
2018-02-25 14:45:25,0.00000419,1744.00000000
2018-02-25 14:45:31,0.00000419,841.00000000
2018-02-25 14:45:38,0.00000419,241.00000000
2018-02-25 14:45:40,0.00000419,19092.00000000
2018-02-25 14:45:40,0.00000419,138468.00000000
2018-02-25 14:45:42,0.00000419,16783.00000000
2018-02-25 14:45:53,0.00000418,49212.00000000
2018-02-25 14:46:11,0.00000419,26484.00000000
2018-02-25 14:46:23,0.00000419,52.00000000
2018-02-25 14:46:26,0.00000418,80404.00000000
2018-02-25 14:46:31,0.00000419,33574.00000000
2018-02-25 14:46:36,0.00000419,31909.00000000
2018-02-25 14:46:40,0.00000419,477.00000000
2018-02-25 14:46:42,0.00000418,4166.00000000
2018-02-25 14:46:45,0.00000419,135500.00000000
2018-02-25 14:46:52,0.00000419,14764.00000000
2018-02-25 14:46:53,0.00000419,1754.00000000
2018-02-25 14:47:14,0.00000419,2049.00000000
2018-02-25 14:47:26,0.00000418,85387.00000000
2018-02-25 14:47:26,0.00000419,5303.00000000
2018-02-25 14:47:27,0.00000419,476.00000000
2018-02-25 14:47:43,0.00000419,60380.00000000
2018-02-25 14:47:47,0.00000419,10.00000000
2018-02-25 14:47:53,0.00000418,5208.00000000
2018-02-25 14:47:54,0.00000418,10000.00000000
2018-02-25 14:48:07,0.00000418,15987.00000000
2018-02-25 14:48:11,0.00000418,819.00000000
2018-02-25 14:48:21,0.00000418,5268.00000000
2018-02-25 14:48:22,0.00000418,87972.00000000
2018-02-25 14:48:26,0.00000419,11933.00000000
2018-02-25 14:48:28,0.00000419,356.00000000
2018-02-25 14:48:28,0.00000419,11933.00000000
2018-02-25 14:48:30,0.00000419,11933.00000000
2018-02-25 14:48:31,0.00000419,12462.00000000
2018-02-25 14:48:32,0.00000419,11933.00000000
2018-02-25 14:48:35,0.00000418,430000.00000000
2018-02-25 14:48:35,0.00000419,11933.00000000
2018-02-25 14:48:37,0.00000419,11933.00000000
2018-02-25 14:48:40,0.00000419,11933.00000000
2018-02-25 14:48:42,0.00000419,11933.00000000
2018-02-25 14:48:44,0.00000419,11933.00000000
2018-02-25 14:48:46,0.00000419,11933.00000000
2018-02-25 14:48:47,0.00000419,11933.00000000
2018-02-25 14:48:48,0.00000419,800.00000000
2018-02-25 14:48:49,0.00000418,1.00000000
2018-02-25 14:48:49,0.00000419,11933.00000000
2018-02-25 14:48:52,0.00000419,16815.00000000
2018-02-25 14:48:52,0.00000419,27926.00000000
2018-02-25 14:48:52,0.00000419,11933.00000000
2018-02-25 14:48:55,0.00000418,3296.00000000
2018-02-25 14:48:55,0.00000419,11933.00000000
2018-02-25 14:48:59,0.00000419,11933.00000000
2018-02-25 14:49:02,0.00000419,11933.00000000
2018-02-25 14:49:05,0.00000419,11933.00000000
2018-02-25 14:49:07,0.00000419,477.00000000
2018-02-25 14:49:13,0.00000419,11933.00000000
2018-02-25 14:49:15,0.00000418,124947.00000000
2018-02-25 14:49:16,0.00000419,11933.00000000
2018-02-25 14:49:19,0.00000419,11933.00000000
2018-02-25 14:49:20,0.00000418,400.00000000
2018-02-25 14:49:21,0.00000419,11933.00000000
2018-02-25 14:49:23,0.00000419,11933.00000000
2018-02-25 14:49:25,0.00000419,11933.00000000
2018-02-25 14:49:26,0.00000418,137.00000000
2018-02-25 14:49:27,0.00000419,11933.00000000
2018-02-25 14:49:30,0.00000419,11933.00000000
2018-02-25 14:49:36,0.00000419,15313.00000000
2018-02-25 14:49:37,0.00000418,20876.00000000
2018-02-25 14:49:39,0.00000418,100.00000000
2018-02-25 14:49:47,0.00000419,11933.00000000
2018-02-25 14:49:55,0.00000418,25.00000000
2018-02-25 14:49:59,0.00000419,11933.00000000
2018-02-25 14:50:00,0.00000418,5669.00000000
2018-02-25 14:50:10,0.00000418,30256.00000000
2018-02-25 14:50:12,0.00000418,982.00000000
2018-02-25 14:50:13,0.00000419,82046.00000000
2018-02-25 14:50:21,0.00000419,2918.00000000
2018-02-25 14:50:22,0.00000418,165.00000000
2018-02-25 14:50:24,0.00000418,23923.00000000
2018-02-25 14:50:24,0.00000418,38705.00000000
2018-02-25 14:50:24,0.00000418,3998.00000000
2018-02-25 14:50:28,0.00000419,267.00000000
2018-02-25 14:50:37,0.00000419,7196.00000000
2018-02-25 14:50:38,0.00000418,3911.00000000
2018-02-25 14:51:01,0.00000418,86516.00000000
2018-02-25 14:51:05,0.00000418,55370.00000000
2018-02-25 14:51:06,0.00000418,21809.00000000
2018-02-25 14:51:17,0.00000418,19980.00000000
2018-02-25 14:51:23,0.00000418,482.00000000
2018-02-25 14:51:29,0.00000419,100.00000000
2018-02-25 14:51:36,0.00000419,11933.00000000
2018-02-25 14:51:37,0.00000418,16699.00000000
2018-02-25 14:51:38,0.00000419,11933.00000000
2018-02-25 14:51:39,0.00000419,500.00000000
2018-02-25 14:51:40,0.00000419,11933.00000000
2018-02-25 14:51:41,0.00000419,861.00000000
2018-02-25 14:51:42,0.00000419,11933.00000000
2018-02-25 14:51:44,0.00000419,2387.00000000
2018-02-25 14:51:46,0.00000419,2387.00000000
2018-02-25 14:51:46,0.00000418,130967.00000000
2018-02-25 14:51:48,0.00000419,2387.00000000
2018-02-25 14:51:49,0.00000419,2387.00000000
2018-02-25 14:51:51,0.00000419,2387.00000000
2018-02-25 14:51:53,0.00000419,2387.00000000
2018-02-25 14:52:19,0.00000419,1194.00000000
2018-02-25 14:52:21,0.00000419,1500.00000000
2018-02-25 14:52:23,0.00000418,556.00000000
2018-02-25 14:52:26,0.00000418,545884.00000000
2018-02-25 14:52:31,0.00000418,7495.00000000
2018-02-25 14:52:33,0.00000419,4383.00000000
2018-02-25 14:52:36,0.00000418,91415.00000000
2018-02-25 14:52:36,0.00000418,7395.00000000
2018-02-25 14:52:40,0.00000418,3673.00000000
2018-02-25 14:52:42,0.00000418,4995.00000000
2018-02-25 14:52:48,0.00000418,9447.00000000
2018-02-25 14:52:51,0.00000418,348.00000000
2018-02-25 14:52:52,0.00000419,55014.00000000
2018-02-25 14:52:58,0.00000419,18095.00000000
2018-02-25 14:53:04,0.00000419,1000.00000000
2018-02-25 14:53:05,0.00000419,24047.00000000
2018-02-25 14:53:07,0.00000419,2000.00000000
2018-02-25 14:53:21,0.00000418,156781.00000000
2018-02-25 14:53:25,0.00000418,988.00000000
2018-02-25 14:53:25,0.00000419,25067.00000000
2018-02-25 14:53:26,0.00000418,1649.00000000
2018-02-25 14:53:42,0.00000418,246.00000000
2018-02-25 14:53:48,0.00000418,12002.00000000
2018-02-25 14:53:52,0.00000419,1058.00000000
2018-02-25 14:53:52,0.00000418,36.00000000
2018-02-25 14:53:57,0.00000419,2103.00000000
2018-02-25 14:53:58,0.00000419,19933.00000000
2018-02-25 14:54:08,0.00000419,1107.00000000
2018-02-25 14:54:09,0.00000418,8884.00000000
2018-02-25 14:54:14,0.00000419,111726.00000000
2018-02-25 14:54:21,0.00000419,925.00000000
2018-02-25 14:54:39,0.00000418,50.00000000
2018-02-25 14:54:52,0.00000418,14603.00000000
2018-02-25 14:54:53,0.00000418,2278.00000000
2018-02-25 14:54:55,0.00000419,816.00000000
2018-02-25 14:54:55,0.00000419,816.00000000
2018-02-25 14:54:56,0.00000418,122506.00000000
2018-02-25 14:54:56,0.00000419,5644.00000000
2018-02-25 14:55:02,0.00000418,509.00000000
2018-02-25 14:55:05,0.00000419,89442.00000000
2018-02-25 14:55:06,0.00000419,8.00000000
2018-02-25 14:55:09,0.00000418,13817.00000000
2018-02-25 14:55:26,0.00000418,6000.00000000
2018-02-25 14:55:27,0.00000419,2499.00000000
2018-02-25 14:55:28,0.00000418,1115.00000000
2018-02-25 14:55:49,0.00000419,101007.00000000
2018-02-25 14:55:50,0.00000418,956.00000000
2018-02-25 14:55:51,0.00000419,3202.00000000
2018-02-25 14:55:52,0.00000419,2000.00000000
2018-02-25 14:55:54,0.00000418,5441.00000000
2018-02-25 14:55:55,0.00000418,4542.00000000
2018-02-25 14:55:56,0.00000419,6943.00000000
2018-02-25 14:55:58,0.00000419,2000.00000000
2018-02-25 14:56:06,0.00000418,1750.00000000
2018-02-25 14:56:10,0.00000418,10000.00000000
2018-02-25 14:56:19,0.00000418,101239.00000000
2018-02-25 14:56:21,0.00000419,14869.00000000
2018-02-25 14:56:27,0.00000419,457.00000000
2018-02-25 14:56:29,0.00000418,595.00000000
2018-02-25 14:56:35,0.00000419,3174.00000000
2018-02-25 14:56:37,0.00000419,653.00000000
2018-02-25 14:56:37,0.00000418,101680.00000000
2018-02-25 14:56:38,0.00000419,6365.00000000
2018-02-25 14:56:38,0.00000418,10000.00000000
2018-02-25 14:56:48,0.00000418,53006.00000000
2018-02-25 14:56:50,0.00000419,4165.00000000
2018-02-25 14:56:50,0.00000419,34055.00000000
2018-02-25 14:56:51,0.00000419,13059.00000000
2018-02-25 14:56:51,0.00000419,22620.00000000
2018-02-25 14:56:51,0.00000418,1.00000000
2018-02-25 14:56:52,0.00000419,23923.00000000
2018-02-25 14:56:52,0.00000419,1895.00000000
2018-02-25 14:56:53,0.00000419,13059.00000000
2018-02-25 14:56:54,0.00000419,1166.00000000
2018-02-25 14:56:54,0.00000419,2666.00000000
2018-02-25 14:56:54,0.00000419,1396.00000000
2018-02-25 14:57:00,0.00000419,4.00000000
2018-02-25 14:57:00,0.00000419,5932.00000000
2018-02-25 14:57:03,0.00000419,2375.00000000
2018-02-25 14:57:03,0.00000419,3335.00000000
2018-02-25 14:57:03,0.00000419,5716.00000000
2018-02-25 14:57:03,0.00000419,11607.00000000
2018-02-25 14:57:07,0.00000418,50279.00000000
2018-02-25 14:57:11,0.00000419,3167.00000000
2018-02-25 14:57:11,0.00000419,2167.00000000
2018-02-25 14:57:12,0.00000419,750.00000000
2018-02-25 14:57:13,0.00000419,18272.00000000
2018-02-25 14:57:13,0.00000419,1.00000000
2018-02-25 14:57:14,0.00000419,23923.00000000
2018-02-25 14:57:14,0.00000419,12548.00000000
2018-02-25 14:57:27,0.00000418,77295.00000000
2018-02-25 14:57:29,0.00000418,686.00000000
2018-02-25 14:57:29,0.00000418,795.00000000
2018-02-25 14:57:56,0.00000418,25225.00000000
2018-02-25 14:58:03,0.00000418,1034.00000000
2018-02-25 14:58:10,0.00000418,20510.00000000
2018-02-25 14:58:12,0.00000419,67.00000000
2018-02-25 14:58:14,0.00000418,75316.00000000
2018-02-25 14:58:16,0.00000418,2000.00000000
2018-02-25 14:58:40,0.00000419,4000.00000000
2018-02-25 14:58:43,0.00000418,1440.00000000
2018-02-25 14:58:43,0.00000418,13549.00000000
2018-02-25 14:58:46,0.00000418,2432.00000000
2018-02-25 14:58:49,0.00000419,320.00000000
2018-02-25 14:58:52,0.00000419,1949.00000000
2018-02-25 14:58:53,0.00000419,7620.00000000
2018-02-25 14:58:53,0.00000419,5147.00000000
2018-02-25 14:58:55,0.00000419,224410.00000000
2018-02-25 14:58:57,0.00000419,649.00000000
2018-02-25 14:58:58,0.00000419,140008.00000000
2018-02-25 14:58:58,0.00000418,26149.00000000
2018-02-25 14:59:01,0.00000419,816.00000000
2018-02-25 14:59:01,0.00000419,3230.00000000
2018-02-25 14:59:06,0.00000418,87318.00000000
2018-02-25 14:59:11,0.00000418,7500.00000000
2018-02-25 14:59:15,0.00000418,5884.00000000
2018-02-25 14:59:18,0.00000419,23923.00000000
2018-02-25 14:59:18,0.00000419,20138.00000000
2018-02-25 14:59:20,0.00000418,125976.00000000
2018-02-25 14:59:30,0.00000419,1388.00000000
2018-02-25 14:59:31,0.00000419,939.00000000
2018-02-25 14:59:31,0.00000419,2386.00000000
2018-02-25 14:59:33,0.00000419,1309.00000000
2018-02-25 14:59:33,0.00000418,50.00000000
2018-02-25 14:59:33,0.00000419,168535.00000000
2018-02-25 14:59:34,0.00000418,3500.00000000
2018-02-25 14:59:34,0.00000418,5339.00000000
2018-02-25 14:59:43,0.00000419,397.00000000
2018-02-25 14:59:47,0.00000418,617.00000000
2018-02-25 14:59:47,0.00000419,88852.00000000
2018-02-25 14:59:52,0.00000419,10.00000000
2018-02-25 14:59:54,0.00000419,416.00000000
2018-02-25 14:59:55,0.00000419,10.00000000
