DATE,PRICE,VOLUME
2018-02-27 20:00:03,0.00000401,20.00000000
2018-02-27 20:00:06,0.00000401,15452.00000000
2018-02-27 20:00:06,0.00000401,8870.00000000
2018-02-27 20:00:06,0.00000400,8870.00000000
2018-02-27 20:00:10,0.00000401,700.00000000
2018-02-27 20:00:11,0.00000401,164714.00000000
2018-02-27 20:00:13,0.00000401,24483.00000000
2018-02-27 20:00:18,0.00000401,16942.00000000
2018-02-27 20:00:21,0.00000400,144.00000000
2018-02-27 20:00:23,0.00000401,2493.00000000
2018-02-27 20:00:23,0.00000402,33140.00000000
2018-02-27 20:00:23,0.00000402,368027.00000000
2018-02-27 20:00:23,0.00000403,193403.00000000
2018-02-27 20:00:24,0.00000401,3412.00000000
2018-02-27 20:00:31,0.00000401,12500.00000000
2018-02-27 20:00:31,0.00000401,1564.00000000
2018-02-27 20:00:33,0.00000401,93355.00000000
2018-02-27 20:00:44,0.00000402,1280.00000000
2018-02-27 20:00:45,0.00000402,422.00000000
2018-02-27 20:00:45,0.00000401,2132.00000000
2018-02-27 20:00:46,0.00000401,668.00000000
2018-02-27 20:00:51,0.00000402,70400.00000000
2018-02-27 20:00:52,0.00000401,26542.00000000
2018-02-27 20:00:53,0.00000402,231.00000000
2018-02-27 20:00:57,0.00000402,23252.00000000
2018-02-27 20:01:02,0.00000402,49751.00000000
2018-02-27 20:01:12,0.00000402,107725.00000000
2018-02-27 20:01:16,0.00000401,4801.00000000
2018-02-27 20:01:22,0.00000401,529.00000000
2018-02-27 20:01:22,0.00000401,129844.00000000
2018-02-27 20:01:25,0.00000402,11569.00000000
2018-02-27 20:01:26,0.00000402,18.00000000
2018-02-27 20:01:27,0.00000402,8798.00000000
2018-02-27 20:01:28,0.00000403,612.00000000
2018-02-27 20:01:30,0.00000402,202.00000000
2018-02-27 20:01:30,0.00000402,555063.00000000
2018-02-27 20:01:31,0.00000403,1285.00000000
2018-02-27 20:01:32,0.00000402,2313.00000000
2018-02-27 20:01:36,0.00000402,6404.00000000
2018-02-27 20:01:38,0.00000402,1.00000000
2018-02-27 20:01:38,0.00000402,1.00000000
2018-02-27 20:01:38,0.00000402,1.00000000
2018-02-27 20:01:38,0.00000402,1.00000000
2018-02-27 20:01:38,0.00000402,1.00000000
2018-02-27 20:01:38,0.00000402,1.00000000
2018-02-27 20:01:38,0.00000402,1.00000000
2018-02-27 20:01:38,0.00000402,1.00000000
2018-02-27 20:01:38,0.00000402,1.00000000
2018-02-27 20:01:38,0.00000402,1.00000000
2018-02-27 20:01:39,0.00000401,5707.00000000
2018-02-27 20:01:46,0.00000402,3556.00000000
2018-02-27 20:01:46,0.00000403,532.00000000
2018-02-27 20:01:47,0.00000402,2026.00000000
2018-02-27 20:01:47,0.00000402,245796.00000000
2018-02-27 20:01:47,0.00000402,2026.00000000
2018-02-27 20:01:53,0.00000402,8652.00000000
2018-02-27 20:01:54,0.00000403,2340.00000000
2018-02-27 20:01:54,0.00000402,6000.00000000
2018-02-27 20:01:54,0.00000402,988.00000000
2018-02-27 20:01:56,0.00000402,3660.00000000
2018-02-27 20:01:57,0.00000402,100.00000000
2018-02-27 20:01:58,0.00000401,10.00000000
2018-02-27 20:02:00,0.00000402,18405.00000000
2018-02-27 20:02:01,0.00000402,20000.00000000
2018-02-27 20:02:03,0.00000401,200.00000000
2018-02-27 20:02:11,0.00000402,143412.00000000
2018-02-27 20:02:17,0.00000402,6110.00000000
2018-02-27 20:02:24,0.00000402,2810.00000000
2018-02-27 20:02:28,0.00000402,2524.00000000
2018-02-27 20:02:33,0.00000402,492.00000000
2018-02-27 20:02:34,0.00000402,472.00000000
2018-02-27 20:02:35,0.00000401,103732.00000000
2018-02-27 20:02:36,0.00000402,492.00000000
2018-02-27 20:02:39,0.00000402,1000.00000000
2018-02-27 20:02:39,0.00000401,118382.00000000
2018-02-27 20:02:39,0.00000402,492.00000000
2018-02-27 20:02:48,0.00000402,493.00000000
2018-02-27 20:02:48,0.00000402,2340.00000000
2018-02-27 20:02:53,0.00000402,101.00000000
2018-02-27 20:02:53,0.00000401,49.00000000
2018-02-27 20:02:53,0.00000402,1805.00000000
2018-02-27 20:02:59,0.00000402,53804.00000000
2018-02-27 20:03:02,0.00000402,492.00000000
2018-02-27 20:03:04,0.00000402,113917.00000000
2018-02-27 20:03:08,0.00000402,851.00000000
2018-02-27 20:03:14,0.00000402,5370.00000000
2018-02-27 20:03:20,0.00000402,1500.00000000
2018-02-27 20:03:25,0.00000402,2950.00000000
2018-02-27 20:03:27,0.00000402,250.00000000
2018-02-27 20:03:30,0.00000401,121408.00000000
2018-02-27 20:03:31,0.00000402,492.00000000
2018-02-27 20:03:31,0.00000402,26495.00000000
2018-02-27 20:03:34,0.00000402,17846.00000000
2018-02-27 20:03:34,0.00000402,1027.00000000
2018-02-27 20:03:35,0.00000402,3000.00000000
2018-02-27 20:03:35,0.00000402,35.00000000
2018-02-27 20:03:38,0.00000402,492.00000000
2018-02-27 20:03:38,0.00000402,4429.00000000
2018-02-27 20:03:42,0.00000402,1014.00000000
2018-02-27 20:03:42,0.00000401,5000.00000000
2018-02-27 20:03:46,0.00000401,12710.00000000
2018-02-27 20:03:46,0.00000402,493.00000000
2018-02-27 20:03:50,0.00000402,492.00000000
2018-02-27 20:03:52,0.00000402,150974.00000000
2018-02-27 20:03:53,0.00000402,8000.00000000
2018-02-27 20:03:55,0.00000402,492.00000000
2018-02-27 20:03:58,0.00000402,9049.00000000
2018-02-27 20:04:00,0.00000402,12.00000000
2018-02-27 20:04:02,0.00000402,3200.00000000
2018-02-27 20:04:03,0.00000402,11738.00000000
2018-02-27 20:04:03,0.00000402,1000.00000000
2018-02-27 20:04:06,0.00000402,587.00000000
2018-02-27 20:04:06,0.00000402,492.00000000
2018-02-27 20:04:07,0.00000402,1.00000000
2018-02-27 20:04:07,0.00000402,1.00000000
2018-02-27 20:04:07,0.00000402,1.00000000
2018-02-27 20:04:07,0.00000402,1.00000000
2018-02-27 20:04:07,0.00000402,1.00000000
2018-02-27 20:04:08,0.00000402,1.00000000
2018-02-27 20:04:08,0.00000402,1.00000000
2018-02-27 20:04:08,0.00000402,1.00000000
2018-02-27 20:04:08,0.00000402,1.00000000
2018-02-27 20:04:08,0.00000402,1.00000000
2018-02-27 20:04:11,0.00000402,110.00000000
2018-02-27 20:04:11,0.00000403,1090.00000000
2018-02-27 20:04:14,0.00000402,942.00000000
2018-02-27 20:04:14,0.00000402,13199.00000000
2018-02-27 20:04:14,0.00000403,492.00000000
2018-02-27 20:04:14,0.00000403,26.00000000
2018-02-27 20:04:15,0.00000402,659.00000000
2018-02-27 20:04:17,0.00000402,1000.00000000
2018-02-27 20:04:18,0.00000402,2954.00000000
2018-02-27 20:04:19,0.00000402,396.00000000
2018-02-27 20:04:22,0.00000402,609.00000000
2018-02-27 20:04:22,0.00000402,871.00000000
2018-02-27 20:04:22,0.00000402,2648.00000000
2018-02-27 20:04:23,0.00000402,192452.00000000
2018-02-27 20:04:25,0.00000402,1853.00000000
2018-02-27 20:04:26,0.00000403,492.00000000
2018-02-27 20:04:28,0.00000402,950.00000000
2018-02-27 20:04:29,0.00000403,500.00000000
2018-02-27 20:04:29,0.00000402,3499.00000000
2018-02-27 20:04:29,0.00000403,39000.00000000
2018-02-27 20:04:33,0.00000402,1615.00000000
2018-02-27 20:04:35,0.00000403,822.00000000
2018-02-27 20:04:36,0.00000403,2691.00000000
2018-02-27 20:04:37,0.00000403,1333.00000000
2018-02-27 20:04:37,0.00000403,620.00000000
2018-02-27 20:04:39,0.00000402,2686.00000000
2018-02-27 20:04:39,0.00000402,73725.00000000
2018-02-27 20:04:41,0.00000402,7024.00000000
2018-02-27 20:04:42,0.00000403,15367.00000000
2018-02-27 20:04:47,0.00000403,5611.00000000
2018-02-27 20:04:47,0.00000402,99400.00000000
2018-02-27 20:04:50,0.00000402,82979.00000000
2018-02-27 20:04:51,0.00000402,391.00000000
2018-02-27 20:04:54,0.00000402,37151.00000000
2018-02-27 20:04:58,0.00000401,10.00000000
2018-02-27 20:04:59,0.00000402,492.00000000
2018-02-27 20:05:03,0.00000402,2007.00000000
2018-02-27 20:05:04,0.00000402,12647.00000000
2018-02-27 20:05:08,0.00000402,492.00000000
2018-02-27 20:05:10,0.00000402,3521.00000000
2018-02-27 20:05:10,0.00000401,177322.00000000
2018-02-27 20:05:13,0.00000402,1.00000000
2018-02-27 20:05:13,0.00000402,492.00000000
2018-02-27 20:05:25,0.00000402,492.00000000
2018-02-27 20:05:31,0.00000401,10.00000000
2018-02-27 20:05:31,0.00000402,30724.00000000
2018-02-27 20:05:32,0.00000402,175171.00000000
2018-02-27 20:05:37,0.00000402,50.00000000
2018-02-27 20:05:40,0.00000402,130.00000000
2018-02-27 20:05:42,0.00000401,10.00000000
2018-02-27 20:05:43,0.00000401,148324.00000000
2018-02-27 20:05:44,0.00000401,5244.00000000
2018-02-27 20:05:47,0.00000402,20.00000000
2018-02-27 20:05:47,0.00000401,2500.00000000
2018-02-27 20:05:48,0.00000402,493.00000000
2018-02-27 20:05:50,0.00000402,90850.00000000
2018-02-27 20:05:51,0.00000401,4.00000000
2018-02-27 20:05:53,0.00000402,86.00000000
2018-02-27 20:05:53,0.00000401,1000.00000000
2018-02-27 20:05:54,0.00000402,492.00000000
2018-02-27 20:05:56,0.00000401,48568.00000000
2018-02-27 20:05:56,0.00000402,492.00000000
2018-02-27 20:05:58,0.00000401,1.00000000
2018-02-27 20:06:01,0.00000401,9655.00000000
2018-02-27 20:06:02,0.00000402,5.00000000
2018-02-27 20:06:03,0.00000401,50674.00000000
2018-02-27 20:06:03,0.00000401,145069.00000000
2018-02-27 20:06:04,0.00000402,502.00000000
2018-02-27 20:06:06,0.00000401,1660.00000000
2018-02-27 20:06:09,0.00000401,2400.00000000
2018-02-27 20:06:12,0.00000402,3040.00000000
2018-02-27 20:06:13,0.00000401,1000.00000000
2018-02-27 20:06:13,0.00000402,492.00000000
2018-02-27 20:06:17,0.00000401,1.00000000
2018-02-27 20:06:19,0.00000402,492.00000000
2018-02-27 20:06:21,0.00000402,474.00000000
2018-02-27 20:06:23,0.00000402,4631.00000000
2018-02-27 20:06:23,0.00000402,747.00000000
2018-02-27 20:06:23,0.00000402,492.00000000
2018-02-27 20:06:25,0.00000401,4613.00000000
2018-02-27 20:06:25,0.00000401,2485.00000000
2018-02-27 20:06:25,0.00000401,82814.00000000
2018-02-27 20:06:25,0.00000401,16458.00000000
2018-02-27 20:06:25,0.00000401,68862.00000000
2018-02-27 20:06:29,0.00000401,5770.00000000
2018-02-27 20:06:33,0.00000401,2500.00000000
2018-02-27 20:06:34,0.00000402,492.00000000
2018-02-27 20:06:35,0.00000402,2.00000000
2018-02-27 20:06:36,0.00000402,492.00000000
2018-02-27 20:06:37,0.00000401,435.00000000
2018-02-27 20:06:44,0.00000402,492.00000000
2018-02-27 20:06:49,0.00000401,103329.00000000
2018-02-27 20:06:49,0.00000401,85573.00000000
2018-02-27 20:06:50,0.00000402,12469.00000000
2018-02-27 20:06:51,0.00000401,85722.00000000
2018-02-27 20:06:54,0.00000401,17607.00000000
2018-02-27 20:06:56,0.00000401,1604.00000000
2018-02-27 20:07:00,0.00000401,411.00000000
2018-02-27 20:07:00,0.00000401,2487.00000000
2018-02-27 20:07:00,0.00000401,22348.00000000
2018-02-27 20:07:00,0.00000401,2487.00000000
2018-02-27 20:07:01,0.00000400,5000.00000000
2018-02-27 20:07:01,0.00000400,78545.00000000
2018-02-27 20:07:01,0.00000400,6390.00000000
2018-02-27 20:07:01,0.00000401,5197.00000000
2018-02-27 20:07:01,0.00000400,6329.00000000
2018-02-27 20:07:02,0.00000401,25000.00000000
2018-02-27 20:07:02,0.00000401,878.00000000
2018-02-27 20:07:06,0.00000402,14925.00000000
2018-02-27 20:07:08,0.00000401,2546.00000000
2018-02-27 20:07:08,0.00000402,9876.00000000
2018-02-27 20:07:12,0.00000402,6890.00000000
2018-02-27 20:07:14,0.00000401,6918.00000000
2018-02-27 20:07:14,0.00000401,2488.00000000
2018-02-27 20:07:14,0.00000401,2171.00000000
2018-02-27 20:07:14,0.00000400,2800.00000000
2018-02-27 20:07:15,0.00000401,172434.00000000
2018-02-27 20:07:15,0.00000402,493.00000000
2018-02-27 20:07:18,0.00000402,123252.00000000
2018-02-27 20:07:20,0.00000401,18611.00000000
2018-02-27 20:07:20,0.00000401,2487.00000000
2018-02-27 20:07:20,0.00000401,2487.00000000
2018-02-27 20:07:20,0.00000401,2361.00000000
2018-02-27 20:07:20,0.00000400,2487.00000000
2018-02-27 20:07:22,0.00000401,14062.00000000
2018-02-27 20:07:23,0.00000402,5.00000000
2018-02-27 20:07:25,0.00000402,1.00000000
2018-02-27 20:07:28,0.00000402,1189.00000000
2018-02-27 20:07:31,0.00000402,6891.00000000
2018-02-27 20:07:32,0.00000402,492.00000000
2018-02-27 20:07:36,0.00000402,493.00000000
2018-02-27 20:07:40,0.00000401,10415.00000000
2018-02-27 20:07:40,0.00000401,4000.00000000
2018-02-27 20:07:41,0.00000402,492.00000000
2018-02-27 20:07:42,0.00000402,70.00000000
2018-02-27 20:07:43,0.00000402,61626.00000000
2018-02-27 20:07:46,0.00000402,65311.00000000
2018-02-27 20:07:46,0.00000401,113243.00000000
2018-02-27 20:07:46,0.00000401,19444.00000000
2018-02-27 20:07:46,0.00000401,19444.00000000
2018-02-27 20:07:46,0.00000401,982.00000000
2018-02-27 20:07:47,0.00000402,1223.00000000
2018-02-27 20:07:47,0.00000402,2479.00000000
2018-02-27 20:07:48,0.00000402,26816.00000000
2018-02-27 20:07:48,0.00000402,26772.00000000
2018-02-27 20:07:48,0.00000402,11541.00000000
2018-02-27 20:07:48,0.00000402,7233.00000000
2018-02-27 20:07:48,0.00000402,493.00000000
2018-02-27 20:07:52,0.00000401,10350.00000000
2018-02-27 20:07:53,0.00000401,26772.00000000
2018-02-27 20:07:56,0.00000402,6435.00000000
2018-02-27 20:07:56,0.00000402,591.00000000
2018-02-27 20:07:57,0.00000401,1.00000000
2018-02-27 20:08:03,0.00000400,998.00000000
2018-02-27 20:08:05,0.00000400,37040.00000000
2018-02-27 20:08:07,0.00000401,2500.00000000
2018-02-27 20:08:07,0.00000401,6666.00000000
2018-02-27 20:08:09,0.00000401,2000.00000000
2018-02-27 20:08:10,0.00000401,16543.00000000
2018-02-27 20:08:10,0.00000401,10000.00000000
2018-02-27 20:08:10,0.00000400,2439.00000000
2018-02-27 20:08:11,0.00000401,24635.00000000
2018-02-27 20:08:11,0.00000402,2206.00000000
2018-02-27 20:08:12,0.00000401,111880.00000000
2018-02-27 20:08:13,0.00000400,101421.00000000
2018-02-27 20:08:14,0.00000400,500.00000000
2018-02-27 20:08:14,0.00000401,3472.00000000
2018-02-27 20:08:14,0.00000401,146844.00000000
2018-02-27 20:08:28,0.00000402,8367.00000000
2018-02-27 20:08:30,0.00000402,2761.00000000
2018-02-27 20:08:36,0.00000402,134476.00000000
2018-02-27 20:08:44,0.00000402,1.00000000
2018-02-27 20:08:44,0.00000402,1.00000000
2018-02-27 20:08:44,0.00000402,1.00000000
2018-02-27 20:08:44,0.00000402,1.00000000
2018-02-27 20:08:44,0.00000402,1.00000000
2018-02-27 20:08:44,0.00000402,1.00000000
2018-02-27 20:08:44,0.00000402,1.00000000
2018-02-27 20:08:44,0.00000402,1.00000000
2018-02-27 20:08:44,0.00000402,1.00000000
2018-02-27 20:08:44,0.00000402,1.00000000
2018-02-27 20:08:48,0.00000402,307.00000000
2018-02-27 20:08:50,0.00000402,7318.00000000
2018-02-27 20:08:53,0.00000402,365.00000000
2018-02-27 20:08:55,0.00000401,499.00000000
2018-02-27 20:08:57,0.00000401,10.00000000
2018-02-27 20:09:00,0.00000402,51.00000000
2018-02-27 20:09:01,0.00000401,9294.00000000
2018-02-27 20:09:02,0.00000402,1335.00000000
2018-02-27 20:09:04,0.00000402,133695.00000000
2018-02-27 20:09:11,0.00000402,10467.00000000
2018-02-27 20:09:12,0.00000401,1000.00000000
2018-02-27 20:09:12,0.00000402,100000.00000000
2018-02-27 20:09:13,0.00000402,571.00000000
2018-02-27 20:09:13,0.00000402,386.00000000
2018-02-27 20:09:22,0.00000402,673.00000000
2018-02-27 20:09:22,0.00000402,1244.00000000
2018-02-27 20:09:26,0.00000402,2196.00000000
2018-02-27 20:09:28,0.00000402,249.00000000
2018-02-27 20:09:29,0.00000402,136267.00000000
2018-02-27 20:09:32,0.00000401,20419.00000000
2018-02-27 20:09:34,0.00000402,252087.00000000
2018-02-27 20:09:34,0.00000402,945.00000000
2018-02-27 20:09:36,0.00000402,49240.00000000
2018-02-27 20:09:39,0.00000402,1748.00000000
2018-02-27 20:09:41,0.00000401,1396.00000000
2018-02-27 20:09:42,0.00000401,1417.00000000
2018-02-27 20:09:45,0.00000402,10222.00000000
2018-02-27 20:09:52,0.00000401,8323.00000000
2018-02-27 20:09:52,0.00000401,2536.00000000
2018-02-27 20:09:52,0.00000402,82039.00000000
2018-02-27 20:09:53,0.00000402,1053.00000000
2018-02-27 20:10:03,0.00000402,2.00000000
2018-02-27 20:10:04,0.00000401,4382.00000000
2018-02-27 20:10:06,0.00000401,473.00000000
2018-02-27 20:10:06,0.00000401,110846.00000000
2018-02-27 20:10:08,0.00000401,5901.00000000
2018-02-27 20:10:08,0.00000401,2498.00000000
2018-02-27 20:10:09,0.00000401,9202.00000000
2018-02-27 20:10:09,0.00000401,2498.00000000
2018-02-27 20:10:09,0.00000401,3996.00000000
2018-02-27 20:10:10,0.00000401,1250.00000000
2018-02-27 20:10:13,0.00000402,2487.00000000
2018-02-27 20:10:15,0.00000402,152911.00000000
2018-02-27 20:10:19,0.00000401,1685.00000000
2018-02-27 20:10:20,0.00000401,4.00000000
2018-02-27 20:10:22,0.00000401,1803.00000000
2018-02-27 20:10:24,0.00000402,250.00000000
2018-02-27 20:10:26,0.00000402,125.00000000
2018-02-27 20:10:26,0.00000402,1243.00000000
2018-02-27 20:10:28,0.00000401,2.00000000
2018-02-27 20:10:36,0.00000402,5000.00000000
2018-02-27 20:10:37,0.00000402,130689.00000000
2018-02-27 20:10:37,0.00000401,42788.00000000
2018-02-27 20:10:38,0.00000401,2.00000000
2018-02-27 20:10:39,0.00000402,731.00000000
2018-02-27 20:10:40,0.00000401,274.00000000
2018-02-27 20:10:41,0.00000402,501.00000000
2018-02-27 20:10:42,0.00000401,2400.00000000
2018-02-27 20:10:49,0.00000402,250.00000000
2018-02-27 20:10:53,0.00000402,4093.00000000
2018-02-27 20:10:56,0.00000401,2000.00000000
2018-02-27 20:10:59,0.00000402,40.00000000
2018-02-27 20:11:02,0.00000402,150241.00000000
2018-02-27 20:11:03,0.00000402,27901.00000000
2018-02-27 20:11:04,0.00000402,501.00000000
2018-02-27 20:11:08,0.00000401,1000.00000000
2018-02-27 20:11:12,0.00000402,1000.00000000
2018-02-27 20:11:13,0.00000401,6.00000000
2018-02-27 20:11:17,0.00000401,2119.00000000
2018-02-27 20:11:20,0.00000402,4000.00000000
2018-02-27 20:11:24,0.00000402,1996.00000000
2018-02-27 20:11:25,0.00000402,674.00000000
2018-02-27 20:11:25,0.00000402,672.00000000
2018-02-27 20:11:26,0.00000402,672.00000000
2018-02-27 20:11:28,0.00000402,99413.00000000
2018-02-27 20:11:28,0.00000401,100000.00000000
2018-02-27 20:11:31,0.00000402,501.00000000
2018-02-27 20:11:37,0.00000402,423049.00000000
2018-02-27 20:11:41,0.00000403,2598.00000000
2018-02-27 20:11:44,0.00000402,6682.00000000
2018-02-27 20:11:44,0.00000402,5136.00000000
2018-02-27 20:11:45,0.00000402,209914.00000000
2018-02-27 20:11:45,0.00000402,146174.00000000
2018-02-27 20:11:51,0.00000403,10255.00000000
2018-02-27 20:11:56,0.00000403,14647.00000000
2018-02-27 20:12:04,0.00000402,3601.00000000
2018-02-27 20:12:13,0.00000403,82225.00000000
2018-02-27 20:12:15,0.00000402,2000.00000000
2018-02-27 20:12:18,0.00000402,500.00000000
2018-02-27 20:12:19,0.00000402,264.00000000
2018-02-27 20:12:23,0.00000402,690.00000000
2018-02-27 20:12:29,0.00000402,1634.00000000
2018-02-27 20:12:30,0.00000402,4915.00000000
2018-02-27 20:12:31,0.00000402,2440.00000000
2018-02-27 20:12:34,0.00000402,151883.00000000
2018-02-27 20:12:57,0.00000403,5217.00000000
2018-02-27 20:12:58,0.00000403,409.00000000
2018-02-27 20:12:58,0.00000403,1620.00000000
2018-02-27 20:12:59,0.00000402,4800.00000000
2018-02-27 20:13:02,0.00000402,136452.00000000
2018-02-27 20:13:08,0.00000403,9131.00000000
2018-02-27 20:13:08,0.00000403,252.00000000
2018-02-27 20:13:12,0.00000402,13524.00000000
2018-02-27 20:13:13,0.00000403,4225.00000000
2018-02-27 20:13:13,0.00000402,1024.00000000
2018-02-27 20:13:14,0.00000403,1129.00000000
2018-02-27 20:13:15,0.00000402,16201.00000000
2018-02-27 20:13:19,0.00000402,31944.00000000
2018-02-27 20:13:20,0.00000402,13270.00000000
2018-02-27 20:13:21,0.00000402,15000.00000000
2018-02-27 20:13:23,0.00000403,1245.00000000
2018-02-27 20:13:24,0.00000402,28040.00000000
2018-02-27 20:13:30,0.00000403,88534.00000000
2018-02-27 20:13:33,0.00000402,24076.00000000
2018-02-27 20:13:45,0.00000402,254.00000000
2018-02-27 20:13:47,0.00000402,7800.00000000
2018-02-27 20:13:50,0.00000403,443.00000000
2018-02-27 20:13:55,0.00000402,895.00000000
2018-02-27 20:13:55,0.00000403,57.00000000
2018-02-27 20:13:56,0.00000402,30967.00000000
2018-02-27 20:14:00,0.00000402,147754.00000000
2018-02-27 20:14:03,0.00000402,1721.00000000
2018-02-27 20:14:04,0.00000402,196799.00000000
2018-02-27 20:14:04,0.00000402,2481.00000000
2018-02-27 20:14:04,0.00000402,4038.00000000
2018-02-27 20:14:04,0.00000402,2983.00000000
2018-02-27 20:14:04,0.00000402,2989.00000000
2018-02-27 20:14:04,0.00000402,502.00000000
2018-02-27 20:14:16,0.00000402,4.00000000
2018-02-27 20:14:17,0.00000402,2997.00000000
2018-02-27 20:14:22,0.00000402,1304.00000000
2018-02-27 20:14:25,0.00000401,128304.00000000
2018-02-27 20:14:25,0.00000402,2188.00000000
2018-02-27 20:14:26,0.00000402,494.00000000
2018-02-27 20:14:26,0.00000402,1066.00000000
2018-02-27 20:14:27,0.00000402,992.00000000
2018-02-27 20:14:31,0.00000402,2115.00000000
2018-02-27 20:14:36,0.00000402,592.00000000
2018-02-27 20:14:43,0.00000402,7191.00000000
2018-02-27 20:14:43,0.00000401,183362.00000000
2018-02-27 20:14:44,0.00000401,1034.00000000
2018-02-27 20:14:44,0.00000401,1034.00000000
2018-02-27 20:14:44,0.00000401,410.00000000
2018-02-27 20:14:44,0.00000401,3448.00000000
2018-02-27 20:14:45,0.00000401,3718.00000000
2018-02-27 20:14:46,0.00000401,673.00000000
2018-02-27 20:14:46,0.00000401,646.00000000
2018-02-27 20:14:46,0.00000401,431.00000000
2018-02-27 20:14:47,0.00000401,411.00000000
2018-02-27 20:14:48,0.00000401,671.00000000
2018-02-27 20:14:48,0.00000401,16416.00000000
2018-02-27 20:14:49,0.00000401,6847.00000000
2018-02-27 20:14:50,0.00000401,9870.00000000
2018-02-27 20:14:50,0.00000401,374.00000000
2018-02-27 20:14:52,0.00000401,1439.00000000
2018-02-27 20:14:53,0.00000401,8245.00000000
2018-02-27 20:14:53,0.00000401,8547.00000000
2018-02-27 20:14:54,0.00000401,17996.00000000
2018-02-27 20:14:57,0.00000401,22745.00000000
2018-02-27 20:14:59,0.00000401,99155.00000000
2018-02-27 20:15:01,0.00000401,9795.00000000
2018-02-27 20:15:02,0.00000400,49751.00000000
2018-02-27 20:15:03,0.00000401,567.00000000
2018-02-27 20:15:07,0.00000401,150.00000000
2018-02-27 20:15:08,0.00000401,7590.00000000
2018-02-27 20:15:09,0.00000401,25000.00000000
2018-02-27 20:15:09,0.00000401,3745.00000000
2018-02-27 20:15:22,0.00000401,390.00000000
2018-02-27 20:15:29,0.00000401,2400.00000000
2018-02-27 20:15:32,0.00000400,167.00000000
2018-02-27 20:15:32,0.00000400,96123.00000000
2018-02-27 20:15:34,0.00000401,4543.00000000
2018-02-27 20:15:35,0.00000401,2500.00000000
2018-02-27 20:15:35,0.00000401,11630.00000000
2018-02-27 20:15:35,0.00000401,3328.00000000
2018-02-27 20:15:36,0.00000401,2138.00000000
2018-02-27 20:15:36,0.00000401,502.00000000
2018-02-27 20:15:37,0.00000401,513.00000000
2018-02-27 20:15:37,0.00000401,6844.00000000
2018-02-27 20:15:38,0.00000401,4110.00000000
2018-02-27 20:15:39,0.00000401,2076.00000000
2018-02-27 20:15:40,0.00000401,3309.00000000
2018-02-27 20:15:41,0.00000401,2640.00000000
2018-02-27 20:15:41,0.00000401,5614.00000000
2018-02-27 20:15:42,0.00000401,2493.00000000
2018-02-27 20:15:44,0.00000401,367.00000000
2018-02-27 20:15:44,0.00000401,1620.00000000
2018-02-27 20:15:47,0.00000401,6903.00000000
2018-02-27 20:15:51,0.00000400,500.00000000
2018-02-27 20:15:53,0.00000400,106393.00000000
2018-02-27 20:15:56,0.00000401,2344.00000000
2018-02-27 20:15:56,0.00000401,9905.00000000
2018-02-27 20:15:56,0.00000401,12263.00000000
2018-02-27 20:15:56,0.00000401,2000.00000000
2018-02-27 20:16:03,0.00000400,15844.00000000
2018-02-27 20:16:06,0.00000401,1373.00000000
2018-02-27 20:16:11,0.00000400,9543.00000000
2018-02-27 20:16:14,0.00000400,12850.00000000
2018-02-27 20:16:15,0.00000400,28066.00000000
2018-02-27 20:16:18,0.00000400,159517.00000000
2018-02-27 20:16:22,0.00000400,175855.00000000
2018-02-27 20:16:26,0.00000401,250.00000000
2018-02-27 20:16:27,0.00000400,12100.00000000
2018-02-27 20:16:35,0.00000400,1520.00000000
2018-02-27 20:16:42,0.00000400,167242.00000000
2018-02-27 20:16:42,0.00000400,326.00000000
2018-02-27 20:16:45,0.00000400,40488.00000000
2018-02-27 20:16:45,0.00000400,1778.00000000
2018-02-27 20:16:46,0.00000400,6164.00000000
2018-02-27 20:16:50,0.00000400,1989.00000000
2018-02-27 20:16:50,0.00000400,1902.00000000
2018-02-27 20:16:51,0.00000400,28065.00000000
2018-02-27 20:17:01,0.00000400,1235.00000000
2018-02-27 20:17:01,0.00000400,14999.00000000
2018-02-27 20:17:02,0.00000400,300.00000000
2018-02-27 20:17:02,0.00000400,113917.00000000
2018-02-27 20:17:02,0.00000401,1007.00000000
2018-02-27 20:17:05,0.00000400,119068.00000000
2018-02-27 20:17:09,0.00000400,87410.00000000
2018-02-27 20:17:09,0.00000401,35.00000000
2018-02-27 20:17:14,0.00000400,991.00000000
2018-02-27 20:17:15,0.00000400,1500.00000000
2018-02-27 20:17:21,0.00000400,5625.00000000
2018-02-27 20:17:22,0.00000400,2062.00000000
2018-02-27 20:17:25,0.00000400,1696.00000000
2018-02-27 20:17:25,0.00000400,1451.00000000
2018-02-27 20:17:31,0.00000400,63952.00000000
2018-02-27 20:17:32,0.00000400,458.00000000
2018-02-27 20:17:34,0.00000400,131528.00000000
2018-02-27 20:17:38,0.00000400,523.00000000
2018-02-27 20:17:42,0.00000400,419158.00000000
2018-02-27 20:17:42,0.00000400,10000.00000000
2018-02-27 20:17:44,0.00000400,3416.00000000
2018-02-27 20:17:44,0.00000399,2439.00000000
2018-02-27 20:17:46,0.00000400,100.00000000
2018-02-27 20:17:50,0.00000399,3254.00000000
2018-02-27 20:17:54,0.00000399,161471.00000000
2018-02-27 20:17:58,0.00000399,206478.00000000
2018-02-27 20:18:06,0.00000400,371193.00000000
2018-02-27 20:18:08,0.00000399,2000.00000000
2018-02-27 20:18:09,0.00000400,500.00000000
2018-02-27 20:18:13,0.00000400,824.00000000
2018-02-27 20:18:14,0.00000400,1170.00000000
2018-02-27 20:18:16,0.00000400,12500.00000000
2018-02-27 20:18:17,0.00000400,68317.00000000
2018-02-27 20:18:18,0.00000399,33871.00000000
2018-02-27 20:18:22,0.00000400,5000.00000000
2018-02-27 20:18:26,0.00000400,1.00000000
2018-02-27 20:18:26,0.00000400,1.00000000
2018-02-27 20:18:26,0.00000400,1.00000000
2018-02-27 20:18:26,0.00000400,1.00000000
2018-02-27 20:18:26,0.00000400,1.00000000
2018-02-27 20:18:26,0.00000400,1.00000000
2018-02-27 20:18:26,0.00000400,1.00000000
2018-02-27 20:18:26,0.00000400,1.00000000
2018-02-27 20:18:26,0.00000400,1.00000000
2018-02-27 20:18:26,0.00000400,1.00000000
2018-02-27 20:18:26,0.00000399,1000.00000000
2018-02-27 20:18:26,0.00000399,185644.00000000
2018-02-27 20:18:27,0.00000400,300.00000000
2018-02-27 20:18:29,0.00000399,1199.00000000
2018-02-27 20:18:43,0.00000400,2438.00000000
2018-02-27 20:18:48,0.00000399,49448.00000000
2018-02-27 20:18:57,0.00000399,10.00000000
2018-02-27 20:19:01,0.00000400,188750.00000000
2018-02-27 20:19:09,0.00000399,2636.00000000
2018-02-27 20:19:14,0.00000400,11712.00000000
2018-02-27 20:19:14,0.00000400,1.00000000
2018-02-27 20:19:14,0.00000400,1.00000000
2018-02-27 20:19:14,0.00000400,1.00000000
2018-02-27 20:19:14,0.00000400,1.00000000
2018-02-27 20:19:14,0.00000400,1.00000000
2018-02-27 20:19:14,0.00000400,1.00000000
2018-02-27 20:19:14,0.00000400,1.00000000
2018-02-27 20:19:14,0.00000400,1.00000000
2018-02-27 20:19:14,0.00000400,1.00000000
2018-02-27 20:19:14,0.00000400,1.00000000
2018-02-27 20:19:15,0.00000400,742.00000000
2018-02-27 20:19:23,0.00000400,5892.00000000
2018-02-27 20:19:26,0.00000400,1422.00000000
2018-02-27 20:19:27,0.00000400,4138.00000000
2018-02-27 20:19:28,0.00000400,9881.00000000
2018-02-27 20:19:28,0.00000399,122889.00000000
2018-02-27 20:19:28,0.00000400,16201.00000000
2018-02-27 20:19:34,0.00000400,1649.00000000
2018-02-27 20:19:35,0.00000399,67125.00000000
2018-02-27 20:19:38,0.00000400,34124.00000000
2018-02-27 20:19:40,0.00000400,500.00000000
2018-02-27 20:19:41,0.00000399,10100.00000000
2018-02-27 20:19:44,0.00000399,2090.00000000
2018-02-27 20:19:47,0.00000399,807.00000000
2018-02-27 20:19:49,0.00000399,52.00000000
2018-02-27 20:19:51,0.00000399,2213.00000000
2018-02-27 20:19:53,0.00000400,103346.00000000
2018-02-27 20:19:53,0.00000399,29331.00000000
2018-02-27 20:19:55,0.00000399,551.00000000
2018-02-27 20:19:55,0.00000399,49943.00000000
2018-02-27 20:19:55,0.00000399,18949.00000000
2018-02-27 20:19:55,0.00000399,8819.00000000
2018-02-27 20:19:57,0.00000399,10.00000000
2018-02-27 20:20:01,0.00000399,33728.00000000
2018-02-27 20:20:04,0.00000400,42.00000000
2018-02-27 20:20:05,0.00000399,963.00000000
2018-02-27 20:20:05,0.00000399,2127.00000000
2018-02-27 20:20:05,0.00000399,2127.00000000
2018-02-27 20:20:05,0.00000399,74523.00000000
2018-02-27 20:20:05,0.00000399,2130.00000000
2018-02-27 20:20:05,0.00000399,2126.00000000
2018-02-27 20:20:05,0.00000399,293.00000000
2018-02-27 20:20:05,0.00000399,376.00000000
2018-02-27 20:20:05,0.00000399,9938.00000000
2018-02-27 20:20:06,0.00000399,9938.00000000
2018-02-27 20:20:06,0.00000399,21261.00000000
2018-02-27 20:20:06,0.00000399,25125.00000000
2018-02-27 20:20:06,0.00000399,62656.00000000
2018-02-27 20:20:06,0.00000399,8326.00000000
2018-02-27 20:20:06,0.00000399,433.00000000
2018-02-27 20:20:06,0.00000399,433.00000000
2018-02-27 20:20:06,0.00000399,5171.00000000
2018-02-27 20:20:06,0.00000399,3000.00000000
2018-02-27 20:20:07,0.00000399,9917.00000000
2018-02-27 20:20:07,0.00000399,950.00000000
2018-02-27 20:20:09,0.00000399,413.00000000
2018-02-27 20:20:10,0.00000399,25125.00000000
2018-02-27 20:20:10,0.00000399,15658.00000000
2018-02-27 20:20:12,0.00000398,1244.00000000
2018-02-27 20:20:12,0.00000399,267.00000000
2018-02-27 20:20:16,0.00000398,18808.00000000
2018-02-27 20:20:17,0.00000399,200501.00000000
2018-02-27 20:20:18,0.00000399,141084.00000000
2018-02-27 20:20:19,0.00000398,1654.00000000
2018-02-27 20:20:19,0.00000399,1216.00000000
2018-02-27 20:20:21,0.00000398,139548.00000000
2018-02-27 20:20:22,0.00000399,2506.00000000
2018-02-27 20:20:24,0.00000399,969.00000000
2018-02-27 20:20:29,0.00000399,1000.00000000
2018-02-27 20:20:30,0.00000399,2506.00000000
2018-02-27 20:20:31,0.00000399,1246.00000000
2018-02-27 20:20:32,0.00000399,192.00000000
2018-02-27 20:20:33,0.00000398,577.00000000
2018-02-27 20:20:33,0.00000399,2506.00000000
2018-02-27 20:20:34,0.00000398,1087.00000000
2018-02-27 20:20:36,0.00000399,10000.00000000
2018-02-27 20:20:38,0.00000399,2506.00000000
2018-02-27 20:20:40,0.00000399,8000.00000000
2018-02-27 20:20:42,0.00000399,716.00000000
2018-02-27 20:20:44,0.00000399,437.00000000
2018-02-27 20:20:47,0.00000399,4716.00000000
2018-02-27 20:20:50,0.00000398,159190.00000000
2018-02-27 20:21:01,0.00000399,1519.00000000
2018-02-27 20:21:03,0.00000398,12486.00000000
2018-02-27 20:21:03,0.00000398,2000.00000000
2018-02-27 20:21:08,0.00000399,4140.00000000
2018-02-27 20:21:09,0.00000399,8464.00000000
2018-02-27 20:21:16,0.00000399,404795.00000000
2018-02-27 20:21:18,0.00000399,120542.00000000
2018-02-27 20:21:20,0.00000399,625.00000000
2018-02-27 20:21:23,0.00000398,3270.00000000
2018-02-27 20:21:26,0.00000398,7847.00000000
2018-02-27 20:21:27,0.00000398,21000.00000000
2018-02-27 20:21:27,0.00000398,4769.00000000
2018-02-27 20:21:41,0.00000398,1000.00000000
2018-02-27 20:21:44,0.00000399,160474.00000000
2018-02-27 20:21:45,0.00000398,23252.00000000
2018-02-27 20:21:46,0.00000398,4965.00000000
2018-02-27 20:21:57,0.00000399,16918.00000000
2018-02-27 20:21:59,0.00000399,56213.00000000
2018-02-27 20:22:00,0.00000400,20.00000000
2018-02-27 20:22:04,0.00000399,19086.00000000
2018-02-27 20:22:06,0.00000400,173332.00000000
2018-02-27 20:22:08,0.00000399,434.00000000
2018-02-27 20:22:09,0.00000399,10589.00000000
2018-02-27 20:22:10,0.00000399,8781.00000000
2018-02-27 20:22:15,0.00000399,1013.00000000
2018-02-27 20:22:15,0.00000399,1009.00000000
2018-02-27 20:22:24,0.00000399,2813.00000000
2018-02-27 20:22:28,0.00000399,1253.00000000
2018-02-27 20:22:28,0.00000399,2559.00000000
2018-02-27 20:22:34,0.00000399,1254.00000000
2018-02-27 20:22:35,0.00000399,62923.00000000
2018-02-27 20:22:36,0.00000399,55326.00000000
2018-02-27 20:22:37,0.00000399,3061.00000000
2018-02-27 20:22:39,0.00000400,99232.00000000
2018-02-27 20:22:39,0.00000399,111338.00000000
2018-02-27 20:22:40,0.00000399,491.00000000
2018-02-27 20:22:42,0.00000399,9164.00000000
2018-02-27 20:22:45,0.00000399,1816.00000000
2018-02-27 20:22:46,0.00000399,503.00000000
2018-02-27 20:22:56,0.00000398,12875.00000000
2018-02-27 20:23:08,0.00000399,88627.00000000
2018-02-27 20:23:09,0.00000398,35026.00000000
2018-02-27 20:23:14,0.00000399,24800.00000000
2018-02-27 20:23:14,0.00000398,3163.00000000
2018-02-27 20:23:15,0.00000398,1861.00000000
2018-02-27 20:23:17,0.00000399,47.00000000
2018-02-27 20:23:21,0.00000398,4118.00000000
2018-02-27 20:23:21,0.00000399,109500.00000000
2018-02-27 20:23:21,0.00000400,33500.00000000
2018-02-27 20:23:22,0.00000399,273.00000000
2018-02-27 20:23:26,0.00000399,477.00000000
2018-02-27 20:23:31,0.00000399,1954.00000000
2018-02-27 20:23:32,0.00000399,9784.00000000
2018-02-27 20:23:35,0.00000399,11386.00000000
2018-02-27 20:23:35,0.00000399,53221.00000000
2018-02-27 20:23:36,0.00000399,71003.00000000
2018-02-27 20:23:39,0.00000399,56865.00000000
2018-02-27 20:23:39,0.00000398,11744.00000000
2018-02-27 20:23:40,0.00000400,1.00000000
2018-02-27 20:23:43,0.00000400,2000.00000000
2018-02-27 20:23:46,0.00000400,141056.00000000
2018-02-27 20:23:49,0.00000400,3282.00000000
2018-02-27 20:23:50,0.00000400,24836.00000000
2018-02-27 20:23:55,0.00000399,3401.00000000
2018-02-27 20:23:59,0.00000400,190312.00000000
2018-02-27 20:23:59,0.00000399,8007.00000000
2018-02-27 20:24:02,0.00000399,2228.00000000
2018-02-27 20:24:05,0.00000399,9936.00000000
2018-02-27 20:24:13,0.00000399,19296.00000000
2018-02-27 20:24:15,0.00000399,2512.00000000
2018-02-27 20:24:15,0.00000399,17832.00000000
2018-02-27 20:24:16,0.00000399,1.00000000
2018-02-27 20:24:16,0.00000399,1.00000000
2018-02-27 20:24:16,0.00000399,1.00000000
2018-02-27 20:24:16,0.00000399,1.00000000
2018-02-27 20:24:16,0.00000399,1.00000000
2018-02-27 20:24:16,0.00000399,1.00000000
2018-02-27 20:24:16,0.00000399,1.00000000
2018-02-27 20:24:16,0.00000399,1.00000000
2018-02-27 20:24:16,0.00000399,1.00000000
2018-02-27 20:24:16,0.00000399,1.00000000
2018-02-27 20:24:22,0.00000399,618.00000000
2018-02-27 20:24:22,0.00000399,211.00000000
2018-02-27 20:24:23,0.00000398,148161.00000000
2018-02-27 20:24:27,0.00000399,155.00000000
2018-02-27 20:24:29,0.00000399,51.00000000
2018-02-27 20:24:29,0.00000399,27197.00000000
2018-02-27 20:24:29,0.00000399,18309.00000000
2018-02-27 20:24:31,0.00000399,1861.00000000
2018-02-27 20:24:37,0.00000399,29434.00000000
2018-02-27 20:24:37,0.00000400,8.00000000
2018-02-27 20:24:39,0.00000400,1690.00000000
2018-02-27 20:24:42,0.00000399,2334.00000000
2018-02-27 20:24:42,0.00000399,4251.00000000
2018-02-27 20:24:45,0.00000399,158329.00000000
2018-02-27 20:24:47,0.00000399,25062.00000000
2018-02-27 20:24:47,0.00000399,605.00000000
2018-02-27 20:24:48,0.00000399,1099.00000000
2018-02-27 20:24:48,0.00000399,251.00000000
2018-02-27 20:24:48,0.00000399,47181.00000000
2018-02-27 20:24:48,0.00000399,8132.00000000
2018-02-27 20:24:49,0.00000399,413.00000000
2018-02-27 20:24:54,0.00000399,26705.00000000
2018-02-27 20:24:56,0.00000399,2500.00000000
2018-02-27 20:24:56,0.00000400,135024.00000000
2018-02-27 20:24:57,0.00000399,10.00000000
2018-02-27 20:25:00,0.00000399,155.00000000
2018-02-27 20:25:02,0.00000400,15629.00000000
2018-02-27 20:25:04,0.00000400,23517.00000000
2018-02-27 20:25:09,0.00000400,7527.00000000
2018-02-27 20:25:10,0.00000400,2.00000000
2018-02-27 20:25:12,0.00000399,134600.00000000
2018-02-27 20:25:18,0.00000400,12992.00000000
2018-02-27 20:25:18,0.00000399,937.00000000
2018-02-27 20:25:19,0.00000400,9.00000000
2018-02-27 20:25:25,0.00000400,10.00000000
2018-02-27 20:25:28,0.00000400,3789.00000000
2018-02-27 20:25:28,0.00000399,2513.00000000
2018-02-27 20:25:30,0.00000400,4391.00000000
2018-02-27 20:25:30,0.00000399,2513.00000000
2018-02-27 20:25:31,0.00000400,23.00000000
2018-02-27 20:25:31,0.00000400,9.00000000
2018-02-27 20:25:33,0.00000399,1099.00000000
2018-02-27 20:25:34,0.00000399,99456.00000000
2018-02-27 20:25:36,0.00000400,2500.00000000
2018-02-27 20:25:38,0.00000399,413.00000000
2018-02-27 20:25:38,0.00000399,23065.00000000
2018-02-27 20:25:40,0.00000399,4737.00000000
2018-02-27 20:25:42,0.00000400,1430.00000000
2018-02-27 20:25:45,0.00000400,504.00000000
2018-02-27 20:25:45,0.00000400,1499.00000000
2018-02-27 20:25:47,0.00000400,19451.00000000
2018-02-27 20:25:47,0.00000400,168.00000000
2018-02-27 20:25:47,0.00000400,1438.00000000
2018-02-27 20:25:47,0.00000400,130.00000000
2018-02-27 20:25:48,0.00000399,9015.00000000
2018-02-27 20:25:49,0.00000400,1288.00000000
2018-02-27 20:25:52,0.00000400,1107.00000000
2018-02-27 20:25:54,0.00000400,2102.00000000
2018-02-27 20:25:55,0.00000399,135860.00000000
2018-02-27 20:25:58,0.00000399,12787.00000000
2018-02-27 20:26:00,0.00000399,68315.00000000
2018-02-27 20:26:01,0.00000399,2007.00000000
2018-02-27 20:26:05,0.00000399,5760.00000000
2018-02-27 20:26:12,0.00000399,1705.00000000
2018-02-27 20:26:13,0.00000400,8699.00000000
2018-02-27 20:26:14,0.00000400,2000.00000000
2018-02-27 20:26:16,0.00000400,320.00000000
2018-02-27 20:26:18,0.00000400,11476.00000000
2018-02-27 20:26:18,0.00000399,52917.00000000
2018-02-27 20:26:21,0.00000400,4710.00000000
2018-02-27 20:26:22,0.00000399,20911.00000000
2018-02-27 20:26:22,0.00000399,78106.00000000
2018-02-27 20:26:22,0.00000399,2997.00000000
2018-02-27 20:26:25,0.00000400,74159.00000000
2018-02-27 20:26:27,0.00000399,2750.00000000
2018-02-27 20:26:27,0.00000399,36000.00000000
2018-02-27 20:26:31,0.00000400,251.00000000
2018-02-27 20:26:34,0.00000399,75.00000000
2018-02-27 20:26:35,0.00000399,2000.00000000
2018-02-27 20:26:39,0.00000399,6200.00000000
2018-02-27 20:26:40,0.00000400,597.00000000
2018-02-27 20:26:41,0.00000399,322.00000000
2018-02-27 20:26:45,0.00000399,14999.00000000
2018-02-27 20:26:47,0.00000399,131740.00000000
2018-02-27 20:26:47,0.00000399,5.00000000
2018-02-27 20:26:48,0.00000399,52969.00000000
2018-02-27 20:26:57,0.00000399,7788.00000000
2018-02-27 20:27:09,0.00000399,64292.00000000
2018-02-27 20:27:11,0.00000399,28784.00000000
2018-02-27 20:27:14,0.00000399,10585.00000000
2018-02-27 20:27:15,0.00000399,173119.00000000
2018-02-27 20:27:17,0.00000399,4627.00000000
2018-02-27 20:27:18,0.00000399,390.00000000
2018-02-27 20:27:27,0.00000399,3165.00000000
2018-02-27 20:27:27,0.00000399,9259.00000000
2018-02-27 20:27:33,0.00000399,19491.00000000
2018-02-27 20:27:34,0.00000399,57525.00000000
2018-02-27 20:27:38,0.00000399,4290.00000000
2018-02-27 20:27:40,0.00000399,17715.00000000
2018-02-27 20:27:40,0.00000398,124463.00000000
2018-02-27 20:27:43,0.00000398,1254.00000000
2018-02-27 20:27:44,0.00000399,931.00000000
2018-02-27 20:27:49,0.00000398,10394.00000000
2018-02-27 20:27:53,0.00000399,5571.00000000
2018-02-27 20:27:54,0.00000399,413.00000000
2018-02-27 20:27:54,0.00000400,102694.00000000
2018-02-27 20:27:55,0.00000399,3676.00000000
2018-02-27 20:27:58,0.00000398,1.00000000
2018-02-27 20:28:01,0.00000399,1.00000000
2018-02-27 20:28:13,0.00000399,5396.00000000
2018-02-27 20:28:16,0.00000398,6847.00000000
2018-02-27 20:28:17,0.00000398,642.00000000
2018-02-27 20:28:17,0.00000398,1849.00000000
2018-02-27 20:28:19,0.00000399,5000.00000000
2018-02-27 20:28:19,0.00000399,192710.00000000
2018-02-27 20:28:22,0.00000399,7217.00000000
2018-02-27 20:28:28,0.00000399,22854.00000000
2018-02-27 20:28:28,0.00000399,55112.00000000
2018-02-27 20:28:29,0.00000398,60132.00000000
2018-02-27 20:28:33,0.00000398,18479.00000000
2018-02-27 20:28:33,0.00000399,61933.00000000
2018-02-27 20:28:34,0.00000399,1282.00000000
2018-02-27 20:28:35,0.00000399,699.00000000
2018-02-27 20:28:35,0.00000399,311.00000000
2018-02-27 20:28:37,0.00000399,1.00000000
2018-02-27 20:28:43,0.00000398,163945.00000000
2018-02-27 20:28:53,0.00000399,1.00000000
2018-02-27 20:28:55,0.00000398,821.00000000
2018-02-27 20:29:00,0.00000399,7781.00000000
2018-02-27 20:29:04,0.00000399,76142.00000000
2018-02-27 20:29:08,0.00000398,2.00000000
2018-02-27 20:29:09,0.00000399,563.00000000
2018-02-27 20:29:13,0.00000399,177124.00000000
2018-02-27 20:29:24,0.00000398,28887.00000000
2018-02-27 20:29:25,0.00000399,29306.00000000
2018-02-27 20:29:25,0.00000399,43634.00000000
2018-02-27 20:29:35,0.00000398,2000.00000000
2018-02-27 20:29:43,0.00000398,162917.00000000
2018-02-27 20:29:45,0.00000399,15315.00000000
2018-02-27 20:29:45,0.00000399,13993.00000000
2018-02-27 20:29:50,0.00000398,1395.00000000
2018-02-27 20:29:51,0.00000399,450.00000000
2018-02-27 20:29:58,0.00000398,756.00000000
2018-02-27 20:30:00,0.00000399,15.00000000
2018-02-27 20:30:03,0.00000399,2576.00000000
2018-02-27 20:30:06,0.00000399,1221.00000000
2018-02-27 20:30:07,0.00000399,5208.00000000
2018-02-27 20:30:07,0.00000398,122598.00000000
2018-02-27 20:30:16,0.00000399,5525.00000000
2018-02-27 20:30:18,0.00000399,4478.00000000
2018-02-27 20:30:24,0.00000398,999.00000000
2018-02-27 20:30:27,0.00000399,7500.00000000
2018-02-27 20:30:28,0.00000398,999.00000000
2018-02-27 20:30:33,0.00000398,139479.00000000
2018-02-27 20:30:39,0.00000398,20.00000000
2018-02-27 20:30:48,0.00000399,930.00000000
2018-02-27 20:30:49,0.00000399,1.00000000
2018-02-27 20:30:49,0.00000399,1.00000000
2018-02-27 20:30:49,0.00000399,1.00000000
2018-02-27 20:30:49,0.00000399,1.00000000
2018-02-27 20:30:49,0.00000399,1.00000000
2018-02-27 20:30:49,0.00000399,1.00000000
2018-02-27 20:30:49,0.00000399,1.00000000
2018-02-27 20:30:49,0.00000399,1.00000000
2018-02-27 20:30:54,0.00000399,785.00000000
2018-02-27 20:30:57,0.00000399,103663.00000000
2018-02-27 20:30:58,0.00000398,8.00000000
2018-02-27 20:30:58,0.00000398,5691.00000000
2018-02-27 20:31:00,0.00000398,26.00000000
2018-02-27 20:31:02,0.00000399,6.00000000
2018-02-27 20:31:08,0.00000399,5.00000000
2018-02-27 20:31:09,0.00000399,27612.00000000
2018-02-27 20:31:18,0.00000398,65245.00000000
2018-02-27 20:31:21,0.00000398,9999.00000000
2018-02-27 20:31:23,0.00000399,23439.00000000
2018-02-27 20:31:24,0.00000399,82081.00000000
2018-02-27 20:31:24,0.00000398,1866.00000000
2018-02-27 20:31:25,0.00000398,1500.00000000
2018-02-27 20:31:36,0.00000399,26987.00000000
2018-02-27 20:31:37,0.00000398,1643.00000000
2018-02-27 20:31:38,0.00000399,25062.00000000
2018-02-27 20:31:45,0.00000399,124170.00000000
2018-02-27 20:31:45,0.00000399,15291.00000000
2018-02-27 20:31:49,0.00000398,5.00000000
2018-02-27 20:31:51,0.00000399,28610.00000000
2018-02-27 20:31:51,0.00000398,2792.00000000
2018-02-27 20:31:55,0.00000399,865.00000000
2018-02-27 20:31:59,0.00000399,1042.00000000
2018-02-27 20:32:08,0.00000399,47939.00000000
2018-02-27 20:32:08,0.00000399,1315.00000000
2018-02-27 20:32:09,0.00000399,6494.00000000
2018-02-27 20:32:09,0.00000400,1.00000000
2018-02-27 20:32:09,0.00000400,1.00000000
2018-02-27 20:32:09,0.00000400,1.00000000
2018-02-27 20:32:09,0.00000400,1.00000000
2018-02-27 20:32:09,0.00000400,1.00000000
2018-02-27 20:32:09,0.00000400,1.00000000
2018-02-27 20:32:09,0.00000400,1.00000000
2018-02-27 20:32:09,0.00000400,1.00000000
2018-02-27 20:32:15,0.00000400,1619.00000000
2018-02-27 20:32:16,0.00000400,102206.00000000
2018-02-27 20:32:19,0.00000400,1530.00000000
2018-02-27 20:32:21,0.00000400,300.00000000
2018-02-27 20:32:22,0.00000400,849.00000000
2018-02-27 20:32:24,0.00000400,5.00000000
2018-02-27 20:32:33,0.00000400,8.00000000
2018-02-27 20:32:39,0.00000400,110357.00000000
2018-02-27 20:32:42,0.00000400,1.00000000
2018-02-27 20:32:42,0.00000400,1.00000000
2018-02-27 20:32:42,0.00000400,1.00000000
2018-02-27 20:32:42,0.00000400,1.00000000
2018-02-27 20:32:42,0.00000400,1.00000000
2018-02-27 20:32:42,0.00000400,1.00000000
2018-02-27 20:32:42,0.00000400,1.00000000
2018-02-27 20:32:42,0.00000400,1.00000000
2018-02-27 20:32:43,0.00000400,894.00000000
2018-02-27 20:32:43,0.00000400,18194.00000000
2018-02-27 20:32:48,0.00000400,1451.00000000
2018-02-27 20:32:50,0.00000400,737.00000000
2018-02-27 20:32:51,0.00000400,2500.00000000
2018-02-27 20:32:51,0.00000400,9.00000000
2018-02-27 20:32:57,0.00000399,16.00000000
2018-02-27 20:33:03,0.00000399,184068.00000000
2018-02-27 20:33:06,0.00000400,2252.00000000
2018-02-27 20:33:09,0.00000399,3390.00000000
2018-02-27 20:33:10,0.00000400,500.00000000
2018-02-27 20:33:16,0.00000399,12563.00000000
2018-02-27 20:33:18,0.00000399,4000.00000000
2018-02-27 20:33:19,0.00000399,10500.00000000
2018-02-27 20:33:19,0.00000399,64043.00000000
2018-02-27 20:33:20,0.00000400,250.00000000
2018-02-27 20:33:20,0.00000400,5178.00000000
2018-02-27 20:33:21,0.00000399,5703.00000000
2018-02-27 20:33:26,0.00000400,2500.00000000
2018-02-27 20:33:30,0.00000399,121309.00000000
2018-02-27 20:33:30,0.00000399,21787.00000000
2018-02-27 20:33:30,0.00000400,41385.00000000
2018-02-27 20:33:32,0.00000399,1805.00000000
2018-02-27 20:33:39,0.00000399,608.00000000
2018-02-27 20:33:43,0.00000400,35132.00000000
2018-02-27 20:33:55,0.00000400,159277.00000000
2018-02-27 20:33:56,0.00000400,1.00000000
2018-02-27 20:33:56,0.00000400,1.00000000
2018-02-27 20:33:56,0.00000400,1.00000000
2018-02-27 20:33:56,0.00000400,1.00000000
2018-02-27 20:33:56,0.00000400,1.00000000
2018-02-27 20:33:56,0.00000400,1.00000000
2018-02-27 20:33:56,0.00000400,1.00000000
2018-02-27 20:33:56,0.00000400,1.00000000
2018-02-27 20:33:57,0.00000399,8.00000000
2018-02-27 20:34:00,0.00000399,6056.00000000
2018-02-27 20:34:01,0.00000399,3752.00000000
2018-02-27 20:34:04,0.00000399,4413.00000000
2018-02-27 20:34:09,0.00000399,480.00000000
2018-02-27 20:34:09,0.00000398,4207.00000000
2018-02-27 20:34:11,0.00000398,500.00000000
2018-02-27 20:34:23,0.00000399,70741.00000000
2018-02-27 20:34:25,0.00000399,3571.00000000
2018-02-27 20:34:29,0.00000398,28581.00000000
2018-02-27 20:34:32,0.00000399,1000.00000000
2018-02-27 20:34:35,0.00000399,2274.00000000
2018-02-27 20:34:41,0.00000399,1002.00000000
2018-02-27 20:34:42,0.00000399,992.00000000
2018-02-27 20:34:42,0.00000399,1018.00000000
2018-02-27 20:34:48,0.00000399,1733.00000000
2018-02-27 20:34:50,0.00000398,100.00000000
2018-02-27 20:34:52,0.00000398,155516.00000000
2018-02-27 20:34:52,0.00000398,59759.00000000
2018-02-27 20:34:55,0.00000398,4000.00000000
2018-02-27 20:35:03,0.00000398,9684.00000000
2018-02-27 20:35:05,0.00000399,468.00000000
2018-02-27 20:35:09,0.00000399,52839.00000000
2018-02-27 20:35:09,0.00000400,3615.00000000
2018-02-27 20:35:14,0.00000398,20000.00000000
2018-02-27 20:35:15,0.00000399,209603.00000000
2018-02-27 20:35:17,0.00000398,189.00000000
2018-02-27 20:35:18,0.00000399,300.00000000
2018-02-27 20:35:27,0.00000399,44.00000000
2018-02-27 20:35:32,0.00000399,1636.00000000
2018-02-27 20:35:41,0.00000399,500838.00000000
2018-02-27 20:35:51,0.00000399,1140.00000000
2018-02-27 20:35:54,0.00000398,3060.00000000
2018-02-27 20:35:54,0.00000398,500.00000000
2018-02-27 20:36:00,0.00000398,2506.00000000
2018-02-27 20:36:04,0.00000398,179980.00000000
2018-02-27 20:36:06,0.00000399,300.00000000
2018-02-27 20:36:08,0.00000399,1166.00000000
2018-02-27 20:36:10,0.00000399,709.00000000
2018-02-27 20:36:10,0.00000399,4341.00000000
2018-02-27 20:36:12,0.00000399,413.00000000
2018-02-27 20:36:12,0.00000399,2865.00000000
2018-02-27 20:36:13,0.00000400,100.00000000
2018-02-27 20:36:20,0.00000399,55.00000000
2018-02-27 20:36:21,0.00000400,160603.00000000
2018-02-27 20:36:30,0.00000400,4810.00000000
2018-02-27 20:36:32,0.00000399,2512.00000000
2018-02-27 20:36:33,0.00000399,5000.00000000
2018-02-27 20:36:36,0.00000400,10.00000000
2018-02-27 20:36:40,0.00000399,70868.00000000
2018-02-27 20:36:40,0.00000399,78590.00000000
2018-02-27 20:36:48,0.00000399,1785.00000000
2018-02-27 20:36:54,0.00000400,10.00000000
2018-02-27 20:36:55,0.00000399,440.00000000
2018-02-27 20:36:56,0.00000399,124783.00000000
2018-02-27 20:36:56,0.00000399,4054.00000000
2018-02-27 20:36:57,0.00000399,89675.00000000
2018-02-27 20:36:59,0.00000399,2886.00000000
2018-02-27 20:37:07,0.00000399,20373.00000000
2018-02-27 20:37:10,0.00000398,10008.00000000
2018-02-27 20:37:13,0.00000398,1967.00000000
2018-02-27 20:37:14,0.00000399,29.00000000
2018-02-27 20:37:16,0.00000398,141747.00000000
2018-02-27 20:37:18,0.00000398,92.00000000
2018-02-27 20:37:26,0.00000398,9071.00000000
2018-02-27 20:37:29,0.00000398,6131.00000000
2018-02-27 20:37:38,0.00000399,452.00000000
2018-02-27 20:37:39,0.00000399,19876.00000000
2018-02-27 20:37:41,0.00000400,80151.00000000
2018-02-27 20:37:45,0.00000399,54.00000000
2018-02-27 20:37:50,0.00000399,1001.00000000
2018-02-27 20:37:50,0.00000399,7170.00000000
2018-02-27 20:37:54,0.00000399,1437.00000000
2018-02-27 20:37:59,0.00000399,865.00000000
2018-02-27 20:38:08,0.00000400,2842.00000000
2018-02-27 20:38:10,0.00000399,260.00000000
2018-02-27 20:38:10,0.00000398,4340.00000000
2018-02-27 20:38:11,0.00000398,2515.00000000
2018-02-27 20:38:15,0.00000399,405421.00000000
2018-02-27 20:38:20,0.00000399,3841.00000000
2018-02-27 20:38:20,0.00000400,53283.00000000
2018-02-27 20:38:21,0.00000398,320.00000000
2018-02-27 20:38:22,0.00000398,7741.00000000
2018-02-27 20:38:23,0.00000400,962.00000000
2018-02-27 20:38:26,0.00000399,1000.00000000
2018-02-27 20:38:30,0.00000399,5265.00000000
2018-02-27 20:38:30,0.00000399,9144.00000000
2018-02-27 20:38:30,0.00000400,28729.00000000
2018-02-27 20:38:32,0.00000399,238776.00000000
2018-02-27 20:38:35,0.00000400,1.00000000
2018-02-27 20:38:35,0.00000400,3752.00000000
2018-02-27 20:38:39,0.00000399,1000.00000000
2018-02-27 20:38:40,0.00000400,1.00000000
2018-02-27 20:38:40,0.00000400,1.00000000
2018-02-27 20:38:40,0.00000400,1.00000000
2018-02-27 20:38:40,0.00000400,1.00000000
2018-02-27 20:38:40,0.00000400,1.00000000
2018-02-27 20:38:40,0.00000400,1.00000000
2018-02-27 20:38:40,0.00000400,1.00000000
2018-02-27 20:38:40,0.00000400,1.00000000
2018-02-27 20:38:45,0.00000399,10948.00000000
2018-02-27 20:38:45,0.00000400,6018.00000000
2018-02-27 20:38:46,0.00000399,3879.00000000
2018-02-27 20:38:51,0.00000399,1254.00000000
2018-02-27 20:38:56,0.00000399,17246.00000000
2018-02-27 20:38:56,0.00000399,58732.00000000
2018-02-27 20:38:57,0.00000399,9.00000000
2018-02-27 20:39:00,0.00000400,46683.00000000
2018-02-27 20:39:01,0.00000400,4581.00000000
2018-02-27 20:39:01,0.00000399,1115.00000000
2018-02-27 20:39:03,0.00000399,291.00000000
2018-02-27 20:39:04,0.00000400,11583.00000000
2018-02-27 20:39:06,0.00000399,5237.00000000
2018-02-27 20:39:08,0.00000400,2874.00000000
2018-02-27 20:39:10,0.00000399,12594.00000000
2018-02-27 20:39:10,0.00000398,7406.00000000
2018-02-27 20:39:13,0.00000399,715.00000000
2018-02-27 20:39:17,0.00000399,177.00000000
2018-02-27 20:39:21,0.00000399,44.00000000
2018-02-27 20:39:25,0.00000399,11.00000000
2018-02-27 20:39:26,0.00000398,172363.00000000
2018-02-27 20:39:29,0.00000399,3.00000000
2018-02-27 20:39:32,0.00000398,813.00000000
2018-02-27 20:39:33,0.00000399,1.00000000
2018-02-27 20:39:36,0.00000399,30891.00000000
2018-02-27 20:39:42,0.00000399,4041.00000000
2018-02-27 20:39:43,0.00000399,2000.00000000
2018-02-27 20:39:43,0.00000399,6000.00000000
2018-02-27 20:39:44,0.00000399,2000.00000000
2018-02-27 20:39:44,0.00000399,92281.00000000
2018-02-27 20:39:46,0.00000399,300.00000000
2018-02-27 20:39:47,0.00000400,115592.00000000
2018-02-27 20:39:52,0.00000399,600.00000000
2018-02-27 20:39:55,0.00000399,10230.00000000
2018-02-27 20:39:55,0.00000399,7061.00000000
2018-02-27 20:40:04,0.00000399,1265.00000000
2018-02-27 20:40:15,0.00000400,131694.00000000
2018-02-27 20:40:16,0.00000400,100.00000000
2018-02-27 20:40:23,0.00000399,254.00000000
2018-02-27 20:40:23,0.00000399,168441.00000000
2018-02-27 20:40:26,0.00000399,254.00000000
2018-02-27 20:40:27,0.00000400,2500.00000000
2018-02-27 20:40:30,0.00000399,590.00000000
2018-02-27 20:40:37,0.00000399,139680.00000000
2018-02-27 20:40:37,0.00000399,28981.00000000
2018-02-27 20:40:39,0.00000399,23865.00000000
2018-02-27 20:40:56,0.00000399,28784.00000000
2018-02-27 20:41:00,0.00000399,22421.00000000
2018-02-27 20:41:00,0.00000399,150519.00000000
2018-02-27 20:41:01,0.00000399,9942.00000000
2018-02-27 20:41:06,0.00000400,1000.00000000
2018-02-27 20:41:09,0.00000399,69585.00000000
2018-02-27 20:41:11,0.00000399,2376.00000000
2018-02-27 20:41:20,0.00000399,144662.00000000
2018-02-27 20:41:20,0.00000399,171321.00000000
2018-02-27 20:41:21,0.00000399,12531.00000000
2018-02-27 20:41:30,0.00000399,48020.00000000
2018-02-27 20:41:30,0.00000399,2121.00000000
2018-02-27 20:41:31,0.00000399,2506.00000000
2018-02-27 20:41:32,0.00000399,1.00000000
2018-02-27 20:41:32,0.00000399,1.00000000
2018-02-27 20:41:32,0.00000399,1.00000000
2018-02-27 20:41:32,0.00000399,1.00000000
2018-02-27 20:41:32,0.00000399,1.00000000
2018-02-27 20:41:32,0.00000399,1.00000000
2018-02-27 20:41:32,0.00000399,1.00000000
2018-02-27 20:41:32,0.00000399,1.00000000
2018-02-27 20:41:32,0.00000399,1.00000000
2018-02-27 20:41:35,0.00000398,10903.00000000
2018-02-27 20:41:42,0.00000398,143182.00000000
2018-02-27 20:41:42,0.00000398,188979.00000000
2018-02-27 20:41:54,0.00000398,3408.00000000
2018-02-27 20:41:57,0.00000398,9.00000000
2018-02-27 20:42:07,0.00000398,5000.00000000
2018-02-27 20:42:07,0.00000398,2000.00000000
2018-02-27 20:42:08,0.00000398,116661.00000000
2018-02-27 20:42:11,0.00000398,28787.00000000
2018-02-27 20:42:16,0.00000399,12531.00000000
2018-02-27 20:42:18,0.00000399,2889.00000000
2018-02-27 20:42:26,0.00000399,17112.00000000
2018-02-27 20:42:33,0.00000399,53000.00000000
2018-02-27 20:42:34,0.00000398,60.00000000
2018-02-27 20:42:36,0.00000398,119425.00000000
2018-02-27 20:42:47,0.00000398,1056.00000000
2018-02-27 20:42:51,0.00000399,73195.00000000
2018-02-27 20:42:55,0.00000398,21906.00000000
2018-02-27 20:42:57,0.00000399,857.00000000
2018-02-27 20:43:02,0.00000398,101999.00000000
2018-02-27 20:43:03,0.00000399,6862.00000000
2018-02-27 20:43:03,0.00000399,3741.00000000
2018-02-27 20:43:04,0.00000399,10067.00000000
2018-02-27 20:43:08,0.00000399,1192.00000000
2018-02-27 20:43:08,0.00000398,15447.00000000
2018-02-27 20:43:10,0.00000399,36247.00000000
2018-02-27 20:43:10,0.00000399,1.00000000
2018-02-27 20:43:10,0.00000399,1.00000000
2018-02-27 20:43:10,0.00000399,1.00000000
2018-02-27 20:43:10,0.00000399,1.00000000
2018-02-27 20:43:10,0.00000399,1.00000000
2018-02-27 20:43:12,0.00000399,14678.00000000
2018-02-27 20:43:23,0.00000398,10000.00000000
2018-02-27 20:43:25,0.00000398,174468.00000000
2018-02-27 20:43:31,0.00000398,99900.00000000
2018-02-27 20:43:34,0.00000398,200.00000000
2018-02-27 20:43:40,0.00000399,2505.00000000
2018-02-27 20:43:41,0.00000399,12531.00000000
2018-02-27 20:43:42,0.00000398,17112.00000000
2018-02-27 20:43:45,0.00000398,89840.00000000
2018-02-27 20:43:46,0.00000399,12531.00000000
2018-02-27 20:43:48,0.00000399,12531.00000000
2018-02-27 20:43:51,0.00000399,1632.00000000
2018-02-27 20:43:52,0.00000399,12531.00000000
2018-02-27 20:43:53,0.00000399,86777.00000000
2018-02-27 20:43:55,0.00000399,12531.00000000
2018-02-27 20:43:56,0.00000399,10549.00000000
2018-02-27 20:43:57,0.00000398,5.00000000
2018-02-27 20:43:58,0.00000399,12531.00000000
2018-02-27 20:43:59,0.00000398,318.00000000
2018-02-27 20:44:00,0.00000399,1460.00000000
2018-02-27 20:44:01,0.00000399,25000.00000000
2018-02-27 20:44:06,0.00000399,8.00000000
2018-02-27 20:44:07,0.00000398,10.00000000
2018-02-27 20:44:08,0.00000399,1.00000000
2018-02-27 20:44:08,0.00000399,1.00000000
2018-02-27 20:44:08,0.00000399,1.00000000
2018-02-27 20:44:15,0.00000399,5000.00000000
2018-02-27 20:44:26,0.00000399,150045.00000000
2018-02-27 20:44:26,0.00000399,1059.00000000
2018-02-27 20:44:28,0.00000398,500.00000000
2018-02-27 20:44:29,0.00000399,11255.00000000
2018-02-27 20:44:29,0.00000398,9980.00000000
2018-02-27 20:44:32,0.00000399,189.00000000
2018-02-27 20:44:32,0.00000399,413.00000000
2018-02-27 20:44:33,0.00000399,290.00000000
2018-02-27 20:44:40,0.00000399,3866.00000000
2018-02-27 20:44:42,0.00000399,413.00000000
2018-02-27 20:44:42,0.00000398,38700.00000000
2018-02-27 20:44:55,0.00000398,320.00000000
2018-02-27 20:44:56,0.00000398,160784.00000000
2018-02-27 20:44:57,0.00000398,3.00000000
2018-02-27 20:45:01,0.00000398,2916.00000000
2018-02-27 20:45:05,0.00000399,496.00000000
2018-02-27 20:45:06,0.00000399,1112.00000000
2018-02-27 20:45:08,0.00000398,888.00000000
2018-02-27 20:45:12,0.00000398,16097.00000000
2018-02-27 20:45:13,0.00000399,1.00000000
2018-02-27 20:45:13,0.00000399,1.00000000
2018-02-27 20:45:13,0.00000399,1.00000000
2018-02-27 20:45:15,0.00000398,2415.00000000
2018-02-27 20:45:15,0.00000399,167599.00000000
2018-02-27 20:45:16,0.00000398,10.00000000
2018-02-27 20:45:21,0.00000399,9927.00000000
2018-02-27 20:45:22,0.00000398,1036.00000000
2018-02-27 20:45:22,0.00000398,999.00000000
2018-02-27 20:45:23,0.00000398,699.00000000
2018-02-27 20:45:24,0.00000399,5710.00000000
2018-02-27 20:45:31,0.00000399,469974.00000000
2018-02-27 20:45:31,0.00000398,9557.00000000
2018-02-27 20:45:32,0.00000400,252.00000000
2018-02-27 20:45:34,0.00000399,252.00000000
2018-02-27 20:45:35,0.00000399,1137.00000000
2018-02-27 20:45:39,0.00000399,252.00000000
2018-02-27 20:45:40,0.00000399,252.00000000
2018-02-27 20:45:41,0.00000399,1840.00000000
2018-02-27 20:45:43,0.00000399,4831.00000000
2018-02-27 20:45:44,0.00000399,272.00000000
2018-02-27 20:45:52,0.00000398,4213.00000000
2018-02-27 20:45:56,0.00000399,2345.00000000
2018-02-27 20:45:57,0.00000398,184489.00000000
2018-02-27 20:45:57,0.00000398,3.00000000
2018-02-27 20:46:07,0.00000399,320.00000000
2018-02-27 20:46:09,0.00000398,5598.00000000
2018-02-27 20:46:12,0.00000399,3137.00000000
2018-02-27 20:46:17,0.00000399,119654.00000000
2018-02-27 20:46:21,0.00000398,9450.00000000
2018-02-27 20:46:21,0.00000398,6000.00000000
2018-02-27 20:46:23,0.00000398,60000.00000000
2018-02-27 20:46:36,0.00000399,1253.00000000
2018-02-27 20:46:38,0.00000398,345.00000000
2018-02-27 20:46:46,0.00000399,184704.00000000
2018-02-27 20:46:50,0.00000399,2505.00000000
2018-02-27 20:46:53,0.00000398,4622.00000000
2018-02-27 20:46:58,0.00000399,921.00000000
2018-02-27 20:46:59,0.00000399,413.00000000
2018-02-27 20:46:59,0.00000399,413.00000000
2018-02-27 20:46:59,0.00000399,2500.00000000
2018-02-27 20:47:01,0.00000399,1526.00000000
2018-02-27 20:47:02,0.00000399,32601.00000000
2018-02-27 20:47:02,0.00000399,3719.00000000
2018-02-27 20:47:02,0.00000398,7000.00000000
2018-02-27 20:47:02,0.00000399,61324.00000000
2018-02-27 20:47:05,0.00000399,2000.00000000
2018-02-27 20:47:07,0.00000399,194388.00000000
2018-02-27 20:47:17,0.00000400,1.00000000
2018-02-27 20:47:17,0.00000400,1.00000000
2018-02-27 20:47:17,0.00000400,1.00000000
2018-02-27 20:47:17,0.00000400,1.00000000
2018-02-27 20:47:17,0.00000400,1.00000000
2018-02-27 20:47:17,0.00000400,1.00000000
2018-02-27 20:47:17,0.00000400,1.00000000
2018-02-27 20:47:17,0.00000400,1.00000000
2018-02-27 20:47:17,0.00000400,1.00000000
2018-02-27 20:47:17,0.00000400,1.00000000
2018-02-27 20:47:23,0.00000399,304371.00000000
2018-02-27 20:47:29,0.00000400,24000.00000000
2018-02-27 20:47:30,0.00000400,2490.00000000
2018-02-27 20:47:34,0.00000399,576133.00000000
2018-02-27 20:47:40,0.00000399,2299.00000000
2018-02-27 20:47:51,0.00000399,10823.00000000
2018-02-27 20:47:57,0.00000398,10.00000000
2018-02-27 20:48:02,0.00000399,12034.00000000
2018-02-27 20:48:02,0.00000399,4439.00000000
2018-02-27 20:48:04,0.00000399,101421.00000000
2018-02-27 20:48:07,0.00000399,4089.00000000
2018-02-27 20:48:10,0.00000399,3.00000000
2018-02-27 20:48:13,0.00000398,186.00000000
2018-02-27 20:48:13,0.00000399,1457.00000000
2018-02-27 20:48:15,0.00000398,17870.00000000
2018-02-27 20:48:18,0.00000399,1102.00000000
2018-02-27 20:48:19,0.00000399,496.00000000
2018-02-27 20:48:28,0.00000399,6200.00000000
2018-02-27 20:48:32,0.00000398,45143.00000000
2018-02-27 20:48:35,0.00000399,144147.00000000
2018-02-27 20:48:39,0.00000399,118008.00000000
2018-02-27 20:48:39,0.00000399,2000.00000000
2018-02-27 20:48:43,0.00000399,970.00000000
2018-02-27 20:48:45,0.00000399,17018.00000000
2018-02-27 20:48:45,0.00000399,33065.00000000
2018-02-27 20:48:56,0.00000400,163838.00000000
2018-02-27 20:49:10,0.00000399,9856.00000000
2018-02-27 20:49:15,0.00000399,1360.00000000
2018-02-27 20:49:27,0.00000399,951.00000000
2018-02-27 20:49:28,0.00000400,129950.00000000
2018-02-27 20:49:28,0.00000399,1195.00000000
2018-02-27 20:49:33,0.00000399,26561.00000000
2018-02-27 20:49:37,0.00000399,1972.00000000
2018-02-27 20:49:39,0.00000399,31561.00000000
2018-02-27 20:49:46,0.00000400,882.00000000
2018-02-27 20:49:49,0.00000399,1382.00000000
2018-02-27 20:49:49,0.00000398,25093.00000000
2018-02-27 20:49:50,0.00000399,4369.00000000
2018-02-27 20:49:50,0.00000399,1033.00000000
2018-02-27 20:49:50,0.00000398,131754.00000000
2018-02-27 20:49:51,0.00000399,1013.00000000
2018-02-27 20:50:03,0.00000399,300.00000000
2018-02-27 20:50:05,0.00000399,12542.00000000
2018-02-27 20:50:07,0.00000399,3655.00000000
2018-02-27 20:50:09,0.00000400,2496.00000000
2018-02-27 20:50:12,0.00000400,38.00000000
2018-02-27 20:50:12,0.00000400,189424.00000000
2018-02-27 20:50:23,0.00000400,258.00000000
2018-02-27 20:50:24,0.00000400,2488.00000000
2018-02-27 20:50:24,0.00000400,53093.00000000
2018-02-27 20:50:25,0.00000400,65007.00000000
2018-02-27 20:50:25,0.00000399,850.00000000
2018-02-27 20:50:36,0.00000399,944.00000000
2018-02-27 20:50:38,0.00000400,20042.00000000
2018-02-27 20:50:38,0.00000399,8862.00000000
2018-02-27 20:50:42,0.00000400,272.00000000
2018-02-27 20:50:42,0.00000399,14392.00000000
2018-02-27 20:50:43,0.00000399,121539.00000000
2018-02-27 20:50:55,0.00000399,3756.00000000
2018-02-27 20:51:04,0.00000399,677.00000000
2018-02-27 20:51:10,0.00000398,500.00000000
2018-02-27 20:51:12,0.00000399,130537.00000000
2018-02-27 20:51:18,0.00000399,516.00000000
2018-02-27 20:51:32,0.00000398,178186.00000000
2018-02-27 20:51:40,0.00000399,320.00000000
2018-02-27 20:51:42,0.00000399,9249.00000000
2018-02-27 20:51:43,0.00000398,3238.00000000
2018-02-27 20:51:45,0.00000398,1.00000000
2018-02-27 20:51:49,0.00000399,3401.00000000
2018-02-27 20:51:55,0.00000399,19549.00000000
2018-02-27 20:51:56,0.00000399,39.00000000
2018-02-27 20:51:56,0.00000398,184598.00000000
2018-02-27 20:51:57,0.00000398,125595.00000000
2018-02-27 20:51:59,0.00000398,11.00000000
2018-02-27 20:52:09,0.00000398,9556.00000000
2018-02-27 20:52:11,0.00000398,26998.00000000
2018-02-27 20:52:11,0.00000398,916.00000000
2018-02-27 20:52:11,0.00000398,915.00000000
2018-02-27 20:52:11,0.00000398,5010.00000000
2018-02-27 20:52:11,0.00000398,2506.00000000
2018-02-27 20:52:11,0.00000398,1591.00000000
2018-02-27 20:52:11,0.00000398,709.00000000
2018-02-27 20:52:12,0.00000397,1796.00000000
2018-02-27 20:52:12,0.00000397,28679.00000000
2018-02-27 20:52:12,0.00000398,675.00000000
2018-02-27 20:52:12,0.00000398,372.00000000
2018-02-27 20:52:12,0.00000398,1314.00000000
2018-02-27 20:52:18,0.00000398,361883.00000000
2018-02-27 20:52:18,0.00000399,2731.00000000
2018-02-27 20:52:19,0.00000398,315.00000000
2018-02-27 20:52:21,0.00000399,528.00000000
2018-02-27 20:52:25,0.00000398,7935.00000000
2018-02-27 20:52:25,0.00000397,19980.00000000
2018-02-27 20:52:26,0.00000398,9728.00000000
2018-02-27 20:52:26,0.00000398,4615.00000000
2018-02-27 20:52:26,0.00000398,7790.00000000
2018-02-27 20:52:26,0.00000398,84.00000000
2018-02-27 20:52:27,0.00000398,3207.00000000
2018-02-27 20:52:27,0.00000398,27108.00000000
2018-02-27 20:52:30,0.00000398,2.00000000
2018-02-27 20:52:32,0.00000398,2000.00000000
2018-02-27 20:52:32,0.00000397,9040.00000000
2018-02-27 20:52:32,0.00000397,3183.00000000
2018-02-27 20:52:34,0.00000398,1261.00000000
2018-02-27 20:52:35,0.00000398,8891.00000000
2018-02-27 20:52:36,0.00000397,71754.00000000
2018-02-27 20:52:38,0.00000398,52053.00000000
2018-02-27 20:52:46,0.00000398,7716.00000000
2018-02-27 20:52:47,0.00000397,1798.00000000
2018-02-27 20:52:48,0.00000398,1241.00000000
2018-02-27 20:52:49,0.00000398,20000.00000000
2018-02-27 20:52:52,0.00000397,80000.00000000
2018-02-27 20:52:56,0.00000397,769.00000000
2018-02-27 20:53:02,0.00000398,25188.00000000
2018-02-27 20:53:02,0.00000398,16540.00000000
2018-02-27 20:53:05,0.00000398,4451.00000000
2018-02-27 20:53:06,0.00000398,3726.00000000
2018-02-27 20:53:06,0.00000398,9861.00000000
2018-02-27 20:53:07,0.00000397,97097.00000000
2018-02-27 20:53:10,0.00000398,135333.00000000
2018-02-27 20:53:21,0.00000398,709.00000000
2018-02-27 20:53:24,0.00000398,56525.00000000
2018-02-27 20:53:31,0.00000398,23012.00000000
2018-02-27 20:53:31,0.00000398,134410.00000000
2018-02-27 20:53:32,0.00000399,32961.00000000
2018-02-27 20:53:34,0.00000399,2501.00000000
2018-02-27 20:54:00,0.00000398,69797.00000000
2018-02-27 20:54:00,0.00000398,20427.00000000
2018-02-27 20:54:07,0.00000398,4846.00000000
2018-02-27 20:54:12,0.00000398,590.00000000
2018-02-27 20:54:15,0.00000398,829.00000000
2018-02-27 20:54:26,0.00000398,189567.00000000
2018-02-27 20:54:26,0.00000398,1916.00000000
2018-02-27 20:54:36,0.00000398,597596.00000000
2018-02-27 20:54:41,0.00000399,6.00000000
2018-02-27 20:54:50,0.00000398,1754.00000000
2018-02-27 20:54:57,0.00000398,129576.00000000
2018-02-27 20:55:05,0.00000397,1215.00000000
2018-02-27 20:55:09,0.00000397,758.00000000
2018-02-27 20:55:11,0.00000398,20759.00000000
2018-02-27 20:55:11,0.00000399,26839.00000000
2018-02-27 20:55:12,0.00000399,5000.00000000
2018-02-27 20:55:17,0.00000398,592489.00000000
2018-02-27 20:55:30,0.00000398,39142.00000000
2018-02-27 20:55:35,0.00000398,1522.00000000
2018-02-27 20:55:36,0.00000397,170735.00000000
2018-02-27 20:55:40,0.00000397,500.00000000
2018-02-27 20:55:47,0.00000397,225.00000000
2018-02-27 20:55:50,0.00000397,34.00000000
2018-02-27 20:55:52,0.00000397,24975.00000000
2018-02-27 20:55:56,0.00000397,434.00000000
2018-02-27 20:55:57,0.00000397,95.00000000
2018-02-27 20:56:00,0.00000397,3133.00000000
2018-02-27 20:56:01,0.00000398,187646.00000000
2018-02-27 20:56:03,0.00000398,1392.00000000
2018-02-27 20:56:08,0.00000398,42387.00000000
2018-02-27 20:56:09,0.00000397,4600.00000000
2018-02-27 20:56:13,0.00000398,6525.00000000
2018-02-27 20:56:16,0.00000398,1646.00000000
2018-02-27 20:56:16,0.00000397,1197.00000000
2018-02-27 20:56:19,0.00000397,465.00000000
2018-02-27 20:56:23,0.00000397,387000.00000000
2018-02-27 20:56:27,0.00000398,148782.00000000
2018-02-27 20:56:30,0.00000397,658.00000000
2018-02-27 20:56:34,0.00000397,2500.00000000
2018-02-27 20:56:41,0.00000398,23.00000000
2018-02-27 20:56:46,0.00000398,195.00000000
2018-02-27 20:56:49,0.00000398,5362.00000000
2018-02-27 20:56:49,0.00000397,180643.00000000
2018-02-27 20:56:54,0.00000397,150.00000000
2018-02-27 20:57:00,0.00000397,1248.00000000
2018-02-27 20:57:03,0.00000397,16597.00000000
2018-02-27 20:57:07,0.00000398,198682.00000000
2018-02-27 20:57:10,0.00000398,2998.00000000
2018-02-27 20:57:11,0.00000398,52671.00000000
2018-02-27 20:57:23,0.00000397,10884.00000000
2018-02-27 20:57:26,0.00000398,2513.00000000
2018-02-27 20:57:31,0.00000397,159745.00000000
2018-02-27 20:57:31,0.00000397,17415.00000000
2018-02-27 20:57:35,0.00000398,4980.00000000
2018-02-27 20:57:40,0.00000398,2705.00000000
2018-02-27 20:57:40,0.00000397,194.00000000
2018-02-27 20:57:45,0.00000398,2738.00000000
2018-02-27 20:57:55,0.00000397,12392.00000000
2018-02-27 20:57:56,0.00000398,20877.00000000
2018-02-27 20:57:57,0.00000398,173559.00000000
2018-02-27 20:57:59,0.00000398,601.00000000
2018-02-27 20:58:00,0.00000397,834.00000000
2018-02-27 20:58:09,0.00000397,2066.00000000
2018-02-27 20:58:10,0.00000397,1738.00000000
2018-02-27 20:58:12,0.00000397,29742.00000000
2018-02-27 20:58:20,0.00000397,17740.00000000
2018-02-27 20:58:20,0.00000397,147656.00000000
2018-02-27 20:58:28,0.00000397,300.00000000
2018-02-27 20:58:31,0.00000398,1569.00000000
2018-02-27 20:58:32,0.00000397,50284.00000000
2018-02-27 20:58:36,0.00000397,999.00000000
2018-02-27 20:58:38,0.00000397,3725.00000000
2018-02-27 20:58:43,0.00000398,108852.00000000
2018-02-27 20:58:45,0.00000397,100692.00000000
2018-02-27 20:58:45,0.00000397,92184.00000000
2018-02-27 20:58:45,0.00000398,64500.00000000
2018-02-27 20:58:46,0.00000398,548.00000000
2018-02-27 20:58:49,0.00000398,5000.00000000
2018-02-27 20:58:52,0.00000397,450.00000000
2018-02-27 20:58:54,0.00000397,1450.00000000
2018-02-27 20:58:56,0.00000397,17750.00000000
2018-02-27 20:58:58,0.00000398,2598.00000000
2018-02-27 20:59:00,0.00000398,11573.00000000
2018-02-27 20:59:08,0.00000398,196244.00000000
2018-02-27 20:59:10,0.00000397,277.00000000
2018-02-27 20:59:11,0.00000398,6216.00000000
2018-02-27 20:59:12,0.00000397,2495.00000000
2018-02-27 20:59:13,0.00000398,18191.00000000
2018-02-27 20:59:13,0.00000398,18191.00000000
2018-02-27 20:59:14,0.00000398,18191.00000000
2018-02-27 20:59:15,0.00000397,400.00000000
2018-02-27 20:59:20,0.00000397,18853.00000000
2018-02-27 20:59:20,0.00000397,14572.00000000
2018-02-27 20:59:24,0.00000398,84.00000000
2018-02-27 20:59:32,0.00000398,2473.00000000
2018-02-27 20:59:32,0.00000397,20631.00000000
2018-02-27 20:59:33,0.00000397,1836.00000000
2018-02-27 20:59:33,0.00000397,2320.00000000
2018-02-27 20:59:33,0.00000397,110447.00000000
2018-02-27 20:59:33,0.00000398,816.00000000
2018-02-27 20:59:40,0.00000398,941.00000000
2018-02-27 20:59:49,0.00000397,400.00000000
2018-02-27 20:59:50,0.00000397,96971.00000000
2018-02-27 20:59:50,0.00000397,2513.00000000
2018-02-27 20:59:50,0.00000397,25252.00000000
2018-02-27 20:59:50,0.00000397,6588.00000000
2018-02-27 20:59:50,0.00000398,1068.00000000
2018-02-27 20:59:51,0.00000397,875.00000000
2018-02-27 20:59:56,0.00000398,220.00000000
2018-02-27 20:59:57,0.00000397,1.00000000
