DATE,PRICE,VOLUME
2018-02-26 02:00:00,0.00000415,39123.00000000
2018-02-26 02:00:00,0.00000415,10000.00000000
2018-02-26 02:00:02,0.00000415,1202.00000000
2018-02-26 02:00:04,0.00000416,1000.00000000
2018-02-26 02:00:05,0.00000416,100000.00000000
2018-02-26 02:00:05,0.00000416,117552.00000000
2018-02-26 02:00:06,0.00000416,422.00000000
2018-02-26 02:00:07,0.00000416,1373.00000000
2018-02-26 02:00:08,0.00000416,4578.00000000
2018-02-26 02:00:08,0.00000416,4605.00000000
2018-02-26 02:00:08,0.00000416,27938.00000000
2018-02-26 02:00:08,0.00000415,2862.00000000
2018-02-26 02:00:12,0.00000416,600.00000000
2018-02-26 02:00:12,0.00000415,993.00000000
2018-02-26 02:00:13,0.00000415,880.00000000
2018-02-26 02:00:13,0.00000415,1074.00000000
2018-02-26 02:00:17,0.00000416,300.00000000
2018-02-26 02:00:17,0.00000415,9341.00000000
2018-02-26 02:00:20,0.00000417,108087.00000000
2018-02-26 02:00:21,0.00000416,908.00000000
2018-02-26 02:00:21,0.00000416,17378.00000000
2018-02-26 02:00:22,0.00000416,422.00000000
2018-02-26 02:00:24,0.00000416,422.00000000
2018-02-26 02:00:24,0.00000417,1498.00000000
2018-02-26 02:00:25,0.00000416,422.00000000
2018-02-26 02:00:26,0.00000416,24038.00000000
2018-02-26 02:00:26,0.00000416,6485.00000000
2018-02-26 02:00:27,0.00000416,50525.00000000
2018-02-26 02:00:29,0.00000416,300.00000000
2018-02-26 02:00:30,0.00000416,950.00000000
2018-02-26 02:00:31,0.00000416,10006.00000000
2018-02-26 02:00:33,0.00000416,3812.00000000
2018-02-26 02:00:33,0.00000417,123.00000000
2018-02-26 02:00:34,0.00000416,1500.00000000
2018-02-26 02:00:34,0.00000416,416.00000000
2018-02-26 02:00:35,0.00000416,44749.00000000
2018-02-26 02:00:36,0.00000416,420.00000000
2018-02-26 02:00:36,0.00000416,152087.00000000
2018-02-26 02:00:42,0.00000416,4000.00000000
2018-02-26 02:00:46,0.00000416,336.00000000
2018-02-26 02:00:47,0.00000416,2057.00000000
2018-02-26 02:00:58,0.00000415,19604.00000000
2018-02-26 02:01:01,0.00000415,48913.00000000
2018-02-26 02:01:01,0.00000415,2018.00000000
2018-02-26 02:01:04,0.00000416,3285.00000000
2018-02-26 02:01:07,0.00000417,3400.00000000
2018-02-26 02:01:09,0.00000417,38.00000000
2018-02-26 02:01:10,0.00000416,380.00000000
2018-02-26 02:01:11,0.00000417,2141.00000000
2018-02-26 02:01:12,0.00000416,300.00000000
2018-02-26 02:01:14,0.00000416,1629.00000000
2018-02-26 02:01:15,0.00000416,20300.00000000
2018-02-26 02:01:16,0.00000416,2399.00000000
2018-02-26 02:01:16,0.00000416,4819.00000000
2018-02-26 02:01:16,0.00000416,8674.00000000
2018-02-26 02:01:17,0.00000415,3.00000000
2018-02-26 02:01:18,0.00000416,1436.00000000
2018-02-26 02:01:18,0.00000415,6.00000000
2018-02-26 02:01:19,0.00000415,1.00000000
2018-02-26 02:01:23,0.00000416,136301.00000000
2018-02-26 02:01:24,0.00000416,380.00000000
2018-02-26 02:01:26,0.00000416,1064.00000000
2018-02-26 02:01:26,0.00000416,12186.00000000
2018-02-26 02:01:29,0.00000416,2904.00000000
2018-02-26 02:01:29,0.00000416,300.00000000
2018-02-26 02:01:34,0.00000416,1715.00000000
2018-02-26 02:01:35,0.00000415,641.00000000
2018-02-26 02:01:42,0.00000416,4999.00000000
2018-02-26 02:01:42,0.00000417,48.00000000
2018-02-26 02:01:42,0.00000415,20000.00000000
2018-02-26 02:01:46,0.00000416,1074.00000000
2018-02-26 02:01:46,0.00000415,2999.00000000
2018-02-26 02:01:48,0.00000417,300.00000000
2018-02-26 02:01:50,0.00000417,300.00000000
2018-02-26 02:01:54,0.00000416,300.00000000
2018-02-26 02:01:55,0.00000416,4700.00000000
2018-02-26 02:01:59,0.00000416,2479.00000000
2018-02-26 02:02:03,0.00000416,5500.00000000
2018-02-26 02:02:03,0.00000416,6000.00000000
2018-02-26 02:02:04,0.00000416,26639.00000000
2018-02-26 02:02:04,0.00000417,86.00000000
2018-02-26 02:02:08,0.00000416,1948.00000000
2018-02-26 02:02:10,0.00000416,10293.00000000
2018-02-26 02:02:11,0.00000416,11002.00000000
2018-02-26 02:02:14,0.00000416,19234.00000000
2018-02-26 02:02:18,0.00000416,107849.00000000
2018-02-26 02:02:21,0.00000416,3436.00000000
2018-02-26 02:02:21,0.00000416,26435.00000000
2018-02-26 02:02:23,0.00000416,300.00000000
2018-02-26 02:02:27,0.00000416,18729.00000000
2018-02-26 02:02:33,0.00000416,15315.00000000
2018-02-26 02:02:40,0.00000416,8904.00000000
2018-02-26 02:02:48,0.00000416,1538.00000000
2018-02-26 02:02:49,0.00000416,3000.00000000
2018-02-26 02:02:53,0.00000416,20000.00000000
2018-02-26 02:02:55,0.00000416,35781.00000000
2018-02-26 02:02:58,0.00000416,48410.00000000
2018-02-26 02:02:58,0.00000415,64956.00000000
2018-02-26 02:03:03,0.00000416,1564.00000000
2018-02-26 02:03:03,0.00000416,338945.00000000
2018-02-26 02:03:06,0.00000416,1564.00000000
2018-02-26 02:03:06,0.00000415,6853.00000000
2018-02-26 02:03:11,0.00000417,5.00000000
2018-02-26 02:03:13,0.00000416,300.00000000
2018-02-26 02:03:13,0.00000416,300.00000000
2018-02-26 02:03:14,0.00000415,24708.00000000
2018-02-26 02:03:17,0.00000416,14.00000000
2018-02-26 02:03:17,0.00000416,380.00000000
2018-02-26 02:03:27,0.00000416,4819.00000000
2018-02-26 02:03:28,0.00000416,1121.00000000
2018-02-26 02:03:34,0.00000416,811.00000000
2018-02-26 02:03:34,0.00000416,331.00000000
2018-02-26 02:03:35,0.00000416,1240.00000000
2018-02-26 02:03:36,0.00000416,7.00000000
2018-02-26 02:03:44,0.00000415,5089.00000000
2018-02-26 02:03:46,0.00000416,13963.00000000
2018-02-26 02:03:49,0.00000417,122134.00000000
2018-02-26 02:03:57,0.00000416,12019.00000000
2018-02-26 02:04:01,0.00000417,77.00000000
2018-02-26 02:04:02,0.00000417,701.00000000
2018-02-26 02:04:03,0.00000416,380.00000000
2018-02-26 02:04:11,0.00000416,700.00000000
2018-02-26 02:04:13,0.00000417,2398.00000000
2018-02-26 02:04:14,0.00000417,701.00000000
2018-02-26 02:04:19,0.00000417,12470.00000000
2018-02-26 02:04:22,0.00000416,36992.00000000
2018-02-26 02:04:23,0.00000417,5510.00000000
2018-02-26 02:04:27,0.00000417,10.00000000
2018-02-26 02:04:27,0.00000417,300.00000000
2018-02-26 02:04:29,0.00000416,43.00000000
2018-02-26 02:04:34,0.00000417,104616.00000000
2018-02-26 02:04:35,0.00000417,701.00000000
2018-02-26 02:04:46,0.00000417,2398.00000000
2018-02-26 02:04:48,0.00000417,24565.00000000
2018-02-26 02:04:51,0.00000417,701.00000000
2018-02-26 02:04:54,0.00000416,20000.00000000
2018-02-26 02:04:56,0.00000416,698.00000000
2018-02-26 02:04:59,0.00000416,26547.00000000
2018-02-26 02:05:00,0.00000416,1403.00000000
2018-02-26 02:05:05,0.00000416,3371.00000000
2018-02-26 02:05:17,0.00000417,46.00000000
2018-02-26 02:05:18,0.00000417,701.00000000
2018-02-26 02:05:19,0.00000417,153342.00000000
2018-02-26 02:05:20,0.00000417,2398.00000000
2018-02-26 02:05:20,0.00000417,945.00000000
2018-02-26 02:05:22,0.00000417,2895.00000000
2018-02-26 02:05:31,0.00000417,701.00000000
2018-02-26 02:05:36,0.00000416,698.00000000
2018-02-26 02:05:40,0.00000416,702.00000000
2018-02-26 02:05:49,0.00000417,15940.00000000
2018-02-26 02:05:49,0.00000417,275253.00000000
2018-02-26 02:05:51,0.00000418,701.00000000
2018-02-26 02:05:53,0.00000417,1373.00000000
2018-02-26 02:05:53,0.00000417,880.00000000
2018-02-26 02:05:54,0.00000417,746.00000000
2018-02-26 02:05:55,0.00000417,2148.00000000
2018-02-26 02:06:00,0.00000417,701.00000000
2018-02-26 02:06:01,0.00000418,701.00000000
2018-02-26 02:06:01,0.00000417,2680.00000000
2018-02-26 02:06:02,0.00000417,1271.00000000
2018-02-26 02:06:11,0.00000417,700.00000000
2018-02-26 02:06:12,0.00000418,701.00000000
2018-02-26 02:06:12,0.00000417,2152.00000000
2018-02-26 02:06:13,0.00000417,5000.00000000
2018-02-26 02:06:14,0.00000417,500392.00000000
2018-02-26 02:06:14,0.00000418,151738.00000000
2018-02-26 02:06:21,0.00000418,5000.00000000
2018-02-26 02:06:22,0.00000417,50000.00000000
2018-02-26 02:06:28,0.00000417,10000.00000000
2018-02-26 02:06:30,0.00000418,701.00000000
2018-02-26 02:06:35,0.00000417,698.00000000
2018-02-26 02:06:36,0.00000418,701.00000000
2018-02-26 02:06:36,0.00000417,50000.00000000
2018-02-26 02:06:40,0.00000417,1403.00000000
2018-02-26 02:06:42,0.00000418,701.00000000
2018-02-26 02:06:44,0.00000418,15.00000000
2018-02-26 02:06:46,0.00000417,181020.00000000
2018-02-26 02:06:50,0.00000417,700.00000000
2018-02-26 02:06:51,0.00000417,53385.00000000
2018-02-26 02:06:51,0.00000417,9607.00000000
2018-02-26 02:06:52,0.00000417,701.00000000
2018-02-26 02:06:54,0.00000417,100.00000000
2018-02-26 02:06:54,0.00000417,7985.00000000
2018-02-26 02:06:56,0.00000417,2115.00000000
2018-02-26 02:06:59,0.00000417,3837.00000000
2018-02-26 02:07:00,0.00000417,701.00000000
2018-02-26 02:07:02,0.00000418,701.00000000
2018-02-26 02:07:02,0.00000417,10896.00000000
2018-02-26 02:07:08,0.00000418,119006.00000000
2018-02-26 02:07:11,0.00000417,699.00000000
2018-02-26 02:07:12,0.00000417,8007.00000000
2018-02-26 02:07:16,0.00000417,416.00000000
2018-02-26 02:07:21,0.00000417,85679.00000000
2018-02-26 02:07:21,0.00000417,701.00000000
2018-02-26 02:07:25,0.00000416,698.00000000
2018-02-26 02:07:27,0.00000417,13674.00000000
2018-02-26 02:07:27,0.00000418,701.00000000
2018-02-26 02:07:33,0.00000418,13202.00000000
2018-02-26 02:07:36,0.00000417,2940.00000000
2018-02-26 02:07:40,0.00000418,701.00000000
2018-02-26 02:07:44,0.00000417,8269.00000000
2018-02-26 02:07:44,0.00000418,2392.00000000
2018-02-26 02:07:45,0.00000417,3553.00000000
2018-02-26 02:07:46,0.00000417,698.00000000
2018-02-26 02:07:47,0.00000418,701.00000000
2018-02-26 02:07:52,0.00000418,1492.00000000
2018-02-26 02:07:54,0.00000418,498.00000000
2018-02-26 02:07:55,0.00000418,3837.00000000
2018-02-26 02:07:56,0.00000418,139383.00000000
2018-02-26 02:08:01,0.00000418,807.00000000
2018-02-26 02:08:01,0.00000418,701.00000000
2018-02-26 02:08:03,0.00000417,698.00000000
2018-02-26 02:08:04,0.00000418,47846.00000000
2018-02-26 02:08:04,0.00000418,701.00000000
2018-02-26 02:08:05,0.00000417,300.00000000
2018-02-26 02:08:10,0.00000417,2808.00000000
2018-02-26 02:08:11,0.00000418,701.00000000
2018-02-26 02:08:19,0.00000418,20626.00000000
2018-02-26 02:08:19,0.00000417,2893.00000000
2018-02-26 02:08:21,0.00000417,700.00000000
2018-02-26 02:08:22,0.00000418,701.00000000
2018-02-26 02:08:25,0.00000418,1620.00000000
2018-02-26 02:08:28,0.00000418,38.00000000
2018-02-26 02:08:31,0.00000417,59769.00000000
2018-02-26 02:08:32,0.00000418,1355.00000000
2018-02-26 02:08:33,0.00000418,4.00000000
2018-02-26 02:08:35,0.00000417,32000.00000000
2018-02-26 02:08:37,0.00000417,300.00000000
2018-02-26 02:08:41,0.00000418,701.00000000
2018-02-26 02:08:46,0.00000417,698.00000000
2018-02-26 02:08:47,0.00000417,154894.00000000
2018-02-26 02:08:47,0.00000417,701.00000000
2018-02-26 02:08:48,0.00000417,30090.00000000
2018-02-26 02:08:50,0.00000417,1403.00000000
2018-02-26 02:08:51,0.00000417,15924.00000000
2018-02-26 02:08:51,0.00000418,701.00000000
2018-02-26 02:08:54,0.00000418,2217.00000000
2018-02-26 02:08:56,0.00000417,138268.00000000
2018-02-26 02:08:57,0.00000418,7.00000000
2018-02-26 02:08:58,0.00000417,300.00000000
2018-02-26 02:08:59,0.00000418,363.00000000
2018-02-26 02:09:00,0.00000418,16490.00000000
2018-02-26 02:09:01,0.00000417,32474.00000000
2018-02-26 02:09:03,0.00000417,13126.00000000
2018-02-26 02:09:03,0.00000417,29735.00000000
2018-02-26 02:09:04,0.00000417,4020.00000000
2018-02-26 02:09:11,0.00000417,701.00000000
2018-02-26 02:09:12,0.00000417,9522.00000000
2018-02-26 02:09:16,0.00000416,698.00000000
2018-02-26 02:09:19,0.00000416,1568.00000000
2018-02-26 02:09:20,0.00000416,702.00000000
2018-02-26 02:09:31,0.00000417,126649.00000000
2018-02-26 02:09:32,0.00000417,701.00000000
2018-02-26 02:09:40,0.00000416,23844.00000000
2018-02-26 02:09:41,0.00000416,701.00000000
2018-02-26 02:09:55,0.00000416,347.00000000
2018-02-26 02:09:55,0.00000416,1879.00000000
2018-02-26 02:09:57,0.00000418,2392.00000000
2018-02-26 02:09:58,0.00000418,701.00000000
2018-02-26 02:10:00,0.00000417,4203.00000000
2018-02-26 02:10:02,0.00000417,4.00000000
2018-02-26 02:10:02,0.00000417,10000.00000000
2018-02-26 02:10:03,0.00000417,692.00000000
2018-02-26 02:10:04,0.00000418,47846.00000000
2018-02-26 02:10:04,0.00000417,3971.00000000
2018-02-26 02:10:05,0.00000417,5452.00000000
2018-02-26 02:10:10,0.00000417,863.00000000
2018-02-26 02:10:11,0.00000418,701.00000000
2018-02-26 02:10:12,0.00000418,6.00000000
2018-02-26 02:10:14,0.00000417,698.00000000
2018-02-26 02:10:15,0.00000418,701.00000000
2018-02-26 02:10:19,0.00000417,42908.00000000
2018-02-26 02:10:20,0.00000417,155369.00000000
2018-02-26 02:10:21,0.00000418,701.00000000
2018-02-26 02:10:25,0.00000417,4394.00000000
2018-02-26 02:10:27,0.00000417,1671.00000000
2018-02-26 02:10:31,0.00000417,700.00000000
2018-02-26 02:10:33,0.00000418,701.00000000
2018-02-26 02:10:36,0.00000417,200.00000000
2018-02-26 02:10:37,0.00000418,300.00000000
2018-02-26 02:10:48,0.00000417,24149.00000000
2018-02-26 02:10:50,0.00000418,23622.00000000
2018-02-26 02:10:51,0.00000417,494.00000000
2018-02-26 02:10:52,0.00000417,1436.00000000
2018-02-26 02:10:52,0.00000418,300.00000000
2018-02-26 02:10:53,0.00000417,2240.00000000
2018-02-26 02:10:59,0.00000418,18111.00000000
2018-02-26 02:11:00,0.00000417,2618.00000000
2018-02-26 02:11:02,0.00000417,2000.00000000
2018-02-26 02:11:03,0.00000417,47846.00000000
2018-02-26 02:11:08,0.00000417,149814.00000000
2018-02-26 02:11:17,0.00000417,2934.00000000
2018-02-26 02:11:25,0.00000417,728.00000000
2018-02-26 02:11:25,0.00000417,9631.00000000
2018-02-26 02:11:33,0.00000417,13819.00000000
2018-02-26 02:11:39,0.00000417,4951.00000000
2018-02-26 02:11:49,0.00000418,29.00000000
2018-02-26 02:11:55,0.00000417,143.00000000
2018-02-26 02:11:57,0.00000418,162268.00000000
2018-02-26 02:12:03,0.00000417,34814.00000000
2018-02-26 02:12:07,0.00000417,7408.00000000
2018-02-26 02:12:07,0.00000417,505.00000000
2018-02-26 02:12:20,0.00000417,678.00000000
2018-02-26 02:12:25,0.00000417,1000.00000000
2018-02-26 02:12:28,0.00000417,11882.00000000
2018-02-26 02:12:45,0.00000417,2113.00000000
2018-02-26 02:12:48,0.00000417,1000.00000000
2018-02-26 02:12:51,0.00000418,149289.00000000
2018-02-26 02:12:59,0.00000418,9845.00000000
2018-02-26 02:13:00,0.00000417,1265.00000000
2018-02-26 02:13:25,0.00000417,10000.00000000
2018-02-26 02:13:31,0.00000418,17717.00000000
2018-02-26 02:13:31,0.00000417,2398.00000000
2018-02-26 02:13:40,0.00000418,140352.00000000
2018-02-26 02:13:40,0.00000417,47853.00000000
2018-02-26 02:13:46,0.00000417,4580.00000000
2018-02-26 02:13:49,0.00000417,1056.00000000
2018-02-26 02:13:58,0.00000417,6629.00000000
2018-02-26 02:14:04,0.00000417,14753.00000000
2018-02-26 02:14:11,0.00000417,3597.00000000
2018-02-26 02:14:23,0.00000417,3060.00000000
2018-02-26 02:14:23,0.00000418,157347.00000000
2018-02-26 02:14:35,0.00000417,1202.00000000
2018-02-26 02:14:37,0.00000418,15.00000000
2018-02-26 02:14:38,0.00000417,12019.00000000
2018-02-26 02:14:47,0.00000418,64.00000000
2018-02-26 02:14:49,0.00000417,949.00000000
2018-02-26 02:14:49,0.00000417,4792.00000000
2018-02-26 02:14:50,0.00000417,2293.00000000
2018-02-26 02:14:50,0.00000417,31309.00000000
2018-02-26 02:14:51,0.00000417,949.00000000
2018-02-26 02:14:52,0.00000417,105507.00000000
2018-02-26 02:15:07,0.00000418,1000.00000000
2018-02-26 02:15:09,0.00000417,8482.00000000
2018-02-26 02:15:09,0.00000417,9932.00000000
2018-02-26 02:15:16,0.00000418,102522.00000000
2018-02-26 02:15:17,0.00000418,701.00000000
2018-02-26 02:15:21,0.00000418,8079.00000000
2018-02-26 02:15:24,0.00000417,4.00000000
2018-02-26 02:15:27,0.00000418,5980.00000000
2018-02-26 02:15:28,0.00000418,1500.00000000
2018-02-26 02:15:34,0.00000418,701.00000000
2018-02-26 02:15:39,0.00000418,43604.00000000
2018-02-26 02:15:40,0.00000417,698.00000000
2018-02-26 02:15:44,0.00000417,703.00000000
2018-02-26 02:16:03,0.00000417,228284.00000000
2018-02-26 02:16:03,0.00000417,72258.00000000
2018-02-26 02:16:11,0.00000418,645.00000000
2018-02-26 02:16:12,0.00000418,701.00000000
2018-02-26 02:16:15,0.00000418,118130.00000000
2018-02-26 02:16:19,0.00000418,35186.00000000
2018-02-26 02:16:24,0.00000418,701.00000000
2018-02-26 02:16:28,0.00000417,698.00000000
2018-02-26 02:16:31,0.00000417,1248.00000000
2018-02-26 02:16:33,0.00000417,702.00000000
2018-02-26 02:16:50,0.00000417,9900.00000000
2018-02-26 02:16:56,0.00000417,8254.00000000
2018-02-26 02:16:58,0.00000417,66123.00000000
2018-02-26 02:16:59,0.00000418,1906.00000000
2018-02-26 02:16:59,0.00000417,4522.00000000
2018-02-26 02:17:02,0.00000417,59952.00000000
2018-02-26 02:17:04,0.00000418,199288.00000000
2018-02-26 02:17:05,0.00000418,701.00000000
2018-02-26 02:17:09,0.00000418,1289.00000000
2018-02-26 02:17:17,0.00000418,537739.00000000
2018-02-26 02:17:18,0.00000418,701.00000000
2018-02-26 02:17:18,0.00000417,31469.00000000
2018-02-26 02:17:23,0.00000417,700.00000000
2018-02-26 02:17:33,0.00000417,701.00000000
2018-02-26 02:17:45,0.00000417,1483.00000000
2018-02-26 02:17:46,0.00000418,1900.00000000
2018-02-26 02:17:48,0.00000417,2874.00000000
2018-02-26 02:17:48,0.00000418,701.00000000
2018-02-26 02:17:48,0.00000418,37.00000000
2018-02-26 02:17:49,0.00000417,1000.00000000
2018-02-26 02:17:54,0.00000417,700.00000000
2018-02-26 02:18:01,0.00000417,178820.00000000
2018-02-26 02:18:01,0.00000417,1170.00000000
2018-02-26 02:18:03,0.00000417,1209.00000000
2018-02-26 02:18:06,0.00000417,1618.00000000
2018-02-26 02:18:09,0.00000418,1010.00000000
2018-02-26 02:18:09,0.00000417,4792.00000000
2018-02-26 02:18:09,0.00000417,500.00000000
2018-02-26 02:18:11,0.00000417,3147.00000000
2018-02-26 02:18:17,0.00000417,10000.00000000
2018-02-26 02:18:31,0.00000417,73238.00000000
2018-02-26 02:18:31,0.00000417,17334.00000000
2018-02-26 02:18:32,0.00000417,3000.00000000
2018-02-26 02:18:40,0.00000418,300.00000000
2018-02-26 02:18:52,0.00000418,864018.00000000
2018-02-26 02:18:52,0.00000418,6087.00000000
2018-02-26 02:18:52,0.00000418,76627.00000000
2018-02-26 02:18:53,0.00000418,10000.00000000
2018-02-26 02:18:54,0.00000418,256.00000000
2018-02-26 02:18:54,0.00000418,3329.00000000
2018-02-26 02:18:55,0.00000418,2592.00000000
2018-02-26 02:18:55,0.00000418,878.00000000
2018-02-26 02:18:56,0.00000418,1370.00000000
2018-02-26 02:18:56,0.00000418,13424.00000000
2018-02-26 02:18:56,0.00000418,13424.00000000
2018-02-26 02:18:56,0.00000418,1000.00000000
2018-02-26 02:18:56,0.00000418,1211.00000000
2018-02-26 02:18:56,0.00000418,744.00000000
2018-02-26 02:18:57,0.00000418,3119.00000000
2018-02-26 02:18:58,0.00000419,172179.00000000
2018-02-26 02:18:59,0.00000418,1421.00000000
2018-02-26 02:19:12,0.00000418,300.00000000
2018-02-26 02:19:14,0.00000418,300.00000000
2018-02-26 02:19:21,0.00000418,684.00000000
2018-02-26 02:19:21,0.00000418,999.00000000
2018-02-26 02:19:22,0.00000418,600.00000000
2018-02-26 02:19:24,0.00000418,300.00000000
2018-02-26 02:19:28,0.00000418,960.00000000
2018-02-26 02:19:29,0.00000418,1012.00000000
2018-02-26 02:19:35,0.00000419,2386.00000000
2018-02-26 02:19:35,0.00000418,1838.00000000
2018-02-26 02:19:36,0.00000418,23923.00000000
2018-02-26 02:19:36,0.00000418,28682.00000000
2018-02-26 02:19:42,0.00000418,525.00000000
2018-02-26 02:19:43,0.00000418,21074.00000000
2018-02-26 02:19:49,0.00000418,6577.00000000
2018-02-26 02:19:49,0.00000418,4506.00000000
2018-02-26 02:19:56,0.00000418,3308.00000000
2018-02-26 02:20:22,0.00000418,312.00000000
2018-02-26 02:20:29,0.00000418,104478.00000000
2018-02-26 02:20:33,0.00000418,463.00000000
2018-02-26 02:20:39,0.00000418,282.00000000
2018-02-26 02:20:39,0.00000418,22118.00000000
2018-02-26 02:20:41,0.00000419,2392.00000000
2018-02-26 02:20:47,0.00000418,1586.00000000
2018-02-26 02:20:51,0.00000418,300.00000000
2018-02-26 02:20:52,0.00000418,2392.00000000
2018-02-26 02:20:53,0.00000418,2386.00000000
2018-02-26 02:20:53,0.00000418,300.00000000
2018-02-26 02:20:56,0.00000418,1290.00000000
2018-02-26 02:20:58,0.00000418,2392.00000000
2018-02-26 02:21:00,0.00000418,2392.00000000
2018-02-26 02:21:00,0.00000418,2392.00000000
2018-02-26 02:21:01,0.00000418,5126.00000000
2018-02-26 02:21:01,0.00000418,2392.00000000
2018-02-26 02:21:17,0.00000418,558.00000000
2018-02-26 02:21:18,0.00000418,480.00000000
2018-02-26 02:21:19,0.00000418,962.00000000
2018-02-26 02:21:19,0.00000418,3223.00000000
2018-02-26 02:21:20,0.00000418,191245.00000000
2018-02-26 02:21:21,0.00000418,300.00000000
2018-02-26 02:21:23,0.00000418,300.00000000
2018-02-26 02:21:24,0.00000419,100.00000000
2018-02-26 02:21:25,0.00000418,4950.00000000
2018-02-26 02:21:27,0.00000418,600.00000000
2018-02-26 02:21:30,0.00000418,300.00000000
2018-02-26 02:21:35,0.00000418,3450.00000000
2018-02-26 02:21:38,0.00000418,150.00000000
2018-02-26 02:21:38,0.00000418,1621.00000000
2018-02-26 02:21:45,0.00000418,1955.00000000
2018-02-26 02:21:46,0.00000417,872026.00000000
2018-02-26 02:21:50,0.00000417,3634.00000000
2018-02-26 02:21:50,0.00000417,6224.00000000
2018-02-26 02:21:51,0.00000417,1021.00000000
2018-02-26 02:21:52,0.00000418,7035.00000000
2018-02-26 02:21:55,0.00000418,112400.00000000
2018-02-26 02:21:58,0.00000418,386.00000000
2018-02-26 02:21:58,0.00000418,10334.00000000
2018-02-26 02:22:07,0.00000418,187257.00000000
2018-02-26 02:22:09,0.00000418,2802.00000000
2018-02-26 02:22:13,0.00000418,3469.00000000
2018-02-26 02:22:43,0.00000417,300.00000000
2018-02-26 02:22:50,0.00000417,300.00000000
2018-02-26 02:22:55,0.00000417,134918.00000000
2018-02-26 02:22:58,0.00000417,603.00000000
2018-02-26 02:23:01,0.00000417,200.00000000
2018-02-26 02:23:12,0.00000418,17401.00000000
2018-02-26 02:23:31,0.00000418,6234.00000000
2018-02-26 02:23:32,0.00000417,4418.00000000
2018-02-26 02:23:34,0.00000418,27533.00000000
2018-02-26 02:23:48,0.00000418,17022.00000000
2018-02-26 02:23:52,0.00000417,111021.00000000
2018-02-26 02:23:53,0.00000418,1059.00000000
2018-02-26 02:23:55,0.00000418,3081.00000000
2018-02-26 02:24:15,0.00000418,73503.00000000
2018-02-26 02:24:15,0.00000418,300.00000000
2018-02-26 02:24:19,0.00000417,3465.00000000
2018-02-26 02:24:24,0.00000417,500.00000000
2018-02-26 02:24:27,0.00000418,300.00000000
2018-02-26 02:24:27,0.00000417,501.00000000
2018-02-26 02:24:43,0.00000417,155286.00000000
2018-02-26 02:24:47,0.00000417,7751.00000000
2018-02-26 02:24:56,0.00000418,5.00000000
2018-02-26 02:24:58,0.00000417,632.00000000
2018-02-26 02:25:00,0.00000417,16931.00000000
2018-02-26 02:25:05,0.00000417,2674.00000000
2018-02-26 02:25:09,0.00000417,8265.00000000
2018-02-26 02:25:11,0.00000417,352.00000000
2018-02-26 02:25:15,0.00000417,1180.00000000
2018-02-26 02:25:16,0.00000417,4214.00000000
2018-02-26 02:25:16,0.00000417,18570.00000000
2018-02-26 02:25:19,0.00000417,3894.00000000
2018-02-26 02:25:25,0.00000417,337.00000000
2018-02-26 02:25:29,0.00000417,497.00000000
2018-02-26 02:25:33,0.00000417,116139.00000000
2018-02-26 02:25:37,0.00000417,343.00000000
2018-02-26 02:25:43,0.00000417,421.00000000
2018-02-26 02:25:46,0.00000418,17489.00000000
2018-02-26 02:25:49,0.00000418,1.00000000
2018-02-26 02:25:53,0.00000417,1998.00000000
2018-02-26 02:25:59,0.00000417,368.00000000
2018-02-26 02:26:02,0.00000418,13393.00000000
2018-02-26 02:26:03,0.00000417,214821.00000000
2018-02-26 02:26:03,0.00000417,1041.00000000
2018-02-26 02:26:04,0.00000417,598.00000000
2018-02-26 02:26:17,0.00000417,2534.00000000
2018-02-26 02:26:17,0.00000418,13093.00000000
2018-02-26 02:26:18,0.00000416,63.00000000
2018-02-26 02:26:23,0.00000418,40.00000000
2018-02-26 02:26:24,0.00000417,387241.00000000
2018-02-26 02:26:29,0.00000417,23622.00000000
2018-02-26 02:26:29,0.00000417,3179.00000000
2018-02-26 02:26:35,0.00000417,1202.00000000
2018-02-26 02:26:36,0.00000417,23980.00000000
2018-02-26 02:26:37,0.00000417,324.00000000
2018-02-26 02:26:39,0.00000417,126143.00000000
2018-02-26 02:26:43,0.00000417,1916.00000000
2018-02-26 02:27:03,0.00000416,1536.00000000
2018-02-26 02:27:07,0.00000417,21.00000000
2018-02-26 02:27:17,0.00000417,147725.00000000
2018-02-26 02:27:17,0.00000417,3176.00000000
2018-02-26 02:27:18,0.00000416,999.00000000
2018-02-26 02:27:21,0.00000417,13.00000000
2018-02-26 02:27:24,0.00000417,6966.00000000
2018-02-26 02:27:30,0.00000417,28694.00000000
2018-02-26 02:27:32,0.00000417,802.00000000
2018-02-26 02:27:33,0.00000417,806.00000000
2018-02-26 02:27:36,0.00000417,6319.00000000
2018-02-26 02:27:36,0.00000417,174578.00000000
2018-02-26 02:27:44,0.00000417,2084.00000000
2018-02-26 02:27:50,0.00000416,380.00000000
2018-02-26 02:27:51,0.00000417,885.00000000
2018-02-26 02:27:52,0.00000416,300.00000000
2018-02-26 02:27:52,0.00000416,3411.00000000
2018-02-26 02:27:59,0.00000416,56945.00000000
2018-02-26 02:28:01,0.00000417,180478.00000000
2018-02-26 02:28:02,0.00000417,300.00000000
2018-02-26 02:28:03,0.00000417,9557.00000000
2018-02-26 02:28:04,0.00000417,300.00000000
2018-02-26 02:28:08,0.00000417,300.00000000
2018-02-26 02:28:08,0.00000416,4596.00000000
2018-02-26 02:28:12,0.00000417,300.00000000
2018-02-26 02:28:13,0.00000416,528888.00000000
2018-02-26 02:28:21,0.00000417,300.00000000
2018-02-26 02:28:25,0.00000416,148.00000000
2018-02-26 02:28:28,0.00000416,5712.00000000
2018-02-26 02:28:35,0.00000416,101371.00000000
2018-02-26 02:28:36,0.00000417,1113.00000000
2018-02-26 02:28:37,0.00000417,2398.00000000
2018-02-26 02:28:42,0.00000417,3988.00000000
2018-02-26 02:28:44,0.00000417,87603.00000000
2018-02-26 02:28:48,0.00000417,300.00000000
2018-02-26 02:28:53,0.00000416,6.00000000
2018-02-26 02:28:56,0.00000417,186146.00000000
2018-02-26 02:28:57,0.00000417,4914.00000000
2018-02-26 02:29:00,0.00000416,1000.00000000
2018-02-26 02:29:04,0.00000417,300.00000000
2018-02-26 02:29:07,0.00000416,1026.00000000
2018-02-26 02:29:08,0.00000416,861.00000000
2018-02-26 02:29:17,0.00000417,24038.00000000
2018-02-26 02:29:39,0.00000417,300.00000000
2018-02-26 02:29:41,0.00000417,16515.00000000
2018-02-26 02:29:41,0.00000418,23213.00000000
2018-02-26 02:29:49,0.00000417,900.00000000
2018-02-26 02:29:49,0.00000416,6786.00000000
2018-02-26 02:29:50,0.00000418,190497.00000000
2018-02-26 02:29:56,0.00000417,600.00000000
2018-02-26 02:29:56,0.00000418,1959.00000000
2018-02-26 02:29:58,0.00000417,300.00000000
2018-02-26 02:30:04,0.00000417,9758.00000000
2018-02-26 02:30:16,0.00000418,25486.00000000
2018-02-26 02:30:18,0.00000418,8414.00000000
2018-02-26 02:30:23,0.00000417,753.00000000
2018-02-26 02:30:24,0.00000418,692.00000000
2018-02-26 02:30:29,0.00000417,2561.00000000
2018-02-26 02:30:31,0.00000417,4000.00000000
2018-02-26 02:30:49,0.00000418,169387.00000000
2018-02-26 02:30:53,0.00000418,7613.00000000
2018-02-26 02:30:53,0.00000418,479.00000000
2018-02-26 02:30:57,0.00000418,1.00000000
2018-02-26 02:31:00,0.00000417,1475.00000000
2018-02-26 02:31:02,0.00000418,762.00000000
2018-02-26 02:31:04,0.00000418,800.00000000
2018-02-26 02:31:09,0.00000418,2635.00000000
2018-02-26 02:31:10,0.00000418,571409.00000000
2018-02-26 02:31:14,0.00000418,231.00000000
2018-02-26 02:31:29,0.00000417,22862.00000000
2018-02-26 02:31:30,0.00000418,66863.00000000
2018-02-26 02:31:31,0.00000418,2919.00000000
2018-02-26 02:31:33,0.00000418,71924.00000000
2018-02-26 02:31:36,0.00000418,41.00000000
2018-02-26 02:31:37,0.00000418,1885.00000000
2018-02-26 02:31:43,0.00000417,146.00000000
2018-02-26 02:31:45,0.00000418,5724.00000000
2018-02-26 02:31:59,0.00000418,300.00000000
2018-02-26 02:32:02,0.00000418,300.00000000
2018-02-26 02:32:02,0.00000418,41977.00000000
2018-02-26 02:32:05,0.00000418,9965.00000000
2018-02-26 02:32:13,0.00000418,473.00000000
2018-02-26 02:32:13,0.00000418,2509.00000000
2018-02-26 02:32:20,0.00000418,928.00000000
2018-02-26 02:32:20,0.00000418,109615.00000000
2018-02-26 02:32:27,0.00000417,15612.00000000
2018-02-26 02:32:32,0.00000418,117.00000000
2018-02-26 02:32:35,0.00000418,389.00000000
2018-02-26 02:32:49,0.00000418,1625.00000000
2018-02-26 02:32:51,0.00000417,33866.00000000
2018-02-26 02:33:00,0.00000417,1310.00000000
2018-02-26 02:33:05,0.00000418,1000.00000000
2018-02-26 02:33:07,0.00000418,6793.00000000
2018-02-26 02:33:08,0.00000418,199837.00000000
2018-02-26 02:33:12,0.00000418,27401.00000000
2018-02-26 02:33:13,0.00000417,300.00000000
2018-02-26 02:33:16,0.00000418,868.00000000
2018-02-26 02:33:19,0.00000418,250.00000000
2018-02-26 02:33:19,0.00000418,2.00000000
2018-02-26 02:33:20,0.00000418,23980.00000000
2018-02-26 02:33:20,0.00000418,8942.00000000
2018-02-26 02:33:26,0.00000417,1027.00000000
2018-02-26 02:33:26,0.00000418,357.00000000
2018-02-26 02:33:26,0.00000418,18426.00000000
2018-02-26 02:33:40,0.00000418,10473.00000000
2018-02-26 02:33:40,0.00000418,300.00000000
2018-02-26 02:33:48,0.00000417,231.00000000
2018-02-26 02:33:48,0.00000418,300.00000000
2018-02-26 02:33:49,0.00000418,78383.00000000
2018-02-26 02:33:56,0.00000418,10578.00000000
2018-02-26 02:34:05,0.00000418,29.00000000
2018-02-26 02:34:24,0.00000418,11961.00000000
2018-02-26 02:34:30,0.00000418,704.00000000
2018-02-26 02:34:34,0.00000418,1021.00000000
2018-02-26 02:34:38,0.00000417,10000.00000000
2018-02-26 02:34:38,0.00000418,1000.00000000
2018-02-26 02:34:38,0.00000418,171463.00000000
2018-02-26 02:34:48,0.00000418,2400.00000000
2018-02-26 02:34:48,0.00000418,12610.00000000
2018-02-26 02:34:50,0.00000418,9806.00000000
2018-02-26 02:34:50,0.00000418,2500.00000000
2018-02-26 02:34:50,0.00000418,67261.00000000
2018-02-26 02:35:00,0.00000418,95816.00000000
2018-02-26 02:35:00,0.00000417,8556.00000000
2018-02-26 02:35:19,0.00000418,3.00000000
2018-02-26 02:35:20,0.00000417,175432.00000000
2018-02-26 02:35:20,0.00000417,1500.00000000
2018-02-26 02:35:24,0.00000417,999.00000000
2018-02-26 02:35:26,0.00000417,2744.00000000
2018-02-26 02:35:32,0.00000417,2750.00000000
2018-02-26 02:35:34,0.00000418,91218.00000000
2018-02-26 02:35:38,0.00000417,431507.00000000
2018-02-26 02:35:43,0.00000418,5280.00000000
2018-02-26 02:35:43,0.00000417,1019.00000000
2018-02-26 02:35:50,0.00000417,1538.00000000
2018-02-26 02:35:51,0.00000417,4409.00000000
2018-02-26 02:35:57,0.00000417,3710.00000000
2018-02-26 02:36:01,0.00000418,161949.00000000
2018-02-26 02:36:09,0.00000417,2599.00000000
2018-02-26 02:36:11,0.00000418,21941.00000000
2018-02-26 02:36:22,0.00000417,300.00000000
2018-02-26 02:36:30,0.00000417,300.00000000
2018-02-26 02:36:36,0.00000418,124054.00000000
2018-02-26 02:36:37,0.00000418,2104.00000000
2018-02-26 02:36:42,0.00000418,2.00000000
2018-02-26 02:36:55,0.00000418,1425.00000000
2018-02-26 02:37:00,0.00000417,946.00000000
2018-02-26 02:37:01,0.00000417,300.00000000
2018-02-26 02:37:06,0.00000418,193724.00000000
2018-02-26 02:37:08,0.00000417,300.00000000
2018-02-26 02:37:10,0.00000417,22642.00000000
2018-02-26 02:37:14,0.00000418,3.00000000
2018-02-26 02:37:15,0.00000417,300.00000000
2018-02-26 02:37:21,0.00000417,800.00000000
2018-02-26 02:37:23,0.00000417,4885.00000000
2018-02-26 02:37:26,0.00000418,424.00000000
2018-02-26 02:37:26,0.00000418,2392.00000000
2018-02-26 02:37:31,0.00000417,200.00000000
2018-02-26 02:37:39,0.00000418,71488.00000000
2018-02-26 02:37:40,0.00000418,106.00000000
2018-02-26 02:37:46,0.00000417,251.00000000
2018-02-26 02:37:47,0.00000417,37040.00000000
2018-02-26 02:37:49,0.00000418,26.00000000
2018-02-26 02:37:53,0.00000417,28666.00000000
2018-02-26 02:38:02,0.00000417,7600.00000000
2018-02-26 02:38:06,0.00000418,141833.00000000
2018-02-26 02:38:07,0.00000417,300.00000000
2018-02-26 02:38:10,0.00000417,73429.00000000
2018-02-26 02:38:17,0.00000417,21993.00000000
2018-02-26 02:38:26,0.00000417,135765.00000000
2018-02-26 02:38:34,0.00000418,171371.00000000
2018-02-26 02:38:38,0.00000417,101823.00000000
2018-02-26 02:38:39,0.00000417,69794.00000000
2018-02-26 02:38:50,0.00000418,3.00000000
2018-02-26 02:38:57,0.00000418,94425.00000000
2018-02-26 02:39:01,0.00000417,7219.00000000
2018-02-26 02:39:18,0.00000417,305472.00000000
2018-02-26 02:39:25,0.00000418,67519.00000000
2018-02-26 02:39:45,0.00000418,11.00000000
2018-02-26 02:39:49,0.00000417,45337.00000000
2018-02-26 02:39:57,0.00000417,250000.00000000
2018-02-26 02:40:03,0.00000418,128246.00000000
2018-02-26 02:40:09,0.00000418,298.00000000
2018-02-26 02:40:16,0.00000418,701.00000000
2018-02-26 02:40:21,0.00000417,71852.00000000
2018-02-26 02:40:23,0.00000417,846.00000000
2018-02-26 02:40:26,0.00000418,100042.00000000
2018-02-26 02:40:26,0.00000417,701.00000000
2018-02-26 02:40:27,0.00000417,7432.00000000
2018-02-26 02:40:28,0.00000417,7392.00000000
2018-02-26 02:40:28,0.00000417,3.00000000
2018-02-26 02:40:29,0.00000417,2590.00000000
2018-02-26 02:40:30,0.00000417,1379.00000000
2018-02-26 02:40:30,0.00000417,2391.00000000
2018-02-26 02:40:31,0.00000417,7394.00000000
2018-02-26 02:40:32,0.00000417,4634.00000000
2018-02-26 02:40:33,0.00000417,24038.00000000
2018-02-26 02:40:33,0.00000417,45274.00000000
2018-02-26 02:40:34,0.00000417,2170.00000000
2018-02-26 02:40:35,0.00000417,1900.00000000
2018-02-26 02:40:35,0.00000417,338.00000000
2018-02-26 02:40:36,0.00000417,368.00000000
2018-02-26 02:40:45,0.00000417,105619.00000000
2018-02-26 02:40:45,0.00000417,3474.00000000
2018-02-26 02:40:46,0.00000418,5656.00000000
2018-02-26 02:40:47,0.00000418,701.00000000
2018-02-26 02:40:52,0.00000418,8389.00000000
2018-02-26 02:40:55,0.00000418,191244.00000000
2018-02-26 02:41:00,0.00000417,135292.00000000
2018-02-26 02:41:00,0.00000416,215173.00000000
2018-02-26 02:41:15,0.00000417,700.00000000
2018-02-26 02:41:22,0.00000418,27000.00000000
2018-02-26 02:41:26,0.00000418,145126.00000000
2018-02-26 02:41:28,0.00000417,1132.00000000
2018-02-26 02:41:30,0.00000418,6.00000000
2018-02-26 02:41:32,0.00000418,9433.00000000
2018-02-26 02:41:34,0.00000417,5864.00000000
2018-02-26 02:41:36,0.00000417,240.00000000
2018-02-26 02:41:40,0.00000417,400.00000000
2018-02-26 02:41:45,0.00000417,36870.00000000
2018-02-26 02:41:45,0.00000417,633.00000000
2018-02-26 02:41:45,0.00000417,33954.00000000
2018-02-26 02:41:48,0.00000417,23980.00000000
2018-02-26 02:41:48,0.00000417,8059.00000000
2018-02-26 02:41:53,0.00000418,20.00000000
2018-02-26 02:41:53,0.00000418,20.00000000
2018-02-26 02:41:54,0.00000418,68526.00000000
2018-02-26 02:41:56,0.00000417,5229.00000000
2018-02-26 02:42:03,0.00000418,20.00000000
2018-02-26 02:42:06,0.00000417,100.00000000
2018-02-26 02:42:07,0.00000417,886.00000000
2018-02-26 02:42:07,0.00000417,9226.00000000
2018-02-26 02:42:08,0.00000417,1199.00000000
2018-02-26 02:42:14,0.00000417,3000.00000000
2018-02-26 02:42:19,0.00000417,300.00000000
2018-02-26 02:42:20,0.00000417,1920.00000000
2018-02-26 02:42:22,0.00000418,91024.00000000
2018-02-26 02:42:22,0.00000417,300.00000000
2018-02-26 02:42:33,0.00000417,7500.00000000
2018-02-26 02:42:44,0.00000417,3603.00000000
2018-02-26 02:42:46,0.00000417,6500.00000000
2018-02-26 02:42:53,0.00000418,67145.00000000
2018-02-26 02:43:17,0.00000418,1119.00000000
2018-02-26 02:43:29,0.00000418,139711.00000000
2018-02-26 02:44:02,0.00000418,125000.00000000
2018-02-26 02:44:03,0.00000417,180.00000000
2018-02-26 02:44:06,0.00000418,1181.00000000
2018-02-26 02:44:07,0.00000417,300.00000000
2018-02-26 02:44:09,0.00000418,1609.00000000
2018-02-26 02:44:10,0.00000417,300.00000000
2018-02-26 02:44:16,0.00000417,22059.00000000
2018-02-26 02:44:21,0.00000418,106442.00000000
2018-02-26 02:44:21,0.00000418,300.00000000
2018-02-26 02:44:27,0.00000418,29.00000000
2018-02-26 02:44:32,0.00000418,2.00000000
2018-02-26 02:44:38,0.00000418,77369.00000000
2018-02-26 02:44:47,0.00000418,96496.00000000
2018-02-26 02:45:01,0.00000417,66521.00000000
2018-02-26 02:45:03,0.00000417,2244.00000000
2018-02-26 02:45:10,0.00000418,101072.00000000
2018-02-26 02:45:15,0.00000417,749.00000000
2018-02-26 02:45:16,0.00000417,30570.00000000
2018-02-26 02:45:21,0.00000417,2285.00000000
2018-02-26 02:45:29,0.00000418,1500.00000000
2018-02-26 02:45:48,0.00000418,87232.00000000
2018-02-26 02:45:48,0.00000418,891.00000000
2018-02-26 02:45:54,0.00000418,122921.00000000
2018-02-26 02:46:04,0.00000418,20972.00000000
2018-02-26 02:46:16,0.00000418,46076.00000000
2018-02-26 02:46:16,0.00000418,15931.00000000
2018-02-26 02:46:17,0.00000418,144861.00000000
2018-02-26 02:46:18,0.00000418,888.00000000
2018-02-26 02:46:49,0.00000418,1572.00000000
2018-02-26 02:46:55,0.00000418,98343.00000000
2018-02-26 02:47:05,0.00000418,5733.00000000
2018-02-26 02:47:06,0.00000417,3144.00000000
2018-02-26 02:47:06,0.00000418,19.00000000
2018-02-26 02:47:18,0.00000418,1200.00000000
2018-02-26 02:47:24,0.00000418,49344.00000000
2018-02-26 02:47:31,0.00000418,163657.00000000
2018-02-26 02:47:32,0.00000418,998.00000000
2018-02-26 02:47:51,0.00000418,9259.00000000
2018-02-26 02:47:57,0.00000418,5160.00000000
2018-02-26 02:47:58,0.00000418,20112.00000000
2018-02-26 02:48:01,0.00000418,168845.00000000
2018-02-26 02:48:04,0.00000418,14913.00000000
2018-02-26 02:48:13,0.00000418,25039.00000000
2018-02-26 02:48:19,0.00000418,2937.00000000
2018-02-26 02:48:21,0.00000418,10311.00000000
2018-02-26 02:48:25,0.00000418,178550.00000000
2018-02-26 02:48:25,0.00000417,593.00000000
2018-02-26 02:48:44,0.00000418,14849.00000000
2018-02-26 02:48:46,0.00000418,1544.00000000
2018-02-26 02:48:47,0.00000418,14849.00000000
2018-02-26 02:48:57,0.00000418,81819.00000000
2018-02-26 02:49:00,0.00000418,33756.00000000
2018-02-26 02:49:09,0.00000418,381.00000000
2018-02-26 02:49:30,0.00000418,71392.00000000
2018-02-26 02:49:36,0.00000417,101372.00000000
2018-02-26 02:49:48,0.00000417,10761.00000000
2018-02-26 02:49:56,0.00000418,92638.00000000
2018-02-26 02:50:10,0.00000417,300.00000000
2018-02-26 02:50:14,0.00000418,2719.00000000
2018-02-26 02:50:19,0.00000417,54919.00000000
2018-02-26 02:50:27,0.00000418,190432.00000000
2018-02-26 02:50:37,0.00000417,26977.00000000
2018-02-26 02:50:56,0.00000418,136232.00000000
2018-02-26 02:51:03,0.00000418,1000.00000000
2018-02-26 02:51:08,0.00000417,96399.00000000
2018-02-26 02:51:10,0.00000418,5882.00000000
2018-02-26 02:51:20,0.00000417,5681.00000000
2018-02-26 02:51:24,0.00000418,30500.00000000
2018-02-26 02:51:29,0.00000418,173474.00000000
2018-02-26 02:51:34,0.00000418,2197.00000000
2018-02-26 02:51:47,0.00000417,357.00000000
2018-02-26 02:51:57,0.00000417,63098.00000000
2018-02-26 02:51:57,0.00000418,2000.00000000
2018-02-26 02:52:00,0.00000418,153383.00000000
2018-02-26 02:52:02,0.00000418,20.00000000
2018-02-26 02:52:02,0.00000418,1615.00000000
2018-02-26 02:52:07,0.00000418,52791.00000000
2018-02-26 02:52:08,0.00000417,2934.00000000
2018-02-26 02:52:18,0.00000417,6677.00000000
2018-02-26 02:52:18,0.00000418,300.00000000
2018-02-26 02:52:22,0.00000418,300.00000000
2018-02-26 02:52:31,0.00000418,6220.00000000
2018-02-26 02:52:36,0.00000418,170358.00000000
2018-02-26 02:52:40,0.00000417,300.00000000
2018-02-26 02:52:59,0.00000418,51.00000000
2018-02-26 02:53:00,0.00000417,5000.00000000
2018-02-26 02:53:01,0.00000417,2387.00000000
2018-02-26 02:53:03,0.00000417,9250.00000000
2018-02-26 02:53:04,0.00000418,2497.00000000
2018-02-26 02:53:06,0.00000418,4.00000000
2018-02-26 02:53:11,0.00000418,113610.00000000
2018-02-26 02:53:17,0.00000417,10157.00000000
2018-02-26 02:53:28,0.00000417,22251.00000000
2018-02-26 02:53:29,0.00000418,2392.00000000
2018-02-26 02:53:33,0.00000417,7418.00000000
2018-02-26 02:53:43,0.00000418,189116.00000000
2018-02-26 02:53:44,0.00000417,10502.00000000
2018-02-26 02:53:54,0.00000418,1414.00000000
2018-02-26 02:53:55,0.00000417,994.00000000
2018-02-26 02:54:17,0.00000417,422.00000000
2018-02-26 02:54:22,0.00000418,152806.00000000
2018-02-26 02:54:38,0.00000418,2452.00000000
2018-02-26 02:54:40,0.00000417,2401.00000000
2018-02-26 02:54:40,0.00000417,1715.00000000
2018-02-26 02:54:52,0.00000418,103.00000000
2018-02-26 02:54:52,0.00000418,101857.00000000
2018-02-26 02:55:01,0.00000417,99421.00000000
2018-02-26 02:55:02,0.00000418,8281.00000000
2018-02-26 02:55:08,0.00000417,46408.00000000
2018-02-26 02:55:17,0.00000418,102672.00000000
2018-02-26 02:55:22,0.00000418,2883.00000000
2018-02-26 02:55:41,0.00000418,3.00000000
2018-02-26 02:55:42,0.00000418,72689.00000000
2018-02-26 02:55:42,0.00000418,8307.00000000
2018-02-26 02:55:47,0.00000417,3805.00000000
2018-02-26 02:55:48,0.00000418,71211.00000000
2018-02-26 02:55:49,0.00000418,714.00000000
2018-02-26 02:56:00,0.00000417,103.00000000
2018-02-26 02:56:02,0.00000417,43560.00000000
2018-02-26 02:56:03,0.00000418,52.00000000
2018-02-26 02:56:05,0.00000417,1784.00000000
2018-02-26 02:56:07,0.00000417,3833.00000000
2018-02-26 02:56:21,0.00000418,191102.00000000
2018-02-26 02:56:31,0.00000418,2392.00000000
2018-02-26 02:56:40,0.00000418,2250.00000000
2018-02-26 02:56:49,0.00000418,32801.00000000
2018-02-26 02:56:52,0.00000418,71183.00000000
2018-02-26 02:56:55,0.00000418,20702.00000000
2018-02-26 02:56:55,0.00000418,8969.00000000
2018-02-26 02:56:55,0.00000418,47752.00000000
2018-02-26 02:56:56,0.00000418,23923.00000000
2018-02-26 02:56:56,0.00000418,45974.00000000
2018-02-26 02:57:01,0.00000418,300.00000000
2018-02-26 02:57:01,0.00000417,17525.00000000
2018-02-26 02:57:03,0.00000418,2576.00000000
2018-02-26 02:57:04,0.00000418,6754.00000000
2018-02-26 02:57:04,0.00000418,103.00000000
2018-02-26 02:57:04,0.00000418,300.00000000
2018-02-26 02:57:07,0.00000417,37452.00000000
2018-02-26 02:57:18,0.00000417,103.00000000
2018-02-26 02:57:22,0.00000417,2903.00000000
2018-02-26 02:57:23,0.00000418,250.00000000
2018-02-26 02:57:25,0.00000418,102.00000000
2018-02-26 02:57:31,0.00000418,72926.00000000
2018-02-26 02:57:37,0.00000418,500.00000000
2018-02-26 02:57:44,0.00000418,999762.00000000
2018-02-26 02:57:44,0.00000418,1929.00000000
2018-02-26 02:57:44,0.00000418,5178.00000000
2018-02-26 02:57:54,0.00000417,2248.00000000
2018-02-26 02:57:56,0.00000418,719.00000000
2018-02-26 02:58:01,0.00000418,332.00000000
2018-02-26 02:58:03,0.00000418,28548.00000000
2018-02-26 02:58:08,0.00000418,177780.00000000
2018-02-26 02:58:09,0.00000417,102.00000000
2018-02-26 02:58:13,0.00000418,300.00000000
2018-02-26 02:58:20,0.00000417,4968.00000000
2018-02-26 02:58:33,0.00000417,1684.00000000
2018-02-26 02:58:35,0.00000417,5054.00000000
2018-02-26 02:58:39,0.00000418,42.00000000
2018-02-26 02:58:46,0.00000418,149295.00000000
2018-02-26 02:58:52,0.00000418,1900.00000000
2018-02-26 02:58:53,0.00000417,1495.00000000
2018-02-26 02:58:54,0.00000417,1104.00000000
2018-02-26 02:58:59,0.00000418,102.00000000
2018-02-26 02:59:01,0.00000418,14757.00000000
2018-02-26 02:59:06,0.00000418,334667.00000000
2018-02-26 02:59:09,0.00000417,300.00000000
2018-02-26 02:59:15,0.00000417,2888.00000000
2018-02-26 02:59:16,0.00000418,100.00000000
2018-02-26 02:59:19,0.00000418,300.00000000
2018-02-26 02:59:24,0.00000417,102.00000000
2018-02-26 02:59:24,0.00000418,23052.00000000
2018-02-26 02:59:30,0.00000419,111197.00000000
2018-02-26 02:59:31,0.00000418,2613.00000000
2018-02-26 02:59:32,0.00000419,300.00000000
2018-02-26 02:59:37,0.00000418,408.00000000
2018-02-26 02:59:41,0.00000419,801.00000000
2018-02-26 02:59:44,0.00000418,25000.00000000
2018-02-26 02:59:50,0.00000419,300.00000000
2018-02-26 02:59:51,0.00000418,83321.00000000
2018-02-26 02:59:53,0.00000418,380.00000000
2018-02-26 02:59:56,0.00000418,300.00000000
2018-02-26 02:59:58,0.00000418,7178.00000000
2018-02-26 02:59:59,0.00000418,4737.00000000
