DATE,PRICE,VOLUME
2018-02-25 00:00:05,0.00000420,8248.00000000
2018-02-25 00:00:10,0.00000421,343.00000000
2018-02-25 00:00:14,0.00000421,8696.00000000
2018-02-25 00:00:15,0.00000421,2899.00000000
2018-02-25 00:00:17,0.00000420,5464.00000000
2018-02-25 00:00:20,0.00000420,69957.00000000
2018-02-25 00:00:23,0.00000421,78029.00000000
2018-02-25 00:00:29,0.00000420,57625.00000000
2018-02-25 00:00:29,0.00000420,13004.00000000
2018-02-25 00:00:30,0.00000420,700.00000000
2018-02-25 00:00:36,0.00000420,9690.00000000
2018-02-25 00:00:36,0.00000420,19455.00000000
2018-02-25 00:00:49,0.00000421,1000.00000000
2018-02-25 00:00:56,0.00000420,754.00000000
2018-02-25 00:01:02,0.00000421,2375.00000000
2018-02-25 00:01:06,0.00000421,6.00000000
2018-02-25 00:01:18,0.00000420,9350.00000000
2018-02-25 00:01:24,0.00000420,49.00000000
2018-02-25 00:01:25,0.00000421,146556.00000000
2018-02-25 00:01:26,0.00000420,4667.00000000
2018-02-25 00:01:27,0.00000420,726.00000000
2018-02-25 00:01:27,0.00000421,61367.00000000
2018-02-25 00:01:28,0.00000421,49.00000000
2018-02-25 00:01:29,0.00000420,13554.00000000
2018-02-25 00:01:36,0.00000420,6283.00000000
2018-02-25 00:01:49,0.00000420,74.00000000
2018-02-25 00:01:49,0.00000420,1000.00000000
2018-02-25 00:01:52,0.00000420,194484.00000000
2018-02-25 00:01:55,0.00000421,73.00000000
2018-02-25 00:01:55,0.00000420,2624.00000000
2018-02-25 00:01:56,0.00000420,11583.00000000
2018-02-25 00:01:58,0.00000420,5000.00000000
2018-02-25 00:02:02,0.00000421,107.00000000
2018-02-25 00:02:05,0.00000420,628424.00000000
2018-02-25 00:02:05,0.00000420,11757.00000000
2018-02-25 00:02:07,0.00000420,39038.00000000
2018-02-25 00:02:10,0.00000420,15027.00000000
2018-02-25 00:02:12,0.00000419,311.00000000
2018-02-25 00:02:13,0.00000419,112758.00000000
2018-02-25 00:02:18,0.00000420,2023.00000000
2018-02-25 00:02:21,0.00000420,3695.00000000
2018-02-25 00:02:33,0.00000420,194.00000000
2018-02-25 00:02:36,0.00000420,201.00000000
2018-02-25 00:02:40,0.00000420,29000.00000000
2018-02-25 00:02:41,0.00000420,10985.00000000
2018-02-25 00:02:51,0.00000419,26944.00000000
2018-02-25 00:02:57,0.00000420,1000.00000000
2018-02-25 00:02:58,0.00000420,1000.00000000
2018-02-25 00:02:58,0.00000419,100.00000000
2018-02-25 00:02:58,0.00000419,479.00000000
2018-02-25 00:03:02,0.00000419,721.00000000
2018-02-25 00:03:03,0.00000419,6048.00000000
2018-02-25 00:03:04,0.00000419,37439.00000000
2018-02-25 00:03:07,0.00000419,18861.00000000
2018-02-25 00:03:15,0.00000419,256.00000000
2018-02-25 00:03:20,0.00000420,3175.00000000
2018-02-25 00:03:21,0.00000419,28570.00000000
2018-02-25 00:03:25,0.00000420,94110.00000000
2018-02-25 00:03:26,0.00000419,1169.00000000
2018-02-25 00:03:26,0.00000419,26655.00000000
2018-02-25 00:03:35,0.00000420,1253.00000000
2018-02-25 00:03:36,0.00000420,12158.00000000
2018-02-25 00:03:39,0.00000420,1247.00000000
2018-02-25 00:03:42,0.00000420,17220.00000000
2018-02-25 00:03:55,0.00000419,225296.00000000
2018-02-25 00:03:55,0.00000420,8619.00000000
2018-02-25 00:03:56,0.00000420,2000.00000000
2018-02-25 00:03:56,0.00000420,119194.00000000
2018-02-25 00:03:57,0.00000420,7777.00000000
2018-02-25 00:04:00,0.00000419,34250.00000000
2018-02-25 00:04:04,0.00000420,7500.00000000
2018-02-25 00:04:08,0.00000419,3691.00000000
2018-02-25 00:04:11,0.00000420,400.00000000
2018-02-25 00:04:14,0.00000420,1140.00000000
2018-02-25 00:04:22,0.00000420,44349.00000000
2018-02-25 00:04:29,0.00000420,1626.00000000
2018-02-25 00:04:30,0.00000419,98.00000000
2018-02-25 00:04:46,0.00000419,34950.00000000
2018-02-25 00:04:47,0.00000419,10015.00000000
2018-02-25 00:04:49,0.00000420,9800.00000000
2018-02-25 00:04:52,0.00000419,973.00000000
2018-02-25 00:04:53,0.00000420,12640.00000000
2018-02-25 00:04:57,0.00000419,135608.00000000
2018-02-25 00:05:03,0.00000420,1000.00000000
2018-02-25 00:05:04,0.00000419,4147.00000000
2018-02-25 00:05:05,0.00000420,2110.00000000
2018-02-25 00:05:06,0.00000420,409.00000000
2018-02-25 00:05:07,0.00000420,2028.00000000
2018-02-25 00:05:07,0.00000420,1495.00000000
2018-02-25 00:05:08,0.00000420,34869.00000000
2018-02-25 00:05:09,0.00000420,717.00000000
2018-02-25 00:05:09,0.00000420,3500.00000000
2018-02-25 00:05:12,0.00000419,17422.00000000
2018-02-25 00:05:12,0.00000420,250.00000000
2018-02-25 00:05:13,0.00000420,1200.00000000
2018-02-25 00:05:13,0.00000419,250.00000000
2018-02-25 00:05:23,0.00000420,18759.00000000
2018-02-25 00:05:24,0.00000420,300.00000000
2018-02-25 00:05:24,0.00000420,939.00000000
2018-02-25 00:05:50,0.00000419,1740.00000000
2018-02-25 00:05:54,0.00000420,157979.00000000
2018-02-25 00:05:57,0.00000420,6297.00000000
2018-02-25 00:06:00,0.00000420,400.00000000
2018-02-25 00:06:00,0.00000420,13380.00000000
2018-02-25 00:06:06,0.00000419,10708.00000000
2018-02-25 00:06:14,0.00000419,199.00000000
2018-02-25 00:06:26,0.00000419,57597.00000000
2018-02-25 00:06:27,0.00000420,16726.00000000
2018-02-25 00:06:28,0.00000419,100503.00000000
2018-02-25 00:06:30,0.00000420,686.00000000
2018-02-25 00:06:40,0.00000419,125899.00000000
2018-02-25 00:06:44,0.00000420,13617.00000000
2018-02-25 00:06:44,0.00000419,59459.00000000
2018-02-25 00:06:45,0.00000419,3750.00000000
2018-02-25 00:06:50,0.00000419,100.00000000
2018-02-25 00:06:50,0.00000420,1846.00000000
2018-02-25 00:06:58,0.00000420,430.00000000
2018-02-25 00:07:01,0.00000420,10.00000000
2018-02-25 00:07:04,0.00000419,6932.00000000
2018-02-25 00:07:09,0.00000419,124568.00000000
2018-02-25 00:07:09,0.00000420,1838.00000000
2018-02-25 00:07:11,0.00000419,94104.00000000
2018-02-25 00:07:20,0.00000420,40706.00000000
2018-02-25 00:07:30,0.00000419,128794.00000000
2018-02-25 00:07:32,0.00000420,138410.00000000
2018-02-25 00:07:33,0.00000420,247.00000000
2018-02-25 00:07:57,0.00000419,1129.00000000
2018-02-25 00:08:04,0.00000420,635.00000000
2018-02-25 00:08:04,0.00000419,7963.00000000
2018-02-25 00:08:08,0.00000419,39206.00000000
2018-02-25 00:08:08,0.00000419,4293.00000000
2018-02-25 00:08:13,0.00000420,548.00000000
2018-02-25 00:08:16,0.00000419,450792.00000000
2018-02-25 00:08:16,0.00000419,19031.00000000
2018-02-25 00:08:16,0.00000419,20192.00000000
2018-02-25 00:08:17,0.00000419,19071.00000000
2018-02-25 00:08:17,0.00000419,7000.00000000
2018-02-25 00:08:18,0.00000419,34443.00000000
2018-02-25 00:08:18,0.00000419,1000.00000000
2018-02-25 00:08:18,0.00000419,23725.00000000
2018-02-25 00:08:23,0.00000418,38094.00000000
2018-02-25 00:08:30,0.00000419,1000.00000000
2018-02-25 00:08:31,0.00000419,20012.00000000
2018-02-25 00:08:31,0.00000419,2387.00000000
2018-02-25 00:08:34,0.00000419,23879.00000000
2018-02-25 00:08:34,0.00000419,4988.00000000
2018-02-25 00:08:37,0.00000418,7726.00000000
2018-02-25 00:08:38,0.00000419,825.00000000
2018-02-25 00:08:40,0.00000419,11.00000000
2018-02-25 00:08:44,0.00000419,1349.00000000
2018-02-25 00:08:50,0.00000419,3245.00000000
2018-02-25 00:08:52,0.00000419,544.00000000
2018-02-25 00:08:54,0.00000419,1129.00000000
2018-02-25 00:08:55,0.00000419,2013.00000000
2018-02-25 00:08:57,0.00000419,22102.00000000
2018-02-25 00:08:57,0.00000419,14271.00000000
2018-02-25 00:08:57,0.00000419,2627.00000000
2018-02-25 00:09:07,0.00000419,500.00000000
2018-02-25 00:09:12,0.00000419,616.00000000
2018-02-25 00:09:17,0.00000419,1142.00000000
2018-02-25 00:09:17,0.00000419,6093.00000000
2018-02-25 00:09:21,0.00000418,153505.00000000
2018-02-25 00:09:21,0.00000419,20095.00000000
2018-02-25 00:09:23,0.00000419,8799.00000000
2018-02-25 00:09:28,0.00000418,791.00000000
2018-02-25 00:09:32,0.00000419,5336.00000000
2018-02-25 00:09:36,0.00000419,7192.00000000
2018-02-25 00:09:42,0.00000419,11097.00000000
2018-02-25 00:09:43,0.00000419,23923.00000000
2018-02-25 00:09:43,0.00000419,1149.00000000
2018-02-25 00:09:45,0.00000419,4110.00000000
2018-02-25 00:09:47,0.00000419,274.00000000
2018-02-25 00:09:48,0.00000419,8799.00000000
2018-02-25 00:09:48,0.00000418,440.00000000
2018-02-25 00:09:49,0.00000419,845.00000000
2018-02-25 00:09:52,0.00000419,21212.00000000
2018-02-25 00:09:53,0.00000419,11099.00000000
2018-02-25 00:09:54,0.00000419,4131.00000000
2018-02-25 00:09:54,0.00000418,3251.00000000
2018-02-25 00:09:55,0.00000419,4110.00000000
2018-02-25 00:09:56,0.00000419,2034.00000000
2018-02-25 00:09:57,0.00000419,8799.00000000
2018-02-25 00:10:00,0.00000419,43777.00000000
2018-02-25 00:10:01,0.00000419,100.00000000
2018-02-25 00:10:03,0.00000419,411.00000000
2018-02-25 00:10:04,0.00000419,2446.00000000
2018-02-25 00:10:06,0.00000419,7010.00000000
2018-02-25 00:10:06,0.00000418,69001.00000000
2018-02-25 00:10:10,0.00000419,821.00000000
2018-02-25 00:10:12,0.00000419,546.00000000
2018-02-25 00:10:19,0.00000419,2524.00000000
2018-02-25 00:10:20,0.00000419,8799.00000000
2018-02-25 00:10:30,0.00000419,2932.00000000
2018-02-25 00:10:33,0.00000419,1193.00000000
2018-02-25 00:10:36,0.00000419,8799.00000000
2018-02-25 00:10:51,0.00000419,2112.00000000
2018-02-25 00:10:51,0.00000419,2117.00000000
2018-02-25 00:10:51,0.00000419,2113.00000000
2018-02-25 00:10:51,0.00000418,2113.00000000
2018-02-25 00:10:57,0.00000418,164254.00000000
2018-02-25 00:10:59,0.00000418,2246.00000000
2018-02-25 00:10:59,0.00000419,8215.00000000
2018-02-25 00:11:11,0.00000418,24349.00000000
2018-02-25 00:11:18,0.00000418,526.00000000
2018-02-25 00:11:21,0.00000419,985.00000000
2018-02-25 00:11:26,0.00000418,1824.00000000
2018-02-25 00:11:26,0.00000419,735.00000000
2018-02-25 00:11:35,0.00000418,7535.00000000
2018-02-25 00:11:38,0.00000419,25000.00000000
2018-02-25 00:11:39,0.00000418,11462.00000000
2018-02-25 00:11:39,0.00000418,19266.00000000
2018-02-25 00:11:51,0.00000418,31133.00000000
2018-02-25 00:11:52,0.00000418,6087.00000000
2018-02-25 00:11:54,0.00000419,250.00000000
2018-02-25 00:11:54,0.00000419,76499.00000000
2018-02-25 00:12:04,0.00000419,3848.00000000
2018-02-25 00:12:04,0.00000419,58753.00000000
2018-02-25 00:12:09,0.00000418,50.00000000
2018-02-25 00:12:11,0.00000418,14446.00000000
2018-02-25 00:12:21,0.00000419,7250.00000000
2018-02-25 00:12:21,0.00000418,15176.00000000
2018-02-25 00:12:28,0.00000419,2483.00000000
2018-02-25 00:12:30,0.00000419,1149.00000000
2018-02-25 00:12:33,0.00000418,177240.00000000
2018-02-25 00:12:35,0.00000418,293.00000000
2018-02-25 00:12:36,0.00000418,2044.00000000
2018-02-25 00:12:36,0.00000419,4896.00000000
2018-02-25 00:12:50,0.00000419,410.00000000
2018-02-25 00:12:50,0.00000419,2361.00000000
2018-02-25 00:12:50,0.00000419,2109.00000000
2018-02-25 00:12:50,0.00000419,44442.00000000
2018-02-25 00:12:50,0.00000419,4682.00000000
2018-02-25 00:12:51,0.00000419,1204.00000000
2018-02-25 00:12:51,0.00000418,67541.00000000
2018-02-25 00:13:07,0.00000419,6560.00000000
2018-02-25 00:13:13,0.00000418,7083.00000000
2018-02-25 00:13:20,0.00000418,90539.00000000
2018-02-25 00:13:23,0.00000418,1000.00000000
2018-02-25 00:13:25,0.00000418,43947.00000000
2018-02-25 00:13:34,0.00000419,39300.00000000
2018-02-25 00:13:35,0.00000419,931.00000000
2018-02-25 00:13:35,0.00000419,105633.00000000
2018-02-25 00:13:36,0.00000419,1567.00000000
2018-02-25 00:13:38,0.00000418,9765.00000000
2018-02-25 00:13:46,0.00000418,1380.00000000
2018-02-25 00:13:54,0.00000418,44.00000000
2018-02-25 00:13:58,0.00000418,565.00000000
2018-02-25 00:14:02,0.00000418,6.00000000
2018-02-25 00:14:09,0.00000418,1217.00000000
2018-02-25 00:14:09,0.00000418,38834.00000000
2018-02-25 00:14:11,0.00000418,5281.00000000
2018-02-25 00:14:13,0.00000418,10752.00000000
2018-02-25 00:14:14,0.00000418,1839.00000000
2018-02-25 00:14:19,0.00000419,518.00000000
2018-02-25 00:14:22,0.00000419,1789.00000000
2018-02-25 00:14:23,0.00000418,104537.00000000
2018-02-25 00:14:27,0.00000418,5.00000000
2018-02-25 00:14:29,0.00000419,607.00000000
2018-02-25 00:14:29,0.00000419,2843.00000000
2018-02-25 00:14:30,0.00000419,1612.00000000
2018-02-25 00:14:30,0.00000419,773.00000000
2018-02-25 00:14:32,0.00000419,12117.00000000
2018-02-25 00:14:44,0.00000418,1518.00000000
2018-02-25 00:14:44,0.00000419,10128.00000000
2018-02-25 00:14:46,0.00000418,999.00000000
2018-02-25 00:14:52,0.00000419,2052.00000000
2018-02-25 00:14:58,0.00000418,1821.00000000
2018-02-25 00:15:12,0.00000419,58604.00000000
2018-02-25 00:15:13,0.00000419,998.00000000
2018-02-25 00:15:14,0.00000419,574.00000000
2018-02-25 00:15:14,0.00000418,1950.00000000
2018-02-25 00:15:14,0.00000418,50446.00000000
2018-02-25 00:15:15,0.00000419,2423.00000000
2018-02-25 00:15:20,0.00000419,715.00000000
2018-02-25 00:15:31,0.00000419,703.00000000
2018-02-25 00:15:39,0.00000418,76551.00000000
2018-02-25 00:15:44,0.00000419,500.00000000
2018-02-25 00:16:04,0.00000419,12.00000000
2018-02-25 00:16:05,0.00000419,94641.00000000
2018-02-25 00:16:11,0.00000418,2272.00000000
2018-02-25 00:16:14,0.00000418,303.00000000
2018-02-25 00:16:20,0.00000418,610.00000000
2018-02-25 00:16:28,0.00000419,336.00000000
2018-02-25 00:16:39,0.00000419,239.00000000
2018-02-25 00:16:41,0.00000418,5000.00000000
2018-02-25 00:16:43,0.00000419,4540.00000000
2018-02-25 00:16:49,0.00000419,52978.00000000
2018-02-25 00:16:58,0.00000418,155082.00000000
2018-02-25 00:17:01,0.00000418,1791.00000000
2018-02-25 00:17:02,0.00000418,3857.00000000
2018-02-25 00:17:03,0.00000418,1000.00000000
2018-02-25 00:17:05,0.00000418,600.00000000
2018-02-25 00:17:10,0.00000418,293.00000000
2018-02-25 00:17:11,0.00000418,5461.00000000
2018-02-25 00:17:13,0.00000419,280086.00000000
2018-02-25 00:17:17,0.00000419,355.00000000
2018-02-25 00:17:21,0.00000418,6093.00000000
2018-02-25 00:17:23,0.00000418,2363.00000000
2018-02-25 00:17:27,0.00000418,1298.00000000
2018-02-25 00:17:34,0.00000418,9678.00000000
2018-02-25 00:17:36,0.00000419,24908.00000000
2018-02-25 00:17:39,0.00000418,9835.00000000
2018-02-25 00:17:44,0.00000418,1691.00000000
2018-02-25 00:17:49,0.00000418,124479.00000000
2018-02-25 00:17:52,0.00000419,72646.00000000
2018-02-25 00:17:53,0.00000419,36759.00000000
2018-02-25 00:17:55,0.00000419,11000.00000000
2018-02-25 00:17:57,0.00000419,77835.00000000
2018-02-25 00:17:57,0.00000418,1170.00000000
2018-02-25 00:17:58,0.00000419,595.00000000
2018-02-25 00:17:59,0.00000419,1802.00000000
2018-02-25 00:18:04,0.00000419,9234.00000000
2018-02-25 00:18:11,0.00000419,1404.00000000
2018-02-25 00:18:11,0.00000419,13851.00000000
2018-02-25 00:18:20,0.00000419,13510.00000000
2018-02-25 00:18:25,0.00000419,32335.00000000
2018-02-25 00:18:28,0.00000419,1576.00000000
2018-02-25 00:18:31,0.00000419,3800.00000000
2018-02-25 00:18:49,0.00000418,104800.00000000
2018-02-25 00:18:50,0.00000419,13851.00000000
2018-02-25 00:18:53,0.00000419,31440.00000000
2018-02-25 00:18:55,0.00000419,1395.00000000
2018-02-25 00:18:56,0.00000419,3604.00000000
2018-02-25 00:18:57,0.00000419,7231.00000000
2018-02-25 00:19:00,0.00000419,5628.00000000
2018-02-25 00:19:01,0.00000418,17202.00000000
2018-02-25 00:19:54,0.00000419,61987.00000000
2018-02-25 00:19:58,0.00000418,3639.00000000
2018-02-25 00:20:08,0.00000419,11928.00000000
2018-02-25 00:20:08,0.00000419,325745.00000000
2018-02-25 00:20:09,0.00000419,11928.00000000
2018-02-25 00:20:09,0.00000418,43707.00000000
2018-02-25 00:20:14,0.00000418,10000.00000000
2018-02-25 00:20:22,0.00000419,471968.00000000
2018-02-25 00:20:23,0.00000420,5.00000000
2018-02-25 00:20:28,0.00000418,989.00000000
2018-02-25 00:20:29,0.00000419,1622.00000000
2018-02-25 00:20:35,0.00000419,1114.00000000
2018-02-25 00:20:38,0.00000418,500.00000000
2018-02-25 00:20:43,0.00000419,240.00000000
2018-02-25 00:20:44,0.00000419,5741.00000000
2018-02-25 00:20:45,0.00000419,4505.00000000
2018-02-25 00:20:47,0.00000419,244.00000000
2018-02-25 00:20:49,0.00000418,23.00000000
2018-02-25 00:20:51,0.00000419,15213.00000000
2018-02-25 00:20:55,0.00000418,3000.00000000
2018-02-25 00:21:05,0.00000418,3512.00000000
2018-02-25 00:21:08,0.00000418,71128.00000000
2018-02-25 00:21:08,0.00000418,49074.00000000
2018-02-25 00:21:10,0.00000419,49737.00000000
2018-02-25 00:21:13,0.00000418,101785.00000000
2018-02-25 00:21:15,0.00000419,1269.00000000
2018-02-25 00:21:16,0.00000419,13689.00000000
2018-02-25 00:21:25,0.00000418,7341.00000000
2018-02-25 00:21:29,0.00000419,500.00000000
2018-02-25 00:21:30,0.00000419,25056.00000000
2018-02-25 00:21:44,0.00000419,13921.00000000
2018-02-25 00:21:55,0.00000419,5000.00000000
2018-02-25 00:22:00,0.00000419,23000.00000000
2018-02-25 00:22:06,0.00000419,2.00000000
2018-02-25 00:22:09,0.00000419,130822.00000000
2018-02-25 00:22:11,0.00000418,2.00000000
2018-02-25 00:22:12,0.00000418,6900.00000000
2018-02-25 00:22:14,0.00000419,4164.00000000
2018-02-25 00:22:14,0.00000418,10810.00000000
2018-02-25 00:22:19,0.00000418,10.00000000
2018-02-25 00:22:21,0.00000419,403.00000000
2018-02-25 00:22:26,0.00000419,613.00000000
2018-02-25 00:22:29,0.00000419,2386.00000000
2018-02-25 00:22:29,0.00000419,4010.00000000
2018-02-25 00:22:32,0.00000419,4214.00000000
2018-02-25 00:22:34,0.00000419,105602.00000000
2018-02-25 00:22:35,0.00000418,500.00000000
2018-02-25 00:22:36,0.00000418,5002.00000000
2018-02-25 00:22:54,0.00000419,477.00000000
2018-02-25 00:22:55,0.00000419,104553.00000000
2018-02-25 00:23:23,0.00000418,56470.00000000
2018-02-25 00:23:38,0.00000419,250.00000000
2018-02-25 00:23:42,0.00000418,1150.00000000
2018-02-25 00:23:50,0.00000419,75753.00000000
2018-02-25 00:23:55,0.00000418,455.00000000
2018-02-25 00:23:58,0.00000418,1058.00000000
2018-02-25 00:23:59,0.00000418,9484.00000000
2018-02-25 00:24:05,0.00000418,34409.00000000
2018-02-25 00:24:08,0.00000418,9.00000000
2018-02-25 00:24:16,0.00000419,3630.00000000
2018-02-25 00:24:32,0.00000418,1366.00000000
2018-02-25 00:24:39,0.00000418,15964.00000000
2018-02-25 00:24:42,0.00000419,1121185.00000000
2018-02-25 00:24:42,0.00000419,102088.00000000
2018-02-25 00:24:43,0.00000419,1500.00000000
2018-02-25 00:24:48,0.00000419,4683.00000000
2018-02-25 00:24:52,0.00000419,3198.00000000
2018-02-25 00:24:59,0.00000420,192.00000000
2018-02-25 00:25:05,0.00000419,2000.00000000
2018-02-25 00:25:09,0.00000420,24974.00000000
2018-02-25 00:25:10,0.00000420,7492.00000000
2018-02-25 00:25:10,0.00000420,2497.00000000
2018-02-25 00:25:27,0.00000420,16833.00000000
2018-02-25 00:25:33,0.00000419,985.00000000
2018-02-25 00:25:33,0.00000419,862.00000000
2018-02-25 00:25:35,0.00000419,148624.00000000
2018-02-25 00:25:43,0.00000419,40000.00000000
2018-02-25 00:25:47,0.00000419,845.00000000
2018-02-25 00:25:51,0.00000419,204476.00000000
2018-02-25 00:26:12,0.00000418,2224.00000000
2018-02-25 00:26:13,0.00000418,1618.00000000
2018-02-25 00:26:14,0.00000418,1476.00000000
2018-02-25 00:26:20,0.00000419,574.00000000
2018-02-25 00:26:21,0.00000419,5046.00000000
2018-02-25 00:26:32,0.00000419,242.00000000
2018-02-25 00:26:34,0.00000419,1135.00000000
2018-02-25 00:26:35,0.00000418,824.00000000
2018-02-25 00:26:42,0.00000419,19.00000000
2018-02-25 00:26:42,0.00000419,150805.00000000
2018-02-25 00:27:02,0.00000419,32727.00000000
2018-02-25 00:27:11,0.00000418,300.00000000
2018-02-25 00:27:16,0.00000418,1726.00000000
2018-02-25 00:27:28,0.00000418,7345.00000000
2018-02-25 00:27:30,0.00000418,75805.00000000
2018-02-25 00:27:38,0.00000419,55224.00000000
2018-02-25 00:28:03,0.00000419,3575.00000000
2018-02-25 00:28:13,0.00000419,801.00000000
2018-02-25 00:28:15,0.00000419,5560.00000000
2018-02-25 00:28:21,0.00000418,67278.00000000
2018-02-25 00:28:31,0.00000418,27177.00000000
2018-02-25 00:28:44,0.00000418,647457.00000000
2018-02-25 00:28:49,0.00000419,5377.00000000
2018-02-25 00:28:55,0.00000418,610.00000000
2018-02-25 00:29:06,0.00000418,2756.00000000
2018-02-25 00:29:15,0.00000418,84291.00000000
2018-02-25 00:29:18,0.00000418,936.00000000
2018-02-25 00:29:21,0.00000418,8166.00000000
2018-02-25 00:29:30,0.00000419,7152.00000000
2018-02-25 00:29:30,0.00000419,5416.00000000
2018-02-25 00:29:31,0.00000419,22333.00000000
2018-02-25 00:29:31,0.00000419,23923.00000000
2018-02-25 00:29:31,0.00000419,13347.00000000
2018-02-25 00:29:32,0.00000419,7302.00000000
2018-02-25 00:29:41,0.00000419,944.00000000
2018-02-25 00:29:42,0.00000418,300.00000000
2018-02-25 00:29:43,0.00000419,24718.00000000
2018-02-25 00:29:49,0.00000419,23923.00000000
2018-02-25 00:29:50,0.00000419,132766.00000000
2018-02-25 00:30:03,0.00000420,426.00000000
2018-02-25 00:30:05,0.00000419,77394.00000000
2018-02-25 00:30:10,0.00000419,34928.00000000
2018-02-25 00:30:11,0.00000419,4995.00000000
2018-02-25 00:30:12,0.00000420,9107.00000000
2018-02-25 00:30:17,0.00000420,137.00000000
2018-02-25 00:30:18,0.00000419,2715.00000000
2018-02-25 00:30:25,0.00000419,46507.00000000
2018-02-25 00:30:25,0.00000419,4494.00000000
2018-02-25 00:30:35,0.00000419,27858.00000000
2018-02-25 00:30:50,0.00000419,337921.00000000
2018-02-25 00:31:03,0.00000419,1140.00000000
2018-02-25 00:31:05,0.00000419,1330.00000000
2018-02-25 00:31:10,0.00000418,98.00000000
2018-02-25 00:31:12,0.00000419,350113.00000000
2018-02-25 00:31:14,0.00000420,476.00000000
2018-02-25 00:31:21,0.00000418,13411.00000000
2018-02-25 00:31:22,0.00000419,1530.00000000
2018-02-25 00:31:22,0.00000419,8.00000000
2018-02-25 00:31:23,0.00000418,19173.00000000
2018-02-25 00:31:24,0.00000419,2387.00000000
2018-02-25 00:31:24,0.00000419,9800.00000000
2018-02-25 00:31:27,0.00000419,8.00000000
2018-02-25 00:31:36,0.00000418,109747.00000000
2018-02-25 00:31:37,0.00000418,19523.00000000
2018-02-25 00:31:48,0.00000419,2160.00000000
2018-02-25 00:31:51,0.00000418,16816.00000000
2018-02-25 00:31:52,0.00000419,70053.00000000
2018-02-25 00:31:54,0.00000419,1743.00000000
2018-02-25 00:31:56,0.00000419,5424.00000000
2018-02-25 00:32:04,0.00000418,22518.00000000
2018-02-25 00:32:07,0.00000419,369943.00000000
2018-02-25 00:32:07,0.00000419,130918.00000000
2018-02-25 00:32:11,0.00000418,4346.00000000
2018-02-25 00:32:12,0.00000419,26909.00000000
2018-02-25 00:32:14,0.00000419,255.00000000
2018-02-25 00:32:23,0.00000418,1675.00000000
2018-02-25 00:32:25,0.00000419,3105.00000000
2018-02-25 00:32:25,0.00000419,505.00000000
2018-02-25 00:32:50,0.00000419,6949.00000000
2018-02-25 00:32:54,0.00000419,342.00000000
2018-02-25 00:32:55,0.00000419,8035.00000000
2018-02-25 00:32:56,0.00000418,83247.00000000
2018-02-25 00:33:24,0.00000418,500.00000000
2018-02-25 00:33:26,0.00000419,15.00000000
2018-02-25 00:33:44,0.00000419,44942.00000000
2018-02-25 00:33:46,0.00000419,52933.00000000
2018-02-25 00:33:48,0.00000418,483.00000000
2018-02-25 00:33:49,0.00000419,1624.00000000
2018-02-25 00:33:54,0.00000418,25047.00000000
2018-02-25 00:33:57,0.00000419,3777.00000000
2018-02-25 00:34:03,0.00000419,3.00000000
2018-02-25 00:34:06,0.00000419,2110.00000000
2018-02-25 00:34:12,0.00000419,1154.00000000
2018-02-25 00:34:19,0.00000418,10.00000000
2018-02-25 00:34:19,0.00000418,500.00000000
2018-02-25 00:34:20,0.00000418,832.00000000
2018-02-25 00:34:42,0.00000418,136660.00000000
2018-02-25 00:34:45,0.00000419,38351.00000000
2018-02-25 00:34:46,0.00000418,3340.00000000
2018-02-25 00:34:51,0.00000418,131002.00000000
2018-02-25 00:34:52,0.00000418,46357.00000000
2018-02-25 00:34:56,0.00000418,911.00000000
2018-02-25 00:34:59,0.00000418,754.00000000
2018-02-25 00:35:04,0.00000418,200000.00000000
2018-02-25 00:35:06,0.00000419,3.00000000
2018-02-25 00:35:09,0.00000418,15255.00000000
2018-02-25 00:35:13,0.00000419,104630.00000000
2018-02-25 00:35:25,0.00000419,7928.00000000
2018-02-25 00:35:31,0.00000418,53057.00000000
2018-02-25 00:35:32,0.00000419,135247.00000000
2018-02-25 00:35:33,0.00000419,1143.00000000
2018-02-25 00:35:34,0.00000418,11471.00000000
2018-02-25 00:35:36,0.00000419,1582.00000000
2018-02-25 00:35:37,0.00000419,10448.00000000
2018-02-25 00:35:38,0.00000419,7840.00000000
2018-02-25 00:35:47,0.00000418,30785.00000000
2018-02-25 00:35:58,0.00000418,5000.00000000
2018-02-25 00:36:05,0.00000419,360.00000000
2018-02-25 00:36:11,0.00000419,84063.00000000
2018-02-25 00:36:12,0.00000419,18238.00000000
2018-02-25 00:36:13,0.00000418,2000.00000000
2018-02-25 00:36:18,0.00000419,59.00000000
2018-02-25 00:36:23,0.00000419,30.00000000
2018-02-25 00:36:24,0.00000419,500.00000000
2018-02-25 00:36:27,0.00000419,3368.00000000
2018-02-25 00:36:30,0.00000419,15.00000000
2018-02-25 00:36:31,0.00000419,100000.00000000
2018-02-25 00:36:33,0.00000419,6213.00000000
2018-02-25 00:36:36,0.00000419,7.00000000
2018-02-25 00:36:39,0.00000419,3000.00000000
2018-02-25 00:36:40,0.00000419,50.00000000
2018-02-25 00:36:42,0.00000418,886.00000000
2018-02-25 00:36:44,0.00000419,4.00000000
2018-02-25 00:36:50,0.00000419,3.00000000
2018-02-25 00:36:52,0.00000418,25000.00000000
2018-02-25 00:36:58,0.00000419,1.00000000
2018-02-25 00:37:03,0.00000419,35301.00000000
2018-02-25 00:37:05,0.00000419,4629.00000000
2018-02-25 00:37:05,0.00000419,655.00000000
2018-02-25 00:37:26,0.00000418,992.00000000
2018-02-25 00:37:29,0.00000418,112.00000000
2018-02-25 00:37:29,0.00000418,2924.00000000
2018-02-25 00:37:35,0.00000419,310.00000000
2018-02-25 00:37:45,0.00000418,163449.00000000
2018-02-25 00:37:49,0.00000418,419.00000000
2018-02-25 00:37:54,0.00000419,1389.00000000
2018-02-25 00:37:57,0.00000419,80894.00000000
2018-02-25 00:37:58,0.00000419,37.00000000
2018-02-25 00:38:00,0.00000419,9.00000000
2018-02-25 00:38:02,0.00000419,3.00000000
2018-02-25 00:38:06,0.00000419,20531.00000000
2018-02-25 00:38:07,0.00000419,7.00000000
2018-02-25 00:38:20,0.00000418,5719.00000000
2018-02-25 00:38:24,0.00000419,50.00000000
2018-02-25 00:38:37,0.00000419,75914.00000000
2018-02-25 00:38:43,0.00000419,2444.00000000
2018-02-25 00:38:48,0.00000418,7089.00000000
2018-02-25 00:38:52,0.00000418,100998.00000000
2018-02-25 00:38:56,0.00000418,329.00000000
2018-02-25 00:39:07,0.00000418,2064.00000000
2018-02-25 00:39:19,0.00000418,15000.00000000
2018-02-25 00:39:21,0.00000419,5109.00000000
2018-02-25 00:39:23,0.00000418,300.00000000
2018-02-25 00:39:23,0.00000419,50.00000000
2018-02-25 00:39:26,0.00000418,11003.00000000
2018-02-25 00:39:29,0.00000418,294419.00000000
2018-02-25 00:39:30,0.00000418,67561.00000000
2018-02-25 00:39:34,0.00000418,999.00000000
2018-02-25 00:39:34,0.00000418,31998.00000000
2018-02-25 00:39:39,0.00000418,2555.00000000
2018-02-25 00:40:05,0.00000418,12979.00000000
2018-02-25 00:40:09,0.00000419,711.00000000
2018-02-25 00:40:11,0.00000419,1000.00000000
2018-02-25 00:40:12,0.00000419,396.00000000
2018-02-25 00:40:21,0.00000418,75974.00000000
2018-02-25 00:40:27,0.00000418,600.00000000
2018-02-25 00:40:30,0.00000418,6.00000000
2018-02-25 00:40:39,0.00000418,4323.00000000
2018-02-25 00:40:46,0.00000419,5786.00000000
2018-02-25 00:40:47,0.00000418,22367.00000000
2018-02-25 00:41:02,0.00000418,61016.00000000
2018-02-25 00:41:08,0.00000419,83419.00000000
2018-02-25 00:41:09,0.00000419,6008.00000000
2018-02-25 00:41:19,0.00000418,51853.00000000
2018-02-25 00:41:20,0.00000419,11933.00000000
2018-02-25 00:41:23,0.00000419,8400.00000000
2018-02-25 00:41:23,0.00000419,2387.00000000
2018-02-25 00:41:24,0.00000419,1173.00000000
2018-02-25 00:41:24,0.00000419,11832.00000000
2018-02-25 00:41:25,0.00000419,2413.00000000
2018-02-25 00:41:44,0.00000418,8232.00000000
2018-02-25 00:41:44,0.00000419,2387.00000000
2018-02-25 00:41:45,0.00000418,883.00000000
2018-02-25 00:41:51,0.00000418,492.00000000
2018-02-25 00:41:51,0.00000418,7424.00000000
2018-02-25 00:41:57,0.00000418,136149.00000000
2018-02-25 00:42:01,0.00000418,342.00000000
2018-02-25 00:42:12,0.00000419,8486.00000000
2018-02-25 00:42:18,0.00000418,315.00000000
2018-02-25 00:42:22,0.00000418,4226.00000000
2018-02-25 00:42:42,0.00000418,98859.00000000
2018-02-25 00:42:50,0.00000418,278.00000000
2018-02-25 00:43:01,0.00000419,1.00000000
2018-02-25 00:43:11,0.00000418,1058.00000000
2018-02-25 00:43:18,0.00000419,256.00000000
2018-02-25 00:43:27,0.00000419,12554.00000000
2018-02-25 00:43:30,0.00000418,708.00000000
2018-02-25 00:43:30,0.00000419,140532.00000000
2018-02-25 00:43:40,0.00000419,341.00000000
2018-02-25 00:43:42,0.00000418,10579.00000000
2018-02-25 00:43:42,0.00000418,6976.00000000
2018-02-25 00:43:45,0.00000419,4784.00000000
2018-02-25 00:43:45,0.00000419,9722.00000000
2018-02-25 00:43:56,0.00000419,21272.00000000
2018-02-25 00:44:09,0.00000418,503.00000000
2018-02-25 00:44:13,0.00000418,24446.00000000
2018-02-25 00:44:19,0.00000418,3368.00000000
2018-02-25 00:44:27,0.00000419,68285.00000000
2018-02-25 00:44:27,0.00000418,31169.00000000
2018-02-25 00:44:38,0.00000418,10325.00000000
2018-02-25 00:44:39,0.00000418,200.00000000
2018-02-25 00:44:51,0.00000418,24590.00000000
2018-02-25 00:45:01,0.00000418,6516.00000000
2018-02-25 00:45:11,0.00000418,6621.00000000
2018-02-25 00:45:17,0.00000418,70744.00000000
2018-02-25 00:45:19,0.00000419,120198.00000000
2018-02-25 00:45:26,0.00000418,26259.00000000
2018-02-25 00:45:39,0.00000418,2130.00000000
2018-02-25 00:45:45,0.00000419,166520.00000000
2018-02-25 00:45:53,0.00000418,2700.00000000
2018-02-25 00:45:58,0.00000418,9023.00000000
2018-02-25 00:45:59,0.00000418,300.00000000
2018-02-25 00:46:03,0.00000418,34884.00000000
2018-02-25 00:46:11,0.00000418,164108.00000000
2018-02-25 00:46:18,0.00000418,2158.00000000
2018-02-25 00:46:24,0.00000418,5.00000000
2018-02-25 00:46:32,0.00000418,21507.00000000
2018-02-25 00:46:50,0.00000419,1000.00000000
2018-02-25 00:46:56,0.00000418,20503.00000000
2018-02-25 00:47:03,0.00000419,111082.00000000
2018-02-25 00:47:05,0.00000419,45464.00000000
2018-02-25 00:47:07,0.00000418,1940.00000000
2018-02-25 00:47:25,0.00000419,17490.00000000
2018-02-25 00:47:33,0.00000419,682.00000000
2018-02-25 00:47:42,0.00000418,84066.00000000
2018-02-25 00:47:44,0.00000419,477.00000000
2018-02-25 00:47:51,0.00000419,11933.00000000
2018-02-25 00:47:53,0.00000419,11933.00000000
2018-02-25 00:47:54,0.00000419,2386.00000000
2018-02-25 00:47:56,0.00000419,597.00000000
2018-02-25 00:47:56,0.00000419,2059.00000000
2018-02-25 00:47:56,0.00000419,2059.00000000
2018-02-25 00:47:56,0.00000419,2059.00000000
2018-02-25 00:47:57,0.00000419,2059.00000000
2018-02-25 00:47:59,0.00000419,11933.00000000
2018-02-25 00:47:59,0.00000418,112101.00000000
2018-02-25 00:47:59,0.00000419,12628.00000000
2018-02-25 00:48:00,0.00000418,494.00000000
2018-02-25 00:48:00,0.00000419,10010.00000000
2018-02-25 00:48:00,0.00000419,11933.00000000
2018-02-25 00:48:02,0.00000419,2237.00000000
2018-02-25 00:48:04,0.00000419,1081.00000000
2018-02-25 00:48:07,0.00000419,136.00000000
2018-02-25 00:48:13,0.00000419,2699.00000000
2018-02-25 00:48:13,0.00000419,2436.00000000
2018-02-25 00:48:14,0.00000418,1400.00000000
2018-02-25 00:48:14,0.00000418,15085.00000000
2018-02-25 00:48:16,0.00000419,89.00000000
2018-02-25 00:48:21,0.00000419,76880.00000000
2018-02-25 00:48:37,0.00000419,22159.00000000
2018-02-25 00:48:43,0.00000418,3000.00000000
2018-02-25 00:49:04,0.00000419,572.00000000
2018-02-25 00:49:05,0.00000418,130678.00000000
2018-02-25 00:49:27,0.00000418,33531.00000000
2018-02-25 00:49:30,0.00000418,59628.00000000
2018-02-25 00:49:31,0.00000418,1260.00000000
2018-02-25 00:49:39,0.00000419,200.00000000
2018-02-25 00:49:43,0.00000419,11933.00000000
2018-02-25 00:49:45,0.00000419,11933.00000000
2018-02-25 00:49:45,0.00000419,922.00000000
2018-02-25 00:49:46,0.00000419,5.00000000
2018-02-25 00:49:46,0.00000418,160007.00000000
2018-02-25 00:49:47,0.00000419,11933.00000000
2018-02-25 00:49:48,0.00000419,11933.00000000
2018-02-25 00:49:50,0.00000419,11933.00000000
2018-02-25 00:49:51,0.00000419,136569.00000000
2018-02-25 00:49:52,0.00000419,11933.00000000
2018-02-25 00:49:53,0.00000419,4.00000000
2018-02-25 00:49:56,0.00000419,1173.00000000
2018-02-25 00:49:57,0.00000418,1883.00000000
2018-02-25 00:49:58,0.00000419,11933.00000000
2018-02-25 00:50:08,0.00000418,17689.00000000
2018-02-25 00:50:13,0.00000419,7648.00000000
2018-02-25 00:50:18,0.00000418,540.00000000
2018-02-25 00:50:22,0.00000418,1077.00000000
2018-02-25 00:50:35,0.00000418,139958.00000000
2018-02-25 00:50:35,0.00000418,2500.00000000
2018-02-25 00:50:43,0.00000419,250.00000000
2018-02-25 00:50:57,0.00000418,22.00000000
2018-02-25 00:51:06,0.00000419,199307.00000000
2018-02-25 00:51:20,0.00000418,73428.00000000
2018-02-25 00:51:27,0.00000418,857377.00000000
2018-02-25 00:51:27,0.00000418,18145.00000000
2018-02-25 00:51:27,0.00000418,2392.00000000
2018-02-25 00:51:27,0.00000417,16068.00000000
2018-02-25 00:51:32,0.00000418,595.00000000
2018-02-25 00:51:37,0.00000418,154702.00000000
2018-02-25 00:52:02,0.00000419,8196.00000000
2018-02-25 00:52:04,0.00000419,9860.00000000
2018-02-25 00:52:04,0.00000418,224965.00000000
2018-02-25 00:52:04,0.00000418,47854.00000000
2018-02-25 00:52:04,0.00000418,602704.00000000
2018-02-25 00:52:13,0.00000419,507.00000000
2018-02-25 00:52:21,0.00000418,109815.00000000
2018-02-25 00:52:25,0.00000418,5667.00000000
2018-02-25 00:52:35,0.00000418,989.00000000
2018-02-25 00:52:37,0.00000419,5560.00000000
2018-02-25 00:52:43,0.00000419,553.00000000
2018-02-25 00:52:46,0.00000418,510.00000000
2018-02-25 00:52:46,0.00000419,28490.00000000
2018-02-25 00:52:59,0.00000419,16134.00000000
2018-02-25 00:53:03,0.00000418,169246.00000000
2018-02-25 00:53:03,0.00000417,43146.00000000
2018-02-25 00:53:09,0.00000417,4499.00000000
2018-02-25 00:53:10,0.00000418,449469.00000000
2018-02-25 00:53:10,0.00000419,11962.00000000
2018-02-25 00:53:19,0.00000419,6063.00000000
2018-02-25 00:53:23,0.00000417,170000.00000000
2018-02-25 00:53:34,0.00000419,3596.00000000
2018-02-25 00:53:38,0.00000419,1166.00000000
2018-02-25 00:53:49,0.00000418,531.00000000
2018-02-25 00:53:54,0.00000419,2106.00000000
2018-02-25 00:53:58,0.00000419,110068.00000000
2018-02-25 00:54:07,0.00000418,17253.00000000
2018-02-25 00:54:13,0.00000418,779.00000000
2018-02-25 00:54:21,0.00000418,21078.00000000
2018-02-25 00:54:48,0.00000418,500.00000000
2018-02-25 00:54:50,0.00000418,500.00000000
2018-02-25 00:54:53,0.00000418,109041.00000000
2018-02-25 00:54:57,0.00000419,87318.00000000
2018-02-25 00:55:02,0.00000418,3.00000000
2018-02-25 00:55:05,0.00000418,3255.00000000
2018-02-25 00:55:15,0.00000418,4172.00000000
2018-02-25 00:55:29,0.00000418,13939.00000000
2018-02-25 00:55:29,0.00000418,3156.00000000
2018-02-25 00:55:37,0.00000418,49999.00000000
2018-02-25 00:55:45,0.00000418,89165.00000000
2018-02-25 00:55:45,0.00000418,1000.00000000
2018-02-25 00:55:45,0.00000418,52804.00000000
2018-02-25 00:55:52,0.00000418,5715.00000000
2018-02-25 00:55:55,0.00000419,477.00000000
2018-02-25 00:55:55,0.00000419,3.00000000
2018-02-25 00:56:03,0.00000419,3889.00000000
2018-02-25 00:56:11,0.00000418,276.00000000
2018-02-25 00:56:13,0.00000419,3925.00000000
2018-02-25 00:56:18,0.00000418,16117.00000000
2018-02-25 00:56:18,0.00000419,235.00000000
2018-02-25 00:56:19,0.00000418,7688.00000000
2018-02-25 00:56:24,0.00000418,584.00000000
2018-02-25 00:56:25,0.00000418,270.00000000
2018-02-25 00:56:37,0.00000418,70519.00000000
2018-02-25 00:56:37,0.00000418,1118.00000000
2018-02-25 00:56:37,0.00000418,3220.00000000
2018-02-25 00:56:37,0.00000418,3220.00000000
2018-02-25 00:56:37,0.00000418,5249.00000000
2018-02-25 00:56:38,0.00000418,13031.00000000
2018-02-25 00:56:38,0.00000418,41374.00000000
2018-02-25 00:56:38,0.00000418,13907.00000000
2018-02-25 00:56:38,0.00000419,41.00000000
2018-02-25 00:56:43,0.00000419,7342.00000000
2018-02-25 00:56:44,0.00000418,20000.00000000
2018-02-25 00:56:49,0.00000419,11.00000000
2018-02-25 00:56:51,0.00000419,17.00000000
2018-02-25 00:56:53,0.00000418,13742.00000000
2018-02-25 00:56:53,0.00000418,59476.00000000
2018-02-25 00:56:53,0.00000417,14898.00000000
2018-02-25 00:57:10,0.00000418,25000.00000000
2018-02-25 00:57:13,0.00000419,44.00000000
2018-02-25 00:57:14,0.00000418,1565.00000000
2018-02-25 00:57:19,0.00000418,1208.00000000
2018-02-25 00:57:20,0.00000419,947.00000000
2018-02-25 00:57:25,0.00000419,161198.00000000
2018-02-25 00:57:27,0.00000418,20989.00000000
2018-02-25 00:57:27,0.00000417,39551.00000000
2018-02-25 00:57:31,0.00000418,411.00000000
2018-02-25 00:57:32,0.00000418,89.00000000
2018-02-25 00:57:39,0.00000418,19044.00000000
2018-02-25 00:57:44,0.00000418,20000.00000000
2018-02-25 00:57:55,0.00000418,807.00000000
2018-02-25 00:57:56,0.00000419,350.00000000
2018-02-25 00:58:00,0.00000419,537.00000000
2018-02-25 00:58:02,0.00000418,10402.00000000
2018-02-25 00:58:11,0.00000418,1133.00000000
2018-02-25 00:58:14,0.00000418,3178.00000000
2018-02-25 00:58:18,0.00000418,133730.00000000
2018-02-25 00:58:18,0.00000418,7169.00000000
2018-02-25 00:58:18,0.00000418,5941.00000000
2018-02-25 00:58:20,0.00000418,13939.00000000
2018-02-25 00:58:28,0.00000418,3822.00000000
2018-02-25 00:58:31,0.00000418,612.00000000
2018-02-25 00:58:33,0.00000418,7950.00000000
2018-02-25 00:58:39,0.00000418,7167.00000000
2018-02-25 00:58:39,0.00000418,7166.00000000
2018-02-25 00:58:39,0.00000418,7166.00000000
2018-02-25 00:58:39,0.00000418,40143.00000000
2018-02-25 00:58:39,0.00000418,794.00000000
2018-02-25 00:58:39,0.00000418,7168.00000000
2018-02-25 00:58:39,0.00000418,7169.00000000
2018-02-25 00:58:39,0.00000418,6331.00000000
2018-02-25 00:58:39,0.00000418,7168.00000000
2018-02-25 00:58:39,0.00000418,197213.00000000
2018-02-25 00:58:39,0.00000418,30000.00000000
2018-02-25 00:58:40,0.00000419,11962.00000000
2018-02-25 00:58:54,0.00000418,250.00000000
2018-02-25 00:58:57,0.00000418,37305.00000000
2018-02-25 00:58:58,0.00000418,4111.00000000
2018-02-25 00:58:59,0.00000418,1398.00000000
2018-02-25 00:58:59,0.00000418,2392.00000000
2018-02-25 00:59:01,0.00000418,2392.00000000
2018-02-25 00:59:02,0.00000418,411.00000000
2018-02-25 00:59:03,0.00000418,1624.00000000
2018-02-25 00:59:04,0.00000418,3697.00000000
2018-02-25 00:59:07,0.00000419,1000.00000000
2018-02-25 00:59:09,0.00000418,15028.00000000
2018-02-25 00:59:11,0.00000418,7165.00000000
2018-02-25 00:59:11,0.00000418,2612.00000000
2018-02-25 00:59:11,0.00000418,7166.00000000
2018-02-25 00:59:11,0.00000418,7166.00000000
2018-02-25 00:59:12,0.00000418,3606.00000000
2018-02-25 00:59:12,0.00000417,7166.00000000
2018-02-25 00:59:16,0.00000418,242.00000000
2018-02-25 00:59:17,0.00000418,7169.00000000
2018-02-25 00:59:17,0.00000418,6250.00000000
2018-02-25 00:59:17,0.00000418,7168.00000000
2018-02-25 00:59:17,0.00000418,4449.00000000
2018-02-25 00:59:18,0.00000418,7168.00000000
2018-02-25 00:59:18,0.00000418,7169.00000000
2018-02-25 00:59:18,0.00000418,431.00000000
2018-02-25 00:59:18,0.00000418,16262.00000000
2018-02-25 00:59:18,0.00000418,7169.00000000
2018-02-25 00:59:18,0.00000418,5306.00000000
2018-02-25 00:59:18,0.00000418,7169.00000000
2018-02-25 00:59:18,0.00000418,7169.00000000
2018-02-25 00:59:18,0.00000418,7168.00000000
2018-02-25 00:59:18,0.00000418,5207.00000000
2018-02-25 00:59:18,0.00000418,7167.00000000
2018-02-25 00:59:18,0.00000418,7169.00000000
2018-02-25 00:59:18,0.00000418,7168.00000000
2018-02-25 00:59:19,0.00000418,7169.00000000
2018-02-25 00:59:19,0.00000418,23980.00000000
2018-02-25 00:59:19,0.00000418,14000.00000000
2018-02-25 00:59:20,0.00000418,411.00000000
2018-02-25 00:59:22,0.00000418,411.00000000
2018-02-25 00:59:23,0.00000418,5633.00000000
2018-02-25 00:59:23,0.00000418,7167.00000000
2018-02-25 00:59:23,0.00000418,24129.00000000
2018-02-25 00:59:23,0.00000418,36635.00000000
2018-02-25 00:59:23,0.00000418,7166.00000000
2018-02-25 00:59:23,0.00000418,7166.00000000
2018-02-25 00:59:23,0.00000418,7167.00000000
2018-02-25 00:59:23,0.00000418,6300.00000000
2018-02-25 00:59:23,0.00000418,3279.00000000
2018-02-25 00:59:23,0.00000418,7327.00000000
2018-02-25 00:59:23,0.00000418,4826.00000000
2018-02-25 00:59:23,0.00000418,7167.00000000
2018-02-25 00:59:24,0.00000418,23980.00000000
2018-02-25 00:59:24,0.00000418,35896.00000000
2018-02-25 00:59:25,0.00000418,11307.00000000
2018-02-25 00:59:26,0.00000418,23980.00000000
2018-02-25 00:59:26,0.00000418,4893.00000000
2018-02-25 00:59:26,0.00000418,7.00000000
2018-02-25 00:59:27,0.00000418,12417.00000000
2018-02-25 00:59:27,0.00000418,136595.00000000
2018-02-25 00:59:28,0.00000418,1027.00000000
2018-02-25 00:59:29,0.00000418,1007.00000000
2018-02-25 00:59:29,0.00000418,35885.00000000
2018-02-25 00:59:31,0.00000418,1007.00000000
2018-02-25 00:59:32,0.00000418,5242.00000000
2018-02-25 00:59:33,0.00000418,2035.00000000
2018-02-25 00:59:35,0.00000418,10567.00000000
2018-02-25 00:59:41,0.00000418,8384.00000000
2018-02-25 00:59:41,0.00000418,20990.00000000
2018-02-25 00:59:42,0.00000417,21214.00000000
2018-02-25 00:59:57,0.00000418,287.00000000
2018-02-25 00:59:58,0.00000417,2245.00000000
