DATE,PRICE,VOLUME
2018-02-26 22:00:01,0.00000405,6.00000000
2018-02-26 22:00:05,0.00000405,8.00000000
2018-02-26 22:00:07,0.00000404,1272.00000000
2018-02-26 22:00:08,0.00000405,50.00000000
2018-02-26 22:00:10,0.00000405,6795.00000000
2018-02-26 22:00:11,0.00000405,50.00000000
2018-02-26 22:00:11,0.00000405,16618.00000000
2018-02-26 22:00:15,0.00000404,37837.00000000
2018-02-26 22:00:21,0.00000405,20.00000000
2018-02-26 22:00:22,0.00000405,34437.00000000
2018-02-26 22:00:25,0.00000404,1618.00000000
2018-02-26 22:00:27,0.00000405,334.00000000
2018-02-26 22:00:27,0.00000405,247.00000000
2018-02-26 22:00:28,0.00000405,10.00000000
2018-02-26 22:00:31,0.00000405,1.00000000
2018-02-26 22:00:32,0.00000404,113212.00000000
2018-02-26 22:00:34,0.00000404,2.00000000
2018-02-26 22:00:35,0.00000404,5992.00000000
2018-02-26 22:00:40,0.00000404,247524.00000000
2018-02-26 22:00:51,0.00000405,1575.00000000
2018-02-26 22:00:54,0.00000404,200.00000000
2018-02-26 22:00:58,0.00000405,541.00000000
2018-02-26 22:01:00,0.00000404,318203.00000000
2018-02-26 22:01:00,0.00000404,200.00000000
2018-02-26 22:01:01,0.00000405,740.00000000
2018-02-26 22:01:05,0.00000405,3358.00000000
2018-02-26 22:01:07,0.00000404,3000.00000000
2018-02-26 22:01:07,0.00000404,1.00000000
2018-02-26 22:01:07,0.00000405,169633.00000000
2018-02-26 22:01:08,0.00000405,8032.00000000
2018-02-26 22:01:09,0.00000405,4152.00000000
2018-02-26 22:01:10,0.00000404,20.00000000
2018-02-26 22:01:15,0.00000405,399.00000000
2018-02-26 22:01:18,0.00000404,203.00000000
2018-02-26 22:01:20,0.00000405,4460.00000000
2018-02-26 22:01:20,0.00000404,1.00000000
2018-02-26 22:01:21,0.00000405,40447.00000000
2018-02-26 22:01:22,0.00000405,1.00000000
2018-02-26 22:01:22,0.00000404,300.00000000
2018-02-26 22:01:24,0.00000404,300.00000000
2018-02-26 22:01:32,0.00000404,236.00000000
2018-02-26 22:01:41,0.00000404,20500.00000000
2018-02-26 22:01:44,0.00000405,118888.00000000
2018-02-26 22:01:46,0.00000404,3474.00000000
2018-02-26 22:01:51,0.00000404,4275.00000000
2018-02-26 22:01:54,0.00000405,16639.00000000
2018-02-26 22:01:59,0.00000404,3788.00000000
2018-02-26 22:02:10,0.00000404,904.00000000
2018-02-26 22:02:16,0.00000404,474.00000000
2018-02-26 22:02:21,0.00000404,196502.00000000
2018-02-26 22:02:24,0.00000405,249.00000000
2018-02-26 22:02:24,0.00000405,249.00000000
2018-02-26 22:02:32,0.00000405,70816.00000000
2018-02-26 22:02:34,0.00000405,7882.00000000
2018-02-26 22:02:38,0.00000405,70385.00000000
2018-02-26 22:02:48,0.00000406,55.00000000
2018-02-26 22:02:51,0.00000406,92024.00000000
2018-02-26 22:02:53,0.00000405,53376.00000000
2018-02-26 22:02:54,0.00000406,9000.00000000
2018-02-26 22:02:55,0.00000406,463455.00000000
2018-02-26 22:02:57,0.00000405,3571.00000000
2018-02-26 22:03:01,0.00000405,99585.00000000
2018-02-26 22:03:11,0.00000405,204272.00000000
2018-02-26 22:03:34,0.00000405,20000.00000000
2018-02-26 22:03:38,0.00000405,101253.00000000
2018-02-26 22:03:38,0.00000405,2000.00000000
2018-02-26 22:03:42,0.00000406,10360.00000000
2018-02-26 22:03:44,0.00000405,74519.00000000
2018-02-26 22:03:46,0.00000406,20000.00000000
2018-02-26 22:03:58,0.00000406,123.00000000
2018-02-26 22:04:08,0.00000406,99733.00000000
2018-02-26 22:04:12,0.00000405,13518.00000000
2018-02-26 22:04:13,0.00000406,75739.00000000
2018-02-26 22:04:15,0.00000406,52.00000000
2018-02-26 22:04:22,0.00000405,23532.00000000
2018-02-26 22:04:24,0.00000405,250.00000000
2018-02-26 22:04:30,0.00000405,2619.00000000
2018-02-26 22:04:40,0.00000405,63325.00000000
2018-02-26 22:04:41,0.00000405,13156.00000000
2018-02-26 22:04:41,0.00000405,43674.00000000
2018-02-26 22:04:45,0.00000405,28338.00000000
2018-02-26 22:04:46,0.00000405,49172.00000000
2018-02-26 22:04:46,0.00000404,828.00000000
2018-02-26 22:04:48,0.00000406,5543.00000000
2018-02-26 22:04:59,0.00000406,860.00000000
2018-02-26 22:05:06,0.00000406,1000.00000000
2018-02-26 22:05:06,0.00000406,69948.00000000
2018-02-26 22:05:11,0.00000405,1000.00000000
2018-02-26 22:05:15,0.00000406,752.00000000
2018-02-26 22:05:31,0.00000405,10238.00000000
2018-02-26 22:05:43,0.00000405,2500.00000000
2018-02-26 22:05:43,0.00000406,2000.00000000
2018-02-26 22:05:43,0.00000406,179635.00000000
2018-02-26 22:05:49,0.00000406,1500.00000000
2018-02-26 22:05:51,0.00000406,739.00000000
2018-02-26 22:06:07,0.00000405,210037.00000000
2018-02-26 22:06:12,0.00000404,15660.00000000
2018-02-26 22:06:12,0.00000405,297191.00000000
2018-02-26 22:06:13,0.00000404,500.00000000
2018-02-26 22:06:17,0.00000405,900.00000000
2018-02-26 22:06:17,0.00000406,3000.00000000
2018-02-26 22:06:22,0.00000406,5299.00000000
2018-02-26 22:06:35,0.00000405,85168.00000000
2018-02-26 22:06:36,0.00000406,3000.00000000
2018-02-26 22:06:41,0.00000405,23590.00000000
2018-02-26 22:06:43,0.00000405,22892.00000000
2018-02-26 22:06:43,0.00000405,3468.00000000
2018-02-26 22:06:43,0.00000405,336551.00000000
2018-02-26 22:06:47,0.00000406,103038.00000000
2018-02-26 22:06:48,0.00000406,4731.00000000
2018-02-26 22:06:50,0.00000406,450.00000000
2018-02-26 22:06:55,0.00000405,1003.00000000
2018-02-26 22:06:58,0.00000405,1350.00000000
2018-02-26 22:06:58,0.00000406,3500.00000000
2018-02-26 22:06:59,0.00000405,544119.00000000
2018-02-26 22:06:59,0.00000405,1.00000000
2018-02-26 22:07:00,0.00000405,18000.00000000
2018-02-26 22:07:01,0.00000405,1035.00000000
2018-02-26 22:07:08,0.00000405,40.00000000
2018-02-26 22:07:14,0.00000405,6151.00000000
2018-02-26 22:07:15,0.00000405,3000.00000000
2018-02-26 22:07:15,0.00000405,116655.00000000
2018-02-26 22:07:16,0.00000405,1651.00000000
2018-02-26 22:07:16,0.00000406,349.00000000
2018-02-26 22:07:18,0.00000405,498.00000000
2018-02-26 22:07:25,0.00000405,813.00000000
2018-02-26 22:07:27,0.00000406,1690.00000000
2018-02-26 22:07:29,0.00000405,2446.00000000
2018-02-26 22:07:30,0.00000405,2000.00000000
2018-02-26 22:07:30,0.00000405,1554.00000000
2018-02-26 22:07:32,0.00000405,36344.00000000
2018-02-26 22:07:42,0.00000406,2002.00000000
2018-02-26 22:07:45,0.00000406,236.00000000
2018-02-26 22:07:46,0.00000405,79517.00000000
2018-02-26 22:07:47,0.00000405,420866.00000000
2018-02-26 22:07:52,0.00000405,9320.00000000
2018-02-26 22:07:52,0.00000404,124.00000000
2018-02-26 22:07:57,0.00000405,293.00000000
2018-02-26 22:08:01,0.00000405,8424.00000000
2018-02-26 22:08:02,0.00000405,307785.00000000
2018-02-26 22:08:19,0.00000406,50.00000000
2018-02-26 22:08:23,0.00000405,2943.00000000
2018-02-26 22:08:24,0.00000405,37872.00000000
2018-02-26 22:08:29,0.00000405,19885.00000000
2018-02-26 22:08:31,0.00000405,2000.00000000
2018-02-26 22:08:33,0.00000405,11553.00000000
2018-02-26 22:08:33,0.00000404,570.00000000
2018-02-26 22:08:34,0.00000405,2706.00000000
2018-02-26 22:08:34,0.00000405,31841.00000000
2018-02-26 22:08:34,0.00000405,167489.00000000
2018-02-26 22:08:35,0.00000405,772.00000000
2018-02-26 22:08:38,0.00000405,3805.00000000
2018-02-26 22:08:42,0.00000406,626.00000000
2018-02-26 22:08:54,0.00000406,40.00000000
2018-02-26 22:08:58,0.00000405,336.00000000
2018-02-26 22:09:01,0.00000406,97386.00000000
2018-02-26 22:09:12,0.00000406,20.00000000
2018-02-26 22:09:23,0.00000406,4.00000000
2018-02-26 22:09:23,0.00000406,116252.00000000
2018-02-26 22:09:39,0.00000405,31521.00000000
2018-02-26 22:09:48,0.00000405,88694.00000000
2018-02-26 22:09:50,0.00000405,120248.00000000
2018-02-26 22:09:54,0.00000406,738.00000000
2018-02-26 22:09:56,0.00000406,34653.00000000
2018-02-26 22:10:02,0.00000405,805.00000000
2018-02-26 22:10:04,0.00000406,5214.00000000
2018-02-26 22:10:06,0.00000406,1175.00000000
2018-02-26 22:10:08,0.00000406,31378.00000000
2018-02-26 22:10:09,0.00000406,3327.00000000
2018-02-26 22:10:11,0.00000406,5220.00000000
2018-02-26 22:10:15,0.00000405,173407.00000000
2018-02-26 22:10:16,0.00000406,6404.00000000
2018-02-26 22:10:19,0.00000406,727.00000000
2018-02-26 22:10:19,0.00000406,13509.00000000
2018-02-26 22:10:19,0.00000406,15896.00000000
2018-02-26 22:10:21,0.00000406,1150.00000000
2018-02-26 22:10:23,0.00000406,5665.00000000
2018-02-26 22:10:32,0.00000406,703.00000000
2018-02-26 22:10:33,0.00000406,1000.00000000
2018-02-26 22:10:46,0.00000406,127673.00000000
2018-02-26 22:10:48,0.00000405,616168.00000000
2018-02-26 22:10:49,0.00000406,1000.00000000
2018-02-26 22:10:58,0.00000406,250.00000000
2018-02-26 22:11:02,0.00000406,1075.00000000
2018-02-26 22:11:10,0.00000405,3000.00000000
2018-02-26 22:11:11,0.00000406,2500.00000000
2018-02-26 22:11:13,0.00000406,1000.00000000
2018-02-26 22:11:17,0.00000406,6404.00000000
2018-02-26 22:11:19,0.00000405,101914.00000000
2018-02-26 22:11:20,0.00000405,25175.00000000
2018-02-26 22:11:21,0.00000405,185432.00000000
2018-02-26 22:11:23,0.00000406,1025.00000000
2018-02-26 22:11:25,0.00000406,2185.00000000
2018-02-26 22:11:25,0.00000406,4156.00000000
2018-02-26 22:11:31,0.00000405,491519.00000000
2018-02-26 22:11:38,0.00000405,311912.00000000
2018-02-26 22:11:38,0.00000405,1333.00000000
2018-02-26 22:11:43,0.00000405,1499.00000000
2018-02-26 22:11:48,0.00000405,286.00000000
2018-02-26 22:11:58,0.00000405,24396.00000000
2018-02-26 22:11:59,0.00000405,2767.00000000
2018-02-26 22:11:59,0.00000405,1252.00000000
2018-02-26 22:12:03,0.00000405,393.00000000
2018-02-26 22:12:06,0.00000406,300.00000000
2018-02-26 22:12:09,0.00000405,140121.00000000
2018-02-26 22:12:10,0.00000405,7026.00000000
2018-02-26 22:12:10,0.00000406,5368.00000000
2018-02-26 22:12:16,0.00000406,286.00000000
2018-02-26 22:12:18,0.00000404,773421.00000000
2018-02-26 22:12:24,0.00000405,1166.00000000
2018-02-26 22:12:25,0.00000405,4636.00000000
2018-02-26 22:12:25,0.00000406,1203.00000000
2018-02-26 22:12:40,0.00000404,5591.00000000
2018-02-26 22:12:41,0.00000405,379738.00000000
2018-02-26 22:12:54,0.00000405,249275.00000000
2018-02-26 22:12:55,0.00000405,1051.00000000
2018-02-26 22:12:57,0.00000405,2000.00000000
2018-02-26 22:13:01,0.00000405,12346.00000000
2018-02-26 22:13:02,0.00000405,62423.00000000
2018-02-26 22:13:02,0.00000406,12346.00000000
2018-02-26 22:13:04,0.00000406,12346.00000000
2018-02-26 22:13:10,0.00000405,12754.00000000
2018-02-26 22:13:10,0.00000404,12862.00000000
2018-02-26 22:13:12,0.00000405,10587.00000000
2018-02-26 22:13:12,0.00000405,364727.00000000
2018-02-26 22:13:18,0.00000405,1216.00000000
2018-02-26 22:13:25,0.00000406,47975.00000000
2018-02-26 22:13:30,0.00000405,1027.00000000
2018-02-26 22:13:30,0.00000405,841.00000000
2018-02-26 22:13:41,0.00000405,171564.00000000
2018-02-26 22:13:43,0.00000406,519.00000000
2018-02-26 22:13:46,0.00000405,341169.00000000
2018-02-26 22:13:57,0.00000404,185.00000000
2018-02-26 22:14:10,0.00000404,3188.00000000
2018-02-26 22:14:11,0.00000404,69144.00000000
2018-02-26 22:14:13,0.00000404,3561.00000000
2018-02-26 22:14:18,0.00000405,124413.00000000
2018-02-26 22:14:19,0.00000405,16405.00000000
2018-02-26 22:14:26,0.00000405,1000.00000000
2018-02-26 22:14:31,0.00000406,2463.00000000
2018-02-26 22:14:37,0.00000405,500.00000000
2018-02-26 22:14:42,0.00000405,9956.00000000
2018-02-26 22:14:42,0.00000405,3675.00000000
2018-02-26 22:14:42,0.00000405,3680.00000000
2018-02-26 22:14:43,0.00000405,100512.00000000
2018-02-26 22:15:01,0.00000405,41860.00000000
2018-02-26 22:15:01,0.00000405,481992.00000000
2018-02-26 22:15:05,0.00000406,7.00000000
2018-02-26 22:15:13,0.00000405,323642.00000000
2018-02-26 22:15:27,0.00000406,1917.00000000
2018-02-26 22:15:36,0.00000405,2684.00000000
2018-02-26 22:15:37,0.00000405,7655.00000000
2018-02-26 22:15:39,0.00000405,2761.00000000
2018-02-26 22:15:41,0.00000405,500.00000000
2018-02-26 22:15:41,0.00000405,364.00000000
2018-02-26 22:15:42,0.00000404,2500.00000000
2018-02-26 22:15:48,0.00000405,155247.00000000
2018-02-26 22:15:49,0.00000404,549.00000000
2018-02-26 22:15:57,0.00000405,2599.00000000
2018-02-26 22:15:59,0.00000405,6274.00000000
2018-02-26 22:16:06,0.00000405,506347.00000000
2018-02-26 22:16:10,0.00000405,269.00000000
2018-02-26 22:16:11,0.00000404,634.00000000
2018-02-26 22:16:13,0.00000404,301.00000000
2018-02-26 22:16:19,0.00000405,2978.00000000
2018-02-26 22:16:21,0.00000405,5072.00000000
2018-02-26 22:16:22,0.00000405,475484.00000000
2018-02-26 22:16:22,0.00000405,72.00000000
2018-02-26 22:16:23,0.00000405,2588.00000000
2018-02-26 22:16:24,0.00000405,2268.00000000
2018-02-26 22:16:29,0.00000405,2201.00000000
2018-02-26 22:16:30,0.00000405,1949.00000000
2018-02-26 22:16:35,0.00000405,984.00000000
2018-02-26 22:16:35,0.00000405,984.00000000
2018-02-26 22:16:40,0.00000404,314.00000000
2018-02-26 22:16:41,0.00000405,743.00000000
2018-02-26 22:16:41,0.00000405,5767.00000000
2018-02-26 22:16:42,0.00000405,8697.00000000
2018-02-26 22:16:42,0.00000405,413.00000000
2018-02-26 22:16:43,0.00000405,413.00000000
2018-02-26 22:16:44,0.00000405,1735.00000000
2018-02-26 22:16:45,0.00000405,413.00000000
2018-02-26 22:16:46,0.00000405,208.00000000
2018-02-26 22:16:47,0.00000405,4245.00000000
2018-02-26 22:16:50,0.00000405,3048.00000000
2018-02-26 22:16:50,0.00000405,104813.00000000
2018-02-26 22:16:51,0.00000405,3048.00000000
2018-02-26 22:16:54,0.00000405,4448.00000000
2018-02-26 22:16:54,0.00000405,4329.00000000
2018-02-26 22:16:58,0.00000405,43843.00000000
2018-02-26 22:16:59,0.00000405,32158.00000000
2018-02-26 22:16:59,0.00000405,100.00000000
2018-02-26 22:17:00,0.00000405,1333.00000000
2018-02-26 22:17:09,0.00000405,2525.00000000
2018-02-26 22:17:09,0.00000405,787.00000000
2018-02-26 22:17:09,0.00000405,197640.00000000
2018-02-26 22:17:11,0.00000405,3312.00000000
2018-02-26 22:17:11,0.00000405,7311.00000000
2018-02-26 22:17:12,0.00000405,2239.00000000
2018-02-26 22:17:18,0.00000405,1617.00000000
2018-02-26 22:17:34,0.00000405,1062.00000000
2018-02-26 22:17:43,0.00000405,81796.00000000
2018-02-26 22:17:43,0.00000404,4090.00000000
2018-02-26 22:17:43,0.00000405,116416.00000000
2018-02-26 22:17:45,0.00000405,543.00000000
2018-02-26 22:17:59,0.00000405,641.00000000
2018-02-26 22:18:00,0.00000405,248.00000000
2018-02-26 22:18:02,0.00000405,7487.00000000
2018-02-26 22:18:08,0.00000405,1000.00000000
2018-02-26 22:18:15,0.00000405,859.00000000
2018-02-26 22:18:17,0.00000405,3044.00000000
2018-02-26 22:18:17,0.00000405,498.00000000
2018-02-26 22:18:17,0.00000405,91921.00000000
2018-02-26 22:18:28,0.00000406,12.00000000
2018-02-26 22:18:29,0.00000405,2140.00000000
2018-02-26 22:18:35,0.00000405,857.00000000
2018-02-26 22:18:39,0.00000405,770.00000000
2018-02-26 22:18:42,0.00000405,71271.00000000
2018-02-26 22:18:50,0.00000405,11013.00000000
2018-02-26 22:18:53,0.00000404,291150.00000000
2018-02-26 22:18:55,0.00000405,2249.00000000
2018-02-26 22:18:59,0.00000405,212148.00000000
2018-02-26 22:19:10,0.00000404,80046.00000000
2018-02-26 22:19:24,0.00000405,2593.00000000
2018-02-26 22:19:24,0.00000404,185114.00000000
2018-02-26 22:19:31,0.00000404,2793.00000000
2018-02-26 22:19:31,0.00000405,600.00000000
2018-02-26 22:19:32,0.00000405,10655.00000000
2018-02-26 22:19:32,0.00000405,10312.00000000
2018-02-26 22:19:32,0.00000405,39698.00000000
2018-02-26 22:19:38,0.00000404,40630.00000000
2018-02-26 22:19:45,0.00000404,13560.00000000
2018-02-26 22:19:51,0.00000405,107953.00000000
2018-02-26 22:19:52,0.00000405,37184.00000000
2018-02-26 22:19:56,0.00000405,3556.00000000
2018-02-26 22:19:59,0.00000405,24752.00000000
2018-02-26 22:19:59,0.00000405,2064.00000000
2018-02-26 22:20:08,0.00000405,5544.00000000
2018-02-26 22:20:15,0.00000405,2312.00000000
2018-02-26 22:20:15,0.00000405,235.00000000
2018-02-26 22:20:20,0.00000404,173681.00000000
2018-02-26 22:20:23,0.00000405,70000.00000000
2018-02-26 22:20:35,0.00000404,915.00000000
2018-02-26 22:20:40,0.00000404,39709.00000000
2018-02-26 22:20:51,0.00000404,100354.00000000
2018-02-26 22:20:56,0.00000405,192476.00000000
2018-02-26 22:21:01,0.00000405,4193.00000000
2018-02-26 22:21:03,0.00000404,474.00000000
2018-02-26 22:21:05,0.00000404,1.00000000
2018-02-26 22:21:06,0.00000405,2624.00000000
2018-02-26 22:21:08,0.00000404,2.00000000
2018-02-26 22:21:08,0.00000404,2562.00000000
2018-02-26 22:21:13,0.00000405,16356.00000000
2018-02-26 22:21:14,0.00000405,597.00000000
2018-02-26 22:21:15,0.00000405,402.00000000
2018-02-26 22:21:29,0.00000404,167860.00000000
2018-02-26 22:21:35,0.00000405,24752.00000000
2018-02-26 22:21:35,0.00000405,7969.00000000
2018-02-26 22:21:35,0.00000404,1500.00000000
2018-02-26 22:21:36,0.00000405,17544.00000000
2018-02-26 22:21:37,0.00000405,15255.00000000
2018-02-26 22:21:38,0.00000404,13495.00000000
2018-02-26 22:21:41,0.00000405,413.00000000
2018-02-26 22:21:42,0.00000405,4222.00000000
2018-02-26 22:21:42,0.00000404,3250.00000000
2018-02-26 22:21:52,0.00000405,56705.00000000
2018-02-26 22:21:54,0.00000405,943.00000000
2018-02-26 22:21:54,0.00000405,94305.00000000
2018-02-26 22:21:55,0.00000404,33221.00000000
2018-02-26 22:21:55,0.00000405,8490.00000000
2018-02-26 22:21:55,0.00000405,6875.00000000
2018-02-26 22:21:58,0.00000404,7500.00000000
2018-02-26 22:22:01,0.00000404,16955.00000000
2018-02-26 22:22:01,0.00000404,4099.00000000
2018-02-26 22:22:01,0.00000404,5028.00000000
2018-02-26 22:22:02,0.00000405,93841.00000000
2018-02-26 22:22:02,0.00000404,1760.00000000
2018-02-26 22:22:03,0.00000404,1760.00000000
2018-02-26 22:22:03,0.00000404,497189.00000000
2018-02-26 22:22:05,0.00000404,269.00000000
2018-02-26 22:22:05,0.00000405,3.00000000
2018-02-26 22:22:18,0.00000405,51922.00000000
2018-02-26 22:22:19,0.00000405,484.00000000
2018-02-26 22:22:19,0.00000404,8500.00000000
2018-02-26 22:22:37,0.00000405,12277.00000000
2018-02-26 22:22:39,0.00000404,22443.00000000
2018-02-26 22:22:40,0.00000404,154523.00000000
2018-02-26 22:22:40,0.00000404,5029.00000000
2018-02-26 22:22:43,0.00000404,4023.00000000
2018-02-26 22:22:46,0.00000404,5029.00000000
2018-02-26 22:22:59,0.00000404,213.00000000
2018-02-26 22:23:01,0.00000404,30802.00000000
2018-02-26 22:23:03,0.00000404,554.00000000
2018-02-26 22:23:15,0.00000404,1841.00000000
2018-02-26 22:23:15,0.00000404,136038.00000000
2018-02-26 22:23:16,0.00000404,16212.00000000
2018-02-26 22:23:17,0.00000404,5494.00000000
2018-02-26 22:23:21,0.00000404,467932.00000000
2018-02-26 22:23:23,0.00000404,6704.00000000
2018-02-26 22:23:26,0.00000404,274.00000000
2018-02-26 22:23:34,0.00000404,670.00000000
2018-02-26 22:23:38,0.00000405,3.00000000
2018-02-26 22:23:38,0.00000404,300.00000000
2018-02-26 22:23:39,0.00000404,3126.00000000
2018-02-26 22:23:43,0.00000405,26031.00000000
2018-02-26 22:23:47,0.00000404,176162.00000000
2018-02-26 22:23:51,0.00000404,46760.00000000
2018-02-26 22:24:04,0.00000404,60227.00000000
2018-02-26 22:24:08,0.00000404,321945.00000000
2018-02-26 22:24:08,0.00000404,2546.00000000
2018-02-26 22:24:08,0.00000404,2550.00000000
2018-02-26 22:24:09,0.00000404,8262.00000000
2018-02-26 22:24:09,0.00000404,18105.00000000
2018-02-26 22:24:10,0.00000404,745.00000000
2018-02-26 22:24:11,0.00000404,22539.00000000
2018-02-26 22:24:12,0.00000404,24813.00000000
2018-02-26 22:24:12,0.00000404,1380.00000000
2018-02-26 22:24:12,0.00000404,2326.00000000
2018-02-26 22:24:12,0.00000404,16353.00000000
2018-02-26 22:24:13,0.00000404,23934.00000000
2018-02-26 22:24:15,0.00000404,259.00000000
2018-02-26 22:24:15,0.00000404,2492.00000000
2018-02-26 22:24:15,0.00000403,724.00000000
2018-02-26 22:24:15,0.00000403,13609.00000000
2018-02-26 22:24:16,0.00000404,12100.00000000
2018-02-26 22:24:17,0.00000404,30362.00000000
2018-02-26 22:24:18,0.00000404,19523.00000000
2018-02-26 22:24:18,0.00000404,28514.00000000
2018-02-26 22:24:19,0.00000404,24813.00000000
2018-02-26 22:24:19,0.00000404,27274.00000000
2018-02-26 22:24:19,0.00000404,2895.00000000
2018-02-26 22:24:19,0.00000404,256.00000000
2018-02-26 22:24:22,0.00000404,2000.00000000
2018-02-26 22:24:24,0.00000404,2000.00000000
2018-02-26 22:24:24,0.00000404,93030.00000000
2018-02-26 22:24:28,0.00000404,260.00000000
2018-02-26 22:24:41,0.00000403,2046.00000000
2018-02-26 22:24:42,0.00000404,300.00000000
2018-02-26 22:24:43,0.00000404,6841.00000000
2018-02-26 22:24:44,0.00000403,2.00000000
2018-02-26 22:24:45,0.00000404,267.00000000
2018-02-26 22:24:49,0.00000404,72664.00000000
2018-02-26 22:24:50,0.00000404,24813.00000000
2018-02-26 22:24:50,0.00000404,4204.00000000
2018-02-26 22:24:52,0.00000404,434.00000000
2018-02-26 22:24:53,0.00000404,9700.00000000
2018-02-26 22:24:53,0.00000404,940.00000000
2018-02-26 22:25:01,0.00000404,8906.00000000
2018-02-26 22:25:02,0.00000405,2.00000000
2018-02-26 22:25:05,0.00000405,284.00000000
2018-02-26 22:25:06,0.00000405,324.00000000
2018-02-26 22:25:09,0.00000405,390.00000000
2018-02-26 22:25:19,0.00000405,127943.00000000
2018-02-26 22:25:20,0.00000405,57987.00000000
2018-02-26 22:25:31,0.00000404,500.00000000
2018-02-26 22:25:44,0.00000404,40.00000000
2018-02-26 22:25:45,0.00000405,35.00000000
2018-02-26 22:25:47,0.00000404,500.00000000
2018-02-26 22:25:53,0.00000404,12863.00000000
2018-02-26 22:25:55,0.00000404,61904.00000000
2018-02-26 22:25:56,0.00000404,90292.00000000
2018-02-26 22:26:10,0.00000404,302.00000000
2018-02-26 22:26:13,0.00000404,2873.00000000
2018-02-26 22:26:23,0.00000404,11100.00000000
2018-02-26 22:26:23,0.00000404,565.00000000
2018-02-26 22:26:27,0.00000404,600.00000000
2018-02-26 22:26:28,0.00000404,176215.00000000
2018-02-26 22:26:30,0.00000404,61456.00000000
2018-02-26 22:26:40,0.00000404,3399.00000000
2018-02-26 22:26:40,0.00000404,386.00000000
2018-02-26 22:26:46,0.00000404,1910.00000000
2018-02-26 22:26:47,0.00000404,6917.00000000
2018-02-26 22:26:58,0.00000403,175764.00000000
2018-02-26 22:26:58,0.00000404,468.00000000
2018-02-26 22:27:18,0.00000404,3832.00000000
2018-02-26 22:27:23,0.00000404,5749.00000000
2018-02-26 22:27:24,0.00000404,1.00000000
2018-02-26 22:27:25,0.00000404,300.00000000
2018-02-26 22:27:27,0.00000403,112363.00000000
2018-02-26 22:27:30,0.00000404,4240.00000000
2018-02-26 22:27:33,0.00000403,5172.00000000
2018-02-26 22:27:36,0.00000404,4136.00000000
2018-02-26 22:27:41,0.00000404,4137.00000000
2018-02-26 22:27:42,0.00000404,1764.00000000
2018-02-26 22:27:44,0.00000404,1034.00000000
2018-02-26 22:27:44,0.00000404,56152.00000000
2018-02-26 22:27:47,0.00000404,6400.00000000
2018-02-26 22:27:47,0.00000403,5095.00000000
2018-02-26 22:27:57,0.00000403,835.00000000
2018-02-26 22:28:00,0.00000403,104093.00000000
2018-02-26 22:28:12,0.00000403,1198.00000000
2018-02-26 22:28:16,0.00000403,379.00000000
2018-02-26 22:28:17,0.00000404,1152.00000000
2018-02-26 22:28:23,0.00000403,1298.00000000
2018-02-26 22:28:29,0.00000404,90317.00000000
2018-02-26 22:28:34,0.00000403,3799.00000000
2018-02-26 22:28:34,0.00000404,1958.00000000
2018-02-26 22:28:43,0.00000404,466.00000000
2018-02-26 22:28:43,0.00000404,18865.00000000
2018-02-26 22:28:45,0.00000404,935.00000000
2018-02-26 22:28:46,0.00000404,33147.00000000
2018-02-26 22:28:50,0.00000404,1408.00000000
2018-02-26 22:28:51,0.00000405,145.00000000
2018-02-26 22:28:52,0.00000404,1750.00000000
2018-02-26 22:29:07,0.00000404,237545.00000000
2018-02-26 22:29:08,0.00000405,177472.00000000
2018-02-26 22:29:15,0.00000404,1298.00000000
2018-02-26 22:29:16,0.00000404,18838.00000000
2018-02-26 22:29:22,0.00000404,13200.00000000
2018-02-26 22:29:31,0.00000405,6.00000000
2018-02-26 22:29:37,0.00000405,107044.00000000
2018-02-26 22:29:37,0.00000404,1279.00000000
2018-02-26 22:29:38,0.00000404,36202.00000000
2018-02-26 22:29:40,0.00000404,2303.00000000
2018-02-26 22:29:41,0.00000404,1058.00000000
2018-02-26 22:29:41,0.00000404,1473.00000000
2018-02-26 22:29:42,0.00000404,10280.00000000
2018-02-26 22:29:43,0.00000404,4894.00000000
2018-02-26 22:29:43,0.00000404,2183.00000000
2018-02-26 22:29:49,0.00000405,12.00000000
2018-02-26 22:29:50,0.00000405,12500.00000000
2018-02-26 22:29:53,0.00000404,4280.00000000
2018-02-26 22:29:53,0.00000404,14089.00000000
2018-02-26 22:29:53,0.00000404,6062.00000000
2018-02-26 22:29:53,0.00000404,7577.00000000
2018-02-26 22:29:53,0.00000404,7596.00000000
2018-02-26 22:29:54,0.00000404,622.00000000
2018-02-26 22:29:57,0.00000404,854.00000000
2018-02-26 22:29:58,0.00000404,13019.00000000
2018-02-26 22:29:59,0.00000404,2491.00000000
2018-02-26 22:30:01,0.00000404,24752.00000000
2018-02-26 22:30:01,0.00000404,438.00000000
2018-02-26 22:30:07,0.00000405,150547.00000000
2018-02-26 22:30:15,0.00000404,5000.00000000
2018-02-26 22:30:16,0.00000405,1.00000000
2018-02-26 22:30:16,0.00000404,3727.00000000
2018-02-26 22:30:16,0.00000405,728.00000000
2018-02-26 22:30:25,0.00000405,2261.00000000
2018-02-26 22:30:26,0.00000404,5000.00000000
2018-02-26 22:30:28,0.00000405,3320.00000000
2018-02-26 22:30:32,0.00000404,9.00000000
2018-02-26 22:30:32,0.00000405,5795.00000000
2018-02-26 22:30:33,0.00000405,553.00000000
2018-02-26 22:30:36,0.00000405,102098.00000000
2018-02-26 22:30:49,0.00000405,4.00000000
2018-02-26 22:30:50,0.00000405,20449.00000000
2018-02-26 22:30:51,0.00000405,2894.00000000
2018-02-26 22:30:55,0.00000405,12458.00000000
2018-02-26 22:31:03,0.00000404,2476.00000000
2018-02-26 22:31:08,0.00000404,68266.00000000
2018-02-26 22:31:09,0.00000404,1238.00000000
2018-02-26 22:31:10,0.00000404,129804.00000000
2018-02-26 22:31:13,0.00000404,19.00000000
2018-02-26 22:31:23,0.00000404,750.00000000
2018-02-26 22:31:34,0.00000404,188061.00000000
2018-02-26 22:31:44,0.00000404,2208.00000000
2018-02-26 22:31:47,0.00000404,776.00000000
2018-02-26 22:31:53,0.00000404,1007.00000000
2018-02-26 22:32:04,0.00000405,77302.00000000
2018-02-26 22:32:07,0.00000405,2898.00000000
2018-02-26 22:32:07,0.00000404,45000.00000000
2018-02-26 22:32:08,0.00000405,6730.00000000
2018-02-26 22:32:12,0.00000404,1055555.00000000
2018-02-26 22:32:18,0.00000405,696.00000000
2018-02-26 22:32:20,0.00000405,694.00000000
2018-02-26 22:32:22,0.00000405,30000.00000000
2018-02-26 22:32:27,0.00000405,1514.00000000
2018-02-26 22:32:32,0.00000404,3038.00000000
2018-02-26 22:32:34,0.00000405,27714.00000000
2018-02-26 22:32:34,0.00000405,73215.00000000
2018-02-26 22:32:37,0.00000404,1115.00000000
2018-02-26 22:32:41,0.00000405,24815.00000000
2018-02-26 22:32:47,0.00000405,667.00000000
2018-02-26 22:32:52,0.00000405,10433.00000000
2018-02-26 22:32:53,0.00000405,1452.00000000
2018-02-26 22:32:53,0.00000404,1090.00000000
2018-02-26 22:33:04,0.00000405,43323.00000000
2018-02-26 22:33:10,0.00000404,179257.00000000
2018-02-26 22:33:16,0.00000405,600.00000000
2018-02-26 22:33:18,0.00000404,7206.00000000
2018-02-26 22:33:19,0.00000405,25100.00000000
2018-02-26 22:33:21,0.00000404,5000.00000000
2018-02-26 22:33:23,0.00000404,1328.00000000
2018-02-26 22:33:26,0.00000404,25000.00000000
2018-02-26 22:33:31,0.00000404,777.00000000
2018-02-26 22:33:34,0.00000405,112493.00000000
2018-02-26 22:33:36,0.00000404,3499.00000000
2018-02-26 22:33:38,0.00000404,27924.00000000
2018-02-26 22:33:41,0.00000405,170.00000000
2018-02-26 22:33:44,0.00000404,25000.00000000
2018-02-26 22:33:44,0.00000405,10026.00000000
2018-02-26 22:33:44,0.00000405,19311.00000000
2018-02-26 22:33:44,0.00000404,1853.00000000
2018-02-26 22:33:44,0.00000404,62035.00000000
2018-02-26 22:33:46,0.00000404,10500.00000000
2018-02-26 22:33:46,0.00000404,2291.00000000
2018-02-26 22:33:47,0.00000405,1.00000000
2018-02-26 22:33:57,0.00000404,14752.00000000
2018-02-26 22:34:00,0.00000404,2999.00000000
2018-02-26 22:34:03,0.00000404,46057.00000000
2018-02-26 22:34:05,0.00000404,163751.00000000
2018-02-26 22:34:05,0.00000405,2883.00000000
2018-02-26 22:34:06,0.00000405,9.00000000
2018-02-26 22:34:10,0.00000404,13220.00000000
2018-02-26 22:34:13,0.00000405,2445.00000000
2018-02-26 22:34:14,0.00000404,27308.00000000
2018-02-26 22:34:14,0.00000404,61339.00000000
2018-02-26 22:34:16,0.00000405,2540.00000000
2018-02-26 22:34:17,0.00000404,18865.00000000
2018-02-26 22:34:19,0.00000403,228044.00000000
2018-02-26 22:34:21,0.00000404,438719.00000000
2018-02-26 22:34:29,0.00000403,259.00000000
2018-02-26 22:34:41,0.00000403,92778.00000000
2018-02-26 22:34:45,0.00000403,1228.00000000
2018-02-26 22:34:50,0.00000403,81626.00000000
2018-02-26 22:34:53,0.00000404,5550.00000000
2018-02-26 22:34:55,0.00000404,19358.00000000
2018-02-26 22:34:56,0.00000404,386.00000000
2018-02-26 22:34:56,0.00000404,306.00000000
2018-02-26 22:34:57,0.00000403,92778.00000000
2018-02-26 22:35:03,0.00000403,5921.00000000
2018-02-26 22:35:06,0.00000404,117658.00000000
2018-02-26 22:35:15,0.00000404,6861.00000000
2018-02-26 22:35:16,0.00000404,89692.00000000
2018-02-26 22:35:16,0.00000404,396265.00000000
2018-02-26 22:35:18,0.00000404,14767.00000000
2018-02-26 22:35:19,0.00000403,100109.00000000
2018-02-26 22:35:20,0.00000404,90933.00000000
2018-02-26 22:35:20,0.00000404,529.00000000
2018-02-26 22:35:21,0.00000404,3127.00000000
2018-02-26 22:35:24,0.00000403,932.00000000
2018-02-26 22:35:26,0.00000404,4653.00000000
2018-02-26 22:35:31,0.00000404,15956.00000000
2018-02-26 22:35:38,0.00000404,191.00000000
2018-02-26 22:35:42,0.00000403,17836.00000000
2018-02-26 22:35:44,0.00000403,503.00000000
2018-02-26 22:35:46,0.00000404,139882.00000000
2018-02-26 22:35:50,0.00000403,8007.00000000
2018-02-26 22:35:50,0.00000403,383.00000000
2018-02-26 22:35:51,0.00000404,701.00000000
2018-02-26 22:35:51,0.00000404,28751.00000000
2018-02-26 22:35:52,0.00000403,9121.00000000
2018-02-26 22:35:57,0.00000404,329.00000000
2018-02-26 22:36:04,0.00000404,7500.00000000
2018-02-26 22:36:04,0.00000404,249.00000000
2018-02-26 22:36:05,0.00000404,254.00000000
2018-02-26 22:36:07,0.00000404,100152.00000000
2018-02-26 22:36:09,0.00000403,119956.00000000
2018-02-26 22:36:12,0.00000404,13964.00000000
2018-02-26 22:36:12,0.00000403,3469.00000000
2018-02-26 22:36:13,0.00000403,3999.00000000
2018-02-26 22:36:16,0.00000403,15075.00000000
2018-02-26 22:36:19,0.00000403,25175.00000000
2018-02-26 22:36:24,0.00000403,27956.00000000
2018-02-26 22:36:26,0.00000404,110.00000000
2018-02-26 22:36:27,0.00000404,163144.00000000
2018-02-26 22:36:28,0.00000404,12165.00000000
2018-02-26 22:36:29,0.00000403,435.00000000
2018-02-26 22:36:47,0.00000404,25025.00000000
2018-02-26 22:36:49,0.00000403,599.00000000
2018-02-26 22:36:56,0.00000403,287.00000000
2018-02-26 22:36:58,0.00000404,10193.00000000
2018-02-26 22:36:59,0.00000404,4902.00000000
2018-02-26 22:37:00,0.00000404,164907.00000000
2018-02-26 22:37:01,0.00000404,7850.00000000
2018-02-26 22:37:03,0.00000403,310.00000000
2018-02-26 22:37:08,0.00000403,878.00000000
2018-02-26 22:37:10,0.00000403,13719.00000000
2018-02-26 22:37:14,0.00000404,31179.00000000
2018-02-26 22:37:29,0.00000404,14473.00000000
2018-02-26 22:37:31,0.00000404,188818.00000000
2018-02-26 22:37:34,0.00000403,24023.00000000
2018-02-26 22:37:36,0.00000403,952.00000000
2018-02-26 22:37:43,0.00000404,2979.00000000
2018-02-26 22:37:44,0.00000403,5026.00000000
2018-02-26 22:37:47,0.00000403,1706.00000000
2018-02-26 22:37:50,0.00000403,69095.00000000
2018-02-26 22:37:50,0.00000403,1000.00000000
2018-02-26 22:37:55,0.00000403,40462.00000000
2018-02-26 22:37:57,0.00000403,155938.00000000
2018-02-26 22:37:58,0.00000403,1761.00000000
2018-02-26 22:38:06,0.00000403,170679.00000000
2018-02-26 22:38:06,0.00000404,4000.00000000
2018-02-26 22:38:08,0.00000404,8740.00000000
2018-02-26 22:38:08,0.00000404,7124.00000000
2018-02-26 22:38:11,0.00000403,50004.00000000
2018-02-26 22:38:13,0.00000403,750.00000000
2018-02-26 22:38:13,0.00000404,95293.00000000
2018-02-26 22:38:16,0.00000403,66679.00000000
2018-02-26 22:38:20,0.00000404,501.00000000
2018-02-26 22:38:23,0.00000404,1747.00000000
2018-02-26 22:38:27,0.00000403,432.00000000
2018-02-26 22:38:27,0.00000404,501.00000000
2018-02-26 22:38:30,0.00000404,18806.00000000
2018-02-26 22:38:36,0.00000403,132022.00000000
2018-02-26 22:38:37,0.00000403,113.00000000
2018-02-26 22:38:44,0.00000403,6801.00000000
2018-02-26 22:38:49,0.00000404,5000.00000000
2018-02-26 22:38:51,0.00000404,33337.00000000
2018-02-26 22:38:52,0.00000404,1000.00000000
2018-02-26 22:38:55,0.00000404,1000.00000000
2018-02-26 22:38:58,0.00000404,9000.00000000
2018-02-26 22:38:59,0.00000404,2490.00000000
2018-02-26 22:38:59,0.00000403,20673.00000000
2018-02-26 22:38:59,0.00000404,12000.00000000
2018-02-26 22:39:00,0.00000404,1.00000000
2018-02-26 22:39:00,0.00000404,2512.00000000
2018-02-26 22:39:04,0.00000404,28000.00000000
2018-02-26 22:39:08,0.00000404,5357.00000000
2018-02-26 22:39:10,0.00000404,19940.00000000
2018-02-26 22:39:10,0.00000403,1060.00000000
2018-02-26 22:39:11,0.00000404,9219.00000000
2018-02-26 22:39:12,0.00000403,128570.00000000
2018-02-26 22:39:15,0.00000404,12677.00000000
2018-02-26 22:39:22,0.00000404,1.00000000
2018-02-26 22:39:31,0.00000403,650.00000000
2018-02-26 22:39:31,0.00000404,331.00000000
2018-02-26 22:39:32,0.00000404,81285.00000000
2018-02-26 22:39:32,0.00000403,12664.00000000
2018-02-26 22:39:39,0.00000404,20042.00000000
2018-02-26 22:39:45,0.00000404,4800.00000000
2018-02-26 22:39:48,0.00000404,71366.00000000
2018-02-26 22:39:52,0.00000403,5535.00000000
2018-02-26 22:40:01,0.00000403,33539.00000000
2018-02-26 22:40:05,0.00000404,10000.00000000
2018-02-26 22:40:14,0.00000403,199735.00000000
2018-02-26 22:40:15,0.00000403,36482.00000000
2018-02-26 22:40:21,0.00000403,557.00000000
2018-02-26 22:40:30,0.00000403,3000.00000000
2018-02-26 22:40:31,0.00000403,3748.00000000
2018-02-26 22:40:32,0.00000403,1981.00000000
2018-02-26 22:40:34,0.00000404,28644.00000000
2018-02-26 22:40:34,0.00000403,2900.00000000
2018-02-26 22:40:39,0.00000404,7108.00000000
2018-02-26 22:40:40,0.00000404,1759.00000000
2018-02-26 22:40:42,0.00000404,440.00000000
2018-02-26 22:40:43,0.00000404,146.00000000
2018-02-26 22:40:45,0.00000404,118578.00000000
2018-02-26 22:40:47,0.00000403,1390.00000000
2018-02-26 22:40:48,0.00000403,10071.00000000
2018-02-26 22:40:50,0.00000404,1483.00000000
2018-02-26 22:41:00,0.00000403,831.00000000
2018-02-26 22:41:01,0.00000403,25695.00000000
2018-02-26 22:41:07,0.00000403,56260.00000000
2018-02-26 22:41:07,0.00000404,730.00000000
2018-02-26 22:41:10,0.00000403,125399.00000000
2018-02-26 22:41:17,0.00000403,1000.00000000
2018-02-26 22:41:24,0.00000403,100000.00000000
2018-02-26 22:41:25,0.00000404,11980.00000000
2018-02-26 22:41:27,0.00000403,12576.00000000
2018-02-26 22:41:33,0.00000404,500.00000000
2018-02-26 22:41:37,0.00000404,37549.00000000
2018-02-26 22:41:39,0.00000404,12620.00000000
2018-02-26 22:41:44,0.00000404,17523.00000000
2018-02-26 22:41:45,0.00000403,184037.00000000
2018-02-26 22:41:45,0.00000403,17500.00000000
2018-02-26 22:41:55,0.00000403,5000.00000000
2018-02-26 22:41:57,0.00000404,23345.00000000
2018-02-26 22:42:12,0.00000403,476.00000000
2018-02-26 22:42:14,0.00000403,156149.00000000
2018-02-26 22:42:15,0.00000403,1620.00000000
2018-02-26 22:42:27,0.00000403,43090.00000000
2018-02-26 22:42:30,0.00000404,10000.00000000
2018-02-26 22:42:31,0.00000403,2347.00000000
2018-02-26 22:42:31,0.00000404,29815.00000000
2018-02-26 22:42:36,0.00000404,2383.00000000
2018-02-26 22:42:41,0.00000404,126346.00000000
2018-02-26 22:42:44,0.00000403,53528.00000000
2018-02-26 22:42:49,0.00000403,412.00000000
2018-02-26 22:42:51,0.00000403,11968.00000000
2018-02-26 22:42:52,0.00000403,5660.00000000
2018-02-26 22:42:52,0.00000404,495.00000000
2018-02-26 22:42:52,0.00000404,495.00000000
2018-02-26 22:42:52,0.00000403,559.00000000
2018-02-26 22:43:00,0.00000403,44.00000000
2018-02-26 22:43:04,0.00000404,442.00000000
2018-02-26 22:43:06,0.00000404,742.00000000
2018-02-26 22:43:10,0.00000403,82435.00000000
2018-02-26 22:43:13,0.00000403,15076.00000000
2018-02-26 22:43:26,0.00000404,1237.00000000
2018-02-26 22:43:27,0.00000403,1225.00000000
2018-02-26 22:43:28,0.00000403,379440.00000000
2018-02-26 22:43:28,0.00000403,130254.00000000
2018-02-26 22:43:28,0.00000403,43564.00000000
2018-02-26 22:43:28,0.00000403,46228.00000000
2018-02-26 22:43:28,0.00000403,10406.00000000
2018-02-26 22:43:28,0.00000403,2473.00000000
2018-02-26 22:43:28,0.00000403,8325.00000000
2018-02-26 22:43:28,0.00000403,25661.00000000
2018-02-26 22:43:28,0.00000403,50254.00000000
2018-02-26 22:43:33,0.00000403,9469.00000000
2018-02-26 22:43:34,0.00000403,12407.00000000
2018-02-26 22:43:35,0.00000403,1671.00000000
2018-02-26 22:43:35,0.00000403,25000.00000000
2018-02-26 22:43:36,0.00000403,2481.00000000
2018-02-26 22:43:37,0.00000403,1356.00000000
2018-02-26 22:43:37,0.00000403,4288.00000000
2018-02-26 22:43:37,0.00000404,3837.00000000
2018-02-26 22:43:41,0.00000403,27199.00000000
2018-02-26 22:43:41,0.00000403,264780.00000000
2018-02-26 22:43:42,0.00000404,2475.00000000
2018-02-26 22:43:43,0.00000404,588.00000000
2018-02-26 22:43:46,0.00000403,15325.00000000
2018-02-26 22:43:47,0.00000404,9219.00000000
2018-02-26 22:43:48,0.00000403,2482.00000000
2018-02-26 22:43:48,0.00000403,3228.00000000
2018-02-26 22:43:49,0.00000403,6302.00000000
2018-02-26 22:43:49,0.00000404,1412.00000000
2018-02-26 22:43:49,0.00000403,2364.00000000
2018-02-26 22:43:50,0.00000403,1478.00000000
2018-02-26 22:43:50,0.00000404,1640.00000000
2018-02-26 22:43:54,0.00000403,4610.00000000
2018-02-26 22:43:58,0.00000403,50254.00000000
2018-02-26 22:43:59,0.00000404,7250.00000000
2018-02-26 22:44:02,0.00000404,15299.00000000
2018-02-26 22:44:12,0.00000404,23298.00000000
2018-02-26 22:44:12,0.00000403,94327.00000000
2018-02-26 22:44:13,0.00000403,857.00000000
2018-02-26 22:44:17,0.00000404,1500.00000000
2018-02-26 22:44:22,0.00000403,32014.00000000
2018-02-26 22:44:24,0.00000404,10502.00000000
2018-02-26 22:44:34,0.00000403,117540.00000000
2018-02-26 22:44:34,0.00000404,15000.00000000
2018-02-26 22:44:37,0.00000403,6454.00000000
2018-02-26 22:44:43,0.00000404,10.00000000
2018-02-26 22:44:46,0.00000403,103590.00000000
2018-02-26 22:44:47,0.00000404,10.00000000
2018-02-26 22:44:48,0.00000403,153287.00000000
2018-02-26 22:44:49,0.00000404,125469.00000000
2018-02-26 22:44:50,0.00000403,1402.00000000
2018-02-26 22:44:52,0.00000403,2289.00000000
2018-02-26 22:44:52,0.00000403,9552.00000000
2018-02-26 22:44:52,0.00000403,159546.00000000
2018-02-26 22:44:52,0.00000403,6297.00000000
2018-02-26 22:44:52,0.00000404,2.00000000
2018-02-26 22:44:52,0.00000403,13994.00000000
2018-02-26 22:44:59,0.00000403,28544.00000000
2018-02-26 22:45:01,0.00000403,1061.00000000
2018-02-26 22:45:08,0.00000403,14828.00000000
2018-02-26 22:45:12,0.00000403,50481.00000000
2018-02-26 22:45:12,0.00000404,163.00000000
2018-02-26 22:45:13,0.00000403,4514.00000000
2018-02-26 22:45:16,0.00000404,119530.00000000
2018-02-26 22:45:17,0.00000404,5724.00000000
2018-02-26 22:45:17,0.00000403,22596.00000000
2018-02-26 22:45:18,0.00000403,43694.00000000
2018-02-26 22:45:20,0.00000403,100.00000000
2018-02-26 22:45:24,0.00000403,2437.00000000
2018-02-26 22:45:29,0.00000404,12132.00000000
2018-02-26 22:45:33,0.00000403,6348.00000000
2018-02-26 22:45:34,0.00000404,306.00000000
2018-02-26 22:45:36,0.00000404,714.00000000
2018-02-26 22:45:44,0.00000404,173622.00000000
2018-02-26 22:45:45,0.00000403,147179.00000000
2018-02-26 22:45:56,0.00000404,21661.00000000
2018-02-26 22:46:06,0.00000404,600.00000000
2018-02-26 22:46:08,0.00000404,500.00000000
2018-02-26 22:46:11,0.00000403,175177.00000000
2018-02-26 22:46:15,0.00000403,500.00000000
2018-02-26 22:46:22,0.00000403,4999.00000000
2018-02-26 22:46:22,0.00000403,11911.00000000
2018-02-26 22:46:27,0.00000403,5000.00000000
2018-02-26 22:46:29,0.00000404,1835.00000000
2018-02-26 22:46:29,0.00000404,10000.00000000
2018-02-26 22:46:30,0.00000403,49835.00000000
2018-02-26 22:46:31,0.00000404,499.00000000
2018-02-26 22:46:33,0.00000404,2.00000000
2018-02-26 22:46:37,0.00000404,1183.00000000
2018-02-26 22:46:39,0.00000403,300.00000000
2018-02-26 22:46:40,0.00000404,2500.00000000
2018-02-26 22:46:40,0.00000403,198926.00000000
2018-02-26 22:46:41,0.00000403,2335.00000000
2018-02-26 22:46:43,0.00000404,18.00000000
2018-02-26 22:46:49,0.00000403,3000.00000000
2018-02-26 22:46:52,0.00000404,765.00000000
2018-02-26 22:47:02,0.00000403,24813.00000000
2018-02-26 22:47:02,0.00000403,3791.00000000
2018-02-26 22:47:02,0.00000404,615.00000000
2018-02-26 22:47:04,0.00000404,48113.00000000
2018-02-26 22:47:05,0.00000403,416.00000000
2018-02-26 22:47:05,0.00000403,14354.00000000
2018-02-26 22:47:05,0.00000403,400.00000000
2018-02-26 22:47:10,0.00000404,27308.00000000
2018-02-26 22:47:12,0.00000403,5704.00000000
2018-02-26 22:47:12,0.00000404,1200.00000000
2018-02-26 22:47:17,0.00000404,151955.00000000
2018-02-26 22:47:20,0.00000403,5908.00000000
2018-02-26 22:47:20,0.00000404,10000.00000000
2018-02-26 22:47:21,0.00000403,8591.00000000
2018-02-26 22:47:24,0.00000403,459.00000000
2018-02-26 22:47:28,0.00000403,3127.00000000
2018-02-26 22:47:30,0.00000403,203607.00000000
2018-02-26 22:47:32,0.00000403,4570.00000000
2018-02-26 22:47:35,0.00000403,906.00000000
2018-02-26 22:47:37,0.00000404,18.00000000
2018-02-26 22:47:42,0.00000403,1614.00000000
2018-02-26 22:47:44,0.00000403,2482.00000000
2018-02-26 22:47:45,0.00000404,2475.00000000
2018-02-26 22:47:48,0.00000403,2500.00000000
2018-02-26 22:47:49,0.00000404,3601.00000000
2018-02-26 22:47:51,0.00000404,49662.00000000
2018-02-26 22:47:51,0.00000403,161950.00000000
2018-02-26 22:47:55,0.00000404,4938.00000000
2018-02-26 22:47:57,0.00000404,20.00000000
2018-02-26 22:48:02,0.00000404,4270.00000000
2018-02-26 22:48:08,0.00000403,624.00000000
2018-02-26 22:48:09,0.00000404,29.00000000
2018-02-26 22:48:17,0.00000404,38321.00000000
2018-02-26 22:48:17,0.00000404,38321.00000000
2018-02-26 22:48:18,0.00000403,11707.00000000
2018-02-26 22:48:19,0.00000403,6455.00000000
2018-02-26 22:48:21,0.00000403,173586.00000000
2018-02-26 22:48:25,0.00000403,269.00000000
2018-02-26 22:48:25,0.00000404,4220.00000000
2018-02-26 22:48:29,0.00000403,6826.00000000
2018-02-26 22:48:35,0.00000403,23026.00000000
2018-02-26 22:48:37,0.00000403,2719.00000000
2018-02-26 22:48:37,0.00000404,934.00000000
2018-02-26 22:48:39,0.00000403,5000.00000000
2018-02-26 22:48:41,0.00000403,5537.00000000
2018-02-26 22:48:44,0.00000403,125000.00000000
2018-02-26 22:48:45,0.00000403,3557.00000000
2018-02-26 22:48:49,0.00000404,63388.00000000
2018-02-26 22:48:50,0.00000404,173177.00000000
2018-02-26 22:48:51,0.00000403,4163.00000000
2018-02-26 22:48:58,0.00000404,1.00000000
2018-02-26 22:48:59,0.00000403,589.00000000
2018-02-26 22:48:59,0.00000404,67723.00000000
2018-02-26 22:48:59,0.00000404,147259.00000000
2018-02-26 22:48:59,0.00000404,1867.00000000
2018-02-26 22:49:00,0.00000404,35686.00000000
2018-02-26 22:49:00,0.00000404,4734.00000000
2018-02-26 22:49:00,0.00000404,2085.00000000
2018-02-26 22:49:01,0.00000404,4996.00000000
2018-02-26 22:49:05,0.00000405,493.00000000
2018-02-26 22:49:06,0.00000404,20124.00000000
2018-02-26 22:49:06,0.00000404,2009.00000000
2018-02-26 22:49:07,0.00000404,13517.00000000
2018-02-26 22:49:10,0.00000404,5926.00000000
2018-02-26 22:49:12,0.00000404,10000.00000000
2018-02-26 22:49:14,0.00000403,459.00000000
2018-02-26 22:49:15,0.00000403,150567.00000000
2018-02-26 22:49:15,0.00000404,7699.00000000
2018-02-26 22:49:16,0.00000404,24752.00000000
2018-02-26 22:49:16,0.00000404,1225.00000000
2018-02-26 22:49:16,0.00000405,248.00000000
2018-02-26 22:49:17,0.00000404,1225.00000000
2018-02-26 22:49:18,0.00000404,3114.00000000
2018-02-26 22:49:19,0.00000404,7059.00000000
2018-02-26 22:49:19,0.00000404,31374.00000000
2018-02-26 22:49:25,0.00000403,34140.00000000
2018-02-26 22:49:25,0.00000404,690.00000000
2018-02-26 22:49:29,0.00000404,103713.00000000
2018-02-26 22:49:34,0.00000403,10000.00000000
2018-02-26 22:49:44,0.00000403,25000.00000000
2018-02-26 22:49:45,0.00000404,23214.00000000
2018-02-26 22:49:45,0.00000405,6265.00000000
2018-02-26 22:49:46,0.00000405,517.00000000
2018-02-26 22:49:49,0.00000404,407579.00000000
2018-02-26 22:49:50,0.00000403,500.00000000
2018-02-26 22:49:55,0.00000403,216.00000000
2018-02-26 22:50:03,0.00000404,19750.00000000
2018-02-26 22:50:05,0.00000404,6518.00000000
2018-02-26 22:50:12,0.00000403,707.00000000
2018-02-26 22:50:12,0.00000403,1606.00000000
2018-02-26 22:50:12,0.00000404,1051.00000000
2018-02-26 22:50:12,0.00000403,5280.00000000
2018-02-26 22:50:15,0.00000403,415.00000000
2018-02-26 22:50:18,0.00000403,21657.00000000
2018-02-26 22:50:18,0.00000403,1804.00000000
2018-02-26 22:50:20,0.00000404,196699.00000000
2018-02-26 22:50:24,0.00000404,13.00000000
2018-02-26 22:50:26,0.00000403,625.00000000
2018-02-26 22:50:31,0.00000403,8818.00000000
2018-02-26 22:50:31,0.00000404,2195.00000000
2018-02-26 22:50:33,0.00000404,4.00000000
2018-02-26 22:50:33,0.00000404,250.00000000
2018-02-26 22:50:34,0.00000404,390.00000000
2018-02-26 22:50:37,0.00000403,2000.00000000
2018-02-26 22:50:39,0.00000404,270.00000000
2018-02-26 22:50:40,0.00000403,7552.00000000
2018-02-26 22:50:44,0.00000404,650.00000000
2018-02-26 22:50:49,0.00000404,116191.00000000
2018-02-26 22:50:50,0.00000403,499.00000000
2018-02-26 22:50:56,0.00000403,12987.00000000
2018-02-26 22:51:02,0.00000403,8116.00000000
2018-02-26 22:51:19,0.00000403,1939.00000000
2018-02-26 22:51:22,0.00000403,163215.00000000
2018-02-26 22:51:25,0.00000404,2475.00000000
2018-02-26 22:51:28,0.00000403,999.00000000
2018-02-26 22:51:35,0.00000404,285.00000000
2018-02-26 22:51:35,0.00000403,591866.00000000
2018-02-26 22:51:38,0.00000403,250.00000000
2018-02-26 22:51:45,0.00000404,15073.00000000
2018-02-26 22:51:46,0.00000403,216.00000000
2018-02-26 22:51:48,0.00000403,94594.00000000
2018-02-26 22:51:53,0.00000404,1972.00000000
2018-02-26 22:51:56,0.00000403,1471.00000000
2018-02-26 22:51:56,0.00000403,100.00000000
2018-02-26 22:51:58,0.00000404,890.00000000
2018-02-26 22:51:59,0.00000404,143561.00000000
2018-02-26 22:52:01,0.00000403,100.00000000
2018-02-26 22:52:03,0.00000404,21903.00000000
2018-02-26 22:52:03,0.00000404,7.00000000
2018-02-26 22:52:06,0.00000403,200.00000000
2018-02-26 22:52:07,0.00000404,844.00000000
2018-02-26 22:52:09,0.00000404,943.00000000
2018-02-26 22:52:09,0.00000404,3.00000000
2018-02-26 22:52:11,0.00000404,7487.00000000
2018-02-26 22:52:13,0.00000404,1.00000000
2018-02-26 22:52:21,0.00000404,85071.00000000
2018-02-26 22:52:25,0.00000403,2455.00000000
2018-02-26 22:52:30,0.00000404,2475.00000000
2018-02-26 22:52:40,0.00000403,48156.00000000
2018-02-26 22:52:41,0.00000404,1194.00000000
2018-02-26 22:52:42,0.00000403,12931.00000000
2018-02-26 22:52:49,0.00000403,1001.00000000
2018-02-26 22:52:50,0.00000404,13293.00000000
2018-02-26 22:52:53,0.00000403,147952.00000000
2018-02-26 22:52:53,0.00000403,2518.00000000
2018-02-26 22:52:55,0.00000404,5597.00000000
2018-02-26 22:52:55,0.00000404,3104.00000000
2018-02-26 22:53:01,0.00000404,292.00000000
2018-02-26 22:53:02,0.00000404,21499.00000000
2018-02-26 22:53:03,0.00000404,2201.00000000
2018-02-26 22:53:19,0.00000404,3.00000000
2018-02-26 22:53:24,0.00000403,166174.00000000
2018-02-26 22:53:34,0.00000403,106083.00000000
2018-02-26 22:53:38,0.00000403,5702.00000000
2018-02-26 22:53:40,0.00000403,3723.00000000
2018-02-26 22:53:43,0.00000404,3500.00000000
2018-02-26 22:53:45,0.00000404,790.00000000
2018-02-26 22:53:46,0.00000403,200.00000000
2018-02-26 22:53:52,0.00000403,195312.00000000
2018-02-26 22:54:02,0.00000403,29605.00000000
2018-02-26 22:54:02,0.00000404,500.00000000
2018-02-26 22:54:02,0.00000403,313.00000000
2018-02-26 22:54:05,0.00000403,970.00000000
2018-02-26 22:54:10,0.00000404,3.00000000
2018-02-26 22:54:10,0.00000404,495.00000000
2018-02-26 22:54:11,0.00000403,1300.00000000
2018-02-26 22:54:12,0.00000404,42855.00000000
2018-02-26 22:54:12,0.00000403,10000.00000000
2018-02-26 22:54:14,0.00000404,100.00000000
2018-02-26 22:54:24,0.00000403,38059.00000000
2018-02-26 22:54:28,0.00000403,119521.00000000
2018-02-26 22:54:31,0.00000403,3734.00000000
2018-02-26 22:54:31,0.00000403,1241.00000000
2018-02-26 22:54:42,0.00000403,1241.00000000
2018-02-26 22:54:50,0.00000403,421.00000000
2018-02-26 22:54:51,0.00000404,3143.00000000
2018-02-26 22:54:54,0.00000403,15252.00000000
2018-02-26 22:54:58,0.00000403,179743.00000000
2018-02-26 22:54:58,0.00000404,27264.00000000
2018-02-26 22:55:02,0.00000403,10261.00000000
2018-02-26 22:55:03,0.00000403,1022.00000000
2018-02-26 22:55:12,0.00000403,1040.00000000
2018-02-26 22:55:17,0.00000403,25000.00000000
2018-02-26 22:55:18,0.00000403,4657.00000000
2018-02-26 22:55:18,0.00000403,1241.00000000
2018-02-26 22:55:19,0.00000403,1.00000000
2018-02-26 22:55:20,0.00000403,200.00000000
2018-02-26 22:55:21,0.00000403,15092.00000000
2018-02-26 22:55:22,0.00000403,200.00000000
2018-02-26 22:55:25,0.00000403,1049.00000000
2018-02-26 22:55:32,0.00000403,7440.00000000
2018-02-26 22:55:33,0.00000404,157809.00000000
2018-02-26 22:55:33,0.00000403,106707.00000000
2018-02-26 22:55:33,0.00000403,108000.00000000
2018-02-26 22:55:34,0.00000403,665.00000000
2018-02-26 22:55:38,0.00000403,53458.00000000
2018-02-26 22:55:39,0.00000404,7276.00000000
2018-02-26 22:55:40,0.00000403,40000.00000000
2018-02-26 22:55:41,0.00000404,3903.00000000
2018-02-26 22:55:45,0.00000404,95.00000000
2018-02-26 22:55:46,0.00000404,8631.00000000
2018-02-26 22:55:48,0.00000403,429.00000000
2018-02-26 22:55:53,0.00000404,12027.00000000
2018-02-26 22:55:55,0.00000403,9990.00000000
2018-02-26 22:56:02,0.00000404,80200.00000000
2018-02-26 22:56:08,0.00000403,3500.00000000
2018-02-26 22:56:08,0.00000404,163827.00000000
2018-02-26 22:56:08,0.00000403,642.00000000
2018-02-26 22:56:09,0.00000403,100.00000000
2018-02-26 22:56:13,0.00000403,248.00000000
2018-02-26 22:56:39,0.00000403,3142.00000000
2018-02-26 22:56:40,0.00000403,6498.00000000
2018-02-26 22:56:41,0.00000404,148433.00000000
2018-02-26 22:56:42,0.00000403,26.00000000
2018-02-26 22:56:54,0.00000403,4185.00000000
2018-02-26 22:56:57,0.00000404,1561.00000000
2018-02-26 22:57:07,0.00000403,665.00000000
2018-02-26 22:57:07,0.00000404,86894.00000000
2018-02-26 22:57:13,0.00000404,20.00000000
2018-02-26 22:57:24,0.00000404,3258.00000000
2018-02-26 22:57:26,0.00000404,1468.00000000
2018-02-26 22:57:32,0.00000404,8817.00000000
2018-02-26 22:57:36,0.00000404,602.00000000
2018-02-26 22:57:37,0.00000404,120930.00000000
2018-02-26 22:57:45,0.00000404,501.00000000
2018-02-26 22:57:45,0.00000404,5265.00000000
2018-02-26 22:57:48,0.00000404,24404.00000000
2018-02-26 22:57:52,0.00000404,10900.00000000
2018-02-26 22:57:54,0.00000403,133134.00000000
2018-02-26 22:57:55,0.00000404,1571.00000000
2018-02-26 22:57:57,0.00000404,2175.00000000
2018-02-26 22:58:04,0.00000403,144015.00000000
2018-02-26 22:58:16,0.00000403,1957.00000000
2018-02-26 22:58:17,0.00000403,335.00000000
2018-02-26 22:58:21,0.00000403,214260.00000000
2018-02-26 22:58:23,0.00000403,6201.00000000
2018-02-26 22:58:33,0.00000404,4114.00000000
2018-02-26 22:58:34,0.00000403,167404.00000000
2018-02-26 22:58:39,0.00000403,12216.00000000
2018-02-26 22:58:41,0.00000404,27072.00000000
2018-02-26 22:58:48,0.00000403,3896.00000000
2018-02-26 22:58:49,0.00000404,3000.00000000
2018-02-26 22:58:56,0.00000403,87276.00000000
2018-02-26 22:58:59,0.00000404,84.00000000
2018-02-26 22:59:10,0.00000403,14625.00000000
2018-02-26 22:59:11,0.00000404,77676.00000000
2018-02-26 22:59:17,0.00000404,6535.00000000
2018-02-26 22:59:24,0.00000403,123.00000000
2018-02-26 22:59:25,0.00000403,116314.00000000
2018-02-26 22:59:29,0.00000403,4.00000000
2018-02-26 22:59:31,0.00000404,250.00000000
2018-02-26 22:59:38,0.00000404,4132.00000000
2018-02-26 22:59:39,0.00000403,5238.00000000
2018-02-26 22:59:52,0.00000403,166558.00000000
2018-02-26 22:59:54,0.00000404,1999.00000000
2018-02-26 22:59:55,0.00000403,118040.00000000
2018-02-26 22:59:57,0.00000404,1999.00000000
2018-02-26 22:59:58,0.00000404,1999.00000000
