DATE,PRICE,VOLUME
2018-02-23 12:00:08,0.00000419,20338.00000000
2018-02-23 12:00:08,0.00000419,262.00000000
2018-02-23 12:00:10,0.00000419,163427.00000000
2018-02-23 12:00:11,0.00000419,36070.00000000
2018-02-23 12:00:15,0.00000419,62.00000000
2018-02-23 12:00:16,0.00000419,110364.00000000
2018-02-23 12:00:16,0.00000419,10275.00000000
2018-02-23 12:00:18,0.00000419,779.00000000
2018-02-23 12:00:19,0.00000418,33944.00000000
2018-02-23 12:00:19,0.00000419,2678.00000000
2018-02-23 12:00:22,0.00000419,21.00000000
2018-02-23 12:00:23,0.00000419,6506.00000000
2018-02-23 12:00:23,0.00000419,1064.00000000
2018-02-23 12:00:24,0.00000419,2386.00000000
2018-02-23 12:00:25,0.00000419,236191.00000000
2018-02-23 12:00:27,0.00000419,1041.00000000
2018-02-23 12:00:28,0.00000419,62806.00000000
2018-02-23 12:00:28,0.00000419,175424.00000000
2018-02-23 12:00:28,0.00000419,7158.00000000
2018-02-23 12:00:28,0.00000419,9732.00000000
2018-02-23 12:00:29,0.00000419,4502.00000000
2018-02-23 12:00:29,0.00000419,2000.00000000
2018-02-23 12:00:31,0.00000420,1000.00000000
2018-02-23 12:00:32,0.00000419,710.00000000
2018-02-23 12:00:37,0.00000419,239.00000000
2018-02-23 12:00:37,0.00000420,365.00000000
2018-02-23 12:00:38,0.00000419,1004190.00000000
2018-02-23 12:00:40,0.00000419,1247.00000000
2018-02-23 12:00:40,0.00000419,49192.00000000
2018-02-23 12:00:41,0.00000418,1598.00000000
2018-02-23 12:00:41,0.00000418,605.00000000
2018-02-23 12:00:42,0.00000419,295.00000000
2018-02-23 12:00:42,0.00000419,64181.00000000
2018-02-23 12:00:44,0.00000418,80000.00000000
2018-02-23 12:00:45,0.00000419,2512.00000000
2018-02-23 12:00:45,0.00000418,2000.00000000
2018-02-23 12:00:46,0.00000418,618.00000000
2018-02-23 12:00:46,0.00000419,897.00000000
2018-02-23 12:00:47,0.00000419,139365.00000000
2018-02-23 12:00:49,0.00000418,529.00000000
2018-02-23 12:00:51,0.00000419,14263.00000000
2018-02-23 12:00:52,0.00000418,586.00000000
2018-02-23 12:00:53,0.00000419,8530.00000000
2018-02-23 12:00:54,0.00000418,990.00000000
2018-02-23 12:00:57,0.00000419,9250.00000000
2018-02-23 12:01:00,0.00000418,9500.00000000
2018-02-23 12:01:02,0.00000419,14447.00000000
2018-02-23 12:01:04,0.00000419,1369.00000000
2018-02-23 12:01:05,0.00000419,3234.00000000
2018-02-23 12:01:05,0.00000419,131386.00000000
2018-02-23 12:01:05,0.00000419,28843.00000000
2018-02-23 12:01:09,0.00000419,3000.00000000
2018-02-23 12:01:10,0.00000419,20114.00000000
2018-02-23 12:01:22,0.00000419,3284.00000000
2018-02-23 12:01:25,0.00000419,440.00000000
2018-02-23 12:01:27,0.00000419,28317.00000000
2018-02-23 12:01:28,0.00000419,6445.00000000
2018-02-23 12:01:29,0.00000419,1000.00000000
2018-02-23 12:01:29,0.00000419,101456.00000000
2018-02-23 12:01:30,0.00000419,140503.00000000
2018-02-23 12:01:30,0.00000419,14390.00000000
2018-02-23 12:01:30,0.00000419,66654.00000000
2018-02-23 12:01:30,0.00000419,524145.00000000
2018-02-23 12:01:30,0.00000419,4562.00000000
2018-02-23 12:01:32,0.00000418,388.00000000
2018-02-23 12:01:32,0.00000419,9375.00000000
2018-02-23 12:01:33,0.00000419,1245.00000000
2018-02-23 12:01:34,0.00000418,50.00000000
2018-02-23 12:01:36,0.00000418,21020.00000000
2018-02-23 12:01:36,0.00000418,3856.00000000
2018-02-23 12:01:36,0.00000419,49705.00000000
2018-02-23 12:01:38,0.00000419,5246.00000000
2018-02-23 12:01:38,0.00000419,975.00000000
2018-02-23 12:01:49,0.00000418,4538.00000000
2018-02-23 12:01:50,0.00000419,51261.00000000
2018-02-23 12:01:54,0.00000419,19600.00000000
2018-02-23 12:01:54,0.00000419,250.00000000
2018-02-23 12:02:03,0.00000419,20655.00000000
2018-02-23 12:02:04,0.00000418,1500.00000000
2018-02-23 12:02:05,0.00000419,7169.00000000
2018-02-23 12:02:06,0.00000419,34.00000000
2018-02-23 12:02:10,0.00000418,4044.00000000
2018-02-23 12:02:10,0.00000419,49383.00000000
2018-02-23 12:02:11,0.00000418,2.00000000
2018-02-23 12:02:12,0.00000418,13845.00000000
2018-02-23 12:02:12,0.00000418,50.00000000
2018-02-23 12:02:14,0.00000418,1000.00000000
2018-02-23 12:02:15,0.00000419,24002.00000000
2018-02-23 12:02:22,0.00000418,6893.00000000
2018-02-23 12:02:23,0.00000419,7728.00000000
2018-02-23 12:02:29,0.00000418,20964.00000000
2018-02-23 12:02:30,0.00000418,480.00000000
2018-02-23 12:02:32,0.00000418,16.00000000
2018-02-23 12:02:34,0.00000419,255624.00000000
2018-02-23 12:02:36,0.00000419,18285.00000000
2018-02-23 12:02:37,0.00000419,1000.00000000
2018-02-23 12:02:39,0.00000418,17703.00000000
2018-02-23 12:02:40,0.00000419,544.00000000
2018-02-23 12:02:40,0.00000419,17500.00000000
2018-02-23 12:02:42,0.00000419,7258.00000000
2018-02-23 12:02:44,0.00000419,26173.00000000
2018-02-23 12:02:44,0.00000419,21823.00000000
2018-02-23 12:02:45,0.00000419,202.00000000
2018-02-23 12:02:51,0.00000418,37477.00000000
2018-02-23 12:02:51,0.00000419,14622.00000000
2018-02-23 12:02:53,0.00000419,1893.00000000
2018-02-23 12:02:54,0.00000419,17884.00000000
2018-02-23 12:02:55,0.00000419,14470.00000000
2018-02-23 12:02:56,0.00000419,200.00000000
2018-02-23 12:02:57,0.00000418,7183.00000000
2018-02-23 12:02:58,0.00000419,995.00000000
2018-02-23 12:03:02,0.00000419,7451.00000000
2018-02-23 12:03:03,0.00000419,27983.00000000
2018-02-23 12:03:04,0.00000419,870.00000000
2018-02-23 12:03:11,0.00000419,6820.00000000
2018-02-23 12:03:11,0.00000419,2484.00000000
2018-02-23 12:03:16,0.00000420,1801.00000000
2018-02-23 12:03:16,0.00000420,7526.00000000
2018-02-23 12:03:17,0.00000419,522.00000000
2018-02-23 12:03:17,0.00000419,12113.00000000
2018-02-23 12:03:17,0.00000418,1497.00000000
2018-02-23 12:03:18,0.00000420,595.00000000
2018-02-23 12:03:19,0.00000419,18323.00000000
2018-02-23 12:03:19,0.00000419,1000.00000000
2018-02-23 12:03:20,0.00000418,31440.00000000
2018-02-23 12:03:21,0.00000419,5.00000000
2018-02-23 12:03:22,0.00000419,22.00000000
2018-02-23 12:03:23,0.00000419,2229.00000000
2018-02-23 12:03:24,0.00000418,939.00000000
2018-02-23 12:03:27,0.00000419,62000.00000000
2018-02-23 12:03:28,0.00000419,2105.00000000
2018-02-23 12:03:31,0.00000419,2386.00000000
2018-02-23 12:03:36,0.00000419,24.00000000
2018-02-23 12:03:38,0.00000419,309.00000000
2018-02-23 12:03:39,0.00000419,956.00000000
2018-02-23 12:03:39,0.00000419,4999.00000000
2018-02-23 12:03:40,0.00000419,4911.00000000
2018-02-23 12:03:41,0.00000419,481.00000000
2018-02-23 12:03:41,0.00000419,1107.00000000
2018-02-23 12:03:41,0.00000419,7435.00000000
2018-02-23 12:03:44,0.00000419,12897.00000000
2018-02-23 12:03:49,0.00000419,1475.00000000
2018-02-23 12:03:51,0.00000420,1397.00000000
2018-02-23 12:03:53,0.00000420,462.00000000
2018-02-23 12:03:55,0.00000420,16190.00000000
2018-02-23 12:03:56,0.00000420,498.00000000
2018-02-23 12:03:58,0.00000420,14610.00000000
2018-02-23 12:03:58,0.00000419,5514.00000000
2018-02-23 12:04:00,0.00000420,1660.00000000
2018-02-23 12:04:00,0.00000419,1213.00000000
2018-02-23 12:04:00,0.00000420,968.00000000
2018-02-23 12:04:00,0.00000420,5004.00000000
2018-02-23 12:04:03,0.00000419,750.00000000
2018-02-23 12:04:05,0.00000419,10477.00000000
2018-02-23 12:04:05,0.00000419,4748.00000000
2018-02-23 12:04:06,0.00000419,12326.00000000
2018-02-23 12:04:07,0.00000420,4946.00000000
2018-02-23 12:04:13,0.00000420,21760.00000000
2018-02-23 12:04:16,0.00000419,1169.00000000
2018-02-23 12:04:17,0.00000420,815.00000000
2018-02-23 12:04:20,0.00000420,83066.00000000
2018-02-23 12:04:21,0.00000419,51681.00000000
2018-02-23 12:04:21,0.00000420,94801.00000000
2018-02-23 12:04:25,0.00000420,3320.00000000
2018-02-23 12:04:27,0.00000420,21548.00000000
2018-02-23 12:04:40,0.00000420,17823.00000000
2018-02-23 12:04:43,0.00000419,226.00000000
2018-02-23 12:04:50,0.00000420,24861.00000000
2018-02-23 12:04:55,0.00000420,20858.00000000
2018-02-23 12:04:58,0.00000420,395.00000000
2018-02-23 12:05:00,0.00000419,718.00000000
2018-02-23 12:05:02,0.00000420,36.00000000
2018-02-23 12:05:03,0.00000420,2400.00000000
2018-02-23 12:05:05,0.00000419,27484.00000000
2018-02-23 12:05:13,0.00000419,81135.00000000
2018-02-23 12:05:14,0.00000419,4404.00000000
2018-02-23 12:05:16,0.00000419,456770.00000000
2018-02-23 12:05:18,0.00000419,151290.00000000
2018-02-23 12:05:18,0.00000419,44412.00000000
2018-02-23 12:05:20,0.00000419,14617.00000000
2018-02-23 12:05:20,0.00000419,5000.00000000
2018-02-23 12:05:21,0.00000420,22531.00000000
2018-02-23 12:05:22,0.00000419,2304.00000000
2018-02-23 12:05:23,0.00000419,45791.00000000
2018-02-23 12:05:25,0.00000419,1732.00000000
2018-02-23 12:05:25,0.00000419,16402.00000000
2018-02-23 12:05:25,0.00000419,7144.00000000
2018-02-23 12:05:25,0.00000419,407.00000000
2018-02-23 12:05:25,0.00000419,5199.00000000
2018-02-23 12:05:27,0.00000419,29895.00000000
2018-02-23 12:05:28,0.00000419,30312.00000000
2018-02-23 12:05:28,0.00000419,761.00000000
2018-02-23 12:05:28,0.00000419,10864.00000000
2018-02-23 12:05:28,0.00000419,7149.00000000
2018-02-23 12:05:28,0.00000419,407.00000000
2018-02-23 12:05:28,0.00000419,8864.00000000
2018-02-23 12:05:28,0.00000419,7150.00000000
2018-02-23 12:05:28,0.00000419,7345.00000000
2018-02-23 12:05:28,0.00000419,7149.00000000
2018-02-23 12:05:29,0.00000419,500.00000000
2018-02-23 12:05:30,0.00000419,37130.00000000
2018-02-23 12:05:34,0.00000420,6766.00000000
2018-02-23 12:05:38,0.00000419,1433.00000000
2018-02-23 12:05:39,0.00000420,762.00000000
2018-02-23 12:05:42,0.00000420,2000.00000000
2018-02-23 12:05:43,0.00000420,429420.00000000
2018-02-23 12:05:43,0.00000420,3024.00000000
2018-02-23 12:05:44,0.00000420,14502.00000000
2018-02-23 12:05:44,0.00000419,12259.00000000
2018-02-23 12:05:51,0.00000420,5360.00000000
2018-02-23 12:05:52,0.00000419,18736.00000000
2018-02-23 12:05:52,0.00000420,3777.00000000
2018-02-23 12:05:55,0.00000420,190329.00000000
2018-02-23 12:05:56,0.00000420,35564.00000000
2018-02-23 12:05:57,0.00000420,158.00000000
2018-02-23 12:05:57,0.00000419,500.00000000
2018-02-23 12:05:58,0.00000420,514.00000000
2018-02-23 12:06:01,0.00000419,8202.00000000
2018-02-23 12:06:01,0.00000419,699.00000000
2018-02-23 12:06:10,0.00000419,10784.00000000
2018-02-23 12:06:10,0.00000420,1520.00000000
2018-02-23 12:06:14,0.00000420,4.00000000
2018-02-23 12:06:15,0.00000420,8153.00000000
2018-02-23 12:06:18,0.00000420,273.00000000
2018-02-23 12:06:22,0.00000420,28274.00000000
2018-02-23 12:06:23,0.00000420,2523.00000000
2018-02-23 12:06:23,0.00000419,1.00000000
2018-02-23 12:06:31,0.00000419,20534.00000000
2018-02-23 12:06:32,0.00000419,721.00000000
2018-02-23 12:06:35,0.00000419,2000.00000000
2018-02-23 12:06:39,0.00000420,3076.00000000
2018-02-23 12:06:40,0.00000420,1018.00000000
2018-02-23 12:06:42,0.00000420,7469.00000000
2018-02-23 12:06:45,0.00000419,2937.00000000
2018-02-23 12:06:47,0.00000420,905.00000000
2018-02-23 12:06:48,0.00000420,606.00000000
2018-02-23 12:06:51,0.00000419,50624.00000000
2018-02-23 12:06:51,0.00000420,9896.00000000
2018-02-23 12:06:58,0.00000420,4875.00000000
2018-02-23 12:07:00,0.00000420,2799.00000000
2018-02-23 12:07:03,0.00000420,72573.00000000
2018-02-23 12:07:07,0.00000420,612.00000000
2018-02-23 12:07:09,0.00000420,960.00000000
2018-02-23 12:07:11,0.00000420,2497.00000000
2018-02-23 12:07:15,0.00000420,549.00000000
2018-02-23 12:07:18,0.00000420,1487.00000000
2018-02-23 12:07:19,0.00000419,38635.00000000
2018-02-23 12:07:28,0.00000419,5877.00000000
2018-02-23 12:07:29,0.00000419,733.00000000
2018-02-23 12:07:34,0.00000419,1152.00000000
2018-02-23 12:07:36,0.00000419,5412.00000000
2018-02-23 12:07:36,0.00000419,2215.00000000
2018-02-23 12:07:41,0.00000419,8427.00000000
2018-02-23 12:07:41,0.00000419,3157.00000000
2018-02-23 12:07:46,0.00000419,822.00000000
2018-02-23 12:07:47,0.00000420,66022.00000000
2018-02-23 12:07:47,0.00000419,5000.00000000
2018-02-23 12:07:47,0.00000419,4755.00000000
2018-02-23 12:07:49,0.00000419,6681.00000000
2018-02-23 12:07:49,0.00000419,1769.00000000
2018-02-23 12:07:51,0.00000419,5387.00000000
2018-02-23 12:07:53,0.00000419,1193.00000000
2018-02-23 12:07:59,0.00000419,9484.00000000
2018-02-23 12:08:00,0.00000420,5856.00000000
2018-02-23 12:08:00,0.00000420,23458.00000000
2018-02-23 12:08:02,0.00000420,5.00000000
2018-02-23 12:08:06,0.00000419,817.00000000
2018-02-23 12:08:08,0.00000419,1479.00000000
2018-02-23 12:08:11,0.00000419,3061.00000000
2018-02-23 12:08:18,0.00000419,4000.00000000
2018-02-23 12:08:18,0.00000419,7159.00000000
2018-02-23 12:08:19,0.00000419,7159.00000000
2018-02-23 12:08:19,0.00000419,37340.00000000
2018-02-23 12:08:19,0.00000419,7159.00000000
2018-02-23 12:08:19,0.00000419,7158.00000000
2018-02-23 12:08:19,0.00000419,32948.00000000
2018-02-23 12:08:21,0.00000419,2241.00000000
2018-02-23 12:08:24,0.00000420,15888.00000000
2018-02-23 12:08:24,0.00000419,13610.00000000
2018-02-23 12:08:25,0.00000419,41958.00000000
2018-02-23 12:08:26,0.00000419,655.00000000
2018-02-23 12:08:29,0.00000419,521471.00000000
2018-02-23 12:08:29,0.00000420,11882.00000000
2018-02-23 12:08:29,0.00000419,17923.00000000
2018-02-23 12:08:30,0.00000419,67378.00000000
2018-02-23 12:08:30,0.00000419,21571.00000000
2018-02-23 12:08:31,0.00000419,3643.00000000
2018-02-23 12:08:33,0.00000419,35205.00000000
2018-02-23 12:08:36,0.00000419,7159.00000000
2018-02-23 12:08:36,0.00000419,32942.00000000
2018-02-23 12:08:36,0.00000419,112972.00000000
2018-02-23 12:08:36,0.00000419,7650.00000000
2018-02-23 12:08:36,0.00000419,7159.00000000
2018-02-23 12:08:36,0.00000419,32948.00000000
2018-02-23 12:08:36,0.00000419,7159.00000000
2018-02-23 12:08:36,0.00000419,7159.00000000
2018-02-23 12:08:37,0.00000419,10731.00000000
2018-02-23 12:08:37,0.00000419,10657.00000000
2018-02-23 12:08:40,0.00000418,4847.00000000
2018-02-23 12:08:44,0.00000419,774.00000000
2018-02-23 12:08:44,0.00000418,36341.00000000
2018-02-23 12:08:44,0.00000418,3907.00000000
2018-02-23 12:08:45,0.00000419,2009.00000000
2018-02-23 12:08:45,0.00000419,344.00000000
2018-02-23 12:08:46,0.00000418,178697.00000000
2018-02-23 12:08:47,0.00000418,8150.00000000
2018-02-23 12:08:48,0.00000418,521.00000000
2018-02-23 12:08:50,0.00000418,13158.00000000
2018-02-23 12:08:51,0.00000419,6153.00000000
2018-02-23 12:08:53,0.00000418,28297.00000000
2018-02-23 12:08:54,0.00000419,2319.00000000
2018-02-23 12:08:54,0.00000418,395236.00000000
2018-02-23 12:08:55,0.00000418,28317.00000000
2018-02-23 12:08:56,0.00000418,500.00000000
2018-02-23 12:08:56,0.00000418,14159.00000000
2018-02-23 12:08:56,0.00000418,500.00000000
2018-02-23 12:08:56,0.00000418,2392.00000000
2018-02-23 12:08:56,0.00000418,14159.00000000
2018-02-23 12:08:56,0.00000418,11154.00000000
2018-02-23 12:08:56,0.00000418,9533.00000000
2018-02-23 12:08:56,0.00000418,501.00000000
2018-02-23 12:08:56,0.00000418,1947.00000000
2018-02-23 12:08:56,0.00000418,500.00000000
2018-02-23 12:08:56,0.00000418,1744.00000000
2018-02-23 12:08:56,0.00000418,310.00000000
2018-02-23 12:08:57,0.00000418,582.00000000
2018-02-23 12:08:59,0.00000417,5021.00000000
2018-02-23 12:08:59,0.00000417,5000.00000000
2018-02-23 12:09:00,0.00000418,440.00000000
2018-02-23 12:09:00,0.00000417,540.00000000
2018-02-23 12:09:00,0.00000417,605.00000000
2018-02-23 12:09:00,0.00000418,10000.00000000
2018-02-23 12:09:01,0.00000417,1010.00000000
2018-02-23 12:09:02,0.00000417,410776.00000000
2018-02-23 12:09:03,0.00000417,488.00000000
2018-02-23 12:09:03,0.00000418,40400.00000000
2018-02-23 12:09:04,0.00000417,72573.00000000
2018-02-23 12:09:05,0.00000417,247450.00000000
2018-02-23 12:09:06,0.00000417,7448.00000000
2018-02-23 12:09:06,0.00000417,100000.00000000
2018-02-23 12:09:07,0.00000417,26991.00000000
2018-02-23 12:09:08,0.00000417,2079.00000000
2018-02-23 12:09:10,0.00000417,44831.00000000
2018-02-23 12:09:11,0.00000417,15954.00000000
2018-02-23 12:09:11,0.00000417,500.00000000
2018-02-23 12:09:12,0.00000417,723.00000000
2018-02-23 12:09:13,0.00000418,1461.00000000
2018-02-23 12:09:21,0.00000418,3000.00000000
2018-02-23 12:09:22,0.00000417,20852.00000000
2018-02-23 12:09:24,0.00000418,23545.00000000
2018-02-23 12:09:25,0.00000418,42387.00000000
2018-02-23 12:09:28,0.00000417,2950.00000000
2018-02-23 12:09:31,0.00000417,29747.00000000
2018-02-23 12:09:32,0.00000418,3808.00000000
2018-02-23 12:09:32,0.00000418,2267.00000000
2018-02-23 12:09:32,0.00000417,262403.00000000
2018-02-23 12:09:32,0.00000418,2269.00000000
2018-02-23 12:09:33,0.00000418,2076.00000000
2018-02-23 12:09:34,0.00000417,5000.00000000
2018-02-23 12:09:39,0.00000417,15248.00000000
2018-02-23 12:09:42,0.00000417,384.00000000
2018-02-23 12:09:45,0.00000417,12070.00000000
2018-02-23 12:09:45,0.00000417,64543.00000000
2018-02-23 12:09:45,0.00000417,78901.00000000
2018-02-23 12:09:46,0.00000417,277.00000000
2018-02-23 12:09:46,0.00000417,277.00000000
2018-02-23 12:09:46,0.00000417,1412.00000000
2018-02-23 12:09:46,0.00000416,277.00000000
2018-02-23 12:09:46,0.00000416,97621.00000000
2018-02-23 12:09:46,0.00000418,8963.00000000
2018-02-23 12:09:46,0.00000417,18625.00000000
2018-02-23 12:09:46,0.00000417,2158.00000000
2018-02-23 12:09:47,0.00000417,495.00000000
2018-02-23 12:09:48,0.00000417,2130.00000000
2018-02-23 12:09:48,0.00000416,1217.00000000
2018-02-23 12:09:48,0.00000416,1220.00000000
2018-02-23 12:09:49,0.00000416,850.00000000
2018-02-23 12:09:50,0.00000417,23354.00000000
2018-02-23 12:09:50,0.00000417,6727.00000000
2018-02-23 12:09:52,0.00000417,485.00000000
2018-02-23 12:09:52,0.00000417,1146.00000000
2018-02-23 12:09:52,0.00000417,10164.00000000
2018-02-23 12:09:54,0.00000417,2439.00000000
2018-02-23 12:09:55,0.00000417,24047.00000000
2018-02-23 12:09:55,0.00000417,10533.00000000
2018-02-23 12:09:55,0.00000417,4085.00000000
2018-02-23 12:09:55,0.00000416,27101.00000000
2018-02-23 12:09:57,0.00000417,500.00000000
2018-02-23 12:09:57,0.00000417,587.00000000
2018-02-23 12:09:59,0.00000416,836.00000000
2018-02-23 12:10:01,0.00000417,1000.00000000
2018-02-23 12:10:01,0.00000416,262.00000000
2018-02-23 12:10:02,0.00000417,46011.00000000
2018-02-23 12:10:04,0.00000416,40980.00000000
2018-02-23 12:10:05,0.00000416,2499.00000000
2018-02-23 12:10:06,0.00000417,4934.00000000
2018-02-23 12:10:08,0.00000417,1100.00000000
2018-02-23 12:10:10,0.00000417,31831.00000000
2018-02-23 12:10:11,0.00000417,330138.00000000
2018-02-23 12:10:12,0.00000417,50000.00000000
2018-02-23 12:10:14,0.00000417,4949.00000000
2018-02-23 12:10:14,0.00000417,6951.00000000
2018-02-23 12:10:18,0.00000417,4995.00000000
2018-02-23 12:10:19,0.00000418,10566.00000000
2018-02-23 12:10:29,0.00000418,2.00000000
2018-02-23 12:10:36,0.00000418,615190.00000000
2018-02-23 12:10:37,0.00000417,21151.00000000
2018-02-23 12:10:39,0.00000418,423039.00000000
2018-02-23 12:10:40,0.00000418,2454.00000000
2018-02-23 12:10:56,0.00000418,559857.00000000
2018-02-23 12:10:59,0.00000418,26146.00000000
2018-02-23 12:11:01,0.00000418,7177.00000000
2018-02-23 12:11:01,0.00000418,4101.00000000
2018-02-23 12:11:01,0.00000418,7176.00000000
2018-02-23 12:11:01,0.00000418,7176.00000000
2018-02-23 12:11:01,0.00000418,35442.00000000
2018-02-23 12:11:01,0.00000418,7177.00000000
2018-02-23 12:11:01,0.00000418,6218.00000000
2018-02-23 12:11:03,0.00000418,60240.00000000
2018-02-23 12:11:05,0.00000418,78218.00000000
2018-02-23 12:11:08,0.00000418,1.00000000
2018-02-23 12:11:11,0.00000418,10000.00000000
2018-02-23 12:11:12,0.00000418,5000.00000000
2018-02-23 12:11:16,0.00000418,49690.00000000
2018-02-23 12:11:19,0.00000418,20000.00000000
2018-02-23 12:11:23,0.00000418,6408.00000000
2018-02-23 12:11:23,0.00000418,5200.00000000
2018-02-23 12:11:24,0.00000418,1196.00000000
2018-02-23 12:11:25,0.00000418,137308.00000000
2018-02-23 12:11:25,0.00000418,388.00000000
2018-02-23 12:11:26,0.00000418,15737.00000000
2018-02-23 12:11:27,0.00000418,63899.00000000
2018-02-23 12:11:33,0.00000418,2035.00000000
2018-02-23 12:11:34,0.00000417,9540.00000000
2018-02-23 12:11:34,0.00000418,1202.00000000
2018-02-23 12:11:38,0.00000418,11000.00000000
2018-02-23 12:11:41,0.00000417,24786.00000000
2018-02-23 12:11:44,0.00000418,8589.00000000
2018-02-23 12:11:48,0.00000418,1741.00000000
2018-02-23 12:11:51,0.00000418,178643.00000000
2018-02-23 12:11:52,0.00000417,3128.00000000
2018-02-23 12:11:52,0.00000418,25703.00000000
2018-02-23 12:11:52,0.00000418,50000.00000000
2018-02-23 12:11:53,0.00000418,881.00000000
2018-02-23 12:11:58,0.00000418,6772.00000000
2018-02-23 12:12:03,0.00000418,1361.00000000
2018-02-23 12:12:05,0.00000418,439.00000000
2018-02-23 12:12:09,0.00000418,2392.00000000
2018-02-23 12:12:12,0.00000418,1772.00000000
2018-02-23 12:12:17,0.00000418,4896.00000000
2018-02-23 12:12:19,0.00000418,3700.00000000
2018-02-23 12:12:19,0.00000418,4215.00000000
2018-02-23 12:12:19,0.00000418,1.00000000
2018-02-23 12:12:19,0.00000417,4214.00000000
2018-02-23 12:12:21,0.00000418,2624.00000000
2018-02-23 12:12:22,0.00000418,500.00000000
2018-02-23 12:12:29,0.00000418,41895.00000000
2018-02-23 12:12:30,0.00000417,19406.00000000
2018-02-23 12:12:40,0.00000417,272.00000000
2018-02-23 12:12:41,0.00000418,250.00000000
2018-02-23 12:12:41,0.00000418,39732.00000000
2018-02-23 12:12:41,0.00000418,8373.00000000
2018-02-23 12:12:44,0.00000418,32.00000000
2018-02-23 12:12:44,0.00000417,960.00000000
2018-02-23 12:12:46,0.00000418,476251.00000000
2018-02-23 12:12:46,0.00000419,9.00000000
2018-02-23 12:12:49,0.00000418,2499.00000000
2018-02-23 12:12:51,0.00000418,7177.00000000
2018-02-23 12:12:51,0.00000418,11759.00000000
2018-02-23 12:12:51,0.00000418,7176.00000000
2018-02-23 12:12:52,0.00000418,3623.00000000
2018-02-23 12:12:56,0.00000418,7176.00000000
2018-02-23 12:12:57,0.00000418,7177.00000000
2018-02-23 12:13:00,0.00000418,7177.00000000
2018-02-23 12:13:02,0.00000419,13210.00000000
2018-02-23 12:13:03,0.00000418,7176.00000000
2018-02-23 12:13:03,0.00000418,19824.00000000
2018-02-23 12:13:04,0.00000418,25227.00000000
2018-02-23 12:13:10,0.00000419,19205.00000000
2018-02-23 12:13:12,0.00000418,2000.00000000
2018-02-23 12:13:18,0.00000418,21034.00000000
2018-02-23 12:13:25,0.00000418,1090.00000000
2018-02-23 12:13:37,0.00000419,1771.00000000
2018-02-23 12:13:38,0.00000419,584.00000000
2018-02-23 12:13:44,0.00000418,1672.00000000
2018-02-23 12:13:46,0.00000418,116339.00000000
2018-02-23 12:13:53,0.00000419,23251.00000000
2018-02-23 12:13:57,0.00000419,13210.00000000
2018-02-23 12:14:01,0.00000419,2500.00000000
2018-02-23 12:14:04,0.00000418,10000.00000000
2018-02-23 12:14:04,0.00000418,35029.00000000
2018-02-23 12:14:10,0.00000418,7176.00000000
2018-02-23 12:14:10,0.00000418,3962.00000000
2018-02-23 12:14:14,0.00000419,540.00000000
2018-02-23 12:14:21,0.00000418,7176.00000000
2018-02-23 12:14:21,0.00000418,7177.00000000
2018-02-23 12:14:21,0.00000418,6605.00000000
2018-02-23 12:14:21,0.00000418,2098.00000000
2018-02-23 12:14:21,0.00000418,4847.00000000
2018-02-23 12:14:22,0.00000419,82039.00000000
2018-02-23 12:14:22,0.00000418,2705.00000000
2018-02-23 12:14:29,0.00000419,494.00000000
2018-02-23 12:14:29,0.00000418,7863.00000000
2018-02-23 12:14:29,0.00000419,2386.00000000
2018-02-23 12:14:34,0.00000418,123277.00000000
2018-02-23 12:14:35,0.00000419,23218.00000000
2018-02-23 12:14:37,0.00000418,11178.00000000
2018-02-23 12:14:37,0.00000419,122172.00000000
2018-02-23 12:14:40,0.00000419,250.00000000
2018-02-23 12:14:44,0.00000418,3591.00000000
2018-02-23 12:14:46,0.00000418,3589.00000000
2018-02-23 12:14:50,0.00000418,1078.00000000
2018-02-23 12:14:51,0.00000418,8327.00000000
2018-02-23 12:14:54,0.00000418,4023.00000000
2018-02-23 12:14:55,0.00000419,14613.00000000
2018-02-23 12:14:57,0.00000419,1670.00000000
2018-02-23 12:14:59,0.00000418,114444.00000000
2018-02-23 12:14:59,0.00000418,16267.00000000
2018-02-23 12:15:00,0.00000418,7164.00000000
2018-02-23 12:15:00,0.00000418,2392.00000000
2018-02-23 12:15:00,0.00000418,373.00000000
2018-02-23 12:15:00,0.00000418,11416.00000000
2018-02-23 12:15:00,0.00000417,69567.00000000
2018-02-23 12:15:00,0.00000418,7172.00000000
2018-02-23 12:15:00,0.00000418,7172.00000000
2018-02-23 12:15:01,0.00000418,4560.00000000
2018-02-23 12:15:01,0.00000417,7172.00000000
2018-02-23 12:15:01,0.00000418,4563.00000000
2018-02-23 12:15:05,0.00000418,751.00000000
2018-02-23 12:15:05,0.00000418,6100.00000000
2018-02-23 12:15:07,0.00000417,1.00000000
2018-02-23 12:15:09,0.00000418,2339.00000000
2018-02-23 12:15:12,0.00000418,20796.00000000
2018-02-23 12:15:17,0.00000417,11006.00000000
2018-02-23 12:15:18,0.00000418,13210.00000000
2018-02-23 12:15:19,0.00000418,5431.00000000
2018-02-23 12:15:20,0.00000418,60000.00000000
2018-02-23 12:15:23,0.00000418,8851.00000000
2018-02-23 12:15:23,0.00000418,68667.00000000
2018-02-23 12:15:24,0.00000418,1720.00000000
2018-02-23 12:15:27,0.00000417,4855.00000000
2018-02-23 12:15:35,0.00000417,506720.00000000
2018-02-23 12:15:37,0.00000418,50382.00000000
2018-02-23 12:15:39,0.00000418,500.00000000
2018-02-23 12:15:50,0.00000417,5000.00000000
2018-02-23 12:15:54,0.00000417,69955.00000000
2018-02-23 12:15:57,0.00000418,24.00000000
2018-02-23 12:16:03,0.00000418,13469.00000000
2018-02-23 12:16:06,0.00000417,17208.00000000
2018-02-23 12:16:06,0.00000418,23986.00000000
2018-02-23 12:16:10,0.00000417,1621.00000000
2018-02-23 12:16:15,0.00000417,900.00000000
2018-02-23 12:16:20,0.00000417,2521.00000000
2018-02-23 12:16:24,0.00000417,177.00000000
2018-02-23 12:16:30,0.00000418,250.00000000
2018-02-23 12:16:31,0.00000417,1100.00000000
2018-02-23 12:16:37,0.00000417,1469.00000000
2018-02-23 12:16:40,0.00000417,1907.00000000
2018-02-23 12:16:41,0.00000418,36274.00000000
2018-02-23 12:16:43,0.00000417,59.00000000
2018-02-23 12:16:45,0.00000418,7173.00000000
2018-02-23 12:16:45,0.00000418,7172.00000000
2018-02-23 12:16:46,0.00000417,7172.00000000
2018-02-23 12:16:48,0.00000418,727.00000000
2018-02-23 12:16:50,0.00000418,7172.00000000
2018-02-23 12:16:50,0.00000418,7173.00000000
2018-02-23 12:16:50,0.00000418,35487.00000000
2018-02-23 12:16:50,0.00000418,7172.00000000
2018-02-23 12:16:50,0.00000418,7172.00000000
2018-02-23 12:16:50,0.00000418,7173.00000000
2018-02-23 12:16:50,0.00000418,35344.00000000
2018-02-23 12:16:50,0.00000418,7173.00000000
2018-02-23 12:16:50,0.00000418,7173.00000000
2018-02-23 12:16:50,0.00000418,18351.00000000
2018-02-23 12:16:50,0.00000418,7172.00000000
2018-02-23 12:16:50,0.00000418,7173.00000000
2018-02-23 12:16:50,0.00000418,7173.00000000
2018-02-23 12:16:51,0.00000418,7173.00000000
2018-02-23 12:16:53,0.00000418,2675.00000000
2018-02-23 12:16:53,0.00000418,1709.00000000
2018-02-23 12:17:01,0.00000418,718.00000000
2018-02-23 12:17:01,0.00000418,6000.00000000
2018-02-23 12:17:04,0.00000418,9288.00000000
2018-02-23 12:17:13,0.00000418,9720.00000000
2018-02-23 12:17:15,0.00000418,263.00000000
2018-02-23 12:17:16,0.00000418,9603.00000000
2018-02-23 12:17:19,0.00000418,20000.00000000
2018-02-23 12:17:21,0.00000418,500.00000000
2018-02-23 12:17:23,0.00000418,80584.00000000
2018-02-23 12:17:26,0.00000418,22033.00000000
2018-02-23 12:17:29,0.00000418,1098.00000000
2018-02-23 12:17:33,0.00000418,18333.00000000
2018-02-23 12:17:33,0.00000418,16985.00000000
2018-02-23 12:17:36,0.00000418,2513.00000000
2018-02-23 12:17:40,0.00000417,1599.00000000
2018-02-23 12:17:42,0.00000417,7911.00000000
2018-02-23 12:17:58,0.00000417,4776.00000000
2018-02-23 12:17:59,0.00000417,14213.00000000
2018-02-23 12:18:01,0.00000418,39748.00000000
2018-02-23 12:18:07,0.00000418,19000.00000000
2018-02-23 12:18:10,0.00000418,6763.00000000
2018-02-23 12:18:10,0.00000418,10000.00000000
2018-02-23 12:18:11,0.00000419,12500.00000000
2018-02-23 12:18:13,0.00000418,250.00000000
2018-02-23 12:18:16,0.00000418,23244.00000000
2018-02-23 12:18:17,0.00000418,285.00000000
2018-02-23 12:18:20,0.00000418,6300.00000000
2018-02-23 12:18:23,0.00000418,70055.00000000
2018-02-23 12:18:24,0.00000418,2660.00000000
2018-02-23 12:18:24,0.00000418,5002.00000000
2018-02-23 12:18:25,0.00000418,18989.00000000
2018-02-23 12:18:25,0.00000419,995.00000000
2018-02-23 12:18:29,0.00000418,90000.00000000
2018-02-23 12:18:36,0.00000418,2885.00000000
2018-02-23 12:18:37,0.00000418,14137.00000000
2018-02-23 12:18:37,0.00000419,787.00000000
2018-02-23 12:18:40,0.00000419,32663.00000000
2018-02-23 12:18:43,0.00000418,4932.00000000
2018-02-23 12:18:46,0.00000419,3978.00000000
2018-02-23 12:18:50,0.00000418,90.00000000
2018-02-23 12:18:50,0.00000419,6755.00000000
2018-02-23 12:18:51,0.00000418,3333.00000000
2018-02-23 12:18:52,0.00000418,23879.00000000
2018-02-23 12:18:56,0.00000419,1500.00000000
2018-02-23 12:19:00,0.00000419,12166.00000000
2018-02-23 12:19:03,0.00000419,4028.00000000
2018-02-23 12:19:03,0.00000418,10946.00000000
2018-02-23 12:19:04,0.00000419,1011.00000000
2018-02-23 12:19:10,0.00000418,10970.00000000
2018-02-23 12:19:11,0.00000419,493974.00000000
2018-02-23 12:19:15,0.00000419,15424.00000000
2018-02-23 12:19:23,0.00000418,1000.00000000
2018-02-23 12:19:26,0.00000418,50273.00000000
2018-02-23 12:19:26,0.00000417,216.00000000
2018-02-23 12:19:35,0.00000418,4166.00000000
2018-02-23 12:19:38,0.00000418,670.00000000
2018-02-23 12:19:40,0.00000417,3585.00000000
2018-02-23 12:19:41,0.00000418,5000.00000000
2018-02-23 12:19:51,0.00000417,990.00000000
2018-02-23 12:19:56,0.00000418,10136.00000000
2018-02-23 12:20:00,0.00000418,2426.00000000
2018-02-23 12:20:21,0.00000417,311.00000000
2018-02-23 12:20:21,0.00000418,3020.00000000
2018-02-23 12:20:23,0.00000418,4065.00000000
2018-02-23 12:20:26,0.00000418,6837.00000000
2018-02-23 12:20:31,0.00000418,17384.00000000
2018-02-23 12:20:33,0.00000417,7194.00000000
2018-02-23 12:20:34,0.00000417,7193.00000000
2018-02-23 12:20:38,0.00000418,9511.00000000
2018-02-23 12:20:40,0.00000418,1720.00000000
2018-02-23 12:20:47,0.00000418,10719.00000000
2018-02-23 12:20:48,0.00000418,2392.00000000
2018-02-23 12:20:54,0.00000418,86458.00000000
2018-02-23 12:20:56,0.00000417,7194.00000000
2018-02-23 12:20:56,0.00000417,7193.00000000
2018-02-23 12:20:56,0.00000417,7193.00000000
2018-02-23 12:20:57,0.00000417,29373.00000000
2018-02-23 12:20:58,0.00000418,10111.00000000
2018-02-23 12:21:01,0.00000418,4286.00000000
2018-02-23 12:21:02,0.00000418,25547.00000000
2018-02-23 12:21:03,0.00000417,20789.00000000
2018-02-23 12:21:11,0.00000418,23923.00000000
2018-02-23 12:21:13,0.00000418,2296.00000000
2018-02-23 12:21:17,0.00000417,844.00000000
2018-02-23 12:21:19,0.00000418,2484.00000000
2018-02-23 12:21:19,0.00000418,430.00000000
2018-02-23 12:21:24,0.00000418,5134.00000000
2018-02-23 12:21:25,0.00000418,22378.00000000
2018-02-23 12:21:25,0.00000417,3262.00000000
2018-02-23 12:21:28,0.00000417,24300.00000000
2018-02-23 12:21:29,0.00000417,7281.00000000
2018-02-23 12:21:36,0.00000418,8186.00000000
2018-02-23 12:21:37,0.00000417,14.00000000
2018-02-23 12:21:43,0.00000418,35068.00000000
2018-02-23 12:21:43,0.00000417,1000.00000000
2018-02-23 12:21:44,0.00000418,240.00000000
2018-02-23 12:21:45,0.00000418,5553.00000000
2018-02-23 12:21:48,0.00000418,14900.00000000
2018-02-23 12:21:48,0.00000417,30764.00000000
2018-02-23 12:21:48,0.00000418,42949.00000000
2018-02-23 12:21:50,0.00000418,9436.00000000
2018-02-23 12:21:52,0.00000418,1486.00000000
2018-02-23 12:21:52,0.00000418,79095.00000000
2018-02-23 12:21:54,0.00000418,51946.00000000
2018-02-23 12:21:56,0.00000418,33791.00000000
2018-02-23 12:21:59,0.00000418,26685.00000000
2018-02-23 12:22:00,0.00000418,25000.00000000
2018-02-23 12:22:00,0.00000418,66932.00000000
2018-02-23 12:22:00,0.00000419,76737.00000000
2018-02-23 12:22:01,0.00000418,6587.00000000
2018-02-23 12:22:09,0.00000419,3.00000000
2018-02-23 12:22:11,0.00000418,650.00000000
2018-02-23 12:22:16,0.00000418,6014.00000000
2018-02-23 12:22:18,0.00000418,6978.00000000
2018-02-23 12:22:18,0.00000418,3000.00000000
2018-02-23 12:22:21,0.00000418,3320.00000000
2018-02-23 12:22:37,0.00000418,3252.00000000
2018-02-23 12:22:39,0.00000418,1093.00000000
2018-02-23 12:22:41,0.00000418,4498.00000000
2018-02-23 12:22:51,0.00000418,50.00000000
2018-02-23 12:22:56,0.00000418,251.00000000
2018-02-23 12:22:59,0.00000419,3379.00000000
2018-02-23 12:23:02,0.00000418,11482.00000000
2018-02-23 12:23:02,0.00000418,18457.00000000
2018-02-23 12:23:02,0.00000418,22480.00000000
2018-02-23 12:23:10,0.00000418,2982.00000000
2018-02-23 12:23:12,0.00000418,750.00000000
2018-02-23 12:23:18,0.00000419,13316.00000000
2018-02-23 12:23:24,0.00000419,6464.00000000
2018-02-23 12:23:25,0.00000418,11307.00000000
2018-02-23 12:23:30,0.00000418,35913.00000000
2018-02-23 12:23:33,0.00000419,50.00000000
2018-02-23 12:23:38,0.00000418,85043.00000000
2018-02-23 12:23:46,0.00000418,1836.00000000
2018-02-23 12:23:46,0.00000418,10997.00000000
2018-02-23 12:23:48,0.00000419,2562.00000000
2018-02-23 12:23:53,0.00000418,1224.00000000
2018-02-23 12:23:56,0.00000419,241235.00000000
2018-02-23 12:23:58,0.00000419,11942.00000000
2018-02-23 12:23:58,0.00000418,1877.00000000
2018-02-23 12:23:59,0.00000418,10757.00000000
2018-02-23 12:23:59,0.00000419,839.00000000
2018-02-23 12:24:07,0.00000419,289586.00000000
2018-02-23 12:24:20,0.00000419,9157.00000000
2018-02-23 12:24:21,0.00000419,382.00000000
2018-02-23 12:24:25,0.00000419,20698.00000000
2018-02-23 12:24:28,0.00000419,5226.00000000
2018-02-23 12:24:29,0.00000418,800.00000000
2018-02-23 12:24:40,0.00000418,300.00000000
2018-02-23 12:24:41,0.00000418,2286.00000000
2018-02-23 12:24:43,0.00000418,2155.00000000
2018-02-23 12:24:44,0.00000418,234826.00000000
2018-02-23 12:24:50,0.00000418,5658.00000000
2018-02-23 12:24:57,0.00000419,1.00000000
2018-02-23 12:24:57,0.00000419,5564.00000000
2018-02-23 12:25:00,0.00000418,12762.00000000
2018-02-23 12:25:03,0.00000418,10000.00000000
2018-02-23 12:25:04,0.00000419,2408.00000000
2018-02-23 12:25:06,0.00000419,19419.00000000
2018-02-23 12:25:10,0.00000419,873.00000000
2018-02-23 12:25:15,0.00000418,484.00000000
2018-02-23 12:25:17,0.00000418,486.00000000
2018-02-23 12:25:18,0.00000418,484.00000000
2018-02-23 12:25:25,0.00000418,89454.00000000
2018-02-23 12:25:28,0.00000419,1665.00000000
2018-02-23 12:25:33,0.00000418,21601.00000000
2018-02-23 12:25:38,0.00000419,10000.00000000
2018-02-23 12:25:38,0.00000419,2.00000000
2018-02-23 12:25:42,0.00000419,2663.00000000
2018-02-23 12:25:45,0.00000419,521.00000000
2018-02-23 12:25:46,0.00000418,14468.00000000
2018-02-23 12:25:47,0.00000418,1230.00000000
2018-02-23 12:25:49,0.00000418,113260.00000000
2018-02-23 12:25:49,0.00000418,2761.00000000
2018-02-23 12:25:49,0.00000418,2392.00000000
2018-02-23 12:25:49,0.00000418,918.00000000
2018-02-23 12:25:51,0.00000419,14611.00000000
2018-02-23 12:25:52,0.00000419,1827.00000000
2018-02-23 12:25:53,0.00000419,2357.00000000
2018-02-23 12:25:57,0.00000419,2761.00000000
2018-02-23 12:26:06,0.00000418,786.00000000
2018-02-23 12:26:06,0.00000418,535.00000000
2018-02-23 12:26:08,0.00000418,18673.00000000
2018-02-23 12:26:10,0.00000418,7109.00000000
2018-02-23 12:26:10,0.00000418,7167.00000000
2018-02-23 12:26:10,0.00000418,2392.00000000
2018-02-23 12:26:10,0.00000418,9095.00000000
2018-02-23 12:26:10,0.00000418,14760.00000000
2018-02-23 12:26:10,0.00000418,9497.00000000
2018-02-23 12:26:10,0.00000418,1458.00000000
2018-02-23 12:26:10,0.00000418,2392.00000000
2018-02-23 12:26:23,0.00000418,1.00000000
2018-02-23 12:26:23,0.00000418,240.00000000
2018-02-23 12:26:24,0.00000418,535.00000000
2018-02-23 12:26:25,0.00000418,546.00000000
2018-02-23 12:26:27,0.00000418,532.00000000
2018-02-23 12:26:28,0.00000418,4096.00000000
2018-02-23 12:26:30,0.00000418,2375.00000000
2018-02-23 12:26:36,0.00000418,252.00000000
2018-02-23 12:26:36,0.00000419,23319.00000000
2018-02-23 12:26:36,0.00000419,130000.00000000
2018-02-23 12:26:41,0.00000419,41571.00000000
2018-02-23 12:26:41,0.00000418,1000.00000000
2018-02-23 12:26:42,0.00000418,3011.00000000
2018-02-23 12:26:57,0.00000419,8378.00000000
2018-02-23 12:26:57,0.00000419,7150.00000000
2018-02-23 12:26:57,0.00000419,336.00000000
2018-02-23 12:26:57,0.00000419,5981.00000000
2018-02-23 12:26:57,0.00000418,7150.00000000
2018-02-23 12:26:57,0.00000418,5981.00000000
2018-02-23 12:26:57,0.00000419,14742.00000000
2018-02-23 12:26:59,0.00000418,535.00000000
2018-02-23 12:27:05,0.00000418,22024.00000000
2018-02-23 12:27:06,0.00000418,425.00000000
2018-02-23 12:27:07,0.00000418,8314.00000000
2018-02-23 12:27:12,0.00000419,1668.00000000
2018-02-23 12:27:12,0.00000418,9707.00000000
2018-02-23 12:27:22,0.00000418,13276.00000000
2018-02-23 12:27:31,0.00000419,2660.00000000
2018-02-23 12:27:33,0.00000419,5.00000000
2018-02-23 12:27:50,0.00000418,39271.00000000
2018-02-23 12:27:56,0.00000419,3383.00000000
2018-02-23 12:28:09,0.00000418,293.00000000
2018-02-23 12:28:14,0.00000419,7153.00000000
2018-02-23 12:28:14,0.00000419,16000.00000000
2018-02-23 12:28:14,0.00000419,9754.00000000
2018-02-23 12:28:14,0.00000419,7153.00000000
2018-02-23 12:28:14,0.00000419,58277.00000000
2018-02-23 12:28:14,0.00000419,6262.00000000
2018-02-23 12:28:14,0.00000419,4067.00000000
2018-02-23 12:28:18,0.00000418,750.00000000
2018-02-23 12:28:41,0.00000418,14495.00000000
2018-02-23 12:28:43,0.00000418,27563.00000000
2018-02-23 12:28:47,0.00000419,1436.00000000
2018-02-23 12:28:51,0.00000418,1155.00000000
2018-02-23 12:28:52,0.00000418,532052.00000000
2018-02-23 12:28:53,0.00000419,533.00000000
2018-02-23 12:28:56,0.00000418,1183.00000000
2018-02-23 12:29:00,0.00000419,2275.00000000
2018-02-23 12:29:04,0.00000418,18500.00000000
2018-02-23 12:29:15,0.00000419,83.00000000
2018-02-23 12:29:16,0.00000418,533.00000000
2018-02-23 12:29:18,0.00000418,2180.00000000
2018-02-23 12:29:21,0.00000418,17873.00000000
2018-02-23 12:29:22,0.00000418,483.00000000
2018-02-23 12:29:26,0.00000418,139869.00000000
2018-02-23 12:29:37,0.00000418,3144.00000000
2018-02-23 12:29:39,0.00000418,200000.00000000
2018-02-23 12:29:42,0.00000418,15915.00000000
2018-02-23 12:29:49,0.00000419,12500.00000000
2018-02-23 12:29:52,0.00000419,455.00000000
2018-02-23 12:30:00,0.00000419,487.00000000
2018-02-23 12:30:00,0.00000419,1537.00000000
2018-02-23 12:30:09,0.00000419,15000.00000000
2018-02-23 12:30:11,0.00000419,21401.00000000
2018-02-23 12:30:12,0.00000418,1827.00000000
2018-02-23 12:30:22,0.00000418,46751.00000000
2018-02-23 12:30:22,0.00000418,5244.00000000
2018-02-23 12:30:25,0.00000419,8.00000000
2018-02-23 12:30:29,0.00000418,7213.00000000
2018-02-23 12:30:33,0.00000418,809.00000000
2018-02-23 12:30:40,0.00000419,1588.00000000
2018-02-23 12:30:41,0.00000419,696.00000000
2018-02-23 12:30:43,0.00000419,654.00000000
2018-02-23 12:30:53,0.00000418,32953.00000000
2018-02-23 12:30:54,0.00000419,120000.00000000
2018-02-23 12:30:56,0.00000418,6825.00000000
2018-02-23 12:31:17,0.00000419,17935.00000000
2018-02-23 12:31:18,0.00000419,31793.00000000
2018-02-23 12:31:18,0.00000419,17.00000000
2018-02-23 12:31:18,0.00000419,6723.00000000
2018-02-23 12:31:19,0.00000419,11749.00000000
2018-02-23 12:31:22,0.00000418,16552.00000000
2018-02-23 12:31:24,0.00000418,524.00000000
2018-02-23 12:31:26,0.00000418,2558.00000000
2018-02-23 12:31:31,0.00000418,306.00000000
2018-02-23 12:31:32,0.00000418,2611.00000000
2018-02-23 12:31:33,0.00000418,99970.00000000
2018-02-23 12:31:39,0.00000418,63307.00000000
2018-02-23 12:31:39,0.00000418,20215.00000000
2018-02-23 12:31:39,0.00000418,95622.00000000
2018-02-23 12:31:39,0.00000418,5796.00000000
2018-02-23 12:31:39,0.00000418,2392.00000000
2018-02-23 12:31:39,0.00000418,5796.00000000
2018-02-23 12:31:39,0.00000418,10212.00000000
2018-02-23 12:31:39,0.00000418,16000.00000000
2018-02-23 12:31:39,0.00000418,2392.00000000
2018-02-23 12:31:39,0.00000418,5806.00000000
2018-02-23 12:31:39,0.00000418,915.00000000
2018-02-23 12:31:39,0.00000417,5796.00000000
2018-02-23 12:31:39,0.00000417,911.00000000
2018-02-23 12:31:40,0.00000418,295.00000000
2018-02-23 12:31:40,0.00000418,848.00000000
2018-02-23 12:31:44,0.00000418,21531.00000000
2018-02-23 12:31:48,0.00000417,39315.00000000
2018-02-23 12:31:51,0.00000418,691.00000000
2018-02-23 12:32:13,0.00000417,18573.00000000
2018-02-23 12:32:15,0.00000418,2244.00000000
2018-02-23 12:32:17,0.00000418,45999.00000000
2018-02-23 12:32:24,0.00000418,2132.00000000
2018-02-23 12:32:25,0.00000418,10500.00000000
2018-02-23 12:32:34,0.00000418,10149.00000000
2018-02-23 12:32:41,0.00000417,18053.00000000
2018-02-23 12:32:49,0.00000417,26916.00000000
2018-02-23 12:32:53,0.00000418,48638.00000000
2018-02-23 12:33:01,0.00000418,1671.00000000
2018-02-23 12:33:01,0.00000418,1670.00000000
2018-02-23 12:33:09,0.00000417,1006926.00000000
2018-02-23 12:33:12,0.00000417,59.00000000
2018-02-23 12:33:16,0.00000418,216.00000000
2018-02-23 12:33:19,0.00000417,4169.00000000
2018-02-23 12:33:28,0.00000418,30265.00000000
2018-02-23 12:33:31,0.00000418,503.00000000
2018-02-23 12:33:43,0.00000418,44223.00000000
2018-02-23 12:33:44,0.00000418,1095.00000000
2018-02-23 12:33:50,0.00000418,6386.00000000
2018-02-23 12:33:55,0.00000418,5020.00000000
2018-02-23 12:33:55,0.00000418,34505.00000000
2018-02-23 12:33:55,0.00000418,3878.00000000
2018-02-23 12:33:58,0.00000418,7163.00000000
2018-02-23 12:33:58,0.00000418,6350.00000000
2018-02-23 12:33:58,0.00000418,6354.00000000
2018-02-23 12:33:59,0.00000418,1189.00000000
2018-02-23 12:34:06,0.00000418,2664.00000000
2018-02-23 12:34:07,0.00000418,20733.00000000
2018-02-23 12:34:19,0.00000418,42773.00000000
2018-02-23 12:34:21,0.00000418,10000.00000000
2018-02-23 12:34:26,0.00000417,2677.00000000
2018-02-23 12:34:28,0.00000418,1501.00000000
2018-02-23 12:34:29,0.00000418,9582.00000000
2018-02-23 12:34:30,0.00000418,13231.00000000
2018-02-23 12:34:30,0.00000418,13213.00000000
2018-02-23 12:34:35,0.00000417,65399.00000000
2018-02-23 12:34:41,0.00000417,49188.00000000
2018-02-23 12:34:53,0.00000417,10716.00000000
2018-02-23 12:34:55,0.00000418,23923.00000000
2018-02-23 12:34:55,0.00000418,7168.00000000
2018-02-23 12:34:55,0.00000418,2392.00000000
2018-02-23 12:34:55,0.00000418,2392.00000000
2018-02-23 12:34:55,0.00000418,17749.00000000
2018-02-23 12:34:55,0.00000417,1500.00000000
2018-02-23 12:35:02,0.00000417,2531.00000000
2018-02-23 12:35:10,0.00000417,250.00000000
2018-02-23 12:35:11,0.00000417,16352.00000000
2018-02-23 12:35:12,0.00000418,6000.00000000
2018-02-23 12:35:13,0.00000418,448.00000000
2018-02-23 12:35:13,0.00000418,449.00000000
2018-02-23 12:35:14,0.00000418,133.00000000
2018-02-23 12:35:18,0.00000418,4017.00000000
2018-02-23 12:35:18,0.00000417,1016.00000000
2018-02-23 12:35:22,0.00000417,236120.00000000
2018-02-23 12:35:28,0.00000417,3900.00000000
2018-02-23 12:35:30,0.00000418,27747.00000000
2018-02-23 12:35:32,0.00000417,552.00000000
2018-02-23 12:35:39,0.00000418,375397.00000000
2018-02-23 12:35:40,0.00000417,10072.00000000
2018-02-23 12:35:41,0.00000418,300.00000000
2018-02-23 12:35:42,0.00000417,19357.00000000
2018-02-23 12:35:50,0.00000418,31503.00000000
2018-02-23 12:35:53,0.00000417,4000.00000000
2018-02-23 12:35:56,0.00000418,41375.00000000
2018-02-23 12:36:06,0.00000418,39054.00000000
2018-02-23 12:36:07,0.00000417,2811.00000000
2018-02-23 12:36:20,0.00000417,436515.00000000
2018-02-23 12:36:22,0.00000418,2500.00000000
2018-02-23 12:36:31,0.00000418,2561.00000000
2018-02-23 12:36:33,0.00000418,23629.00000000
2018-02-23 12:36:34,0.00000418,23872.00000000
2018-02-23 12:36:37,0.00000418,17.00000000
2018-02-23 12:36:41,0.00000417,4501.00000000
2018-02-23 12:36:42,0.00000418,9011.00000000
2018-02-23 12:36:42,0.00000417,3122.00000000
2018-02-23 12:36:45,0.00000417,13602.00000000
2018-02-23 12:36:46,0.00000417,1001.00000000
2018-02-23 12:36:51,0.00000418,3168.00000000
2018-02-23 12:36:51,0.00000418,23923.00000000
2018-02-23 12:36:51,0.00000418,47214.00000000
2018-02-23 12:36:51,0.00000418,2392.00000000
2018-02-23 12:36:51,0.00000418,4235.00000000
2018-02-23 12:36:51,0.00000418,12587.00000000
2018-02-23 12:36:51,0.00000418,65400.00000000
2018-02-23 12:36:51,0.00000418,3169.00000000
2018-02-23 12:36:51,0.00000417,4235.00000000
2018-02-23 12:36:53,0.00000418,222.00000000
2018-02-23 12:36:53,0.00000418,38744.00000000
2018-02-23 12:36:58,0.00000418,13814.00000000
2018-02-23 12:37:00,0.00000418,35172.00000000
2018-02-23 12:37:01,0.00000418,700.00000000
2018-02-23 12:37:03,0.00000418,689.00000000
2018-02-23 12:37:05,0.00000417,897.00000000
2018-02-23 12:37:05,0.00000417,6126.00000000
2018-02-23 12:37:06,0.00000418,9733.00000000
2018-02-23 12:37:06,0.00000417,14200.00000000
2018-02-23 12:37:15,0.00000418,23922.00000000
2018-02-23 12:37:16,0.00000418,23655.00000000
2018-02-23 12:37:16,0.00000417,41626.00000000
2018-02-23 12:37:26,0.00000417,627.00000000
2018-02-23 12:37:41,0.00000418,12000.00000000
2018-02-23 12:37:42,0.00000418,329.00000000
2018-02-23 12:37:47,0.00000417,865.00000000
2018-02-23 12:37:47,0.00000418,300.00000000
2018-02-23 12:37:50,0.00000417,3649.00000000
2018-02-23 12:37:50,0.00000418,114061.00000000
2018-02-23 12:37:52,0.00000418,10361.00000000
2018-02-23 12:37:52,0.00000418,17377.00000000
2018-02-23 12:37:53,0.00000418,38804.00000000
2018-02-23 12:37:54,0.00000418,108.00000000
2018-02-23 12:37:58,0.00000418,34189.00000000
2018-02-23 12:38:05,0.00000418,42770.00000000
2018-02-23 12:38:06,0.00000417,107900.00000000
2018-02-23 12:38:09,0.00000418,1928.00000000
2018-02-23 12:38:10,0.00000418,11803.00000000
2018-02-23 12:38:10,0.00000418,23590.00000000
2018-02-23 12:38:14,0.00000417,23498.00000000
2018-02-23 12:38:14,0.00000417,84255.00000000
2018-02-23 12:38:17,0.00000417,23000.00000000
2018-02-23 12:38:19,0.00000417,17500.00000000
2018-02-23 12:38:24,0.00000417,240.00000000
2018-02-23 12:38:31,0.00000417,8303.00000000
2018-02-23 12:38:34,0.00000417,47749.00000000
2018-02-23 12:38:36,0.00000418,4.00000000
2018-02-23 12:38:40,0.00000417,9876.00000000
2018-02-23 12:38:41,0.00000418,727.00000000
2018-02-23 12:38:47,0.00000417,2252.00000000
2018-02-23 12:38:53,0.00000417,4567.00000000
2018-02-23 12:38:58,0.00000417,19438.00000000
2018-02-23 12:39:00,0.00000417,180740.00000000
2018-02-23 12:39:04,0.00000417,2522.00000000
2018-02-23 12:39:07,0.00000417,4065.00000000
2018-02-23 12:39:12,0.00000417,12000.00000000
2018-02-23 12:39:18,0.00000417,51930.00000000
2018-02-23 12:39:20,0.00000417,122559.00000000
2018-02-23 12:39:20,0.00000418,18391.00000000
2018-02-23 12:39:20,0.00000418,23901.00000000
2018-02-23 12:39:21,0.00000418,24498.00000000
2018-02-23 12:39:22,0.00000418,11960.00000000
2018-02-23 12:39:22,0.00000417,1001.00000000
2018-02-23 12:39:23,0.00000417,778.00000000
2018-02-23 12:39:24,0.00000417,3916.00000000
2018-02-23 12:39:25,0.00000418,24495.00000000
2018-02-23 12:39:26,0.00000418,20000.00000000
2018-02-23 12:39:26,0.00000418,24491.00000000
2018-02-23 12:39:30,0.00000417,23808.00000000
2018-02-23 12:39:33,0.00000418,4116.00000000
2018-02-23 12:39:36,0.00000417,3463.00000000
2018-02-23 12:39:39,0.00000418,2200.00000000
2018-02-23 12:39:40,0.00000417,500.00000000
2018-02-23 12:39:40,0.00000418,22343.00000000
2018-02-23 12:39:43,0.00000418,20.00000000
2018-02-23 12:39:44,0.00000417,36252.00000000
2018-02-23 12:39:52,0.00000418,839.00000000
2018-02-23 12:40:03,0.00000418,48632.00000000
2018-02-23 12:40:05,0.00000418,7643.00000000
2018-02-23 12:40:15,0.00000417,2079.00000000
2018-02-23 12:40:16,0.00000417,1.00000000
2018-02-23 12:40:17,0.00000417,452.00000000
2018-02-23 12:40:17,0.00000418,787.00000000
2018-02-23 12:40:23,0.00000418,10000.00000000
2018-02-23 12:40:30,0.00000418,2000.00000000
2018-02-23 12:40:42,0.00000418,870.00000000
2018-02-23 12:40:42,0.00000417,4921.00000000
2018-02-23 12:40:45,0.00000417,521.00000000
2018-02-23 12:40:53,0.00000417,2865.00000000
2018-02-23 12:41:02,0.00000417,1000.00000000
2018-02-23 12:41:11,0.00000418,710257.00000000
2018-02-23 12:41:18,0.00000418,16477.00000000
2018-02-23 12:41:25,0.00000418,2356.00000000
2018-02-23 12:41:25,0.00000418,2392.00000000
2018-02-23 12:41:27,0.00000417,195.00000000
2018-02-23 12:41:35,0.00000418,1.00000000
2018-02-23 12:41:36,0.00000418,553.00000000
2018-02-23 12:41:38,0.00000418,11746.00000000
2018-02-23 12:41:40,0.00000417,6764.00000000
2018-02-23 12:41:42,0.00000417,40.00000000
2018-02-23 12:41:47,0.00000418,1000.00000000
2018-02-23 12:42:00,0.00000417,479.00000000
2018-02-23 12:42:09,0.00000417,84715.00000000
2018-02-23 12:42:10,0.00000418,9665.00000000
2018-02-23 12:42:11,0.00000418,3191.00000000
2018-02-23 12:42:11,0.00000418,1000.00000000
2018-02-23 12:42:16,0.00000418,1489.00000000
2018-02-23 12:42:24,0.00000418,10410.00000000
2018-02-23 12:42:30,0.00000417,34691.00000000
2018-02-23 12:42:31,0.00000417,1.00000000
2018-02-23 12:42:36,0.00000417,3594.00000000
2018-02-23 12:42:37,0.00000418,7606.00000000
2018-02-23 12:42:37,0.00000417,805.00000000
2018-02-23 12:42:39,0.00000418,2657.00000000
2018-02-23 12:42:42,0.00000418,31100.00000000
2018-02-23 12:42:42,0.00000417,8964.00000000
2018-02-23 12:42:43,0.00000417,32249.00000000
2018-02-23 12:42:44,0.00000418,24.00000000
2018-02-23 12:42:52,0.00000417,1714.00000000
2018-02-23 12:43:06,0.00000418,979.00000000
2018-02-23 12:43:11,0.00000417,31053.00000000
2018-02-23 12:43:12,0.00000418,1.00000000
2018-02-23 12:43:12,0.00000418,3774.00000000
2018-02-23 12:43:14,0.00000417,19515.00000000
2018-02-23 12:43:14,0.00000417,7806.00000000
2018-02-23 12:43:14,0.00000417,3908.00000000
2018-02-23 12:43:15,0.00000417,10525.00000000
2018-02-23 12:43:16,0.00000417,12680.00000000
2018-02-23 12:43:16,0.00000417,5072.00000000
2018-02-23 12:43:16,0.00000417,2538.00000000
2018-02-23 12:43:17,0.00000418,15545.00000000
2018-02-23 12:43:19,0.00000418,15542.00000000
2018-02-23 12:43:19,0.00000418,500.00000000
2018-02-23 12:43:20,0.00000418,1794.00000000
2018-02-23 12:43:20,0.00000418,1991.00000000
2018-02-23 12:43:20,0.00000418,11962.00000000
2018-02-23 12:43:20,0.00000418,3656.00000000
2018-02-23 12:43:22,0.00000418,1270.00000000
2018-02-23 12:43:23,0.00000418,4301.00000000
2018-02-23 12:43:31,0.00000418,2392.00000000
2018-02-23 12:43:32,0.00000418,2327.00000000
2018-02-23 12:43:37,0.00000418,50.00000000
2018-02-23 12:43:43,0.00000417,50.00000000
2018-02-23 12:43:50,0.00000418,84505.00000000
2018-02-23 12:43:53,0.00000417,3293.00000000
2018-02-23 12:43:54,0.00000418,4807.00000000
2018-02-23 12:43:57,0.00000418,20681.00000000
2018-02-23 12:44:05,0.00000418,444.00000000
2018-02-23 12:44:08,0.00000418,492.00000000
2018-02-23 12:44:09,0.00000418,32342.00000000
2018-02-23 12:44:13,0.00000418,7497.00000000
2018-02-23 12:44:14,0.00000418,536.00000000
2018-02-23 12:44:16,0.00000418,49267.00000000
2018-02-23 12:44:20,0.00000418,43386.00000000
2018-02-23 12:44:32,0.00000417,282669.00000000
2018-02-23 12:44:38,0.00000417,22982.00000000
2018-02-23 12:44:39,0.00000418,2392.00000000
2018-02-23 12:44:39,0.00000418,241.00000000
2018-02-23 12:44:42,0.00000418,6084.00000000
2018-02-23 12:44:46,0.00000417,20727.00000000
2018-02-23 12:44:51,0.00000417,1559.00000000
2018-02-23 12:44:58,0.00000417,3000.00000000
2018-02-23 12:45:04,0.00000418,17500.00000000
2018-02-23 12:45:05,0.00000418,500.00000000
2018-02-23 12:45:06,0.00000418,349.00000000
2018-02-23 12:45:07,0.00000418,1794.00000000
2018-02-23 12:45:10,0.00000417,27640.00000000
2018-02-23 12:45:11,0.00000417,575.00000000
2018-02-23 12:45:12,0.00000417,60000.00000000
2018-02-23 12:45:14,0.00000418,22248.00000000
2018-02-23 12:45:14,0.00000417,1500.00000000
2018-02-23 12:45:21,0.00000417,5969.00000000
2018-02-23 12:45:21,0.00000417,145.00000000
2018-02-23 12:45:23,0.00000417,130.00000000
2018-02-23 12:45:40,0.00000418,2392.00000000
2018-02-23 12:45:41,0.00000418,20029.00000000
2018-02-23 12:45:45,0.00000417,12532.00000000
2018-02-23 12:45:46,0.00000417,906.00000000
2018-02-23 12:45:55,0.00000418,5622.00000000
2018-02-23 12:46:06,0.00000418,1000.00000000
2018-02-23 12:46:06,0.00000418,300.00000000
2018-02-23 12:46:07,0.00000418,210723.00000000
2018-02-23 12:46:09,0.00000418,10.00000000
2018-02-23 12:46:15,0.00000418,1428.00000000
2018-02-23 12:46:16,0.00000417,4000.00000000
2018-02-23 12:46:19,0.00000417,685.00000000
2018-02-23 12:46:35,0.00000417,12446.00000000
2018-02-23 12:46:38,0.00000418,698.00000000
2018-02-23 12:46:40,0.00000417,3000.00000000
2018-02-23 12:46:41,0.00000417,38940.00000000
2018-02-23 12:46:42,0.00000417,7288.00000000
2018-02-23 12:46:47,0.00000418,440000.00000000
2018-02-23 12:47:08,0.00000417,25186.00000000
2018-02-23 12:47:10,0.00000418,41830.00000000
2018-02-23 12:47:15,0.00000418,2118.00000000
2018-02-23 12:47:20,0.00000417,10000.00000000
2018-02-23 12:47:20,0.00000418,2847.00000000
2018-02-23 12:47:30,0.00000418,68.00000000
2018-02-23 12:47:31,0.00000418,2270.00000000
2018-02-23 12:47:40,0.00000418,56.00000000
2018-02-23 12:47:42,0.00000418,319.00000000
2018-02-23 12:47:48,0.00000418,1492.00000000
2018-02-23 12:47:49,0.00000417,33000.00000000
2018-02-23 12:47:50,0.00000418,90000.00000000
2018-02-23 12:48:09,0.00000417,2463.00000000
2018-02-23 12:48:09,0.00000417,311.00000000
2018-02-23 12:48:09,0.00000418,11138.00000000
2018-02-23 12:48:10,0.00000418,3.00000000
2018-02-23 12:48:16,0.00000418,60.00000000
2018-02-23 12:48:21,0.00000418,10443.00000000
2018-02-23 12:48:22,0.00000418,746.00000000
2018-02-23 12:48:32,0.00000418,6126.00000000
2018-02-23 12:48:32,0.00000418,23181.00000000
2018-02-23 12:48:35,0.00000418,2100.00000000
2018-02-23 12:48:37,0.00000417,1500.00000000
2018-02-23 12:48:39,0.00000418,2516.00000000
2018-02-23 12:48:47,0.00000418,4554.00000000
2018-02-23 12:48:49,0.00000417,1152.00000000
2018-02-23 12:48:55,0.00000418,46.00000000
2018-02-23 12:48:57,0.00000417,1812.00000000
2018-02-23 12:49:05,0.00000417,2427.00000000
2018-02-23 12:49:08,0.00000418,3955.00000000
2018-02-23 12:49:13,0.00000418,2686.00000000
2018-02-23 12:49:15,0.00000418,12738.00000000
2018-02-23 12:49:16,0.00000417,3.00000000
2018-02-23 12:49:19,0.00000417,6000.00000000
2018-02-23 12:49:27,0.00000417,10146.00000000
2018-02-23 12:49:39,0.00000417,3889.00000000
2018-02-23 12:49:39,0.00000418,1731522.00000000
2018-02-23 12:49:45,0.00000417,426.00000000
2018-02-23 12:49:46,0.00000418,1000.00000000
2018-02-23 12:49:56,0.00000417,6815.00000000
2018-02-23 12:49:56,0.00000418,25234.00000000
2018-02-23 12:49:59,0.00000418,4678.00000000
2018-02-23 12:50:08,0.00000417,51964.00000000
2018-02-23 12:50:08,0.00000418,1163.00000000
2018-02-23 12:50:09,0.00000418,40396.00000000
2018-02-23 12:50:15,0.00000418,8336.00000000
2018-02-23 12:50:19,0.00000418,7352.00000000
2018-02-23 12:50:28,0.00000417,1.00000000
2018-02-23 12:50:29,0.00000418,8.00000000
2018-02-23 12:50:32,0.00000417,449.00000000
2018-02-23 12:50:36,0.00000417,20000.00000000
2018-02-23 12:50:43,0.00000418,1000.00000000
2018-02-23 12:50:46,0.00000418,581.00000000
2018-02-23 12:50:56,0.00000417,10807.00000000
2018-02-23 12:51:01,0.00000417,250.00000000
2018-02-23 12:51:12,0.00000417,104099.00000000
2018-02-23 12:51:13,0.00000418,100.00000000
2018-02-23 12:51:16,0.00000418,1065.00000000
2018-02-23 12:51:24,0.00000417,344175.00000000
2018-02-23 12:51:27,0.00000417,11589.00000000
2018-02-23 12:51:31,0.00000418,6221.00000000
2018-02-23 12:51:33,0.00000418,4466.00000000
2018-02-23 12:51:34,0.00000417,243.00000000
2018-02-23 12:51:41,0.00000418,48253.00000000
2018-02-23 12:51:42,0.00000418,97.00000000
2018-02-23 12:51:43,0.00000417,2497.00000000
2018-02-23 12:51:49,0.00000418,28251.00000000
2018-02-23 12:51:52,0.00000418,9327.00000000
2018-02-23 12:51:56,0.00000417,1250.00000000
2018-02-23 12:52:03,0.00000417,1447.00000000
2018-02-23 12:52:07,0.00000418,6026.00000000
2018-02-23 12:52:09,0.00000417,692.00000000
2018-02-23 12:52:12,0.00000418,193374.00000000
2018-02-23 12:52:15,0.00000418,2223.00000000
2018-02-23 12:52:16,0.00000418,7775.00000000
2018-02-23 12:52:22,0.00000417,2656.00000000
2018-02-23 12:52:24,0.00000418,27386.00000000
2018-02-23 12:52:26,0.00000418,11103.00000000
2018-02-23 12:52:26,0.00000417,5661.00000000
2018-02-23 12:52:26,0.00000418,4104.00000000
2018-02-23 12:52:31,0.00000418,419.00000000
2018-02-23 12:52:31,0.00000418,3469.00000000
2018-02-23 12:52:35,0.00000417,108423.00000000
2018-02-23 12:52:38,0.00000418,2392.00000000
2018-02-23 12:52:42,0.00000418,1.00000000
2018-02-23 12:52:42,0.00000417,24217.00000000
2018-02-23 12:52:46,0.00000418,2334.00000000
2018-02-23 12:52:52,0.00000418,746.00000000
2018-02-23 12:52:56,0.00000417,30462.00000000
2018-02-23 12:52:59,0.00000418,12527.00000000
2018-02-23 12:53:04,0.00000418,15000.00000000
2018-02-23 12:53:09,0.00000418,7129.00000000
2018-02-23 12:53:11,0.00000418,104.00000000
2018-02-23 12:53:14,0.00000418,6733.00000000
2018-02-23 12:53:15,0.00000418,250.00000000
2018-02-23 12:53:24,0.00000418,5469.00000000
2018-02-23 12:53:28,0.00000417,3000.00000000
2018-02-23 12:53:33,0.00000418,263.00000000
2018-02-23 12:53:34,0.00000417,190271.00000000
2018-02-23 12:53:36,0.00000418,1800.00000000
2018-02-23 12:53:43,0.00000417,500.00000000
2018-02-23 12:53:51,0.00000418,3215.00000000
2018-02-23 12:53:55,0.00000418,157.00000000
2018-02-23 12:53:56,0.00000417,13312.00000000
2018-02-23 12:54:04,0.00000417,1028.00000000
2018-02-23 12:54:15,0.00000418,730.00000000
2018-02-23 12:54:19,0.00000417,1194.00000000
2018-02-23 12:54:22,0.00000417,29390.00000000
2018-02-23 12:54:22,0.00000417,37099.00000000
2018-02-23 12:54:25,0.00000417,25496.00000000
2018-02-23 12:54:29,0.00000418,2392.00000000
2018-02-23 12:54:31,0.00000418,2392.00000000
2018-02-23 12:54:35,0.00000417,700.00000000
2018-02-23 12:54:36,0.00000418,305.00000000
2018-02-23 12:54:40,0.00000417,12116.00000000
2018-02-23 12:54:41,0.00000417,23451.00000000
2018-02-23 12:54:49,0.00000418,200000.00000000
2018-02-23 12:54:49,0.00000417,15620.00000000
2018-02-23 12:54:51,0.00000417,4412.00000000
2018-02-23 12:54:51,0.00000418,12.00000000
2018-02-23 12:54:51,0.00000418,2806.00000000
2018-02-23 12:54:53,0.00000417,10989.00000000
2018-02-23 12:54:59,0.00000417,3000.00000000
2018-02-23 12:55:01,0.00000417,14224.00000000
2018-02-23 12:55:03,0.00000418,1.00000000
2018-02-23 12:55:08,0.00000417,77422.00000000
2018-02-23 12:55:08,0.00000418,768.00000000
2018-02-23 12:55:11,0.00000417,9187.00000000
2018-02-23 12:55:13,0.00000417,10407.00000000
2018-02-23 12:55:17,0.00000417,619.00000000
2018-02-23 12:55:18,0.00000417,27640.00000000
2018-02-23 12:55:19,0.00000417,500.00000000
2018-02-23 12:55:19,0.00000418,314.00000000
2018-02-23 12:55:23,0.00000418,16.00000000
2018-02-23 12:55:27,0.00000418,634.00000000
2018-02-23 12:55:31,0.00000417,300.00000000
2018-02-23 12:55:38,0.00000418,843.00000000
2018-02-23 12:55:43,0.00000417,212724.00000000
2018-02-23 12:55:44,0.00000417,20365.00000000
2018-02-23 12:55:44,0.00000418,25427.00000000
2018-02-23 12:55:47,0.00000417,9724.00000000
2018-02-23 12:55:49,0.00000418,250.00000000
2018-02-23 12:55:52,0.00000417,103642.00000000
2018-02-23 12:55:57,0.00000418,1554.00000000
2018-02-23 12:55:58,0.00000417,9189.00000000
2018-02-23 12:56:03,0.00000417,12532.00000000
2018-02-23 12:56:04,0.00000418,16.00000000
2018-02-23 12:56:11,0.00000417,81.00000000
2018-02-23 12:56:15,0.00000418,1.00000000
2018-02-23 12:56:20,0.00000417,1404.00000000
2018-02-23 12:56:26,0.00000417,1273.00000000
2018-02-23 12:56:26,0.00000417,9212.00000000
2018-02-23 12:56:27,0.00000417,9990.00000000
2018-02-23 12:56:34,0.00000417,661.00000000
2018-02-23 12:56:36,0.00000417,1191.00000000
2018-02-23 12:56:42,0.00000418,2472.00000000
2018-02-23 12:56:48,0.00000417,10467.00000000
2018-02-23 12:56:53,0.00000417,9670.00000000
2018-02-23 12:56:53,0.00000417,4359.00000000
2018-02-23 12:56:56,0.00000418,5173.00000000
2018-02-23 12:57:02,0.00000418,19512.00000000
2018-02-23 12:57:02,0.00000418,13308.00000000
2018-02-23 12:57:04,0.00000418,2.00000000
2018-02-23 12:57:05,0.00000417,7333.00000000
2018-02-23 12:57:10,0.00000417,4790.00000000
2018-02-23 12:57:10,0.00000418,1868.00000000
2018-02-23 12:57:17,0.00000417,28063.00000000
2018-02-23 12:57:18,0.00000417,31494.00000000
2018-02-23 12:57:19,0.00000418,156.00000000
2018-02-23 12:57:20,0.00000417,28021.00000000
2018-02-23 12:57:26,0.00000417,100.00000000
2018-02-23 12:57:27,0.00000417,218147.00000000
2018-02-23 12:57:28,0.00000417,12500.00000000
2018-02-23 12:57:37,0.00000417,3686.00000000
2018-02-23 12:57:41,0.00000417,31007.00000000
2018-02-23 12:57:44,0.00000417,7000.00000000
2018-02-23 12:57:45,0.00000418,388.00000000
2018-02-23 12:57:57,0.00000417,865501.00000000
2018-02-23 12:58:00,0.00000417,63102.00000000
2018-02-23 12:58:11,0.00000418,5276.00000000
2018-02-23 12:58:13,0.00000417,30931.00000000
2018-02-23 12:58:14,0.00000417,5093.00000000
2018-02-23 12:58:22,0.00000417,1230.00000000
2018-02-23 12:58:26,0.00000418,18.00000000
2018-02-23 12:58:27,0.00000417,316112.00000000
2018-02-23 12:58:35,0.00000418,4.00000000
2018-02-23 12:58:37,0.00000418,2392.00000000
2018-02-23 12:58:43,0.00000417,484.00000000
2018-02-23 12:58:44,0.00000418,22974.00000000
2018-02-23 12:58:46,0.00000417,203627.00000000
2018-02-23 12:59:02,0.00000417,10000.00000000
2018-02-23 12:59:02,0.00000417,12038.00000000
2018-02-23 12:59:09,0.00000417,2233.00000000
2018-02-23 12:59:11,0.00000417,111966.00000000
2018-02-23 12:59:12,0.00000417,1328.00000000
2018-02-23 12:59:20,0.00000418,3.00000000
2018-02-23 12:59:20,0.00000417,865502.00000000
2018-02-23 12:59:21,0.00000418,300000.00000000
2018-02-23 12:59:26,0.00000418,17823.00000000
2018-02-23 12:59:27,0.00000417,1435.00000000
2018-02-23 12:59:30,0.00000417,250.00000000
2018-02-23 12:59:41,0.00000417,972.00000000
2018-02-23 12:59:42,0.00000417,921.00000000
2018-02-23 12:59:45,0.00000418,2000.00000000
2018-02-23 12:59:49,0.00000418,8610.00000000
2018-02-23 12:59:50,0.00000418,1942.00000000
2018-02-23 12:59:56,0.00000417,17695.00000000
