DATE,PRICE,VOLUME
2018-02-23 20:00:01,0.00000412,8322.00000000
2018-02-23 20:00:06,0.00000412,20.00000000
2018-02-23 20:00:10,0.00000411,756.00000000
2018-02-23 20:00:13,0.00000411,502.00000000
2018-02-23 20:00:18,0.00000412,1134.00000000
2018-02-23 20:00:22,0.00000411,8677.00000000
2018-02-23 20:00:27,0.00000412,97549.00000000
2018-02-23 20:00:34,0.00000412,251.00000000
2018-02-23 20:00:34,0.00000411,643.00000000
2018-02-23 20:00:40,0.00000412,7950.00000000
2018-02-23 20:00:45,0.00000412,251.00000000
2018-02-23 20:00:46,0.00000412,12710.00000000
2018-02-23 20:00:48,0.00000412,500.00000000
2018-02-23 20:00:50,0.00000412,7282.00000000
2018-02-23 20:00:50,0.00000412,4237.00000000
2018-02-23 20:00:53,0.00000411,25000.00000000
2018-02-23 20:00:57,0.00000412,3500.00000000
2018-02-23 20:01:04,0.00000411,1000.00000000
2018-02-23 20:01:13,0.00000411,2000.00000000
2018-02-23 20:01:20,0.00000412,1363.00000000
2018-02-23 20:01:22,0.00000412,1169.00000000
2018-02-23 20:01:23,0.00000412,1022.00000000
2018-02-23 20:01:25,0.00000412,766.00000000
2018-02-23 20:01:31,0.00000411,8346.00000000
2018-02-23 20:01:32,0.00000412,2427.00000000
2018-02-23 20:01:42,0.00000412,1141.00000000
2018-02-23 20:01:43,0.00000411,788.00000000
2018-02-23 20:01:47,0.00000411,36195.00000000
2018-02-23 20:01:52,0.00000412,33950.00000000
2018-02-23 20:01:55,0.00000411,980.00000000
2018-02-23 20:01:55,0.00000411,709.00000000
2018-02-23 20:01:58,0.00000412,7270.00000000
2018-02-23 20:01:59,0.00000412,7412.00000000
2018-02-23 20:01:59,0.00000412,579.00000000
2018-02-23 20:02:01,0.00000412,22.00000000
2018-02-23 20:02:02,0.00000412,1135.00000000
2018-02-23 20:02:02,0.00000412,3899.00000000
2018-02-23 20:02:05,0.00000411,2994.00000000
2018-02-23 20:02:07,0.00000411,249.00000000
2018-02-23 20:02:11,0.00000412,2427.00000000
2018-02-23 20:02:16,0.00000411,5000.00000000
2018-02-23 20:02:19,0.00000412,954.00000000
2018-02-23 20:02:20,0.00000412,3086.00000000
2018-02-23 20:02:20,0.00000412,974.00000000
2018-02-23 20:02:20,0.00000411,4624.00000000
2018-02-23 20:02:20,0.00000412,1522.00000000
2018-02-23 20:02:21,0.00000412,2427.00000000
2018-02-23 20:02:21,0.00000412,954.00000000
2018-02-23 20:02:21,0.00000412,97087.00000000
2018-02-23 20:02:21,0.00000412,7275.00000000
2018-02-23 20:02:22,0.00000412,2051.00000000
2018-02-23 20:02:22,0.00000412,85377.00000000
2018-02-23 20:02:22,0.00000412,7277.00000000
2018-02-23 20:02:22,0.00000412,7276.00000000
2018-02-23 20:02:22,0.00000412,7277.00000000
2018-02-23 20:02:22,0.00000412,7276.00000000
2018-02-23 20:02:23,0.00000412,7277.00000000
2018-02-23 20:02:23,0.00000412,7277.00000000
2018-02-23 20:02:23,0.00000412,1766.00000000
2018-02-23 20:02:23,0.00000412,98979.00000000
2018-02-23 20:02:25,0.00000412,15214.00000000
2018-02-23 20:02:26,0.00000412,500.00000000
2018-02-23 20:02:27,0.00000412,24330.00000000
2018-02-23 20:02:27,0.00000412,24791.00000000
2018-02-23 20:02:28,0.00000412,2072.00000000
2018-02-23 20:02:28,0.00000412,7277.00000000
2018-02-23 20:02:28,0.00000412,7276.00000000
2018-02-23 20:02:28,0.00000412,7277.00000000
2018-02-23 20:02:28,0.00000412,6250.00000000
2018-02-23 20:02:28,0.00000411,1560.00000000
2018-02-23 20:02:28,0.00000412,7277.00000000
2018-02-23 20:02:29,0.00000412,7276.00000000
2018-02-23 20:02:29,0.00000411,7276.00000000
2018-02-23 20:02:30,0.00000412,2427.00000000
2018-02-23 20:02:30,0.00000412,487.00000000
2018-02-23 20:02:30,0.00000412,270.00000000
2018-02-23 20:02:31,0.00000412,1000.00000000
2018-02-23 20:02:31,0.00000412,457.00000000
2018-02-23 20:02:33,0.00000412,750.00000000
2018-02-23 20:02:34,0.00000412,271.00000000
2018-02-23 20:02:37,0.00000412,7235.00000000
2018-02-23 20:02:38,0.00000411,2355.00000000
2018-02-23 20:02:39,0.00000412,7787.00000000
2018-02-23 20:02:39,0.00000412,750.00000000
2018-02-23 20:02:42,0.00000412,606.00000000
2018-02-23 20:02:42,0.00000412,304.00000000
2018-02-23 20:02:43,0.00000411,3979.00000000
2018-02-23 20:02:45,0.00000412,750.00000000
2018-02-23 20:02:48,0.00000412,412.00000000
2018-02-23 20:02:52,0.00000412,750.00000000
2018-02-23 20:02:52,0.00000412,62083.00000000
2018-02-23 20:02:53,0.00000412,976.00000000
2018-02-23 20:02:53,0.00000411,3333.00000000
2018-02-23 20:02:54,0.00000411,3000.00000000
2018-02-23 20:02:55,0.00000412,9527.00000000
2018-02-23 20:02:56,0.00000412,500.00000000
2018-02-23 20:02:57,0.00000412,5848.00000000
2018-02-23 20:02:58,0.00000412,750.00000000
2018-02-23 20:02:58,0.00000412,1482.00000000
2018-02-23 20:03:04,0.00000412,750.00000000
2018-02-23 20:03:11,0.00000412,750.00000000
2018-02-23 20:03:15,0.00000412,688.00000000
2018-02-23 20:03:16,0.00000412,888.00000000
2018-02-23 20:03:16,0.00000412,500.00000000
2018-02-23 20:03:17,0.00000412,750.00000000
2018-02-23 20:03:19,0.00000412,77898.00000000
2018-02-23 20:03:22,0.00000411,74.00000000
2018-02-23 20:03:24,0.00000412,3050.00000000
2018-02-23 20:03:24,0.00000412,750.00000000
2018-02-23 20:03:28,0.00000411,1463.00000000
2018-02-23 20:03:29,0.00000412,500.00000000
2018-02-23 20:03:30,0.00000412,24822.00000000
2018-02-23 20:03:34,0.00000412,750.00000000
2018-02-23 20:03:35,0.00000412,17.00000000
2018-02-23 20:03:38,0.00000412,392583.00000000
2018-02-23 20:03:39,0.00000411,4014.00000000
2018-02-23 20:03:40,0.00000412,750.00000000
2018-02-23 20:03:43,0.00000412,67392.00000000
2018-02-23 20:03:44,0.00000412,49062.00000000
2018-02-23 20:03:45,0.00000411,25000.00000000
2018-02-23 20:03:46,0.00000412,750.00000000
2018-02-23 20:03:48,0.00000412,30583.00000000
2018-02-23 20:03:49,0.00000411,9800.00000000
2018-02-23 20:03:49,0.00000412,733.00000000
2018-02-23 20:03:49,0.00000412,30888.00000000
2018-02-23 20:03:49,0.00000412,9826.00000000
2018-02-23 20:03:49,0.00000413,13375.00000000
2018-02-23 20:03:49,0.00000411,190017.00000000
2018-02-23 20:03:50,0.00000412,2400.00000000
2018-02-23 20:03:50,0.00000412,157.00000000
2018-02-23 20:03:50,0.00000411,86025.00000000
2018-02-23 20:03:52,0.00000411,33990.00000000
2018-02-23 20:03:52,0.00000412,25588.00000000
2018-02-23 20:03:53,0.00000412,3893.00000000
2018-02-23 20:03:55,0.00000413,158.00000000
2018-02-23 20:03:55,0.00000412,1277.00000000
2018-02-23 20:03:56,0.00000413,23254.00000000
2018-02-23 20:03:56,0.00000413,1676.00000000
2018-02-23 20:03:58,0.00000412,9997.00000000
2018-02-23 20:03:58,0.00000413,553.00000000
2018-02-23 20:03:59,0.00000412,958.00000000
2018-02-23 20:03:59,0.00000413,178646.00000000
2018-02-23 20:04:00,0.00000412,5270.00000000
2018-02-23 20:04:00,0.00000413,119.00000000
2018-02-23 20:04:01,0.00000413,61368.00000000
2018-02-23 20:04:01,0.00000412,1437.00000000
2018-02-23 20:04:04,0.00000412,2651.00000000
2018-02-23 20:04:04,0.00000412,40226.00000000
2018-02-23 20:04:05,0.00000412,433.00000000
2018-02-23 20:04:10,0.00000412,7497.00000000
2018-02-23 20:04:11,0.00000413,123.00000000
2018-02-23 20:04:11,0.00000412,24271.00000000
2018-02-23 20:04:11,0.00000412,9357.00000000
2018-02-23 20:04:11,0.00000412,31554.00000000
2018-02-23 20:04:11,0.00000412,7281.00000000
2018-02-23 20:04:11,0.00000413,17501.00000000
2018-02-23 20:04:12,0.00000412,4998.00000000
2018-02-23 20:04:12,0.00000413,5777.00000000
2018-02-23 20:04:13,0.00000413,5111.00000000
2018-02-23 20:04:14,0.00000413,276593.00000000
2018-02-23 20:04:17,0.00000413,11950.00000000
2018-02-23 20:04:22,0.00000413,18535.00000000
2018-02-23 20:04:22,0.00000413,25170.00000000
2018-02-23 20:04:23,0.00000413,656.00000000
2018-02-23 20:04:23,0.00000412,10924.00000000
2018-02-23 20:04:24,0.00000412,1213.00000000
2018-02-23 20:04:25,0.00000412,753.00000000
2018-02-23 20:04:28,0.00000412,7784.00000000
2018-02-23 20:04:31,0.00000412,10644.00000000
2018-02-23 20:04:32,0.00000413,22837.00000000
2018-02-23 20:04:33,0.00000412,2260.00000000
2018-02-23 20:04:33,0.00000413,31185.00000000
2018-02-23 20:04:34,0.00000413,1238.00000000
2018-02-23 20:04:35,0.00000413,4366.00000000
2018-02-23 20:04:36,0.00000413,2998.00000000
2018-02-23 20:04:36,0.00000413,1588.00000000
2018-02-23 20:04:37,0.00000413,11069.00000000
2018-02-23 20:04:38,0.00000413,15976.00000000
2018-02-23 20:04:38,0.00000413,2821.00000000
2018-02-23 20:04:38,0.00000413,1112.00000000
2018-02-23 20:04:42,0.00000412,4287.00000000
2018-02-23 20:04:42,0.00000413,16383.00000000
2018-02-23 20:04:44,0.00000413,54648.00000000
2018-02-23 20:04:44,0.00000413,9950.00000000
2018-02-23 20:04:45,0.00000413,8046.00000000
2018-02-23 20:04:46,0.00000412,2368.00000000
2018-02-23 20:04:47,0.00000413,7389.00000000
2018-02-23 20:04:48,0.00000413,87287.00000000
2018-02-23 20:04:48,0.00000412,739.00000000
2018-02-23 20:04:48,0.00000413,1981.00000000
2018-02-23 20:04:50,0.00000413,6829.00000000
2018-02-23 20:04:50,0.00000413,528.00000000
2018-02-23 20:04:50,0.00000413,272.00000000
2018-02-23 20:04:53,0.00000413,5.00000000
2018-02-23 20:04:54,0.00000412,998.00000000
2018-02-23 20:04:54,0.00000413,6849.00000000
2018-02-23 20:04:54,0.00000413,12480.00000000
2018-02-23 20:04:55,0.00000412,1.00000000
2018-02-23 20:04:55,0.00000413,2421.00000000
2018-02-23 20:04:58,0.00000413,66065.00000000
2018-02-23 20:05:01,0.00000412,827299.00000000
2018-02-23 20:05:01,0.00000412,446.00000000
2018-02-23 20:05:02,0.00000412,14841.00000000
2018-02-23 20:05:03,0.00000412,17124.00000000
2018-02-23 20:05:05,0.00000412,22464.00000000
2018-02-23 20:05:06,0.00000412,10280.00000000
2018-02-23 20:05:06,0.00000412,4370.00000000
2018-02-23 20:05:08,0.00000412,16087.00000000
2018-02-23 20:05:10,0.00000412,870.00000000
2018-02-23 20:05:10,0.00000411,1441.00000000
2018-02-23 20:05:10,0.00000412,12436.00000000
2018-02-23 20:05:10,0.00000412,124000.00000000
2018-02-23 20:05:13,0.00000411,1081.00000000
2018-02-23 20:05:13,0.00000412,64296.00000000
2018-02-23 20:05:13,0.00000411,5778.00000000
2018-02-23 20:05:16,0.00000411,811.00000000
2018-02-23 20:05:18,0.00000412,49643.00000000
2018-02-23 20:05:21,0.00000412,15995.00000000
2018-02-23 20:05:23,0.00000412,148930.00000000
2018-02-23 20:05:24,0.00000412,2231.00000000
2018-02-23 20:05:24,0.00000412,27555.00000000
2018-02-23 20:05:25,0.00000412,15513.00000000
2018-02-23 20:05:25,0.00000412,1704.00000000
2018-02-23 20:05:26,0.00000412,84088.00000000
2018-02-23 20:05:26,0.00000412,2400.00000000
2018-02-23 20:05:27,0.00000412,2427.00000000
2018-02-23 20:05:27,0.00000412,1213.00000000
2018-02-23 20:05:30,0.00000412,8981.00000000
2018-02-23 20:05:33,0.00000412,6653.00000000
2018-02-23 20:05:33,0.00000412,7186.00000000
2018-02-23 20:05:34,0.00000412,1090.00000000
2018-02-23 20:05:35,0.00000412,1454.00000000
2018-02-23 20:05:35,0.00000411,501.00000000
2018-02-23 20:05:37,0.00000411,944.00000000
2018-02-23 20:05:38,0.00000412,344.00000000
2018-02-23 20:05:42,0.00000412,874.00000000
2018-02-23 20:05:43,0.00000412,750.00000000
2018-02-23 20:05:44,0.00000412,6340.00000000
2018-02-23 20:05:44,0.00000413,16862.00000000
2018-02-23 20:05:50,0.00000412,314.00000000
2018-02-23 20:05:50,0.00000413,3728.00000000
2018-02-23 20:05:51,0.00000412,1501.00000000
2018-02-23 20:05:53,0.00000412,69009.00000000
2018-02-23 20:05:53,0.00000412,323.00000000
2018-02-23 20:05:53,0.00000412,1189.00000000
2018-02-23 20:05:53,0.00000412,9085.00000000
2018-02-23 20:05:54,0.00000412,5767.00000000
2018-02-23 20:05:54,0.00000412,5140.00000000
2018-02-23 20:05:54,0.00000412,3743.00000000
2018-02-23 20:05:56,0.00000412,1019.00000000
2018-02-23 20:05:57,0.00000412,4062.00000000
2018-02-23 20:05:59,0.00000412,143829.00000000
2018-02-23 20:05:59,0.00000412,2400.00000000
2018-02-23 20:05:59,0.00000412,32396.00000000
2018-02-23 20:05:59,0.00000412,19996.00000000
2018-02-23 20:05:59,0.00000412,41552.00000000
2018-02-23 20:06:00,0.00000412,41546.00000000
2018-02-23 20:06:00,0.00000412,24271.00000000
2018-02-23 20:06:00,0.00000412,224666.00000000
2018-02-23 20:06:05,0.00000413,72639.00000000
2018-02-23 20:06:05,0.00000412,2000.00000000
2018-02-23 20:06:08,0.00000412,1854.00000000
2018-02-23 20:06:11,0.00000412,3838.00000000
2018-02-23 20:06:15,0.00000412,41222.00000000
2018-02-23 20:06:16,0.00000412,1213.00000000
2018-02-23 20:06:20,0.00000412,46389.00000000
2018-02-23 20:06:21,0.00000412,254.00000000
2018-02-23 20:06:22,0.00000412,58149.00000000
2018-02-23 20:06:22,0.00000413,5007.00000000
2018-02-23 20:06:23,0.00000412,406.00000000
2018-02-23 20:06:23,0.00000412,17847.00000000
2018-02-23 20:06:27,0.00000412,11143.00000000
2018-02-23 20:06:29,0.00000412,246.00000000
2018-02-23 20:06:31,0.00000412,75483.00000000
2018-02-23 20:06:31,0.00000413,500.00000000
2018-02-23 20:06:33,0.00000412,4800.00000000
2018-02-23 20:06:34,0.00000412,57647.00000000
2018-02-23 20:06:36,0.00000412,30000.00000000
2018-02-23 20:06:36,0.00000413,4510.00000000
2018-02-23 20:06:38,0.00000412,27196.00000000
2018-02-23 20:06:38,0.00000412,377.00000000
2018-02-23 20:06:42,0.00000412,1438.00000000
2018-02-23 20:06:43,0.00000412,377.00000000
2018-02-23 20:06:44,0.00000413,72098.00000000
2018-02-23 20:06:46,0.00000412,3641.00000000
2018-02-23 20:06:46,0.00000412,1213.00000000
2018-02-23 20:06:47,0.00000413,23799.00000000
2018-02-23 20:06:48,0.00000413,40340.00000000
2018-02-23 20:06:51,0.00000413,22974.00000000
2018-02-23 20:06:55,0.00000413,1024.00000000
2018-02-23 20:06:56,0.00000412,6513.00000000
2018-02-23 20:06:56,0.00000413,1786.00000000
2018-02-23 20:06:57,0.00000413,83643.00000000
2018-02-23 20:06:57,0.00000412,7.00000000
2018-02-23 20:07:00,0.00000413,375.00000000
2018-02-23 20:07:00,0.00000413,13049.00000000
2018-02-23 20:07:01,0.00000413,124.00000000
2018-02-23 20:07:04,0.00000413,2297.00000000
2018-02-23 20:07:07,0.00000413,1223.00000000
2018-02-23 20:07:09,0.00000413,3966.00000000
2018-02-23 20:07:09,0.00000413,11323.00000000
2018-02-23 20:07:09,0.00000413,1017.00000000
2018-02-23 20:07:09,0.00000413,1017.00000000
2018-02-23 20:07:09,0.00000413,1017.00000000
2018-02-23 20:07:09,0.00000413,2421.00000000
2018-02-23 20:07:10,0.00000413,2468.00000000
2018-02-23 20:07:10,0.00000413,2016.00000000
2018-02-23 20:07:10,0.00000413,855.00000000
2018-02-23 20:07:11,0.00000413,14080.00000000
2018-02-23 20:07:12,0.00000413,339682.00000000
2018-02-23 20:07:12,0.00000413,1480.00000000
2018-02-23 20:07:12,0.00000413,7244.00000000
2018-02-23 20:07:12,0.00000413,339630.00000000
2018-02-23 20:07:12,0.00000413,96852.00000000
2018-02-23 20:07:12,0.00000413,2421.00000000
2018-02-23 20:07:12,0.00000412,7244.00000000
2018-02-23 20:07:12,0.00000412,1480.00000000
2018-02-23 20:07:14,0.00000413,15935.00000000
2018-02-23 20:07:14,0.00000412,171.00000000
2018-02-23 20:07:18,0.00000413,3869.00000000
2018-02-23 20:07:19,0.00000413,326159.00000000
2018-02-23 20:07:19,0.00000412,2500.00000000
2018-02-23 20:07:22,0.00000413,39322.00000000
2018-02-23 20:07:31,0.00000412,5381.00000000
2018-02-23 20:07:33,0.00000413,300.00000000
2018-02-23 20:07:34,0.00000413,3201.00000000
2018-02-23 20:07:35,0.00000413,24193.00000000
2018-02-23 20:07:36,0.00000413,2789.00000000
2018-02-23 20:07:37,0.00000413,5298.00000000
2018-02-23 20:07:40,0.00000413,31307.00000000
2018-02-23 20:07:41,0.00000413,299184.00000000
2018-02-23 20:07:44,0.00000413,5157.00000000
2018-02-23 20:07:52,0.00000413,81279.00000000
2018-02-23 20:07:59,0.00000412,2454.00000000
2018-02-23 20:07:59,0.00000413,4000.00000000
2018-02-23 20:08:00,0.00000412,1213.00000000
2018-02-23 20:08:01,0.00000412,7430.00000000
2018-02-23 20:08:01,0.00000412,2170.00000000
2018-02-23 20:08:01,0.00000412,5000.00000000
2018-02-23 20:08:02,0.00000412,72639.00000000
2018-02-23 20:08:03,0.00000413,40770.00000000
2018-02-23 20:08:03,0.00000413,3725.00000000
2018-02-23 20:08:03,0.00000413,22000.00000000
2018-02-23 20:08:05,0.00000412,1978.00000000
2018-02-23 20:08:06,0.00000412,7729.00000000
2018-02-23 20:08:06,0.00000413,3656.00000000
2018-02-23 20:08:06,0.00000412,817222.00000000
2018-02-23 20:08:10,0.00000413,916.00000000
2018-02-23 20:08:10,0.00000413,61155.00000000
2018-02-23 20:08:11,0.00000413,1175.00000000
2018-02-23 20:08:12,0.00000413,227.00000000
2018-02-23 20:08:13,0.00000412,4770.00000000
2018-02-23 20:08:13,0.00000413,57.00000000
2018-02-23 20:08:14,0.00000413,30577.00000000
2018-02-23 20:08:15,0.00000412,13694.00000000
2018-02-23 20:08:15,0.00000412,10004.00000000
2018-02-23 20:08:15,0.00000413,14.00000000
2018-02-23 20:08:16,0.00000413,4.00000000
2018-02-23 20:08:18,0.00000413,1.00000000
2018-02-23 20:08:18,0.00000413,30578.00000000
2018-02-23 20:08:20,0.00000412,4500.00000000
2018-02-23 20:08:20,0.00000412,1050.00000000
2018-02-23 20:08:21,0.00000412,3621.00000000
2018-02-23 20:08:22,0.00000413,114793.00000000
2018-02-23 20:08:23,0.00000412,577.00000000
2018-02-23 20:08:26,0.00000412,1577.00000000
2018-02-23 20:08:27,0.00000412,67372.00000000
2018-02-23 20:08:30,0.00000412,20000.00000000
2018-02-23 20:08:33,0.00000412,1664.00000000
2018-02-23 20:08:35,0.00000412,7591.00000000
2018-02-23 20:08:38,0.00000412,10028.00000000
2018-02-23 20:08:38,0.00000413,16165.00000000
2018-02-23 20:08:40,0.00000412,500.00000000
2018-02-23 20:08:47,0.00000412,2581.00000000
2018-02-23 20:08:49,0.00000413,65579.00000000
2018-02-23 20:08:50,0.00000412,2999.00000000
2018-02-23 20:08:51,0.00000412,111730.00000000
2018-02-23 20:08:57,0.00000412,17195.00000000
2018-02-23 20:08:57,0.00000413,1660.00000000
2018-02-23 20:08:57,0.00000412,379.00000000
2018-02-23 20:08:58,0.00000413,21570.00000000
2018-02-23 20:08:59,0.00000413,132000.00000000
2018-02-23 20:08:59,0.00000412,54517.00000000
2018-02-23 20:08:59,0.00000412,284.00000000
2018-02-23 20:08:59,0.00000412,100819.00000000
2018-02-23 20:09:02,0.00000413,82.00000000
2018-02-23 20:09:03,0.00000412,2708.00000000
2018-02-23 20:09:03,0.00000413,584.00000000
2018-02-23 20:09:04,0.00000413,755.00000000
2018-02-23 20:09:05,0.00000413,193.00000000
2018-02-23 20:09:06,0.00000413,5392.00000000
2018-02-23 20:09:07,0.00000413,9898.00000000
2018-02-23 20:09:08,0.00000412,2427.00000000
2018-02-23 20:09:08,0.00000413,1798.00000000
2018-02-23 20:09:15,0.00000413,1720.00000000
2018-02-23 20:09:15,0.00000413,986.00000000
2018-02-23 20:09:18,0.00000412,4855.00000000
2018-02-23 20:09:20,0.00000413,1254.00000000
2018-02-23 20:09:20,0.00000413,4868.00000000
2018-02-23 20:09:24,0.00000413,22286.00000000
2018-02-23 20:09:24,0.00000413,22399.00000000
2018-02-23 20:09:25,0.00000413,750.00000000
2018-02-23 20:09:26,0.00000413,6689.00000000
2018-02-23 20:09:30,0.00000412,4438.00000000
2018-02-23 20:09:38,0.00000412,15971.00000000
2018-02-23 20:09:49,0.00000413,28158.00000000
2018-02-23 20:09:50,0.00000413,310.00000000
2018-02-23 20:09:52,0.00000413,4690.00000000
2018-02-23 20:09:53,0.00000413,42101.00000000
2018-02-23 20:09:55,0.00000412,95402.00000000
2018-02-23 20:09:56,0.00000413,31576.00000000
2018-02-23 20:09:58,0.00000413,1544.00000000
2018-02-23 20:09:59,0.00000413,10526.00000000
2018-02-23 20:10:02,0.00000413,1000.00000000
2018-02-23 20:10:03,0.00000413,11000.00000000
2018-02-23 20:10:10,0.00000413,1543.00000000
2018-02-23 20:10:15,0.00000413,1000.00000000
2018-02-23 20:10:16,0.00000413,53179.00000000
2018-02-23 20:10:17,0.00000413,38.00000000
2018-02-23 20:10:21,0.00000413,1660.00000000
2018-02-23 20:10:21,0.00000413,62101.00000000
2018-02-23 20:10:23,0.00000413,3867.00000000
2018-02-23 20:10:27,0.00000412,57.00000000
2018-02-23 20:10:28,0.00000412,220.00000000
2018-02-23 20:10:33,0.00000412,5744.00000000
2018-02-23 20:10:33,0.00000413,35050.00000000
2018-02-23 20:10:34,0.00000413,4164.00000000
2018-02-23 20:10:37,0.00000413,24271.00000000
2018-02-23 20:10:37,0.00000413,1177.00000000
2018-02-23 20:10:42,0.00000413,4500.00000000
2018-02-23 20:10:43,0.00000413,31305.00000000
2018-02-23 20:10:46,0.00000413,9168.00000000
2018-02-23 20:10:46,0.00000412,5763.00000000
2018-02-23 20:10:47,0.00000413,12877.00000000
2018-02-23 20:10:47,0.00000412,5.00000000
2018-02-23 20:10:47,0.00000413,500.00000000
2018-02-23 20:10:49,0.00000413,18113.00000000
2018-02-23 20:10:50,0.00000413,122138.00000000
2018-02-23 20:10:51,0.00000412,880.00000000
2018-02-23 20:10:53,0.00000413,3316.00000000
2018-02-23 20:10:55,0.00000413,2408.00000000
2018-02-23 20:10:55,0.00000413,2500.00000000
2018-02-23 20:10:57,0.00000412,19970.00000000
2018-02-23 20:10:58,0.00000413,5.00000000
2018-02-23 20:10:59,0.00000413,6388.00000000
2018-02-23 20:11:03,0.00000413,5229.00000000
2018-02-23 20:11:05,0.00000413,948.00000000
2018-02-23 20:11:06,0.00000413,1.00000000
2018-02-23 20:11:06,0.00000413,4449.00000000
2018-02-23 20:11:07,0.00000413,2590.00000000
2018-02-23 20:11:09,0.00000413,654.00000000
2018-02-23 20:11:10,0.00000413,16.00000000
2018-02-23 20:11:12,0.00000413,7264.00000000
2018-02-23 20:11:12,0.00000413,239102.00000000
2018-02-23 20:11:16,0.00000413,3633.00000000
2018-02-23 20:11:17,0.00000413,25000.00000000
2018-02-23 20:11:17,0.00000412,53189.00000000
2018-02-23 20:11:18,0.00000413,7182.00000000
2018-02-23 20:11:18,0.00000413,5083.00000000
2018-02-23 20:11:22,0.00000413,43122.00000000
2018-02-23 20:11:23,0.00000412,3684.00000000
2018-02-23 20:11:23,0.00000413,14374.00000000
2018-02-23 20:11:24,0.00000413,24271.00000000
2018-02-23 20:11:24,0.00000413,18399.00000000
2018-02-23 20:11:24,0.00000413,10477.00000000
2018-02-23 20:11:24,0.00000413,10481.00000000
2018-02-23 20:11:26,0.00000413,580933.00000000
2018-02-23 20:11:26,0.00000412,164601.00000000
2018-02-23 20:11:28,0.00000413,500.00000000
2018-02-23 20:11:28,0.00000413,900087.00000000
2018-02-23 20:11:28,0.00000414,2.00000000
2018-02-23 20:11:28,0.00000414,987.00000000
2018-02-23 20:11:30,0.00000413,756.00000000
2018-02-23 20:11:30,0.00000413,2152.00000000
2018-02-23 20:11:30,0.00000413,502.00000000
2018-02-23 20:11:33,0.00000413,4854.00000000
2018-02-23 20:11:33,0.00000413,1614.00000000
2018-02-23 20:11:33,0.00000414,4146.00000000
2018-02-23 20:11:35,0.00000413,1211.00000000
2018-02-23 20:11:37,0.00000413,4520.00000000
2018-02-23 20:11:37,0.00000413,10770.00000000
2018-02-23 20:11:40,0.00000413,3000.00000000
2018-02-23 20:11:41,0.00000414,1029.00000000
2018-02-23 20:11:42,0.00000414,42602.00000000
2018-02-23 20:11:42,0.00000413,1089.00000000
2018-02-23 20:11:42,0.00000413,64000.00000000
2018-02-23 20:11:43,0.00000413,485.00000000
2018-02-23 20:11:44,0.00000414,100302.00000000
2018-02-23 20:11:45,0.00000414,256.00000000
2018-02-23 20:11:46,0.00000414,79085.00000000
2018-02-23 20:11:47,0.00000414,5991.00000000
2018-02-23 20:11:49,0.00000414,63.00000000
2018-02-23 20:11:50,0.00000413,32602.00000000
2018-02-23 20:11:50,0.00000414,59746.00000000
2018-02-23 20:11:50,0.00000414,39047.00000000
2018-02-23 20:11:51,0.00000414,22591.00000000
2018-02-23 20:11:51,0.00000414,16.00000000
2018-02-23 20:11:52,0.00000414,29641.00000000
2018-02-23 20:11:53,0.00000414,4.00000000
2018-02-23 20:11:53,0.00000414,91377.00000000
2018-02-23 20:11:53,0.00000414,217122.00000000
2018-02-23 20:11:54,0.00000413,3417.00000000
2018-02-23 20:11:54,0.00000414,19532.00000000
2018-02-23 20:11:55,0.00000414,6966.00000000
2018-02-23 20:11:56,0.00000414,1.00000000
2018-02-23 20:11:56,0.00000414,327.00000000
2018-02-23 20:11:56,0.00000413,814.00000000
2018-02-23 20:11:56,0.00000414,3226.00000000
2018-02-23 20:11:57,0.00000414,2.00000000
2018-02-23 20:11:58,0.00000414,81922.00000000
2018-02-23 20:11:58,0.00000414,8164.00000000
2018-02-23 20:11:58,0.00000414,7245.00000000
2018-02-23 20:11:59,0.00000414,350.00000000
2018-02-23 20:11:59,0.00000415,20.00000000
2018-02-23 20:11:59,0.00000414,7246.00000000
2018-02-23 20:11:59,0.00000414,49568.00000000
2018-02-23 20:11:59,0.00000414,7245.00000000
2018-02-23 20:11:59,0.00000414,6340.00000000
2018-02-23 20:11:59,0.00000414,6156.00000000
2018-02-23 20:12:00,0.00000414,3225.00000000
2018-02-23 20:12:05,0.00000415,3864.00000000
2018-02-23 20:12:06,0.00000414,1500.00000000
2018-02-23 20:12:11,0.00000414,3186.00000000
2018-02-23 20:12:11,0.00000415,14683.00000000
2018-02-23 20:12:12,0.00000415,24831.00000000
2018-02-23 20:12:14,0.00000414,72721.00000000
2018-02-23 20:12:14,0.00000414,7372.00000000
2018-02-23 20:12:15,0.00000415,173402.00000000
2018-02-23 20:12:15,0.00000414,77777.00000000
2018-02-23 20:12:16,0.00000415,360.00000000
2018-02-23 20:12:16,0.00000414,4355.00000000
2018-02-23 20:12:17,0.00000415,2976.00000000
2018-02-23 20:12:17,0.00000414,484.00000000
2018-02-23 20:12:20,0.00000415,2716.00000000
2018-02-23 20:12:20,0.00000415,19986.00000000
2018-02-23 20:12:20,0.00000415,4270.00000000
2018-02-23 20:12:22,0.00000415,1410.00000000
2018-02-23 20:12:25,0.00000415,5138.00000000
2018-02-23 20:12:26,0.00000415,147801.00000000
2018-02-23 20:12:27,0.00000415,400.00000000
2018-02-23 20:12:28,0.00000415,141543.00000000
2018-02-23 20:12:29,0.00000415,2965.00000000
2018-02-23 20:12:30,0.00000414,4123.00000000
2018-02-23 20:12:39,0.00000414,2794.00000000
2018-02-23 20:12:39,0.00000414,2416.00000000
2018-02-23 20:12:41,0.00000414,400.00000000
2018-02-23 20:12:46,0.00000414,628.00000000
2018-02-23 20:12:50,0.00000415,7944.00000000
2018-02-23 20:12:55,0.00000414,499.00000000
2018-02-23 20:12:57,0.00000415,94112.00000000
2018-02-23 20:12:58,0.00000414,640.00000000
2018-02-23 20:13:02,0.00000415,1463.00000000
2018-02-23 20:13:03,0.00000415,146753.00000000
2018-02-23 20:13:03,0.00000415,3577.00000000
2018-02-23 20:13:04,0.00000415,245.00000000
2018-02-23 20:13:04,0.00000415,6086.00000000
2018-02-23 20:13:06,0.00000415,26341.00000000
2018-02-23 20:13:09,0.00000415,200.00000000
2018-02-23 20:13:11,0.00000414,324.00000000
2018-02-23 20:13:14,0.00000415,33906.00000000
2018-02-23 20:13:15,0.00000415,2409.00000000
2018-02-23 20:13:16,0.00000415,33043.00000000
2018-02-23 20:13:18,0.00000415,465.00000000
2018-02-23 20:13:21,0.00000414,364.00000000
2018-02-23 20:13:22,0.00000415,495.00000000
2018-02-23 20:13:23,0.00000415,18612.00000000
2018-02-23 20:13:23,0.00000415,1061.00000000
2018-02-23 20:13:25,0.00000415,45508.00000000
2018-02-23 20:13:25,0.00000415,3241.00000000
2018-02-23 20:13:25,0.00000414,512.00000000
2018-02-23 20:13:30,0.00000415,17.00000000
2018-02-23 20:13:33,0.00000414,25.00000000
2018-02-23 20:13:36,0.00000414,8659.00000000
2018-02-23 20:13:39,0.00000414,100645.00000000
2018-02-23 20:13:47,0.00000415,813.00000000
2018-02-23 20:13:48,0.00000414,21.00000000
2018-02-23 20:13:49,0.00000415,2509.00000000
2018-02-23 20:13:49,0.00000415,2.00000000
2018-02-23 20:13:50,0.00000415,3264.00000000
2018-02-23 20:13:52,0.00000415,107845.00000000
2018-02-23 20:13:57,0.00000414,25.00000000
2018-02-23 20:14:05,0.00000415,5617.00000000
2018-02-23 20:14:06,0.00000415,121000.00000000
2018-02-23 20:14:06,0.00000414,10828.00000000
2018-02-23 20:14:06,0.00000415,1836.00000000
2018-02-23 20:14:07,0.00000414,750.00000000
2018-02-23 20:14:08,0.00000415,277.00000000
2018-02-23 20:14:10,0.00000415,69.00000000
2018-02-23 20:14:11,0.00000415,17.00000000
2018-02-23 20:14:11,0.00000415,61794.00000000
2018-02-23 20:14:12,0.00000415,22220.00000000
2018-02-23 20:14:12,0.00000415,4.00000000
2018-02-23 20:14:13,0.00000415,7765.00000000
2018-02-23 20:14:13,0.00000415,1.00000000
2018-02-23 20:14:14,0.00000415,1.00000000
2018-02-23 20:14:15,0.00000414,1500.00000000
2018-02-23 20:14:16,0.00000415,3122.00000000
2018-02-23 20:14:17,0.00000414,25.00000000
2018-02-23 20:14:20,0.00000414,1228.00000000
2018-02-23 20:14:22,0.00000414,7284.00000000
2018-02-23 20:14:25,0.00000414,48093.00000000
2018-02-23 20:14:27,0.00000415,12.00000000
2018-02-23 20:14:30,0.00000415,1377.00000000
2018-02-23 20:14:31,0.00000414,5442.00000000
2018-02-23 20:14:32,0.00000415,2686.00000000
2018-02-23 20:14:32,0.00000415,60270.00000000
2018-02-23 20:14:34,0.00000415,1.00000000
2018-02-23 20:14:36,0.00000414,200000.00000000
2018-02-23 20:14:36,0.00000415,46359.00000000
2018-02-23 20:14:37,0.00000415,109450.00000000
2018-02-23 20:14:37,0.00000415,64361.00000000
2018-02-23 20:14:38,0.00000415,12048.00000000
2018-02-23 20:14:39,0.00000415,2409.00000000
2018-02-23 20:14:40,0.00000415,3003.00000000
2018-02-23 20:14:40,0.00000415,5567.00000000
2018-02-23 20:14:42,0.00000415,29872.00000000
2018-02-23 20:14:43,0.00000414,19.00000000
2018-02-23 20:14:44,0.00000414,25.00000000
2018-02-23 20:14:44,0.00000415,6549.00000000
2018-02-23 20:14:47,0.00000415,16437.00000000
2018-02-23 20:14:48,0.00000414,9800.00000000
2018-02-23 20:14:48,0.00000415,2493.00000000
2018-02-23 20:14:50,0.00000414,500.00000000
2018-02-23 20:14:52,0.00000414,2906.00000000
2018-02-23 20:14:53,0.00000415,50000.00000000
2018-02-23 20:14:53,0.00000414,4500.00000000
2018-02-23 20:14:54,0.00000415,10172.00000000
2018-02-23 20:14:55,0.00000414,8400.00000000
2018-02-23 20:14:56,0.00000414,500.00000000
2018-02-23 20:14:57,0.00000415,172.00000000
2018-02-23 20:14:57,0.00000415,264902.00000000
2018-02-23 20:14:59,0.00000414,5000.00000000
2018-02-23 20:15:00,0.00000415,4411.00000000
2018-02-23 20:15:00,0.00000415,94657.00000000
2018-02-23 20:15:00,0.00000415,5720.00000000
2018-02-23 20:15:02,0.00000415,72289.00000000
2018-02-23 20:15:02,0.00000415,14599.00000000
2018-02-23 20:15:03,0.00000415,4898.00000000
2018-02-23 20:15:03,0.00000415,1139.00000000
2018-02-23 20:15:04,0.00000414,16553.00000000
2018-02-23 20:15:08,0.00000415,433254.00000000
2018-02-23 20:15:08,0.00000415,9464.00000000
2018-02-23 20:15:08,0.00000415,313.00000000
2018-02-23 20:15:09,0.00000414,500.00000000
2018-02-23 20:15:10,0.00000415,12200.00000000
2018-02-23 20:15:11,0.00000414,4500.00000000
2018-02-23 20:15:12,0.00000415,1053.00000000
2018-02-23 20:15:13,0.00000414,4500.00000000
2018-02-23 20:15:13,0.00000415,750.00000000
2018-02-23 20:15:14,0.00000414,7497.00000000
2018-02-23 20:15:16,0.00000415,384196.00000000
2018-02-23 20:15:17,0.00000414,500.00000000
2018-02-23 20:15:18,0.00000414,4500.00000000
2018-02-23 20:15:18,0.00000415,7534.00000000
2018-02-23 20:15:18,0.00000415,70344.00000000
2018-02-23 20:15:19,0.00000415,17656.00000000
2018-02-23 20:15:19,0.00000414,17948.00000000
2018-02-23 20:15:19,0.00000415,10864.00000000
2018-02-23 20:15:20,0.00000414,10530.00000000
2018-02-23 20:15:20,0.00000415,8220.00000000
2018-02-23 20:15:21,0.00000414,500.00000000
2018-02-23 20:15:21,0.00000415,16653.00000000
2018-02-23 20:15:24,0.00000415,4495.00000000
2018-02-23 20:15:24,0.00000414,19676.00000000
2018-02-23 20:15:24,0.00000414,1213.00000000
2018-02-23 20:15:26,0.00000415,43836.00000000
2018-02-23 20:15:26,0.00000414,500.00000000
2018-02-23 20:15:27,0.00000415,5387.00000000
2018-02-23 20:15:28,0.00000415,1850.00000000
2018-02-23 20:15:28,0.00000414,48309.00000000
2018-02-23 20:15:29,0.00000415,8879.00000000
2018-02-23 20:15:29,0.00000414,1101.00000000
2018-02-23 20:15:33,0.00000414,3086.00000000
2018-02-23 20:15:33,0.00000414,183589.00000000
2018-02-23 20:15:34,0.00000414,55.00000000
2018-02-23 20:15:35,0.00000415,75590.00000000
2018-02-23 20:15:37,0.00000414,2869.00000000
2018-02-23 20:15:40,0.00000415,41723.00000000
2018-02-23 20:15:41,0.00000415,2661.00000000
2018-02-23 20:15:41,0.00000415,2011.00000000
2018-02-23 20:15:41,0.00000415,6586.00000000
2018-02-23 20:15:41,0.00000415,5278.00000000
2018-02-23 20:15:41,0.00000415,2681.00000000
2018-02-23 20:15:41,0.00000415,5000.00000000
2018-02-23 20:15:41,0.00000415,9209.00000000
2018-02-23 20:15:41,0.00000415,3109.00000000
2018-02-23 20:15:41,0.00000415,3109.00000000
2018-02-23 20:15:41,0.00000415,69766.00000000
2018-02-23 20:15:41,0.00000415,2681.00000000
2018-02-23 20:15:41,0.00000415,7227.00000000
2018-02-23 20:15:41,0.00000415,2681.00000000
2018-02-23 20:15:41,0.00000415,7000.00000000
2018-02-23 20:15:42,0.00000415,1851.00000000
2018-02-23 20:15:43,0.00000415,24096.00000000
2018-02-23 20:15:43,0.00000415,5112.00000000
2018-02-23 20:15:44,0.00000415,2415.00000000
2018-02-23 20:15:44,0.00000415,2012.00000000
2018-02-23 20:15:45,0.00000415,2012.00000000
2018-02-23 20:15:45,0.00000415,7388.00000000
2018-02-23 20:15:45,0.00000415,2415.00000000
2018-02-23 20:15:46,0.00000415,7303.00000000
2018-02-23 20:15:46,0.00000415,7227.00000000
2018-02-23 20:15:49,0.00000416,6479.00000000
2018-02-23 20:15:50,0.00000416,12468.00000000
2018-02-23 20:15:51,0.00000415,2415.00000000
2018-02-23 20:15:52,0.00000415,13119.00000000
2018-02-23 20:15:52,0.00000416,977.00000000
2018-02-23 20:15:53,0.00000415,63354.00000000
2018-02-23 20:15:53,0.00000415,966.00000000
2018-02-23 20:15:53,0.00000415,2275.00000000
2018-02-23 20:15:53,0.00000415,7228.00000000
2018-02-23 20:15:55,0.00000415,40000.00000000
2018-02-23 20:15:55,0.00000416,39729.00000000
2018-02-23 20:15:57,0.00000416,22170.00000000
2018-02-23 20:15:57,0.00000416,6.00000000
2018-02-23 20:15:58,0.00000415,3220.00000000
2018-02-23 20:15:58,0.00000415,7227.00000000
2018-02-23 20:15:59,0.00000415,2616.00000000
2018-02-23 20:15:59,0.00000415,422.00000000
2018-02-23 20:15:59,0.00000415,7228.00000000
2018-02-23 20:15:59,0.00000415,7228.00000000
2018-02-23 20:15:59,0.00000415,7228.00000000
2018-02-23 20:15:59,0.00000416,412.00000000
2018-02-23 20:15:59,0.00000415,7228.00000000
2018-02-23 20:15:59,0.00000415,5625.00000000
2018-02-23 20:16:00,0.00000415,1176.00000000
2018-02-23 20:16:00,0.00000416,2415.00000000
2018-02-23 20:16:00,0.00000416,27026.00000000
2018-02-23 20:16:01,0.00000416,3948.00000000
2018-02-23 20:16:02,0.00000416,8922.00000000
2018-02-23 20:16:02,0.00000415,382.00000000
2018-02-23 20:16:02,0.00000416,2732.00000000
2018-02-23 20:16:03,0.00000415,154.00000000
2018-02-23 20:16:03,0.00000415,2357.00000000
2018-02-23 20:16:04,0.00000415,39584.00000000
2018-02-23 20:16:05,0.00000416,90.00000000
2018-02-23 20:16:06,0.00000415,17500.00000000
2018-02-23 20:16:06,0.00000416,100430.00000000
2018-02-23 20:16:11,0.00000415,12107.00000000
2018-02-23 20:16:11,0.00000416,461.00000000
2018-02-23 20:16:11,0.00000415,3253.00000000
2018-02-23 20:16:13,0.00000416,2099.00000000
2018-02-23 20:16:15,0.00000415,5000.00000000
2018-02-23 20:16:15,0.00000416,61609.00000000
2018-02-23 20:16:16,0.00000415,20470.00000000
2018-02-23 20:16:16,0.00000416,680.00000000
2018-02-23 20:16:16,0.00000416,6250.00000000
2018-02-23 20:16:17,0.00000415,11654.00000000
2018-02-23 20:16:17,0.00000416,71824.00000000
2018-02-23 20:16:22,0.00000415,47712.00000000
2018-02-23 20:16:25,0.00000416,2479.00000000
2018-02-23 20:16:25,0.00000416,7206.00000000
2018-02-23 20:16:26,0.00000416,4541.00000000
2018-02-23 20:16:26,0.00000416,4541.00000000
2018-02-23 20:16:26,0.00000415,4541.00000000
2018-02-23 20:16:29,0.00000416,2559.00000000
2018-02-23 20:16:29,0.00000416,10000.00000000
2018-02-23 20:16:30,0.00000416,7568.00000000
2018-02-23 20:16:32,0.00000416,2487.00000000
2018-02-23 20:16:33,0.00000416,24352.00000000
2018-02-23 20:16:34,0.00000416,9993.00000000
2018-02-23 20:16:36,0.00000416,1570.00000000
2018-02-23 20:16:38,0.00000415,47713.00000000
2018-02-23 20:16:47,0.00000416,2000.00000000
2018-02-23 20:16:49,0.00000415,500.00000000
2018-02-23 20:16:50,0.00000415,20000.00000000
2018-02-23 20:16:52,0.00000416,3061.00000000
2018-02-23 20:16:53,0.00000416,10.00000000
2018-02-23 20:16:54,0.00000416,5606.00000000
2018-02-23 20:16:57,0.00000416,188405.00000000
2018-02-23 20:17:00,0.00000415,63030.00000000
2018-02-23 20:17:01,0.00000416,58524.00000000
2018-02-23 20:17:02,0.00000416,4844.00000000
2018-02-23 20:17:02,0.00000415,456.00000000
2018-02-23 20:17:08,0.00000416,2400.00000000
2018-02-23 20:17:10,0.00000415,10432.00000000
2018-02-23 20:17:10,0.00000416,2656.00000000
2018-02-23 20:17:11,0.00000416,8153.00000000
2018-02-23 20:17:12,0.00000416,2399.00000000
2018-02-23 20:17:13,0.00000416,1790.00000000
2018-02-23 20:17:13,0.00000415,1790.00000000
2018-02-23 20:17:13,0.00000416,7206.00000000
2018-02-23 20:17:13,0.00000416,7205.00000000
2018-02-23 20:17:13,0.00000416,2984.00000000
2018-02-23 20:17:14,0.00000415,2984.00000000
2018-02-23 20:17:14,0.00000416,276.00000000
2018-02-23 20:17:14,0.00000415,7205.00000000
2018-02-23 20:17:14,0.00000416,2661.00000000
2018-02-23 20:17:15,0.00000416,49058.00000000
2018-02-23 20:17:16,0.00000416,984.00000000
2018-02-23 20:17:16,0.00000416,1043.00000000
2018-02-23 20:17:16,0.00000416,26251.00000000
2018-02-23 20:17:17,0.00000416,10257.00000000
2018-02-23 20:17:17,0.00000416,7205.00000000
2018-02-23 20:17:17,0.00000416,2400.00000000
2018-02-23 20:17:17,0.00000415,7205.00000000
2018-02-23 20:17:18,0.00000416,1926.00000000
2018-02-23 20:17:19,0.00000416,4805.00000000
2018-02-23 20:17:19,0.00000416,3107.00000000
2018-02-23 20:17:20,0.00000416,3108.00000000
2018-02-23 20:17:20,0.00000415,3108.00000000
2018-02-23 20:17:21,0.00000416,855.00000000
2018-02-23 20:17:21,0.00000415,3281.00000000
2018-02-23 20:17:22,0.00000416,14897.00000000
2018-02-23 20:17:22,0.00000416,223.00000000
2018-02-23 20:17:24,0.00000416,2026.00000000
2018-02-23 20:17:24,0.00000415,329.00000000
2018-02-23 20:17:24,0.00000416,10210.00000000
2018-02-23 20:17:26,0.00000416,2009.00000000
2018-02-23 20:17:26,0.00000416,17500.00000000
2018-02-23 20:17:27,0.00000416,43781.00000000
2018-02-23 20:17:29,0.00000416,6649.00000000
2018-02-23 20:17:30,0.00000416,7206.00000000
2018-02-23 20:17:30,0.00000416,7205.00000000
2018-02-23 20:17:30,0.00000416,7206.00000000
2018-02-23 20:17:30,0.00000416,1022.00000000
2018-02-23 20:17:31,0.00000416,36884.00000000
2018-02-23 20:17:31,0.00000416,3971.00000000
2018-02-23 20:17:31,0.00000416,11507.00000000
2018-02-23 20:17:32,0.00000416,3590.00000000
2018-02-23 20:17:33,0.00000416,381.00000000
2018-02-23 20:17:33,0.00000416,36964.00000000
2018-02-23 20:17:33,0.00000416,696.00000000
2018-02-23 20:17:33,0.00000416,696.00000000
2018-02-23 20:17:33,0.00000416,6513.00000000
2018-02-23 20:17:34,0.00000416,962.00000000
2018-02-23 20:17:35,0.00000416,245.00000000
2018-02-23 20:17:38,0.00000415,2785.00000000
2018-02-23 20:17:39,0.00000416,942.00000000
2018-02-23 20:17:40,0.00000416,11488.00000000
2018-02-23 20:17:40,0.00000416,1690.00000000
2018-02-23 20:17:40,0.00000416,1689.00000000
2018-02-23 20:17:40,0.00000416,1690.00000000
2018-02-23 20:17:40,0.00000416,2403.00000000
2018-02-23 20:17:41,0.00000416,1690.00000000
2018-02-23 20:17:41,0.00000415,1689.00000000
2018-02-23 20:17:42,0.00000416,75020.00000000
2018-02-23 20:17:43,0.00000416,2403.00000000
2018-02-23 20:17:43,0.00000415,28885.00000000
2018-02-23 20:17:43,0.00000416,10000.00000000
2018-02-23 20:17:44,0.00000415,18868.00000000
2018-02-23 20:17:45,0.00000416,3615.00000000
2018-02-23 20:17:46,0.00000416,14191.00000000
2018-02-23 20:17:47,0.00000416,2403.00000000
2018-02-23 20:17:47,0.00000416,7973.00000000
2018-02-23 20:17:48,0.00000416,5522.00000000
2018-02-23 20:17:49,0.00000416,8691.00000000
2018-02-23 20:17:52,0.00000415,2500.00000000
2018-02-23 20:17:55,0.00000416,5694.00000000
2018-02-23 20:17:56,0.00000416,3455.00000000
2018-02-23 20:17:58,0.00000416,1151.00000000
2018-02-23 20:17:58,0.00000415,4843.00000000
2018-02-23 20:18:02,0.00000415,8110.00000000
2018-02-23 20:18:09,0.00000415,1014.00000000
2018-02-23 20:18:09,0.00000416,10000.00000000
2018-02-23 20:18:09,0.00000416,929.00000000
2018-02-23 20:18:11,0.00000416,3258.00000000
2018-02-23 20:18:13,0.00000416,240951.00000000
2018-02-23 20:18:18,0.00000416,22762.00000000
2018-02-23 20:18:20,0.00000415,143967.00000000
2018-02-23 20:18:21,0.00000416,79802.00000000
2018-02-23 20:18:22,0.00000416,47092.00000000
2018-02-23 20:18:24,0.00000416,4621.00000000
2018-02-23 20:18:28,0.00000416,1393.00000000
2018-02-23 20:18:29,0.00000416,57050.00000000
2018-02-23 20:18:29,0.00000416,20048.00000000
2018-02-23 20:18:30,0.00000416,1611.00000000
2018-02-23 20:18:34,0.00000416,13529.00000000
2018-02-23 20:18:36,0.00000416,20481.00000000
2018-02-23 20:18:36,0.00000416,22762.00000000
2018-02-23 20:18:38,0.00000416,236317.00000000
2018-02-23 20:18:38,0.00000416,250.00000000
2018-02-23 20:18:39,0.00000416,5000.00000000
2018-02-23 20:18:41,0.00000416,2403.00000000
2018-02-23 20:18:42,0.00000416,1763.00000000
2018-02-23 20:18:44,0.00000416,531.00000000
2018-02-23 20:18:49,0.00000416,2514.00000000
2018-02-23 20:18:50,0.00000417,31142.00000000
2018-02-23 20:18:50,0.00000416,2314.00000000
2018-02-23 20:18:50,0.00000415,35134.00000000
2018-02-23 20:18:50,0.00000415,4279.00000000
2018-02-23 20:18:51,0.00000416,2393.00000000
2018-02-23 20:18:51,0.00000416,2400.00000000
2018-02-23 20:18:52,0.00000416,279.00000000
2018-02-23 20:18:52,0.00000416,3321.00000000
2018-02-23 20:18:52,0.00000417,26679.00000000
2018-02-23 20:18:54,0.00000416,4857.00000000
2018-02-23 20:18:54,0.00000416,6137.00000000
2018-02-23 20:18:54,0.00000417,622060.00000000
2018-02-23 20:18:54,0.00000415,292.00000000
2018-02-23 20:18:55,0.00000416,7821.00000000
2018-02-23 20:18:56,0.00000416,20.00000000
2018-02-23 20:18:56,0.00000415,11444.00000000
2018-02-23 20:18:57,0.00000415,754.00000000
2018-02-23 20:18:57,0.00000416,32867.00000000
2018-02-23 20:18:59,0.00000416,4117.00000000
2018-02-23 20:19:02,0.00000416,21035.00000000
2018-02-23 20:19:03,0.00000416,456.00000000
2018-02-23 20:19:04,0.00000416,16601.00000000
2018-02-23 20:19:05,0.00000415,10000.00000000
2018-02-23 20:19:05,0.00000416,2403.00000000
2018-02-23 20:19:07,0.00000415,7.00000000
2018-02-23 20:19:09,0.00000416,34348.00000000
2018-02-23 20:19:11,0.00000415,1527.00000000
2018-02-23 20:19:12,0.00000415,7.00000000
2018-02-23 20:19:19,0.00000415,2296.00000000
2018-02-23 20:19:21,0.00000415,22974.00000000
2018-02-23 20:19:22,0.00000416,37.00000000
2018-02-23 20:19:24,0.00000416,143.00000000
2018-02-23 20:19:29,0.00000416,19919.00000000
2018-02-23 20:19:32,0.00000416,1.00000000
2018-02-23 20:19:33,0.00000416,2403.00000000
2018-02-23 20:19:34,0.00000415,5000.00000000
2018-02-23 20:19:36,0.00000416,45000.00000000
2018-02-23 20:19:36,0.00000416,6071.00000000
2018-02-23 20:19:37,0.00000416,2000.00000000
2018-02-23 20:19:37,0.00000415,242.00000000
2018-02-23 20:19:38,0.00000415,1699.00000000
2018-02-23 20:19:38,0.00000416,256.00000000
2018-02-23 20:19:39,0.00000416,20233.00000000
2018-02-23 20:19:40,0.00000416,23079.00000000
2018-02-23 20:19:43,0.00000415,170.00000000
2018-02-23 20:19:51,0.00000416,918.00000000
2018-02-23 20:19:55,0.00000416,1840.00000000
2018-02-23 20:19:57,0.00000415,901.00000000
2018-02-23 20:19:58,0.00000416,25034.00000000
2018-02-23 20:20:00,0.00000416,2147.00000000
2018-02-23 20:20:01,0.00000416,109092.00000000
2018-02-23 20:20:03,0.00000416,6837.00000000
2018-02-23 20:20:08,0.00000416,446.00000000
2018-02-23 20:20:10,0.00000415,6090.00000000
2018-02-23 20:20:14,0.00000416,15431.00000000
2018-02-23 20:20:16,0.00000415,500.00000000
2018-02-23 20:20:17,0.00000416,90000.00000000
2018-02-23 20:20:18,0.00000416,113695.00000000
2018-02-23 20:20:19,0.00000416,8464.00000000
2018-02-23 20:20:21,0.00000416,3261.00000000
2018-02-23 20:20:21,0.00000416,4947.00000000
2018-02-23 20:20:22,0.00000416,736.00000000
2018-02-23 20:20:25,0.00000416,423.00000000
2018-02-23 20:20:28,0.00000415,49080.00000000
2018-02-23 20:20:31,0.00000416,20425.00000000
2018-02-23 20:20:32,0.00000415,16548.00000000
2018-02-23 20:20:41,0.00000416,640.00000000
2018-02-23 20:20:41,0.00000415,6130.00000000
2018-02-23 20:20:44,0.00000415,1000.00000000
2018-02-23 20:20:44,0.00000416,501.00000000
2018-02-23 20:20:47,0.00000416,4.00000000
2018-02-23 20:20:48,0.00000416,3118.00000000
2018-02-23 20:20:57,0.00000416,6875.00000000
2018-02-23 20:20:57,0.00000415,62073.00000000
2018-02-23 20:21:00,0.00000415,390.00000000
2018-02-23 20:21:01,0.00000416,14585.00000000
2018-02-23 20:21:02,0.00000416,71572.00000000
2018-02-23 20:21:09,0.00000416,17436.00000000
2018-02-23 20:21:11,0.00000416,4919.00000000
2018-02-23 20:21:12,0.00000416,19076.00000000
2018-02-23 20:21:13,0.00000415,2041.00000000
2018-02-23 20:21:14,0.00000416,2430.00000000
2018-02-23 20:21:15,0.00000415,14.00000000
2018-02-23 20:21:15,0.00000415,1064.00000000
2018-02-23 20:21:17,0.00000416,1000.00000000
2018-02-23 20:21:20,0.00000415,607.00000000
2018-02-23 20:21:22,0.00000415,6913.00000000
2018-02-23 20:21:23,0.00000415,455.00000000
2018-02-23 20:21:29,0.00000415,22966.00000000
2018-02-23 20:21:30,0.00000415,9491.00000000
2018-02-23 20:21:33,0.00000415,7228.00000000
2018-02-23 20:21:36,0.00000415,12077.00000000
2018-02-23 20:21:38,0.00000416,7375.00000000
2018-02-23 20:21:39,0.00000416,120192.00000000
2018-02-23 20:21:41,0.00000415,14995.00000000
2018-02-23 20:21:42,0.00000415,513.00000000
2018-02-23 20:21:42,0.00000416,10878.00000000
2018-02-23 20:21:46,0.00000415,58986.00000000
2018-02-23 20:21:55,0.00000415,2999.00000000
2018-02-23 20:21:55,0.00000415,5300.00000000
2018-02-23 20:21:57,0.00000415,2501.00000000
2018-02-23 20:21:58,0.00000415,274.00000000
2018-02-23 20:22:01,0.00000415,256.00000000
2018-02-23 20:22:04,0.00000416,159000.00000000
2018-02-23 20:22:06,0.00000416,41983.00000000
2018-02-23 20:22:08,0.00000415,2500.00000000
2018-02-23 20:22:10,0.00000416,9625.00000000
2018-02-23 20:22:13,0.00000416,608.00000000
2018-02-23 20:22:13,0.00000415,93240.00000000
2018-02-23 20:22:15,0.00000415,11461.00000000
2018-02-23 20:22:15,0.00000415,2997.00000000
2018-02-23 20:22:15,0.00000416,5401.00000000
2018-02-23 20:22:16,0.00000416,5600.00000000
2018-02-23 20:22:20,0.00000416,243.00000000
2018-02-23 20:22:20,0.00000416,243.00000000
2018-02-23 20:22:21,0.00000416,17368.00000000
2018-02-23 20:22:22,0.00000416,457.00000000
2018-02-23 20:22:23,0.00000415,60134.00000000
2018-02-23 20:22:27,0.00000416,2.00000000
2018-02-23 20:22:28,0.00000416,632.00000000
2018-02-23 20:22:29,0.00000416,258.00000000
2018-02-23 20:22:30,0.00000416,250.00000000
2018-02-23 20:22:31,0.00000416,600000.00000000
2018-02-23 20:22:33,0.00000416,1824.00000000
2018-02-23 20:22:36,0.00000416,1500.00000000
2018-02-23 20:22:38,0.00000415,18915.00000000
2018-02-23 20:22:41,0.00000416,2431.00000000
2018-02-23 20:22:41,0.00000415,7656.00000000
2018-02-23 20:22:43,0.00000416,12651.00000000
2018-02-23 20:22:47,0.00000416,283.00000000
2018-02-23 20:22:50,0.00000416,239.00000000
2018-02-23 20:22:50,0.00000416,20000.00000000
2018-02-23 20:22:52,0.00000416,24178.00000000
2018-02-23 20:22:53,0.00000415,17633.00000000
2018-02-23 20:22:54,0.00000416,1000.00000000
2018-02-23 20:23:00,0.00000416,1209.00000000
2018-02-23 20:23:01,0.00000416,269.00000000
2018-02-23 20:23:01,0.00000415,2711.00000000
2018-02-23 20:23:02,0.00000415,3859.00000000
2018-02-23 20:23:04,0.00000415,19159.00000000
2018-02-23 20:23:04,0.00000416,3000.00000000
2018-02-23 20:23:05,0.00000416,500.00000000
2018-02-23 20:23:07,0.00000416,100.00000000
2018-02-23 20:23:08,0.00000416,90196.00000000
2018-02-23 20:23:10,0.00000416,200.00000000
2018-02-23 20:23:10,0.00000415,29501.00000000
2018-02-23 20:23:12,0.00000416,200.00000000
2018-02-23 20:23:13,0.00000415,83909.00000000
2018-02-23 20:23:14,0.00000416,34285.00000000
2018-02-23 20:23:14,0.00000415,12247.00000000
2018-02-23 20:23:16,0.00000416,1027.00000000
2018-02-23 20:23:17,0.00000415,1205.00000000
2018-02-23 20:23:21,0.00000415,24096.00000000
2018-02-23 20:23:23,0.00000416,1736.00000000
2018-02-23 20:23:24,0.00000415,34347.00000000
2018-02-23 20:23:24,0.00000415,2147.00000000
2018-02-23 20:23:25,0.00000415,8209.00000000
2018-02-23 20:23:31,0.00000415,300.00000000
2018-02-23 20:23:31,0.00000415,35424.00000000
2018-02-23 20:23:37,0.00000415,17884.00000000
2018-02-23 20:23:38,0.00000416,613.00000000
2018-02-23 20:23:38,0.00000415,5252.00000000
2018-02-23 20:23:38,0.00000415,4080.00000000
2018-02-23 20:23:41,0.00000415,616.00000000
2018-02-23 20:23:46,0.00000415,8080.00000000
2018-02-23 20:23:46,0.00000415,1271.00000000
2018-02-23 20:23:47,0.00000415,495.00000000
2018-02-23 20:23:48,0.00000415,401.00000000
2018-02-23 20:23:48,0.00000415,1000.00000000
2018-02-23 20:23:48,0.00000415,871.00000000
2018-02-23 20:23:50,0.00000415,997.00000000
2018-02-23 20:23:53,0.00000415,536.00000000
2018-02-23 20:23:53,0.00000415,20388.00000000
2018-02-23 20:23:57,0.00000415,5346.00000000
2018-02-23 20:23:58,0.00000416,4659.00000000
2018-02-23 20:23:59,0.00000415,13525.00000000
2018-02-23 20:24:01,0.00000415,299.00000000
2018-02-23 20:24:02,0.00000415,145457.00000000
2018-02-23 20:24:07,0.00000416,244.00000000
2018-02-23 20:24:12,0.00000416,350.00000000
2018-02-23 20:24:14,0.00000416,2036.00000000
2018-02-23 20:24:17,0.00000416,37202.00000000
2018-02-23 20:24:18,0.00000415,500.00000000
2018-02-23 20:24:21,0.00000415,1107.00000000
2018-02-23 20:24:26,0.00000415,9915.00000000
2018-02-23 20:24:26,0.00000415,10377.00000000
2018-02-23 20:24:31,0.00000415,6547.00000000
2018-02-23 20:24:35,0.00000416,779.00000000
2018-02-23 20:24:42,0.00000415,65815.00000000
2018-02-23 20:24:43,0.00000416,1500.00000000
2018-02-23 20:24:43,0.00000416,33929.00000000
2018-02-23 20:24:43,0.00000415,49163.00000000
2018-02-23 20:24:43,0.00000416,2092.00000000
2018-02-23 20:24:49,0.00000416,674.00000000
2018-02-23 20:24:53,0.00000416,995.00000000
2018-02-23 20:24:57,0.00000416,19493.00000000
2018-02-23 20:24:58,0.00000416,149835.00000000
2018-02-23 20:24:58,0.00000415,429.00000000
2018-02-23 20:25:01,0.00000416,16726.00000000
2018-02-23 20:25:04,0.00000415,66225.00000000
2018-02-23 20:25:04,0.00000416,200.00000000
2018-02-23 20:25:06,0.00000416,100.00000000
2018-02-23 20:25:07,0.00000415,16000.00000000
2018-02-23 20:25:08,0.00000416,6123.00000000
2018-02-23 20:25:09,0.00000415,8968.00000000
2018-02-23 20:25:10,0.00000415,2287.00000000
2018-02-23 20:25:11,0.00000416,100.00000000
2018-02-23 20:25:13,0.00000415,12614.00000000
2018-02-23 20:25:14,0.00000416,20.00000000
2018-02-23 20:25:17,0.00000416,20.00000000
2018-02-23 20:25:19,0.00000415,1840.00000000
2018-02-23 20:25:19,0.00000416,721.00000000
2018-02-23 20:25:20,0.00000416,1.00000000
2018-02-23 20:25:20,0.00000415,20000.00000000
2018-02-23 20:25:24,0.00000415,280662.00000000
2018-02-23 20:25:25,0.00000415,40328.00000000
2018-02-23 20:25:29,0.00000415,5000.00000000
2018-02-23 20:25:34,0.00000415,33085.00000000
2018-02-23 20:25:35,0.00000415,1131.00000000
2018-02-23 20:25:42,0.00000415,381.00000000
2018-02-23 20:25:43,0.00000415,27075.00000000
2018-02-23 20:25:43,0.00000415,10074.00000000
2018-02-23 20:25:43,0.00000415,29991.00000000
2018-02-23 20:25:44,0.00000415,7267.00000000
2018-02-23 20:25:44,0.00000415,100272.00000000
2018-02-23 20:25:44,0.00000415,9470.00000000
2018-02-23 20:25:45,0.00000415,61350.00000000
2018-02-23 20:25:46,0.00000415,42614.00000000
2018-02-23 20:25:49,0.00000415,918.00000000
2018-02-23 20:25:50,0.00000415,7084.00000000
2018-02-23 20:25:50,0.00000416,2060.00000000
2018-02-23 20:25:51,0.00000415,2667.00000000
2018-02-23 20:25:53,0.00000416,5.00000000
2018-02-23 20:25:55,0.00000415,2500.00000000
2018-02-23 20:25:55,0.00000415,8795.00000000
2018-02-23 20:25:56,0.00000415,433125.00000000
2018-02-23 20:25:56,0.00000415,10861.00000000
2018-02-23 20:25:56,0.00000415,15867.00000000
2018-02-23 20:25:56,0.00000414,82292.00000000
2018-02-23 20:25:57,0.00000415,486.00000000
2018-02-23 20:25:57,0.00000415,1292.00000000
2018-02-23 20:25:58,0.00000415,7334.00000000
2018-02-23 20:25:58,0.00000415,888.00000000
2018-02-23 20:25:59,0.00000415,1510.00000000
2018-02-23 20:26:03,0.00000415,5419.00000000
2018-02-23 20:26:08,0.00000415,17219.00000000
2018-02-23 20:26:08,0.00000415,2045.00000000
2018-02-23 20:26:09,0.00000415,28898.00000000
2018-02-23 20:26:09,0.00000415,8379.00000000
2018-02-23 20:26:09,0.00000415,2400.00000000
2018-02-23 20:26:09,0.00000414,16648.00000000
2018-02-23 20:26:10,0.00000415,2475.00000000
2018-02-23 20:26:11,0.00000415,7358.00000000
2018-02-23 20:26:11,0.00000415,48932.00000000
2018-02-23 20:26:13,0.00000415,2500.00000000
2018-02-23 20:26:13,0.00000415,2449.00000000
2018-02-23 20:26:15,0.00000415,402.00000000
2018-02-23 20:26:15,0.00000415,402.00000000
2018-02-23 20:26:18,0.00000415,1460.00000000
2018-02-23 20:26:24,0.00000414,499.00000000
2018-02-23 20:26:25,0.00000414,6453.00000000
2018-02-23 20:26:27,0.00000414,11826.00000000
2018-02-23 20:26:30,0.00000415,516.00000000
2018-02-23 20:26:32,0.00000415,16602.00000000
2018-02-23 20:26:32,0.00000414,6249.00000000
2018-02-23 20:26:33,0.00000414,7544.00000000
2018-02-23 20:26:38,0.00000414,10000.00000000
2018-02-23 20:26:40,0.00000414,1918.00000000
2018-02-23 20:26:44,0.00000415,14260.00000000
2018-02-23 20:26:48,0.00000414,864.00000000
2018-02-23 20:26:50,0.00000414,994.00000000
2018-02-23 20:26:51,0.00000414,50000.00000000
2018-02-23 20:26:52,0.00000414,15000.00000000
2018-02-23 20:26:52,0.00000414,8706.00000000
2018-02-23 20:26:52,0.00000414,909.00000000
2018-02-23 20:26:52,0.00000414,6782.00000000
2018-02-23 20:26:55,0.00000414,5000.00000000
2018-02-23 20:26:56,0.00000414,2720.00000000
2018-02-23 20:26:57,0.00000414,354.00000000
2018-02-23 20:26:57,0.00000414,16419.00000000
2018-02-23 20:26:57,0.00000414,5530.00000000
2018-02-23 20:26:57,0.00000415,15029.00000000
2018-02-23 20:26:59,0.00000414,562.00000000
2018-02-23 20:27:00,0.00000415,805.00000000
2018-02-23 20:27:03,0.00000414,72289.00000000
2018-02-23 20:27:03,0.00000415,800.00000000
2018-02-23 20:27:03,0.00000415,5780.00000000
2018-02-23 20:27:04,0.00000415,3262.00000000
2018-02-23 20:27:04,0.00000414,3130.00000000
2018-02-23 20:27:04,0.00000415,59.00000000
2018-02-23 20:27:10,0.00000415,2074.00000000
2018-02-23 20:27:11,0.00000415,24154.00000000
2018-02-23 20:27:11,0.00000415,93216.00000000
2018-02-23 20:27:12,0.00000414,15000.00000000
2018-02-23 20:27:12,0.00000414,5931.00000000
2018-02-23 20:27:13,0.00000415,4793.00000000
2018-02-23 20:27:16,0.00000415,5000.00000000
2018-02-23 20:27:16,0.00000415,5680.00000000
2018-02-23 20:27:17,0.00000415,1349.00000000
2018-02-23 20:27:17,0.00000415,4791.00000000
2018-02-23 20:27:24,0.00000414,81313.00000000
2018-02-23 20:27:24,0.00000414,4152.00000000
2018-02-23 20:27:26,0.00000415,22.00000000
2018-02-23 20:27:26,0.00000415,24154.00000000
2018-02-23 20:27:26,0.00000415,35963.00000000
2018-02-23 20:27:26,0.00000414,64276.00000000
2018-02-23 20:27:30,0.00000414,201286.00000000
2018-02-23 20:27:31,0.00000415,14.00000000
2018-02-23 20:27:32,0.00000414,6964.00000000
2018-02-23 20:27:33,0.00000415,306.00000000
2018-02-23 20:27:38,0.00000415,460.00000000
2018-02-23 20:27:42,0.00000415,700.00000000
2018-02-23 20:27:44,0.00000414,2500.00000000
2018-02-23 20:27:44,0.00000414,28608.00000000
2018-02-23 20:27:44,0.00000414,94629.00000000
2018-02-23 20:27:44,0.00000414,8163.00000000
2018-02-23 20:27:45,0.00000414,383.00000000
2018-02-23 20:27:46,0.00000414,1367.00000000
2018-02-23 20:27:48,0.00000414,1929.00000000
2018-02-23 20:27:51,0.00000414,667551.00000000
2018-02-23 20:27:51,0.00000413,777792.00000000
2018-02-23 20:27:51,0.00000414,1000.00000000
2018-02-23 20:27:51,0.00000414,6252.00000000
2018-02-23 20:27:52,0.00000414,2481.00000000
2018-02-23 20:27:52,0.00000414,2481.00000000
2018-02-23 20:27:52,0.00000414,2415.00000000
2018-02-23 20:27:52,0.00000414,14561.00000000
2018-02-23 20:27:52,0.00000414,1552.00000000
2018-02-23 20:27:52,0.00000414,2481.00000000
2018-02-23 20:27:52,0.00000414,14564.00000000
2018-02-23 20:27:52,0.00000414,7240.00000000
2018-02-23 20:27:52,0.00000414,7369.00000000
2018-02-23 20:27:52,0.00000414,795.00000000
2018-02-23 20:27:52,0.00000414,100327.00000000
2018-02-23 20:27:52,0.00000414,7240.00000000
2018-02-23 20:27:52,0.00000414,19078.00000000
2018-02-23 20:27:52,0.00000414,968.00000000
2018-02-23 20:27:52,0.00000413,1999.00000000
2018-02-23 20:27:52,0.00000414,1550.00000000
2018-02-23 20:27:52,0.00000414,5140.00000000
2018-02-23 20:27:52,0.00000414,7242.00000000
2018-02-23 20:27:52,0.00000414,17525.00000000
2018-02-23 20:27:52,0.00000413,7242.00000000
2018-02-23 20:27:52,0.00000414,2481.00000000
2018-02-23 20:27:52,0.00000414,14120.00000000
2018-02-23 20:27:53,0.00000414,2415.00000000
2018-02-23 20:27:53,0.00000414,403.00000000
2018-02-23 20:27:53,0.00000413,14561.00000000
2018-02-23 20:27:53,0.00000414,2508.00000000
2018-02-23 20:27:53,0.00000414,36984.00000000
2018-02-23 20:27:54,0.00000413,60297.00000000
2018-02-23 20:27:54,0.00000413,3000.00000000
2018-02-23 20:27:54,0.00000414,2415.00000000
2018-02-23 20:27:56,0.00000414,1617.00000000
2018-02-23 20:27:56,0.00000414,2415.00000000
2018-02-23 20:27:57,0.00000414,9656.00000000
2018-02-23 20:28:02,0.00000414,6029.00000000
2018-02-23 20:28:03,0.00000413,41398.00000000
2018-02-23 20:28:07,0.00000414,43723.00000000
2018-02-23 20:28:08,0.00000414,1.00000000
2018-02-23 20:28:11,0.00000413,524.00000000
2018-02-23 20:28:11,0.00000413,5988.00000000
2018-02-23 20:28:12,0.00000414,93154.00000000
2018-02-23 20:28:13,0.00000414,731.00000000
2018-02-23 20:28:14,0.00000413,2994.00000000
2018-02-23 20:28:17,0.00000413,2995.00000000
2018-02-23 20:28:18,0.00000413,555.00000000
2018-02-23 20:28:18,0.00000413,1350.00000000
2018-02-23 20:28:18,0.00000413,49043.00000000
2018-02-23 20:28:19,0.00000413,46348.00000000
2018-02-23 20:28:20,0.00000414,501.00000000
2018-02-23 20:28:22,0.00000414,6255.00000000
2018-02-23 20:28:25,0.00000413,1563.00000000
2018-02-23 20:28:27,0.00000413,60192.00000000
2018-02-23 20:28:27,0.00000414,9383.00000000
2018-02-23 20:28:28,0.00000413,2345.00000000
2018-02-23 20:28:28,0.00000413,1543.00000000
2018-02-23 20:28:28,0.00000413,36.00000000
2018-02-23 20:28:33,0.00000414,5319.00000000
2018-02-23 20:28:36,0.00000413,500.00000000
2018-02-23 20:28:38,0.00000414,361.00000000
2018-02-23 20:28:41,0.00000413,47092.00000000
2018-02-23 20:28:44,0.00000414,2391.00000000
2018-02-23 20:28:46,0.00000413,9328.00000000
2018-02-23 20:28:46,0.00000413,1630.00000000
2018-02-23 20:28:48,0.00000414,51852.00000000
2018-02-23 20:28:55,0.00000414,999.00000000
2018-02-23 20:28:56,0.00000413,3000.00000000
2018-02-23 20:28:57,0.00000414,4477.00000000
2018-02-23 20:29:02,0.00000414,9521.00000000
2018-02-23 20:29:03,0.00000413,289.00000000
2018-02-23 20:29:10,0.00000413,701.00000000
2018-02-23 20:29:11,0.00000413,33033.00000000
2018-02-23 20:29:13,0.00000413,4000.00000000
2018-02-23 20:29:18,0.00000413,4066.00000000
2018-02-23 20:29:21,0.00000413,20000.00000000
2018-02-23 20:29:21,0.00000413,755.00000000
2018-02-23 20:29:24,0.00000413,126086.00000000
2018-02-23 20:29:25,0.00000414,3080.00000000
2018-02-23 20:29:29,0.00000413,37904.00000000
2018-02-23 20:29:31,0.00000413,6190.00000000
2018-02-23 20:29:31,0.00000413,2422.00000000
2018-02-23 20:29:31,0.00000413,3082.00000000
2018-02-23 20:29:32,0.00000413,1133.00000000
2018-02-23 20:29:33,0.00000413,2352.00000000
2018-02-23 20:29:35,0.00000413,23278.00000000
2018-02-23 20:29:38,0.00000413,2550.00000000
2018-02-23 20:29:40,0.00000413,6.00000000
2018-02-23 20:29:40,0.00000414,4520.00000000
2018-02-23 20:29:41,0.00000413,9116.00000000
2018-02-23 20:29:41,0.00000413,275.00000000
2018-02-23 20:29:43,0.00000414,1352.00000000
2018-02-23 20:29:45,0.00000413,18800.00000000
2018-02-23 20:29:47,0.00000413,16596.00000000
2018-02-23 20:29:51,0.00000413,63044.00000000
2018-02-23 20:29:52,0.00000413,1000.00000000
2018-02-23 20:29:52,0.00000413,275163.00000000
2018-02-23 20:29:54,0.00000413,16801.00000000
2018-02-23 20:29:54,0.00000412,497.00000000
2018-02-23 20:29:54,0.00000412,7356.00000000
2018-02-23 20:29:54,0.00000412,749.00000000
2018-02-23 20:29:55,0.00000413,18486.00000000
2018-02-23 20:29:56,0.00000413,45647.00000000
2018-02-23 20:30:05,0.00000413,879.00000000
2018-02-23 20:30:06,0.00000413,13317.00000000
2018-02-23 20:30:06,0.00000412,2680.00000000
2018-02-23 20:30:07,0.00000413,879.00000000
2018-02-23 20:30:08,0.00000413,37295.00000000
2018-02-23 20:30:10,0.00000413,7.00000000
2018-02-23 20:30:12,0.00000413,11395.00000000
2018-02-23 20:30:14,0.00000413,10811.00000000
2018-02-23 20:30:15,0.00000413,11408.00000000
2018-02-23 20:30:15,0.00000413,11395.00000000
2018-02-23 20:30:15,0.00000413,11395.00000000
2018-02-23 20:30:18,0.00000412,1026.00000000
2018-02-23 20:30:19,0.00000413,42679.00000000
2018-02-23 20:30:19,0.00000413,62178.00000000
2018-02-23 20:30:19,0.00000413,12692.00000000
2018-02-23 20:30:21,0.00000412,439.00000000
2018-02-23 20:30:22,0.00000413,11395.00000000
2018-02-23 20:30:24,0.00000413,11395.00000000
2018-02-23 20:30:25,0.00000413,7116.00000000
2018-02-23 20:30:26,0.00000413,10000.00000000
2018-02-23 20:30:29,0.00000413,3710.00000000
2018-02-23 20:30:31,0.00000413,8215.00000000
2018-02-23 20:30:33,0.00000412,764.00000000
2018-02-23 20:30:35,0.00000412,10000.00000000
2018-02-23 20:30:36,0.00000412,10902.00000000
2018-02-23 20:30:36,0.00000413,6143.00000000
2018-02-23 20:30:41,0.00000413,3570.00000000
2018-02-23 20:30:41,0.00000412,3303.00000000
2018-02-23 20:30:42,0.00000413,5.00000000
2018-02-23 20:30:43,0.00000412,440.00000000
2018-02-23 20:30:44,0.00000413,2.00000000
2018-02-23 20:30:46,0.00000413,439.00000000
2018-02-23 20:30:47,0.00000413,750.00000000
2018-02-23 20:30:48,0.00000412,20841.00000000
2018-02-23 20:30:50,0.00000413,7884.00000000
2018-02-23 20:30:51,0.00000412,294304.00000000
2018-02-23 20:30:51,0.00000412,9780.00000000
2018-02-23 20:30:52,0.00000412,13301.00000000
2018-02-23 20:30:52,0.00000412,12464.00000000
2018-02-23 20:30:52,0.00000412,24171.00000000
2018-02-23 20:30:53,0.00000413,455.00000000
2018-02-23 20:30:54,0.00000413,2949.00000000
2018-02-23 20:30:55,0.00000412,33911.00000000
2018-02-23 20:30:58,0.00000413,14727.00000000
2018-02-23 20:30:59,0.00000413,300.00000000
2018-02-23 20:31:02,0.00000413,5397.00000000
2018-02-23 20:31:07,0.00000413,170581.00000000
2018-02-23 20:31:10,0.00000412,58889.00000000
2018-02-23 20:31:13,0.00000413,4877.00000000
2018-02-23 20:31:14,0.00000412,2156.00000000
2018-02-23 20:31:22,0.00000412,3000.00000000
2018-02-23 20:31:23,0.00000412,34816.00000000
2018-02-23 20:31:23,0.00000412,1780.00000000
2018-02-23 20:31:28,0.00000413,62318.00000000
2018-02-23 20:31:30,0.00000412,675.00000000
2018-02-23 20:31:36,0.00000412,37284.00000000
2018-02-23 20:31:38,0.00000412,799.00000000
2018-02-23 20:31:41,0.00000412,2727.00000000
2018-02-23 20:31:50,0.00000412,95959.00000000
2018-02-23 20:31:55,0.00000412,2628.00000000
2018-02-23 20:31:56,0.00000412,6000.00000000
2018-02-23 20:31:56,0.00000412,13339.00000000
2018-02-23 20:31:57,0.00000412,1322.00000000
2018-02-23 20:31:58,0.00000412,2551.00000000
2018-02-23 20:32:03,0.00000412,79530.00000000
2018-02-23 20:32:06,0.00000412,799.00000000
2018-02-23 20:32:07,0.00000412,70915.00000000
2018-02-23 20:32:08,0.00000412,5451.00000000
2018-02-23 20:32:10,0.00000412,50000.00000000
2018-02-23 20:32:11,0.00000412,946759.00000000
2018-02-23 20:32:11,0.00000412,3193.00000000
2018-02-23 20:32:11,0.00000412,3193.00000000
2018-02-23 20:32:12,0.00000412,3193.00000000
2018-02-23 20:32:12,0.00000412,6558.00000000
2018-02-23 20:32:12,0.00000412,404.00000000
2018-02-23 20:32:12,0.00000411,3193.00000000
2018-02-23 20:32:12,0.00000411,20193.00000000
2018-02-23 20:32:12,0.00000412,11939.00000000
2018-02-23 20:32:12,0.00000411,3193.00000000
2018-02-23 20:32:13,0.00000412,3300.00000000
2018-02-23 20:32:13,0.00000411,486.00000000
2018-02-23 20:32:13,0.00000412,7276.00000000
2018-02-23 20:32:13,0.00000412,10085.00000000
2018-02-23 20:32:13,0.00000412,750.00000000
2018-02-23 20:32:15,0.00000412,2850.00000000
2018-02-23 20:32:16,0.00000412,5000.00000000
2018-02-23 20:32:19,0.00000412,750.00000000
2018-02-23 20:32:20,0.00000412,1195.00000000
2018-02-23 20:32:20,0.00000412,1195.00000000
2018-02-23 20:32:23,0.00000412,18329.00000000
2018-02-23 20:32:23,0.00000412,1501.00000000
2018-02-23 20:32:23,0.00000412,252491.00000000
2018-02-23 20:32:27,0.00000412,1376.00000000
2018-02-23 20:32:30,0.00000413,250.00000000
2018-02-23 20:32:31,0.00000412,7476.00000000
2018-02-23 20:32:33,0.00000412,74978.00000000
2018-02-23 20:32:35,0.00000412,600.00000000
2018-02-23 20:32:39,0.00000412,300.00000000
2018-02-23 20:32:45,0.00000412,2500.00000000
2018-02-23 20:32:48,0.00000413,53190.00000000
2018-02-23 20:32:52,0.00000412,379.00000000
2018-02-23 20:32:55,0.00000413,9974.00000000
2018-02-23 20:32:57,0.00000413,1483.00000000
2018-02-23 20:32:58,0.00000413,4110.00000000
2018-02-23 20:33:00,0.00000412,14615.00000000
2018-02-23 20:33:03,0.00000412,6680.00000000
2018-02-23 20:33:04,0.00000413,160.00000000
2018-02-23 20:33:09,0.00000413,4566.00000000
2018-02-23 20:33:11,0.00000413,20741.00000000
2018-02-23 20:33:13,0.00000412,160.00000000
2018-02-23 20:33:14,0.00000413,100716.00000000
2018-02-23 20:33:15,0.00000412,24271.00000000
2018-02-23 20:33:16,0.00000413,7555.00000000
2018-02-23 20:33:18,0.00000413,8760.00000000
2018-02-23 20:33:19,0.00000412,342.00000000
2018-02-23 20:33:20,0.00000413,160.00000000
2018-02-23 20:33:21,0.00000413,500.00000000
2018-02-23 20:33:24,0.00000413,12070.00000000
2018-02-23 20:33:25,0.00000413,5000.00000000
2018-02-23 20:33:27,0.00000412,10172.00000000
2018-02-23 20:33:28,0.00000412,2400.00000000
2018-02-23 20:33:28,0.00000413,41526.00000000
2018-02-23 20:33:30,0.00000412,1213.00000000
2018-02-23 20:33:32,0.00000413,2587.00000000
2018-02-23 20:33:38,0.00000413,39993.00000000
2018-02-23 20:33:40,0.00000413,5655.00000000
2018-02-23 20:33:41,0.00000413,1305.00000000
2018-02-23 20:33:44,0.00000412,147.00000000
2018-02-23 20:33:44,0.00000412,6083.00000000
2018-02-23 20:33:46,0.00000413,1042.00000000
2018-02-23 20:33:47,0.00000412,19577.00000000
2018-02-23 20:33:50,0.00000413,54445.00000000
2018-02-23 20:33:58,0.00000413,4841.00000000
2018-02-23 20:34:05,0.00000413,93831.00000000
2018-02-23 20:34:05,0.00000413,7263.00000000
2018-02-23 20:34:05,0.00000413,2760.00000000
2018-02-23 20:34:06,0.00000412,120.00000000
2018-02-23 20:34:07,0.00000413,171229.00000000
2018-02-23 20:34:08,0.00000412,9895.00000000
2018-02-23 20:34:08,0.00000413,1020.00000000
2018-02-23 20:34:09,0.00000414,3.00000000
2018-02-23 20:34:12,0.00000413,331.00000000
2018-02-23 20:34:12,0.00000413,3132.00000000
2018-02-23 20:34:12,0.00000413,7263.00000000
2018-02-23 20:34:12,0.00000413,7262.00000000
2018-02-23 20:34:12,0.00000413,2795.00000000
2018-02-23 20:34:13,0.00000413,2500.00000000
2018-02-23 20:34:14,0.00000413,3576.00000000
2018-02-23 20:34:15,0.00000413,3593.00000000
2018-02-23 20:34:18,0.00000413,17041.00000000
2018-02-23 20:34:19,0.00000413,1212.00000000
2018-02-23 20:34:19,0.00000414,4890.00000000
2018-02-23 20:34:20,0.00000413,13694.00000000
2018-02-23 20:34:25,0.00000413,7114.00000000
2018-02-23 20:34:26,0.00000413,9175.00000000
2018-02-23 20:34:28,0.00000413,86.00000000
2018-02-23 20:34:29,0.00000414,42848.00000000
2018-02-23 20:34:30,0.00000413,7758.00000000
2018-02-23 20:34:45,0.00000413,500.00000000
2018-02-23 20:34:46,0.00000413,20003.00000000
2018-02-23 20:34:47,0.00000413,3057.00000000
2018-02-23 20:34:58,0.00000414,7606.00000000
2018-02-23 20:34:59,0.00000413,2112.00000000
2018-02-23 20:35:01,0.00000414,6097.00000000
2018-02-23 20:35:06,0.00000414,6152.00000000
2018-02-23 20:35:08,0.00000414,4572.00000000
2018-02-23 20:35:10,0.00000414,2924.00000000
2018-02-23 20:35:12,0.00000413,2550.00000000
2018-02-23 20:35:16,0.00000413,354806.00000000
2018-02-23 20:35:20,0.00000413,24229.00000000
2018-02-23 20:35:25,0.00000413,30000.00000000
2018-02-23 20:35:26,0.00000414,9541.00000000
2018-02-23 20:35:27,0.00000413,300.00000000
2018-02-23 20:35:28,0.00000413,24387.00000000
2018-02-23 20:35:28,0.00000413,29453.00000000
2018-02-23 20:35:31,0.00000413,24213.00000000
2018-02-23 20:35:31,0.00000413,8949.00000000
2018-02-23 20:35:32,0.00000414,95.00000000
2018-02-23 20:35:40,0.00000414,3293.00000000
2018-02-23 20:35:44,0.00000414,102293.00000000
2018-02-23 20:35:47,0.00000414,4978.00000000
2018-02-23 20:35:47,0.00000414,403.00000000
2018-02-23 20:35:47,0.00000414,4889.00000000
2018-02-23 20:35:47,0.00000414,3616.00000000
2018-02-23 20:35:49,0.00000414,1487.00000000
2018-02-23 20:35:50,0.00000414,3616.00000000
2018-02-23 20:35:51,0.00000414,4025.00000000
2018-02-23 20:35:51,0.00000414,2415.00000000
2018-02-23 20:35:52,0.00000414,699.00000000
2018-02-23 20:35:53,0.00000414,2490.00000000
2018-02-23 20:35:54,0.00000414,4986.00000000
2018-02-23 20:35:59,0.00000414,403.00000000
2018-02-23 20:35:59,0.00000414,4997.00000000
2018-02-23 20:35:59,0.00000414,4889.00000000
2018-02-23 20:35:59,0.00000414,44353.00000000
2018-02-23 20:36:00,0.00000413,11527.00000000
2018-02-23 20:36:00,0.00000414,2415.00000000
2018-02-23 20:36:00,0.00000414,3623.00000000
2018-02-23 20:36:00,0.00000414,2415.00000000
2018-02-23 20:36:00,0.00000414,3627.00000000
2018-02-23 20:36:01,0.00000414,2415.00000000
2018-02-23 20:36:01,0.00000414,4901.00000000
2018-02-23 20:36:01,0.00000414,6126.00000000
2018-02-23 20:36:01,0.00000414,2415.00000000
2018-02-23 20:36:01,0.00000414,2953.00000000
2018-02-23 20:36:01,0.00000414,1073.00000000
2018-02-23 20:36:03,0.00000414,5962.00000000
2018-02-23 20:36:04,0.00000414,9245.00000000
2018-02-23 20:36:05,0.00000414,4978.00000000
2018-02-23 20:36:05,0.00000414,382.00000000
2018-02-23 20:36:05,0.00000414,4889.00000000
2018-02-23 20:36:06,0.00000413,861.00000000
2018-02-23 20:36:07,0.00000414,2400.00000000
2018-02-23 20:36:07,0.00000414,12210.00000000
2018-02-23 20:36:07,0.00000414,3219.00000000
2018-02-23 20:36:07,0.00000414,2415.00000000
2018-02-23 20:36:07,0.00000414,4024.00000000
2018-02-23 20:36:07,0.00000414,4024.00000000
2018-02-23 20:36:08,0.00000414,24213.00000000
2018-02-23 20:36:08,0.00000414,18325.00000000
2018-02-23 20:36:08,0.00000414,30434.00000000
2018-02-23 20:36:08,0.00000414,251.00000000
2018-02-23 20:36:10,0.00000413,1664.00000000
2018-02-23 20:36:10,0.00000414,1243.00000000
2018-02-23 20:36:11,0.00000414,120.00000000
2018-02-23 20:36:15,0.00000414,2536.00000000
2018-02-23 20:36:17,0.00000414,1537.00000000
2018-02-23 20:36:22,0.00000413,13479.00000000
2018-02-23 20:36:22,0.00000414,3651.00000000
2018-02-23 20:36:23,0.00000413,30469.00000000
2018-02-23 20:36:24,0.00000413,317.00000000
2018-02-23 20:36:26,0.00000413,475.00000000
2018-02-23 20:36:28,0.00000414,744911.00000000
2018-02-23 20:36:30,0.00000413,476.00000000
2018-02-23 20:36:31,0.00000413,539.00000000
2018-02-23 20:36:33,0.00000414,6000.00000000
2018-02-23 20:36:33,0.00000414,6962.00000000
2018-02-23 20:36:34,0.00000414,5984.00000000
2018-02-23 20:36:35,0.00000414,19.00000000
2018-02-23 20:36:36,0.00000414,3527.00000000
2018-02-23 20:36:36,0.00000414,443.00000000
2018-02-23 20:36:37,0.00000414,14734.00000000
2018-02-23 20:36:38,0.00000414,21610.00000000
2018-02-23 20:36:40,0.00000414,483.00000000
2018-02-23 20:36:41,0.00000414,105141.00000000
2018-02-23 20:36:41,0.00000414,3559.00000000
2018-02-23 20:36:41,0.00000414,2456.00000000
2018-02-23 20:36:41,0.00000414,11171.00000000
2018-02-23 20:36:41,0.00000413,2456.00000000
2018-02-23 20:36:43,0.00000414,2932.00000000
2018-02-23 20:36:43,0.00000414,625.00000000
2018-02-23 20:36:45,0.00000414,947.00000000
2018-02-23 20:36:48,0.00000414,7518.00000000
2018-02-23 20:36:50,0.00000414,1363.00000000
2018-02-23 20:36:51,0.00000414,2431.00000000
2018-02-23 20:36:52,0.00000413,2000.00000000
2018-02-23 20:36:52,0.00000414,69.00000000
2018-02-23 20:36:56,0.00000414,444.00000000
2018-02-23 20:36:58,0.00000413,3532.00000000
2018-02-23 20:36:58,0.00000414,16673.00000000
2018-02-23 20:36:59,0.00000414,5233.00000000
2018-02-23 20:37:01,0.00000414,10.00000000
2018-02-23 20:37:02,0.00000414,3286.00000000
2018-02-23 20:37:02,0.00000414,68265.00000000
2018-02-23 20:37:02,0.00000414,4240.00000000
2018-02-23 20:37:03,0.00000414,3009.00000000
2018-02-23 20:37:04,0.00000414,1414.00000000
2018-02-23 20:37:06,0.00000414,489.00000000
2018-02-23 20:37:10,0.00000414,532.00000000
2018-02-23 20:37:11,0.00000414,46884.00000000
2018-02-23 20:37:20,0.00000414,903.00000000
2018-02-23 20:37:23,0.00000415,53.00000000
2018-02-23 20:37:32,0.00000415,6713.00000000
2018-02-23 20:37:33,0.00000414,12101.00000000
2018-02-23 20:37:34,0.00000415,34106.00000000
2018-02-23 20:37:35,0.00000415,329438.00000000
2018-02-23 20:37:36,0.00000414,2421.00000000
2018-02-23 20:37:37,0.00000415,3455.00000000
2018-02-23 20:37:39,0.00000415,7784.00000000
2018-02-23 20:37:40,0.00000415,32764.00000000
2018-02-23 20:37:41,0.00000415,46757.00000000
2018-02-23 20:37:44,0.00000415,13624.00000000
2018-02-23 20:37:55,0.00000415,23989.00000000
2018-02-23 20:37:55,0.00000414,981.00000000
2018-02-23 20:37:55,0.00000414,372.00000000
2018-02-23 20:37:59,0.00000414,2597.00000000
2018-02-23 20:38:07,0.00000414,3000.00000000
2018-02-23 20:38:10,0.00000414,5432.00000000
2018-02-23 20:38:11,0.00000415,4669.00000000
2018-02-23 20:38:13,0.00000414,1888.00000000
2018-02-23 20:38:15,0.00000415,12048.00000000
2018-02-23 20:38:15,0.00000415,53402.00000000
2018-02-23 20:38:16,0.00000415,1891.00000000
2018-02-23 20:38:18,0.00000414,6805.00000000
2018-02-23 20:38:36,0.00000415,449.00000000
2018-02-23 20:38:36,0.00000414,10000.00000000
2018-02-23 20:38:37,0.00000414,1026.00000000
2018-02-23 20:38:44,0.00000414,10236.00000000
2018-02-23 20:38:44,0.00000415,794.00000000
2018-02-23 20:38:46,0.00000415,289.00000000
2018-02-23 20:38:47,0.00000414,1200.00000000
2018-02-23 20:38:48,0.00000415,1300.00000000
2018-02-23 20:38:55,0.00000415,6365.00000000
2018-02-23 20:38:56,0.00000415,12666.00000000
2018-02-23 20:38:58,0.00000415,24855.00000000
2018-02-23 20:39:02,0.00000414,3293.00000000
2018-02-23 20:39:02,0.00000415,154.00000000
2018-02-23 20:39:03,0.00000414,242.00000000
2018-02-23 20:39:04,0.00000415,7403.00000000
2018-02-23 20:39:06,0.00000414,120000.00000000
2018-02-23 20:39:06,0.00000415,12180.00000000
2018-02-23 20:39:13,0.00000415,2357.00000000
2018-02-23 20:39:16,0.00000415,20000.00000000
2018-02-23 20:39:17,0.00000414,83255.00000000
2018-02-23 20:39:30,0.00000414,4564.00000000
2018-02-23 20:39:32,0.00000414,74207.00000000
2018-02-23 20:39:43,0.00000414,5000.00000000
2018-02-23 20:39:49,0.00000414,500.00000000
2018-02-23 20:39:50,0.00000414,22572.00000000
2018-02-23 20:39:51,0.00000414,3595.00000000
2018-02-23 20:39:53,0.00000414,198889.00000000
2018-02-23 20:39:53,0.00000414,5579.00000000
2018-02-23 20:39:53,0.00000414,8848.00000000
2018-02-23 20:39:53,0.00000414,4463.00000000
2018-02-23 20:39:53,0.00000414,5579.00000000
2018-02-23 20:39:53,0.00000414,2415.00000000
2018-02-23 20:39:53,0.00000414,5580.00000000
2018-02-23 20:39:53,0.00000414,3269.00000000
2018-02-23 20:39:53,0.00000414,3269.00000000
2018-02-23 20:39:53,0.00000414,1107.00000000
2018-02-23 20:39:53,0.00000414,13295.00000000
2018-02-23 20:39:53,0.00000415,250.00000000
2018-02-23 20:39:55,0.00000414,3331.00000000
2018-02-23 20:39:55,0.00000414,2651.00000000
2018-02-23 20:39:55,0.00000414,368.00000000
2018-02-23 20:39:55,0.00000414,632.00000000
2018-02-23 20:39:55,0.00000414,1000.00000000
2018-02-23 20:39:55,0.00000414,1000.00000000
2018-02-23 20:39:55,0.00000414,1000.00000000
2018-02-23 20:39:55,0.00000414,2415.00000000
2018-02-23 20:39:55,0.00000414,9585.00000000
2018-02-23 20:39:56,0.00000415,6000.00000000
2018-02-23 20:39:59,0.00000414,24702.00000000
2018-02-23 20:39:59,0.00000414,5367.00000000
2018-02-23 20:39:59,0.00000414,2415.00000000
2018-02-23 20:39:59,0.00000414,24154.00000000
2018-02-23 20:39:59,0.00000414,21245.00000000
2018-02-23 20:39:59,0.00000414,21701.00000000
2018-02-23 20:40:00,0.00000414,2415.00000000
2018-02-23 20:40:00,0.00000414,4545.00000000
2018-02-23 20:40:01,0.00000414,894.00000000
2018-02-23 20:40:02,0.00000415,179.00000000
2018-02-23 20:40:03,0.00000415,6140.00000000
2018-02-23 20:40:06,0.00000415,3086.00000000
2018-02-23 20:40:09,0.00000414,39002.00000000
2018-02-23 20:40:10,0.00000414,10165.00000000
2018-02-23 20:40:11,0.00000415,1008.00000000
2018-02-23 20:40:13,0.00000415,2200.00000000
2018-02-23 20:40:15,0.00000415,30.00000000
2018-02-23 20:40:16,0.00000414,750.00000000
2018-02-23 20:40:16,0.00000414,1000.00000000
2018-02-23 20:40:16,0.00000414,8000.00000000
2018-02-23 20:40:17,0.00000414,1000.00000000
2018-02-23 20:40:18,0.00000414,11766.00000000
2018-02-23 20:40:19,0.00000414,2000.00000000
2018-02-23 20:40:25,0.00000415,50500.00000000
2018-02-23 20:40:26,0.00000415,62835.00000000
2018-02-23 20:40:28,0.00000414,609.00000000
2018-02-23 20:40:29,0.00000414,9464.00000000
2018-02-23 20:40:32,0.00000414,18731.00000000
2018-02-23 20:40:32,0.00000414,981.00000000
2018-02-23 20:40:32,0.00000415,981.00000000
2018-02-23 20:40:33,0.00000415,11104.00000000
2018-02-23 20:40:34,0.00000414,19.00000000
2018-02-23 20:40:36,0.00000415,1526.00000000
2018-02-23 20:40:36,0.00000414,1000.00000000
2018-02-23 20:40:37,0.00000415,492.00000000
2018-02-23 20:40:39,0.00000415,14743.00000000
2018-02-23 20:40:41,0.00000414,297.00000000
2018-02-23 20:40:42,0.00000415,101885.00000000
2018-02-23 20:40:43,0.00000415,117987.00000000
2018-02-23 20:40:44,0.00000414,500.00000000
2018-02-23 20:40:46,0.00000415,1461.00000000
2018-02-23 20:40:46,0.00000415,5452.00000000
2018-02-23 20:40:52,0.00000414,23268.00000000
2018-02-23 20:40:54,0.00000415,6788.00000000
2018-02-23 20:40:59,0.00000415,4819.00000000
2018-02-23 20:40:59,0.00000415,9491.00000000
2018-02-23 20:41:00,0.00000414,572.00000000
2018-02-23 20:41:02,0.00000414,429.00000000
2018-02-23 20:41:03,0.00000414,7000.00000000
2018-02-23 20:41:03,0.00000415,1369.00000000
2018-02-23 20:41:03,0.00000414,321.00000000
2018-02-23 20:41:07,0.00000414,483.00000000
2018-02-23 20:41:12,0.00000414,591.00000000
2018-02-23 20:41:13,0.00000415,76934.00000000
2018-02-23 20:41:13,0.00000414,42835.00000000
2018-02-23 20:41:13,0.00000415,31143.00000000
2018-02-23 20:41:22,0.00000414,60000.00000000
2018-02-23 20:41:29,0.00000414,62780.00000000
2018-02-23 20:41:30,0.00000414,8266.00000000
2018-02-23 20:41:39,0.00000414,300.00000000
2018-02-23 20:41:46,0.00000414,2200.00000000
2018-02-23 20:41:49,0.00000414,245.00000000
2018-02-23 20:41:51,0.00000414,14187.00000000
2018-02-23 20:41:52,0.00000415,1000.00000000
2018-02-23 20:41:54,0.00000415,1540.00000000
2018-02-23 20:41:56,0.00000414,963.00000000
2018-02-23 20:42:03,0.00000415,461.00000000
2018-02-23 20:42:04,0.00000414,3050.00000000
2018-02-23 20:42:05,0.00000415,15056.00000000
2018-02-23 20:42:06,0.00000414,6000.00000000
2018-02-23 20:42:06,0.00000414,9822.00000000
2018-02-23 20:42:09,0.00000414,145586.00000000
2018-02-23 20:42:12,0.00000414,25277.00000000
2018-02-23 20:42:17,0.00000414,140000.00000000
2018-02-23 20:42:24,0.00000414,9778.00000000
2018-02-23 20:42:27,0.00000415,12107.00000000
2018-02-23 20:42:30,0.00000414,91876.00000000
2018-02-23 20:42:32,0.00000414,13780.00000000
2018-02-23 20:42:34,0.00000415,946.00000000
2018-02-23 20:42:37,0.00000414,460.00000000
2018-02-23 20:42:37,0.00000414,20000.00000000
2018-02-23 20:42:38,0.00000414,40690.00000000
2018-02-23 20:42:41,0.00000414,18113.00000000
2018-02-23 20:42:42,0.00000415,7360.00000000
2018-02-23 20:42:46,0.00000415,302.00000000
2018-02-23 20:42:52,0.00000414,2975.00000000
2018-02-23 20:42:58,0.00000414,2536.00000000
2018-02-23 20:42:59,0.00000414,46743.00000000
2018-02-23 20:43:00,0.00000414,731.00000000
2018-02-23 20:43:02,0.00000414,35618.00000000
2018-02-23 20:43:02,0.00000414,27237.00000000
2018-02-23 20:43:02,0.00000414,51176.00000000
2018-02-23 20:43:10,0.00000415,1000.00000000
2018-02-23 20:43:14,0.00000414,89076.00000000
2018-02-23 20:43:16,0.00000414,59174.00000000
2018-02-23 20:43:19,0.00000414,30000.00000000
2018-02-23 20:43:19,0.00000414,135712.00000000
2018-02-23 20:43:19,0.00000414,44062.00000000
2018-02-23 20:43:19,0.00000414,4236.00000000
2018-02-23 20:43:19,0.00000414,3389.00000000
2018-02-23 20:43:19,0.00000414,4236.00000000
2018-02-23 20:43:19,0.00000414,2415.00000000
2018-02-23 20:43:19,0.00000414,4236.00000000
2018-02-23 20:43:19,0.00000414,331.00000000
2018-02-23 20:43:19,0.00000414,2415.00000000
2018-02-23 20:43:20,0.00000414,4202.00000000
2018-02-23 20:43:20,0.00000414,3022.00000000
2018-02-23 20:43:20,0.00000414,3548.00000000
2018-02-23 20:43:20,0.00000414,1051.00000000
2018-02-23 20:43:20,0.00000414,2156.00000000
2018-02-23 20:43:26,0.00000413,20227.00000000
2018-02-23 20:43:27,0.00000413,7297.00000000
2018-02-23 20:43:30,0.00000414,1000.00000000
2018-02-23 20:43:43,0.00000413,20.00000000
2018-02-23 20:43:43,0.00000414,23827.00000000
2018-02-23 20:43:45,0.00000414,26036.00000000
2018-02-23 20:43:46,0.00000414,954.00000000
2018-02-23 20:43:50,0.00000414,5860.00000000
2018-02-23 20:43:50,0.00000414,48124.00000000
2018-02-23 20:43:53,0.00000414,898.00000000
2018-02-23 20:44:01,0.00000414,10226.00000000
2018-02-23 20:44:10,0.00000413,1891.00000000
2018-02-23 20:44:12,0.00000413,3054.00000000
2018-02-23 20:44:13,0.00000414,31582.00000000
2018-02-23 20:44:18,0.00000414,785.00000000
2018-02-23 20:44:19,0.00000414,261.00000000
2018-02-23 20:44:21,0.00000414,2722.00000000
2018-02-23 20:44:22,0.00000414,4500.00000000
2018-02-23 20:44:22,0.00000413,7401.00000000
2018-02-23 20:44:25,0.00000414,15959.00000000
2018-02-23 20:44:25,0.00000414,1000.00000000
2018-02-23 20:44:26,0.00000414,931.00000000
2018-02-23 20:44:29,0.00000414,630.00000000
2018-02-23 20:44:35,0.00000414,5683.00000000
2018-02-23 20:44:35,0.00000413,1158.00000000
2018-02-23 20:44:45,0.00000414,1000.00000000
2018-02-23 20:44:45,0.00000413,26.00000000
2018-02-23 20:44:54,0.00000414,3550.00000000
2018-02-23 20:44:57,0.00000414,756965.00000000
2018-02-23 20:44:58,0.00000414,3.00000000
2018-02-23 20:44:58,0.00000413,9523.00000000
2018-02-23 20:45:00,0.00000414,2.00000000
2018-02-23 20:45:01,0.00000414,1.00000000
2018-02-23 20:45:03,0.00000414,80140.00000000
2018-02-23 20:45:03,0.00000414,1.00000000
2018-02-23 20:45:04,0.00000413,29469.00000000
2018-02-23 20:45:05,0.00000414,1.00000000
2018-02-23 20:45:05,0.00000414,500.00000000
2018-02-23 20:45:06,0.00000414,1.00000000
2018-02-23 20:45:09,0.00000414,2.00000000
2018-02-23 20:45:11,0.00000414,1.00000000
2018-02-23 20:45:13,0.00000413,2092.00000000
2018-02-23 20:45:14,0.00000414,76934.00000000
2018-02-23 20:45:15,0.00000414,1042.00000000
2018-02-23 20:45:15,0.00000414,79413.00000000
2018-02-23 20:45:16,0.00000413,711664.00000000
2018-02-23 20:45:18,0.00000414,20.00000000
2018-02-23 20:45:22,0.00000414,63391.00000000
2018-02-23 20:45:22,0.00000413,31873.00000000
2018-02-23 20:45:23,0.00000413,52030.00000000
2018-02-23 20:45:23,0.00000414,5761.00000000
2018-02-23 20:45:25,0.00000414,2781.00000000
2018-02-23 20:45:25,0.00000414,5174.00000000
2018-02-23 20:45:26,0.00000413,444.00000000
2018-02-23 20:45:38,0.00000414,2000.00000000
2018-02-23 20:45:41,0.00000413,34657.00000000
2018-02-23 20:45:43,0.00000413,1000.00000000
2018-02-23 20:45:44,0.00000414,786.00000000
2018-02-23 20:45:45,0.00000413,250.00000000
2018-02-23 20:45:46,0.00000414,202.00000000
2018-02-23 20:45:49,0.00000414,9002.00000000
2018-02-23 20:45:51,0.00000414,697.00000000
2018-02-23 20:45:58,0.00000414,8334.00000000
2018-02-23 20:45:59,0.00000414,7019.00000000
2018-02-23 20:46:03,0.00000413,32100.00000000
2018-02-23 20:46:07,0.00000413,1451.00000000
2018-02-23 20:46:08,0.00000414,7805.00000000
2018-02-23 20:46:09,0.00000414,750.00000000
2018-02-23 20:46:09,0.00000413,7831.00000000
2018-02-23 20:46:12,0.00000414,10000.00000000
2018-02-23 20:46:17,0.00000414,11000.00000000
2018-02-23 20:46:18,0.00000414,222.00000000
2018-02-23 20:46:18,0.00000414,6000.00000000
2018-02-23 20:46:28,0.00000413,260862.00000000
2018-02-23 20:46:30,0.00000414,166.00000000
2018-02-23 20:46:39,0.00000414,62.00000000
2018-02-23 20:46:41,0.00000414,26134.00000000
2018-02-23 20:46:47,0.00000414,37093.00000000
2018-02-23 20:46:47,0.00000414,7479.00000000
2018-02-23 20:46:49,0.00000414,207157.00000000
2018-02-23 20:46:53,0.00000413,112500.00000000
2018-02-23 20:46:56,0.00000413,197528.00000000
2018-02-23 20:47:00,0.00000413,989.00000000
2018-02-23 20:47:07,0.00000414,4450.00000000
2018-02-23 20:47:08,0.00000414,2473.00000000
2018-02-23 20:47:08,0.00000414,14049.00000000
2018-02-23 20:47:09,0.00000413,4176.00000000
2018-02-23 20:47:09,0.00000414,900.00000000
2018-02-23 20:47:10,0.00000414,2.00000000
2018-02-23 20:47:14,0.00000413,1485.00000000
2018-02-23 20:47:23,0.00000414,725.00000000
2018-02-23 20:47:26,0.00000414,949.00000000
2018-02-23 20:47:26,0.00000414,45278.00000000
2018-02-23 20:47:27,0.00000413,29162.00000000
2018-02-23 20:47:27,0.00000413,7506.00000000
2018-02-23 20:47:34,0.00000414,7936.00000000
2018-02-23 20:47:34,0.00000413,48000.00000000
2018-02-23 20:47:35,0.00000414,5878.00000000
2018-02-23 20:47:42,0.00000413,214.00000000
2018-02-23 20:47:45,0.00000413,524.00000000
2018-02-23 20:47:45,0.00000414,7021.00000000
2018-02-23 20:47:45,0.00000413,3587.00000000
2018-02-23 20:47:46,0.00000414,29578.00000000
2018-02-23 20:47:48,0.00000413,59728.00000000
2018-02-23 20:47:49,0.00000413,757.00000000
2018-02-23 20:47:50,0.00000414,20.00000000
2018-02-23 20:47:52,0.00000413,15721.00000000
2018-02-23 20:47:53,0.00000414,36274.00000000
2018-02-23 20:47:53,0.00000413,1000.00000000
2018-02-23 20:47:57,0.00000414,24944.00000000
2018-02-23 20:47:57,0.00000413,299.00000000
2018-02-23 20:47:59,0.00000413,250.00000000
2018-02-23 20:48:01,0.00000414,42619.00000000
2018-02-23 20:48:02,0.00000414,23650.00000000
2018-02-23 20:48:03,0.00000414,4994.00000000
2018-02-23 20:48:06,0.00000414,15037.00000000
2018-02-23 20:48:07,0.00000414,112128.00000000
2018-02-23 20:48:08,0.00000414,229.00000000
2018-02-23 20:48:11,0.00000414,1319.00000000
2018-02-23 20:48:14,0.00000414,3004.00000000
2018-02-23 20:48:21,0.00000414,1627.00000000
2018-02-23 20:48:21,0.00000414,6741.00000000
2018-02-23 20:48:22,0.00000414,5000.00000000
2018-02-23 20:48:22,0.00000414,444.00000000
2018-02-23 20:48:23,0.00000414,2000.00000000
2018-02-23 20:48:27,0.00000413,1000.00000000
2018-02-23 20:48:29,0.00000414,35.00000000
2018-02-23 20:48:29,0.00000414,140507.00000000
2018-02-23 20:48:31,0.00000414,19277.00000000
2018-02-23 20:48:32,0.00000413,592.00000000
2018-02-23 20:48:33,0.00000413,3620.00000000
2018-02-23 20:48:33,0.00000414,21573.00000000
2018-02-23 20:48:33,0.00000414,188862.00000000
2018-02-23 20:48:34,0.00000414,6958.00000000
2018-02-23 20:48:34,0.00000414,1000.00000000
2018-02-23 20:48:42,0.00000414,1389.00000000
2018-02-23 20:48:44,0.00000414,2340.00000000
2018-02-23 20:48:44,0.00000413,1709.00000000
2018-02-23 20:48:46,0.00000413,20.00000000
2018-02-23 20:48:49,0.00000414,1381.00000000
2018-02-23 20:48:50,0.00000414,13789.00000000
2018-02-23 20:48:51,0.00000414,249.00000000
2018-02-23 20:48:58,0.00000413,412.00000000
2018-02-23 20:48:59,0.00000414,1611.00000000
2018-02-23 20:49:00,0.00000413,20.00000000
2018-02-23 20:49:03,0.00000413,800.00000000
2018-02-23 20:49:04,0.00000414,505543.00000000
2018-02-23 20:49:05,0.00000414,63372.00000000
2018-02-23 20:49:24,0.00000414,86424.00000000
2018-02-23 20:49:41,0.00000415,2635.00000000
2018-02-23 20:49:47,0.00000415,69.00000000
2018-02-23 20:49:49,0.00000415,10454.00000000
2018-02-23 20:49:51,0.00000415,92907.00000000
2018-02-23 20:49:54,0.00000414,5235.00000000
2018-02-23 20:49:59,0.00000414,570.00000000
2018-02-23 20:49:59,0.00000414,2296.00000000
2018-02-23 20:50:04,0.00000414,750.00000000
2018-02-23 20:50:06,0.00000415,757.00000000
2018-02-23 20:50:08,0.00000414,4999.00000000
2018-02-23 20:50:19,0.00000414,242.00000000
2018-02-23 20:50:20,0.00000415,151.00000000
2018-02-23 20:50:21,0.00000414,4999.00000000
2018-02-23 20:50:22,0.00000415,20.00000000
2018-02-23 20:50:26,0.00000415,8000.00000000
2018-02-23 20:50:34,0.00000414,970.00000000
2018-02-23 20:50:37,0.00000414,3000.00000000
2018-02-23 20:50:40,0.00000414,500.00000000
2018-02-23 20:50:45,0.00000414,2148.00000000
2018-02-23 20:50:46,0.00000414,2349.00000000
2018-02-23 20:50:47,0.00000414,11328.00000000
2018-02-23 20:50:48,0.00000414,12843.00000000
2018-02-23 20:50:54,0.00000415,10340.00000000
2018-02-23 20:50:57,0.00000414,103823.00000000
2018-02-23 20:50:58,0.00000415,358.00000000
2018-02-23 20:50:59,0.00000414,88712.00000000
2018-02-23 20:51:02,0.00000415,20.00000000
2018-02-23 20:51:03,0.00000414,173115.00000000
2018-02-23 20:51:05,0.00000414,1267.00000000
2018-02-23 20:51:06,0.00000415,1172.00000000
2018-02-23 20:51:06,0.00000415,10000.00000000
2018-02-23 20:51:09,0.00000414,2490.00000000
2018-02-23 20:51:12,0.00000414,1460.00000000
2018-02-23 20:51:14,0.00000414,1841.00000000
2018-02-23 20:51:18,0.00000415,34902.00000000
2018-02-23 20:51:18,0.00000414,299.00000000
2018-02-23 20:51:21,0.00000414,1304.00000000
2018-02-23 20:51:32,0.00000415,110.00000000
2018-02-23 20:51:34,0.00000415,4483.00000000
2018-02-23 20:51:38,0.00000414,1318.00000000
2018-02-23 20:51:40,0.00000414,6757.00000000
2018-02-23 20:51:41,0.00000415,17.00000000
2018-02-23 20:51:44,0.00000415,506.00000000
2018-02-23 20:51:44,0.00000415,46291.00000000
2018-02-23 20:51:47,0.00000415,7421.00000000
2018-02-23 20:51:48,0.00000414,47222.00000000
2018-02-23 20:51:50,0.00000415,11045.00000000
2018-02-23 20:51:51,0.00000415,3000.00000000
2018-02-23 20:51:51,0.00000414,3404.00000000
2018-02-23 20:51:53,0.00000415,3471.00000000
2018-02-23 20:51:55,0.00000415,765.00000000
2018-02-23 20:51:56,0.00000415,402.00000000
2018-02-23 20:51:57,0.00000415,24154.00000000
2018-02-23 20:51:57,0.00000415,13506.00000000
2018-02-23 20:51:58,0.00000414,2107.00000000
2018-02-23 20:51:59,0.00000415,1854.00000000
2018-02-23 20:51:59,0.00000415,4881.00000000
2018-02-23 20:52:00,0.00000414,9338.00000000
2018-02-23 20:52:01,0.00000415,24154.00000000
2018-02-23 20:52:02,0.00000415,24234.00000000
2018-02-23 20:52:02,0.00000415,24154.00000000
2018-02-23 20:52:04,0.00000414,17475.00000000
2018-02-23 20:52:06,0.00000415,4780.00000000
2018-02-23 20:52:06,0.00000415,4589.00000000
2018-02-23 20:52:07,0.00000415,81548.00000000
2018-02-23 20:52:11,0.00000415,2435.00000000
2018-02-23 20:52:15,0.00000415,5000.00000000
2018-02-23 20:52:19,0.00000415,211552.00000000
2018-02-23 20:52:21,0.00000414,23138.00000000
2018-02-23 20:52:21,0.00000415,20000.00000000
2018-02-23 20:52:30,0.00000415,24022.00000000
2018-02-23 20:52:31,0.00000415,3016.00000000
2018-02-23 20:52:34,0.00000414,37469.00000000
2018-02-23 20:52:35,0.00000414,1157.00000000
2018-02-23 20:52:35,0.00000415,6720.00000000
2018-02-23 20:52:36,0.00000415,2814.00000000
2018-02-23 20:52:36,0.00000415,4920.00000000
2018-02-23 20:52:37,0.00000414,2437.00000000
2018-02-23 20:52:39,0.00000414,1828.00000000
2018-02-23 20:52:41,0.00000414,1371.00000000
2018-02-23 20:52:43,0.00000414,1028.00000000
2018-02-23 20:52:44,0.00000414,1542.00000000
2018-02-23 20:52:45,0.00000415,51231.00000000
2018-02-23 20:52:47,0.00000414,1543.00000000
2018-02-23 20:52:48,0.00000415,540.00000000
2018-02-23 20:52:54,0.00000414,10526.00000000
2018-02-23 20:52:55,0.00000415,201961.00000000
2018-02-23 20:52:58,0.00000416,20209.00000000
2018-02-23 20:52:59,0.00000415,168376.00000000
2018-02-23 20:53:02,0.00000415,24154.00000000
2018-02-23 20:53:10,0.00000416,268.00000000
2018-02-23 20:53:11,0.00000416,30.00000000
2018-02-23 20:53:11,0.00000416,5335.00000000
2018-02-23 20:53:12,0.00000415,67170.00000000
2018-02-23 20:53:12,0.00000415,3249.00000000
2018-02-23 20:53:13,0.00000416,1761.00000000
2018-02-23 20:53:14,0.00000416,30.00000000
2018-02-23 20:53:15,0.00000415,483.00000000
2018-02-23 20:53:15,0.00000416,17487.00000000
2018-02-23 20:53:16,0.00000415,69.00000000
2018-02-23 20:53:20,0.00000416,10296.00000000
2018-02-23 20:53:22,0.00000416,30.00000000
2018-02-23 20:53:22,0.00000415,8977.00000000
2018-02-23 20:53:38,0.00000415,10331.00000000
2018-02-23 20:53:44,0.00000415,31476.00000000
2018-02-23 20:53:49,0.00000415,812.00000000
2018-02-23 20:53:53,0.00000415,609.00000000
2018-02-23 20:53:56,0.00000415,914.00000000
2018-02-23 20:53:57,0.00000415,18399.00000000
2018-02-23 20:53:59,0.00000415,914.00000000
2018-02-23 20:54:00,0.00000415,85421.00000000
2018-02-23 20:54:03,0.00000415,20867.00000000
2018-02-23 20:54:06,0.00000415,5693.00000000
2018-02-23 20:54:06,0.00000416,1.00000000
2018-02-23 20:54:08,0.00000415,5719.00000000
2018-02-23 20:54:11,0.00000416,34000.00000000
2018-02-23 20:54:12,0.00000416,481.00000000
2018-02-23 20:54:13,0.00000416,619.00000000
2018-02-23 20:54:13,0.00000416,2355.00000000
2018-02-23 20:54:15,0.00000416,2339.00000000
2018-02-23 20:54:19,0.00000416,2403.00000000
2018-02-23 20:54:26,0.00000416,18.00000000
2018-02-23 20:54:26,0.00000416,2554.00000000
2018-02-23 20:54:27,0.00000416,4522.00000000
2018-02-23 20:54:30,0.00000416,103745.00000000
2018-02-23 20:54:32,0.00000416,23396.00000000
2018-02-23 20:54:39,0.00000416,4261.00000000
2018-02-23 20:54:41,0.00000416,31694.00000000
2018-02-23 20:54:41,0.00000416,3944.00000000
2018-02-23 20:54:41,0.00000416,8.00000000
2018-02-23 20:54:42,0.00000416,2044.00000000
2018-02-23 20:54:54,0.00000415,2431.00000000
2018-02-23 20:55:03,0.00000416,275.00000000
2018-02-23 20:55:10,0.00000416,50740.00000000
2018-02-23 20:55:13,0.00000416,19531.00000000
2018-02-23 20:55:15,0.00000415,32000.00000000
2018-02-23 20:55:25,0.00000415,9997.00000000
2018-02-23 20:55:26,0.00000415,312.00000000
2018-02-23 20:55:30,0.00000416,93166.00000000
2018-02-23 20:55:31,0.00000415,23794.00000000
2018-02-23 20:55:32,0.00000416,3408.00000000
2018-02-23 20:55:32,0.00000416,7553.00000000
2018-02-23 20:55:34,0.00000416,30.00000000
2018-02-23 20:55:34,0.00000415,14399.00000000
2018-02-23 20:55:38,0.00000415,95.00000000
2018-02-23 20:55:39,0.00000415,3009.00000000
2018-02-23 20:55:41,0.00000415,2554.00000000
2018-02-23 20:55:43,0.00000415,3937.00000000
2018-02-23 20:55:50,0.00000415,242.00000000
2018-02-23 20:55:50,0.00000415,141543.00000000
2018-02-23 20:55:55,0.00000415,53251.00000000
2018-02-23 20:55:56,0.00000415,594.00000000
2018-02-23 20:55:58,0.00000416,1122.00000000
2018-02-23 20:56:00,0.00000416,30.00000000
2018-02-23 20:56:03,0.00000416,278.00000000
2018-02-23 20:56:07,0.00000416,69.00000000
2018-02-23 20:56:11,0.00000416,18.00000000
2018-02-23 20:56:11,0.00000416,1457.00000000
2018-02-23 20:56:14,0.00000416,1525.00000000
2018-02-23 20:56:14,0.00000416,4.00000000
2018-02-23 20:56:15,0.00000416,5.00000000
2018-02-23 20:56:16,0.00000416,10700.00000000
2018-02-23 20:56:17,0.00000416,17456.00000000
2018-02-23 20:56:19,0.00000416,2.00000000
2018-02-23 20:56:22,0.00000416,2760.00000000
2018-02-23 20:56:36,0.00000415,39568.00000000
2018-02-23 20:56:37,0.00000415,56393.00000000
2018-02-23 20:56:37,0.00000415,4471.00000000
2018-02-23 20:56:37,0.00000415,4471.00000000
2018-02-23 20:56:37,0.00000415,2754.00000000
2018-02-23 20:56:38,0.00000415,3513.00000000
2018-02-23 20:56:38,0.00000415,402.00000000
2018-02-23 20:56:39,0.00000415,6988.00000000
2018-02-23 20:56:40,0.00000415,305.00000000
2018-02-23 20:56:42,0.00000415,6298.00000000
2018-02-23 20:56:42,0.00000415,2933.00000000
2018-02-23 20:56:44,0.00000415,16.00000000
2018-02-23 20:56:45,0.00000415,11456.00000000
2018-02-23 20:56:45,0.00000416,46500.00000000
2018-02-23 20:56:46,0.00000415,598.00000000
2018-02-23 20:56:46,0.00000415,498.00000000
2018-02-23 20:56:47,0.00000415,4999.00000000
2018-02-23 20:56:47,0.00000415,5000.00000000
2018-02-23 20:56:47,0.00000414,5000.00000000
2018-02-23 20:56:49,0.00000415,601.00000000
2018-02-23 20:56:49,0.00000414,79408.00000000
2018-02-23 20:56:51,0.00000415,3967.00000000
2018-02-23 20:56:51,0.00000415,24096.00000000
2018-02-23 20:56:52,0.00000415,9494.00000000
2018-02-23 20:56:52,0.00000416,9636.00000000
2018-02-23 20:56:55,0.00000416,25.00000000
2018-02-23 20:56:56,0.00000415,886.00000000
2018-02-23 20:56:57,0.00000415,2437.00000000
2018-02-23 20:56:58,0.00000415,342.00000000
2018-02-23 20:56:59,0.00000415,15645.00000000
2018-02-23 20:57:06,0.00000416,10.00000000
2018-02-23 20:57:08,0.00000415,2745.00000000
2018-02-23 20:57:09,0.00000415,946.00000000
2018-02-23 20:57:10,0.00000415,4122.00000000
2018-02-23 20:57:13,0.00000415,5485.00000000
2018-02-23 20:57:14,0.00000415,1.00000000
2018-02-23 20:57:15,0.00000415,7711.00000000
2018-02-23 20:57:17,0.00000415,23853.00000000
2018-02-23 20:57:18,0.00000415,7299.00000000
2018-02-23 20:57:19,0.00000415,24063.00000000
2018-02-23 20:57:23,0.00000415,1119.00000000
2018-02-23 20:57:31,0.00000415,2437.00000000
2018-02-23 20:57:32,0.00000415,1687.00000000
2018-02-23 20:57:39,0.00000414,848.00000000
2018-02-23 20:57:40,0.00000415,5008.00000000
2018-02-23 20:57:41,0.00000415,81849.00000000
2018-02-23 20:57:50,0.00000415,1053.00000000
2018-02-23 20:57:51,0.00000415,1238.00000000
2018-02-23 20:57:52,0.00000415,38516.00000000
2018-02-23 20:57:54,0.00000415,1600.00000000
2018-02-23 20:57:56,0.00000415,3476.00000000
2018-02-23 20:57:56,0.00000414,9491.00000000
2018-02-23 20:57:59,0.00000415,20.00000000
2018-02-23 20:58:03,0.00000414,1242.00000000
2018-02-23 20:58:07,0.00000415,20.00000000
2018-02-23 20:58:07,0.00000415,3588.00000000
2018-02-23 20:58:09,0.00000415,1099.00000000
2018-02-23 20:58:11,0.00000414,81218.00000000
2018-02-23 20:58:13,0.00000415,20.00000000
2018-02-23 20:58:18,0.00000415,61.00000000
2018-02-23 20:58:22,0.00000414,5195.00000000
2018-02-23 20:58:23,0.00000415,20.00000000
2018-02-23 20:58:28,0.00000415,302.00000000
2018-02-23 20:58:32,0.00000415,4953.00000000
2018-02-23 20:58:35,0.00000415,1580.00000000
2018-02-23 20:58:35,0.00000415,3824.00000000
2018-02-23 20:58:36,0.00000415,9017.00000000
2018-02-23 20:58:38,0.00000414,1000.00000000
2018-02-23 20:58:41,0.00000415,500.00000000
2018-02-23 20:58:42,0.00000415,32743.00000000
2018-02-23 20:58:46,0.00000415,8652.00000000
2018-02-23 20:58:54,0.00000415,1828.00000000
2018-02-23 20:58:55,0.00000416,15.00000000
2018-02-23 20:58:56,0.00000416,200.00000000
2018-02-23 20:59:03,0.00000415,195087.00000000
2018-02-23 20:59:06,0.00000415,346.00000000
2018-02-23 20:59:07,0.00000415,1290.00000000
2018-02-23 20:59:07,0.00000415,857.00000000
2018-02-23 20:59:09,0.00000415,75.00000000
2018-02-23 20:59:16,0.00000415,20.00000000
2018-02-23 20:59:27,0.00000415,343.00000000
2018-02-23 20:59:28,0.00000414,2500.00000000
2018-02-23 20:59:30,0.00000415,11.00000000
2018-02-23 20:59:36,0.00000414,321.00000000
2018-02-23 20:59:38,0.00000415,1318.00000000
2018-02-23 20:59:44,0.00000414,3000.00000000
2018-02-23 20:59:46,0.00000415,1695.00000000
2018-02-23 20:59:48,0.00000415,100000.00000000
2018-02-23 20:59:50,0.00000415,30.00000000
2018-02-23 20:59:55,0.00000414,250.00000000
2018-02-23 20:59:55,0.00000415,2013.00000000
