DATE,PRICE,VOLUME
2018-02-28 06:00:02,0.00000396,21.00000000
2018-02-28 06:00:08,0.00000396,629.00000000
2018-02-28 06:00:08,0.00000396,569.00000000
2018-02-28 06:00:10,0.00000396,711.00000000
2018-02-28 06:00:10,0.00000396,711.00000000
2018-02-28 06:00:10,0.00000396,629.00000000
2018-02-28 06:00:11,0.00000396,508.00000000
2018-02-28 06:00:12,0.00000396,711.00000000
2018-02-28 06:00:13,0.00000396,711.00000000
2018-02-28 06:00:13,0.00000396,531.00000000
2018-02-28 06:00:19,0.00000396,121848.00000000
2018-02-28 06:00:20,0.00000396,9406.00000000
2018-02-28 06:00:20,0.00000396,96237.00000000
2018-02-28 06:00:22,0.00000396,5029.00000000
2018-02-28 06:00:23,0.00000396,429.00000000
2018-02-28 06:00:23,0.00000396,77755.00000000
2018-02-28 06:00:29,0.00000397,30000.00000000
2018-02-28 06:00:37,0.00000396,63291.00000000
2018-02-28 06:00:39,0.00000396,21.00000000
2018-02-28 06:00:41,0.00000397,212053.00000000
2018-02-28 06:00:43,0.00000396,1615.00000000
2018-02-28 06:00:43,0.00000397,1171.00000000
2018-02-28 06:00:44,0.00000396,6338.00000000
2018-02-28 06:00:45,0.00000396,408.00000000
2018-02-28 06:00:46,0.00000396,327.00000000
2018-02-28 06:00:47,0.00000396,25252.00000000
2018-02-28 06:00:47,0.00000396,75812.00000000
2018-02-28 06:00:48,0.00000396,25252.00000000
2018-02-28 06:00:48,0.00000396,19920.00000000
2018-02-28 06:00:59,0.00000397,879.00000000
2018-02-28 06:01:02,0.00000396,4109.00000000
2018-02-28 06:01:02,0.00000396,8.00000000
2018-02-28 06:01:03,0.00000396,2739.00000000
2018-02-28 06:01:07,0.00000397,107720.00000000
2018-02-28 06:01:10,0.00000396,5052.00000000
2018-02-28 06:01:11,0.00000396,1263.00000000
2018-02-28 06:01:13,0.00000397,50.00000000
2018-02-28 06:01:15,0.00000396,23976.00000000
2018-02-28 06:01:16,0.00000396,3169.00000000
2018-02-28 06:01:17,0.00000397,253.00000000
2018-02-28 06:01:18,0.00000397,34631.00000000
2018-02-28 06:01:19,0.00000397,174045.00000000
2018-02-28 06:01:19,0.00000397,69319.00000000
2018-02-28 06:01:28,0.00000396,408.00000000
2018-02-28 06:01:28,0.00000396,4112.00000000
2018-02-28 06:01:28,0.00000396,2430.00000000
2018-02-28 06:01:30,0.00000397,161995.00000000
2018-02-28 06:01:42,0.00000397,2508.00000000
2018-02-28 06:01:42,0.00000398,19686.00000000
2018-02-28 06:01:47,0.00000397,116735.00000000
2018-02-28 06:01:53,0.00000397,4900.00000000
2018-02-28 06:01:59,0.00000396,15.00000000
2018-02-28 06:02:00,0.00000396,132.00000000
2018-02-28 06:02:03,0.00000397,639051.00000000
2018-02-28 06:02:05,0.00000398,474.00000000
2018-02-28 06:02:07,0.00000396,540.00000000
2018-02-28 06:02:08,0.00000396,100.00000000
2018-02-28 06:02:09,0.00000397,18709.00000000
2018-02-28 06:02:13,0.00000397,10000.00000000
2018-02-28 06:02:16,0.00000396,6.00000000
2018-02-28 06:02:17,0.00000397,29.00000000
2018-02-28 06:02:26,0.00000397,191656.00000000
2018-02-28 06:02:30,0.00000397,11424.00000000
2018-02-28 06:02:33,0.00000396,10.00000000
2018-02-28 06:02:35,0.00000397,12698.00000000
2018-02-28 06:02:44,0.00000397,295.00000000
2018-02-28 06:02:51,0.00000396,2102.00000000
2018-02-28 06:02:52,0.00000397,152521.00000000
2018-02-28 06:02:55,0.00000396,265.00000000
2018-02-28 06:02:57,0.00000397,1160.00000000
2018-02-28 06:02:59,0.00000396,216.00000000
2018-02-28 06:03:00,0.00000396,6.00000000
2018-02-28 06:03:01,0.00000397,10030.00000000
2018-02-28 06:03:05,0.00000396,2440.00000000
2018-02-28 06:03:12,0.00000397,12655.00000000
2018-02-28 06:03:13,0.00000397,280.00000000
2018-02-28 06:03:15,0.00000396,6.00000000
2018-02-28 06:03:15,0.00000397,4177.00000000
2018-02-28 06:03:26,0.00000397,173335.00000000
2018-02-28 06:03:28,0.00000396,5462.00000000
2018-02-28 06:03:45,0.00000397,4030.00000000
2018-02-28 06:03:52,0.00000396,190602.00000000
2018-02-28 06:03:59,0.00000397,7525.00000000
2018-02-28 06:04:06,0.00000396,1157.00000000
2018-02-28 06:04:11,0.00000396,167155.00000000
2018-02-28 06:04:13,0.00000397,11799.00000000
2018-02-28 06:04:16,0.00000396,600.00000000
2018-02-28 06:04:20,0.00000397,5397.00000000
2018-02-28 06:04:43,0.00000396,496.00000000
2018-02-28 06:04:44,0.00000396,14624.00000000
2018-02-28 06:04:44,0.00000397,156227.00000000
2018-02-28 06:04:46,0.00000396,8286.00000000
2018-02-28 06:05:06,0.00000396,812.00000000
2018-02-28 06:05:06,0.00000396,1100.00000000
2018-02-28 06:05:06,0.00000396,2752.00000000
2018-02-28 06:05:11,0.00000397,194256.00000000
2018-02-28 06:05:11,0.00000396,1956.00000000
2018-02-28 06:05:13,0.00000397,7000.00000000
2018-02-28 06:05:23,0.00000396,849.00000000
2018-02-28 06:05:29,0.00000397,6065.00000000
2018-02-28 06:05:29,0.00000396,138220.00000000
2018-02-28 06:05:37,0.00000396,5362.00000000
2018-02-28 06:05:42,0.00000396,2079.00000000
2018-02-28 06:05:45,0.00000396,450.00000000
2018-02-28 06:05:47,0.00000397,8932.00000000
2018-02-28 06:05:49,0.00000397,10726.00000000
2018-02-28 06:05:51,0.00000397,380.00000000
2018-02-28 06:05:55,0.00000397,211610.00000000
2018-02-28 06:05:56,0.00000396,198.00000000
2018-02-28 06:06:03,0.00000397,233.00000000
2018-02-28 06:06:14,0.00000397,6333.00000000
2018-02-28 06:06:16,0.00000396,1773.00000000
2018-02-28 06:06:17,0.00000396,156.00000000
2018-02-28 06:06:24,0.00000397,158404.00000000
2018-02-28 06:06:35,0.00000397,2518.00000000
2018-02-28 06:06:38,0.00000396,50.00000000
2018-02-28 06:06:42,0.00000396,16816.00000000
2018-02-28 06:06:55,0.00000397,30.00000000
2018-02-28 06:06:57,0.00000396,2000.00000000
2018-02-28 06:06:57,0.00000396,152106.00000000
2018-02-28 06:06:59,0.00000397,250.00000000
2018-02-28 06:07:04,0.00000397,4.00000000
2018-02-28 06:07:06,0.00000397,2005.00000000
2018-02-28 06:07:09,0.00000396,3851.00000000
2018-02-28 06:07:18,0.00000396,14214.00000000
2018-02-28 06:07:24,0.00000397,114121.00000000
2018-02-28 06:07:25,0.00000397,19.00000000
2018-02-28 06:07:26,0.00000397,72330.00000000
2018-02-28 06:07:29,0.00000396,7088.00000000
2018-02-28 06:07:39,0.00000396,12149.00000000
2018-02-28 06:07:41,0.00000397,8164.00000000
2018-02-28 06:07:44,0.00000396,195519.00000000
2018-02-28 06:07:45,0.00000396,7365.00000000
2018-02-28 06:07:49,0.00000397,1370.00000000
2018-02-28 06:08:00,0.00000397,12500.00000000
2018-02-28 06:08:06,0.00000397,168356.00000000
2018-02-28 06:08:11,0.00000397,1704.00000000
2018-02-28 06:08:12,0.00000397,600.00000000
2018-02-28 06:08:12,0.00000397,11000.00000000
2018-02-28 06:08:22,0.00000396,1406.00000000
2018-02-28 06:08:31,0.00000397,70648.00000000
2018-02-28 06:08:32,0.00000396,106873.00000000
2018-02-28 06:08:37,0.00000396,755.00000000
2018-02-28 06:08:45,0.00000396,743.00000000
2018-02-28 06:08:55,0.00000396,5262.00000000
2018-02-28 06:09:02,0.00000397,169125.00000000
2018-02-28 06:09:03,0.00000396,24175.00000000
2018-02-28 06:09:11,0.00000396,2547.00000000
2018-02-28 06:09:12,0.00000396,9881.00000000
2018-02-28 06:09:13,0.00000397,86.00000000
2018-02-28 06:09:25,0.00000396,9990.00000000
2018-02-28 06:09:28,0.00000397,127868.00000000
2018-02-28 06:09:29,0.00000397,82818.00000000
2018-02-28 06:09:33,0.00000397,13.00000000
2018-02-28 06:09:35,0.00000397,40656.00000000
2018-02-28 06:09:37,0.00000397,21307.00000000
2018-02-28 06:09:39,0.00000396,21.00000000
2018-02-28 06:09:49,0.00000396,112876.00000000
2018-02-28 06:09:55,0.00000397,1686.00000000
2018-02-28 06:10:01,0.00000397,24497.00000000
2018-02-28 06:10:12,0.00000397,183218.00000000
2018-02-28 06:10:14,0.00000397,174.00000000
2018-02-28 06:10:14,0.00000396,307.00000000
2018-02-28 06:10:20,0.00000396,280.00000000
2018-02-28 06:10:34,0.00000396,1000.00000000
2018-02-28 06:10:37,0.00000397,1047.00000000
2018-02-28 06:10:41,0.00000396,160939.00000000
2018-02-28 06:10:45,0.00000396,8000.00000000
2018-02-28 06:10:59,0.00000397,81849.00000000
2018-02-28 06:11:03,0.00000396,168423.00000000
2018-02-28 06:11:05,0.00000397,500.00000000
2018-02-28 06:11:07,0.00000397,9581.00000000
2018-02-28 06:11:09,0.00000396,1795.00000000
2018-02-28 06:11:21,0.00000397,3475.00000000
2018-02-28 06:11:26,0.00000397,423.00000000
2018-02-28 06:11:26,0.00000396,701.00000000
2018-02-28 06:11:29,0.00000397,77214.00000000
2018-02-28 06:11:30,0.00000396,26508.00000000
2018-02-28 06:11:30,0.00000397,1824.00000000
2018-02-28 06:11:34,0.00000396,182371.00000000
2018-02-28 06:11:37,0.00000396,410.00000000
2018-02-28 06:11:59,0.00000397,20064.00000000
2018-02-28 06:12:01,0.00000396,101370.00000000
2018-02-28 06:12:17,0.00000397,285.00000000
2018-02-28 06:12:28,0.00000397,170347.00000000
2018-02-28 06:12:34,0.00000397,230.00000000
2018-02-28 06:12:37,0.00000396,581.00000000
2018-02-28 06:12:42,0.00000397,251889.00000000
2018-02-28 06:12:44,0.00000397,16232.00000000
2018-02-28 06:12:49,0.00000397,25672.00000000
2018-02-28 06:12:50,0.00000397,1000.00000000
2018-02-28 06:12:52,0.00000397,251889.00000000
2018-02-28 06:12:53,0.00000397,199055.00000000
2018-02-28 06:13:00,0.00000397,2000.00000000
2018-02-28 06:13:05,0.00000396,1323.00000000
2018-02-28 06:13:05,0.00000397,336.00000000
2018-02-28 06:13:07,0.00000397,817.00000000
2018-02-28 06:13:18,0.00000397,200196.00000000
2018-02-28 06:13:19,0.00000397,1297.00000000
2018-02-28 06:13:19,0.00000397,2000.00000000
2018-02-28 06:13:25,0.00000397,251889.00000000
2018-02-28 06:13:30,0.00000396,557.00000000
2018-02-28 06:13:31,0.00000397,251889.00000000
2018-02-28 06:13:39,0.00000397,6783.00000000
2018-02-28 06:13:39,0.00000397,28000.00000000
2018-02-28 06:13:39,0.00000397,5000.00000000
2018-02-28 06:13:41,0.00000397,11349.00000000
2018-02-28 06:13:42,0.00000397,138491.00000000
2018-02-28 06:13:42,0.00000397,2161.00000000
2018-02-28 06:13:42,0.00000397,2250.00000000
2018-02-28 06:13:42,0.00000397,108987.00000000
2018-02-28 06:13:43,0.00000397,45679.00000000
2018-02-28 06:13:43,0.00000397,4925.00000000
2018-02-28 06:13:44,0.00000397,303.00000000
2018-02-28 06:13:45,0.00000397,300.00000000
2018-02-28 06:13:50,0.00000397,4669.00000000
2018-02-28 06:13:50,0.00000397,7596.00000000
2018-02-28 06:13:51,0.00000397,25188.00000000
2018-02-28 06:13:51,0.00000397,11191.00000000
2018-02-28 06:13:53,0.00000398,10887.00000000
2018-02-28 06:13:54,0.00000398,112.00000000
2018-02-28 06:14:00,0.00000398,60.00000000
2018-02-28 06:14:04,0.00000397,2200.00000000
2018-02-28 06:14:05,0.00000398,169314.00000000
2018-02-28 06:14:08,0.00000398,681.00000000
2018-02-28 06:14:10,0.00000397,160.00000000
2018-02-28 06:14:20,0.00000398,3000.00000000
2018-02-28 06:14:20,0.00000398,755667.00000000
2018-02-28 06:14:20,0.00000397,448.00000000
2018-02-28 06:14:21,0.00000398,158133.00000000
2018-02-28 06:14:26,0.00000398,1378.00000000
2018-02-28 06:14:27,0.00000397,16258.00000000
2018-02-28 06:14:29,0.00000397,90.00000000
2018-02-28 06:14:40,0.00000397,611.00000000
2018-02-28 06:14:42,0.00000398,12404.00000000
2018-02-28 06:14:42,0.00000397,20706.00000000
2018-02-28 06:14:45,0.00000397,203662.00000000
2018-02-28 06:14:46,0.00000398,502512.00000000
2018-02-28 06:14:46,0.00000397,26865.00000000
2018-02-28 06:14:47,0.00000398,3078.00000000
2018-02-28 06:14:48,0.00000397,27315.00000000
2018-02-28 06:14:51,0.00000398,763.00000000
2018-02-28 06:14:52,0.00000398,1989.00000000
2018-02-28 06:14:52,0.00000398,252.00000000
2018-02-28 06:14:52,0.00000398,12922.00000000
2018-02-28 06:15:02,0.00000398,50251.00000000
2018-02-28 06:15:04,0.00000397,1063.00000000
2018-02-28 06:15:09,0.00000397,131242.00000000
2018-02-28 06:15:28,0.00000397,1970.00000000
2018-02-28 06:15:29,0.00000397,1260.00000000
2018-02-28 06:15:29,0.00000397,2017.00000000
2018-02-28 06:15:29,0.00000398,84004.00000000
2018-02-28 06:15:31,0.00000397,450.00000000
2018-02-28 06:15:34,0.00000398,33683.00000000
2018-02-28 06:15:35,0.00000398,1091.00000000
2018-02-28 06:15:35,0.00000398,145917.00000000
2018-02-28 06:15:42,0.00000397,19.00000000
2018-02-28 06:15:44,0.00000397,9564.00000000
2018-02-28 06:15:55,0.00000398,20100.00000000
2018-02-28 06:15:59,0.00000398,421.00000000
2018-02-28 06:15:59,0.00000398,2533.00000000
2018-02-28 06:16:03,0.00000398,157814.00000000
2018-02-28 06:16:07,0.00000398,6580.00000000
2018-02-28 06:16:09,0.00000398,4578.00000000
2018-02-28 06:16:09,0.00000398,718.00000000
2018-02-28 06:16:17,0.00000398,585734.00000000
2018-02-28 06:16:30,0.00000398,1.00000000
2018-02-28 06:16:34,0.00000397,6041.00000000
2018-02-28 06:16:38,0.00000397,9798.00000000
2018-02-28 06:16:38,0.00000398,34265.00000000
2018-02-28 06:16:38,0.00000398,65429.00000000
2018-02-28 06:16:39,0.00000398,9640.00000000
2018-02-28 06:16:39,0.00000398,7719.00000000
2018-02-28 06:16:39,0.00000398,27940.00000000
2018-02-28 06:16:39,0.00000398,25125.00000000
2018-02-28 06:16:39,0.00000398,9748.00000000
2018-02-28 06:16:39,0.00000398,39518.00000000
2018-02-28 06:16:44,0.00000397,201239.00000000
2018-02-28 06:16:45,0.00000398,3911.00000000
2018-02-28 06:16:58,0.00000397,29032.00000000
2018-02-28 06:16:59,0.00000398,8273.00000000
2018-02-28 06:16:59,0.00000397,1166924.00000000
2018-02-28 06:16:59,0.00000396,685860.00000000
2018-02-28 06:17:04,0.00000397,13533.00000000
2018-02-28 06:17:04,0.00000397,18737.00000000
2018-02-28 06:17:06,0.00000397,5181.00000000
2018-02-28 06:17:06,0.00000397,441.00000000
2018-02-28 06:17:09,0.00000397,802.00000000
2018-02-28 06:17:11,0.00000397,926.00000000
2018-02-28 06:17:12,0.00000397,4155.00000000
2018-02-28 06:17:12,0.00000397,38005.00000000
2018-02-28 06:17:12,0.00000397,14899.00000000
2018-02-28 06:17:12,0.00000397,93515.00000000
2018-02-28 06:17:14,0.00000397,3900.00000000
2018-02-28 06:17:18,0.00000397,300.00000000
2018-02-28 06:17:24,0.00000397,7153.00000000
2018-02-28 06:17:24,0.00000397,300.00000000
2018-02-28 06:17:25,0.00000397,400.00000000
2018-02-28 06:17:28,0.00000397,106364.00000000
2018-02-28 06:17:28,0.00000397,1005.00000000
2018-02-28 06:17:28,0.00000397,113407.00000000
2018-02-28 06:17:29,0.00000398,2185.00000000
2018-02-28 06:17:32,0.00000397,51545.00000000
2018-02-28 06:17:34,0.00000397,1962.00000000
2018-02-28 06:17:37,0.00000397,748.00000000
2018-02-28 06:17:38,0.00000396,164797.00000000
2018-02-28 06:17:38,0.00000397,1239.00000000
2018-02-28 06:17:39,0.00000397,3.00000000
2018-02-28 06:17:47,0.00000397,905.00000000
2018-02-28 06:17:50,0.00000397,703.00000000
2018-02-28 06:17:55,0.00000397,556.00000000
2018-02-28 06:17:56,0.00000397,20753.00000000
2018-02-28 06:17:56,0.00000397,11192.00000000
2018-02-28 06:17:58,0.00000397,377.00000000
2018-02-28 06:18:07,0.00000396,182332.00000000
2018-02-28 06:18:07,0.00000397,2272.00000000
2018-02-28 06:18:08,0.00000396,2266.00000000
2018-02-28 06:18:12,0.00000397,19090.00000000
2018-02-28 06:18:20,0.00000396,3246.00000000
2018-02-28 06:18:26,0.00000397,331.00000000
2018-02-28 06:18:28,0.00000396,12624.00000000
2018-02-28 06:18:32,0.00000396,422.00000000
2018-02-28 06:18:34,0.00000396,207555.00000000
2018-02-28 06:18:42,0.00000396,7640.00000000
2018-02-28 06:18:45,0.00000396,118750.00000000
2018-02-28 06:18:51,0.00000396,10422.00000000
2018-02-28 06:18:53,0.00000396,11334.00000000
2018-02-28 06:18:53,0.00000396,48836.00000000
2018-02-28 06:19:00,0.00000397,8400.00000000
2018-02-28 06:19:06,0.00000397,125492.00000000
2018-02-28 06:19:27,0.00000396,703.00000000
2018-02-28 06:19:30,0.00000397,417.00000000
2018-02-28 06:19:30,0.00000396,95557.00000000
2018-02-28 06:19:30,0.00000396,22286.00000000
2018-02-28 06:19:35,0.00000397,5613.00000000
2018-02-28 06:19:36,0.00000396,21176.00000000
2018-02-28 06:19:40,0.00000396,5230.00000000
2018-02-28 06:19:40,0.00000396,5825.00000000
2018-02-28 06:19:40,0.00000396,539081.00000000
2018-02-28 06:19:40,0.00000397,12626.00000000
2018-02-28 06:19:41,0.00000397,500.00000000
2018-02-28 06:19:44,0.00000396,999.00000000
2018-02-28 06:19:48,0.00000396,35372.00000000
2018-02-28 06:19:48,0.00000396,17184.00000000
2018-02-28 06:19:49,0.00000396,9011.00000000
2018-02-28 06:19:49,0.00000396,2000.00000000
2018-02-28 06:19:50,0.00000396,1782.00000000
2018-02-28 06:19:50,0.00000396,36644.00000000
2018-02-28 06:19:52,0.00000396,2161.00000000
2018-02-28 06:19:54,0.00000396,2477.00000000
2018-02-28 06:19:55,0.00000396,253.00000000
2018-02-28 06:19:56,0.00000396,2000.00000000
2018-02-28 06:20:01,0.00000396,1322.00000000
2018-02-28 06:20:01,0.00000396,11324.00000000
2018-02-28 06:20:01,0.00000396,2100.00000000
2018-02-28 06:20:02,0.00000395,50251.00000000
2018-02-28 06:20:03,0.00000395,834.00000000
2018-02-28 06:20:04,0.00000396,3715.00000000
2018-02-28 06:20:04,0.00000395,167094.00000000
2018-02-28 06:20:05,0.00000395,15749.00000000
2018-02-28 06:20:07,0.00000396,751.00000000
2018-02-28 06:20:09,0.00000395,2500.00000000
2018-02-28 06:20:11,0.00000396,126262.00000000
2018-02-28 06:20:14,0.00000396,16209.00000000
2018-02-28 06:20:14,0.00000396,2525.00000000
2018-02-28 06:20:15,0.00000396,15015.00000000
2018-02-28 06:20:28,0.00000396,47867.00000000
2018-02-28 06:20:29,0.00000395,152207.00000000
2018-02-28 06:20:30,0.00000396,6050.00000000
2018-02-28 06:20:39,0.00000396,1351.00000000
2018-02-28 06:20:40,0.00000395,14412.00000000
2018-02-28 06:20:40,0.00000396,177.00000000
2018-02-28 06:20:42,0.00000396,8.00000000
2018-02-28 06:20:44,0.00000396,168.00000000
2018-02-28 06:20:46,0.00000397,1582.00000000
2018-02-28 06:20:50,0.00000397,1096.00000000
2018-02-28 06:20:50,0.00000397,4.00000000
2018-02-28 06:20:51,0.00000397,11849.00000000
2018-02-28 06:20:54,0.00000396,147.00000000
2018-02-28 06:20:55,0.00000395,133545.00000000
2018-02-28 06:20:59,0.00000396,3000.00000000
2018-02-28 06:21:05,0.00000396,5439.00000000
2018-02-28 06:21:07,0.00000396,17225.00000000
2018-02-28 06:21:07,0.00000396,5.00000000
2018-02-28 06:21:08,0.00000396,48000.00000000
2018-02-28 06:21:08,0.00000396,8112.00000000
2018-02-28 06:21:09,0.00000396,510.00000000
2018-02-28 06:21:20,0.00000396,1.00000000
2018-02-28 06:21:24,0.00000396,7002.00000000
2018-02-28 06:21:26,0.00000396,193162.00000000
2018-02-28 06:21:29,0.00000395,783.00000000
2018-02-28 06:21:38,0.00000396,1600.00000000
2018-02-28 06:21:41,0.00000395,30334.00000000
2018-02-28 06:21:46,0.00000396,9278.00000000
2018-02-28 06:21:47,0.00000396,178468.00000000
2018-02-28 06:21:56,0.00000396,25316.00000000
2018-02-28 06:21:57,0.00000396,6708.00000000
2018-02-28 06:22:00,0.00000395,115449.00000000
2018-02-28 06:22:04,0.00000396,4262.00000000
2018-02-28 06:22:07,0.00000395,2500.00000000
2018-02-28 06:22:10,0.00000395,203800.00000000
2018-02-28 06:22:20,0.00000395,292132.00000000
2018-02-28 06:22:24,0.00000395,270840.00000000
2018-02-28 06:22:24,0.00000395,6820.00000000
2018-02-28 06:22:24,0.00000395,6820.00000000
2018-02-28 06:22:24,0.00000395,6820.00000000
2018-02-28 06:22:24,0.00000395,3718.00000000
2018-02-28 06:22:24,0.00000395,20749.00000000
2018-02-28 06:22:25,0.00000395,4785.00000000
2018-02-28 06:22:26,0.00000395,2520.00000000
2018-02-28 06:22:26,0.00000395,8343.00000000
2018-02-28 06:22:27,0.00000395,4500.00000000
2018-02-28 06:22:29,0.00000395,179565.00000000
2018-02-28 06:22:29,0.00000395,2524.00000000
2018-02-28 06:22:29,0.00000395,7112.00000000
2018-02-28 06:22:29,0.00000395,60023.00000000
2018-02-28 06:22:29,0.00000395,111020.00000000
2018-02-28 06:22:31,0.00000395,2139.00000000
2018-02-28 06:22:34,0.00000396,30305.00000000
2018-02-28 06:22:41,0.00000396,2334.00000000
2018-02-28 06:22:41,0.00000395,29111.00000000
2018-02-28 06:22:42,0.00000395,3005.00000000
2018-02-28 06:22:42,0.00000395,1863.00000000
2018-02-28 06:22:45,0.00000394,111020.00000000
2018-02-28 06:22:46,0.00000395,800.00000000
2018-02-28 06:22:47,0.00000395,4500.00000000
2018-02-28 06:22:47,0.00000394,1263.00000000
2018-02-28 06:22:49,0.00000395,120326.00000000
2018-02-28 06:22:58,0.00000395,501.00000000
2018-02-28 06:22:59,0.00000395,10000.00000000
2018-02-28 06:23:01,0.00000395,1071.00000000
2018-02-28 06:23:04,0.00000394,60342.00000000
2018-02-28 06:23:06,0.00000395,12658.00000000
2018-02-28 06:23:10,0.00000395,2007.00000000
2018-02-28 06:23:10,0.00000394,3073.00000000
2018-02-28 06:23:10,0.00000395,103860.00000000
2018-02-28 06:23:11,0.00000395,5584.00000000
2018-02-28 06:23:14,0.00000394,181029.00000000
2018-02-28 06:23:15,0.00000395,100.00000000
2018-02-28 06:23:17,0.00000395,12658.00000000
2018-02-28 06:23:20,0.00000394,421.00000000
2018-02-28 06:23:20,0.00000395,6231.00000000
2018-02-28 06:23:21,0.00000394,20565.00000000
2018-02-28 06:23:24,0.00000395,18218.00000000
2018-02-28 06:23:25,0.00000395,12335.00000000
2018-02-28 06:23:25,0.00000395,644.00000000
2018-02-28 06:23:29,0.00000395,686.00000000
2018-02-28 06:23:30,0.00000394,618.00000000
2018-02-28 06:23:32,0.00000395,12611.00000000
2018-02-28 06:23:33,0.00000395,169457.00000000
2018-02-28 06:23:33,0.00000395,12611.00000000
2018-02-28 06:23:33,0.00000395,1197.00000000
2018-02-28 06:23:34,0.00000395,3398.00000000
2018-02-28 06:23:34,0.00000395,284.00000000
2018-02-28 06:23:34,0.00000395,5016.00000000
2018-02-28 06:23:47,0.00000395,42.00000000
2018-02-28 06:23:49,0.00000396,142713.00000000
2018-02-28 06:23:52,0.00000396,35318.00000000
2018-02-28 06:23:53,0.00000396,8830.00000000
2018-02-28 06:23:54,0.00000395,74566.00000000
2018-02-28 06:23:55,0.00000395,2213.00000000
2018-02-28 06:23:57,0.00000395,59911.00000000
2018-02-28 06:23:58,0.00000395,553.00000000
2018-02-28 06:24:00,0.00000395,420.00000000
2018-02-28 06:24:00,0.00000395,138.00000000
2018-02-28 06:24:00,0.00000395,105680.00000000
2018-02-28 06:24:02,0.00000395,35.00000000
2018-02-28 06:24:04,0.00000395,8.00000000
2018-02-28 06:24:06,0.00000395,2.00000000
2018-02-28 06:24:06,0.00000395,1167.00000000
2018-02-28 06:24:08,0.00000395,1.00000000
2018-02-28 06:24:17,0.00000395,568502.00000000
2018-02-28 06:24:19,0.00000396,1939.00000000
2018-02-28 06:24:22,0.00000395,3010.00000000
2018-02-28 06:24:26,0.00000395,31972.00000000
2018-02-28 06:24:27,0.00000395,31640.00000000
2018-02-28 06:24:29,0.00000395,330123.00000000
2018-02-28 06:24:29,0.00000396,1795.00000000
2018-02-28 06:24:32,0.00000395,292132.00000000
2018-02-28 06:24:37,0.00000395,16940.00000000
2018-02-28 06:24:38,0.00000395,24614.00000000
2018-02-28 06:24:41,0.00000395,782.00000000
2018-02-28 06:24:42,0.00000394,175219.00000000
2018-02-28 06:24:52,0.00000394,2000.00000000
2018-02-28 06:24:55,0.00000395,338.00000000
2018-02-28 06:24:59,0.00000394,6001.00000000
2018-02-28 06:25:03,0.00000395,1936.00000000
2018-02-28 06:25:04,0.00000395,548.00000000
2018-02-28 06:25:05,0.00000395,201722.00000000
2018-02-28 06:25:06,0.00000395,5558.00000000
2018-02-28 06:25:11,0.00000395,261.00000000
2018-02-28 06:25:13,0.00000395,361.00000000
2018-02-28 06:25:16,0.00000395,25377.00000000
2018-02-28 06:25:17,0.00000395,5028.00000000
2018-02-28 06:25:19,0.00000395,6619.00000000
2018-02-28 06:25:21,0.00000395,366103.00000000
2018-02-28 06:25:27,0.00000395,19849.00000000
2018-02-28 06:25:30,0.00000396,9532.00000000
2018-02-28 06:25:37,0.00000396,267.00000000
2018-02-28 06:25:38,0.00000396,10002.00000000
2018-02-28 06:25:39,0.00000396,1844.00000000
2018-02-28 06:25:42,0.00000395,73085.00000000
2018-02-28 06:25:42,0.00000395,122486.00000000
2018-02-28 06:25:45,0.00000395,4995.00000000
2018-02-28 06:25:52,0.00000395,9723.00000000
2018-02-28 06:25:53,0.00000396,1212.00000000
2018-02-28 06:25:57,0.00000396,60049.00000000
2018-02-28 06:26:06,0.00000395,9584.00000000
2018-02-28 06:26:08,0.00000395,138.00000000
2018-02-28 06:26:08,0.00000395,88629.00000000
2018-02-28 06:26:08,0.00000395,56411.00000000
2018-02-28 06:26:11,0.00000396,16596.00000000
2018-02-28 06:26:11,0.00000396,1867.00000000
2018-02-28 06:26:15,0.00000395,10000.00000000
2018-02-28 06:26:19,0.00000395,1809.00000000
2018-02-28 06:26:29,0.00000394,915.00000000
2018-02-28 06:26:31,0.00000395,21033.00000000
2018-02-28 06:26:32,0.00000394,215358.00000000
2018-02-28 06:26:32,0.00000395,88989.00000000
2018-02-28 06:26:35,0.00000395,19185.00000000
2018-02-28 06:26:36,0.00000395,2120.00000000
2018-02-28 06:26:41,0.00000395,5275.00000000
2018-02-28 06:26:41,0.00000394,9679.00000000
2018-02-28 06:26:55,0.00000395,2035.00000000
2018-02-28 06:26:59,0.00000395,150929.00000000
2018-02-28 06:27:19,0.00000394,1207.00000000
2018-02-28 06:27:20,0.00000395,1130.00000000
2018-02-28 06:27:21,0.00000394,174386.00000000
2018-02-28 06:27:23,0.00000394,28707.00000000
2018-02-28 06:27:25,0.00000395,1265.00000000
2018-02-28 06:27:26,0.00000395,5500.00000000
2018-02-28 06:27:30,0.00000395,18990.00000000
2018-02-28 06:27:32,0.00000395,300.00000000
2018-02-28 06:27:34,0.00000395,2150.00000000
2018-02-28 06:27:37,0.00000395,33291.00000000
2018-02-28 06:27:39,0.00000395,400.00000000
2018-02-28 06:27:46,0.00000394,173910.00000000
2018-02-28 06:27:48,0.00000395,300.00000000
2018-02-28 06:27:51,0.00000394,16480.00000000
2018-02-28 06:27:55,0.00000394,76675.00000000
2018-02-28 06:27:56,0.00000394,16855.00000000
2018-02-28 06:28:07,0.00000395,1204.00000000
2018-02-28 06:28:08,0.00000395,216441.00000000
2018-02-28 06:28:09,0.00000395,2132.00000000
2018-02-28 06:28:11,0.00000394,267.00000000
2018-02-28 06:28:12,0.00000394,105094.00000000
2018-02-28 06:28:18,0.00000395,4986.00000000
2018-02-28 06:28:22,0.00000394,171579.00000000
2018-02-28 06:28:31,0.00000395,3400.00000000
2018-02-28 06:28:33,0.00000394,183247.00000000
2018-02-28 06:28:34,0.00000394,1328.00000000
2018-02-28 06:28:36,0.00000394,338.00000000
2018-02-28 06:28:49,0.00000395,4317.00000000
2018-02-28 06:28:50,0.00000394,9322.00000000
2018-02-28 06:28:52,0.00000395,7513.00000000
2018-02-28 06:28:54,0.00000394,9991.00000000
2018-02-28 06:28:54,0.00000394,72897.00000000
2018-02-28 06:28:56,0.00000394,1566.00000000
2018-02-28 06:28:56,0.00000394,47926.00000000
2018-02-28 06:28:56,0.00000395,127378.00000000
2018-02-28 06:28:56,0.00000395,1274.00000000
2018-02-28 06:28:58,0.00000394,407.00000000
2018-02-28 06:28:59,0.00000394,1610.00000000
2018-02-28 06:29:01,0.00000395,6899.00000000
2018-02-28 06:29:02,0.00000394,2966.00000000
2018-02-28 06:29:12,0.00000395,7477.00000000
2018-02-28 06:29:17,0.00000394,210316.00000000
2018-02-28 06:29:17,0.00000395,4324.00000000
2018-02-28 06:29:17,0.00000394,1160.00000000
2018-02-28 06:29:25,0.00000394,16391.00000000
2018-02-28 06:29:26,0.00000394,5294.00000000
2018-02-28 06:29:27,0.00000394,21000.00000000
2018-02-28 06:29:39,0.00000395,43610.00000000
2018-02-28 06:29:40,0.00000395,6704.00000000
2018-02-28 06:29:41,0.00000395,103763.00000000
2018-02-28 06:29:44,0.00000395,3898.00000000
2018-02-28 06:29:45,0.00000394,4180.00000000
2018-02-28 06:29:46,0.00000393,1596.00000000
2018-02-28 06:29:47,0.00000394,35715.00000000
2018-02-28 06:29:47,0.00000394,14286.00000000
2018-02-28 06:29:47,0.00000393,36363.00000000
2018-02-28 06:29:47,0.00000394,6464.00000000
2018-02-28 06:29:47,0.00000394,7150.00000000
2018-02-28 06:29:48,0.00000393,5012.00000000
2018-02-28 06:29:49,0.00000393,675.00000000
2018-02-28 06:29:50,0.00000393,962.00000000
2018-02-28 06:29:52,0.00000393,297.00000000
2018-02-28 06:29:58,0.00000393,6788.00000000
2018-02-28 06:30:02,0.00000393,835.00000000
2018-02-28 06:30:03,0.00000394,5076.00000000
2018-02-28 06:30:06,0.00000394,3046.00000000
2018-02-28 06:30:06,0.00000394,142408.00000000
2018-02-28 06:30:07,0.00000394,2002.00000000
2018-02-28 06:30:09,0.00000394,4764.00000000
2018-02-28 06:30:14,0.00000393,900.00000000
2018-02-28 06:30:15,0.00000394,7469.00000000
2018-02-28 06:30:18,0.00000393,30261.00000000
2018-02-28 06:30:23,0.00000394,56724.00000000
2018-02-28 06:30:36,0.00000395,943.00000000
2018-02-28 06:30:39,0.00000395,118500.00000000
2018-02-28 06:30:40,0.00000394,14728.00000000
2018-02-28 06:30:41,0.00000394,25380.00000000
2018-02-28 06:30:42,0.00000394,25380.00000000
2018-02-28 06:30:42,0.00000394,272232.00000000
2018-02-28 06:30:43,0.00000394,13872.00000000
2018-02-28 06:30:46,0.00000393,19994.00000000
2018-02-28 06:30:47,0.00000395,32124.00000000
2018-02-28 06:30:49,0.00000394,502.00000000
2018-02-28 06:30:50,0.00000394,388488.00000000
2018-02-28 06:30:51,0.00000394,2249.00000000
2018-02-28 06:30:57,0.00000394,2538.00000000
2018-02-28 06:30:57,0.00000394,1462.00000000
2018-02-28 06:31:01,0.00000394,304333.00000000
2018-02-28 06:31:03,0.00000394,2000.00000000
2018-02-28 06:31:03,0.00000394,598.00000000
2018-02-28 06:31:03,0.00000395,375.00000000
2018-02-28 06:31:04,0.00000393,1269.00000000
2018-02-28 06:31:05,0.00000394,6597.00000000
2018-02-28 06:31:09,0.00000393,1057.00000000
2018-02-28 06:31:12,0.00000393,1269.00000000
2018-02-28 06:31:14,0.00000393,20000.00000000
2018-02-28 06:31:14,0.00000393,6.00000000
2018-02-28 06:31:16,0.00000393,1686.00000000
2018-02-28 06:31:19,0.00000394,197561.00000000
2018-02-28 06:31:19,0.00000395,593426.00000000
2018-02-28 06:31:23,0.00000395,6.00000000
2018-02-28 06:31:27,0.00000394,12416.00000000
2018-02-28 06:31:29,0.00000395,2531.00000000
2018-02-28 06:31:30,0.00000394,3756.00000000
2018-02-28 06:31:32,0.00000394,192591.00000000
2018-02-28 06:31:37,0.00000394,42984.00000000
2018-02-28 06:31:38,0.00000394,407.00000000
2018-02-28 06:31:39,0.00000394,3666.00000000
2018-02-28 06:31:39,0.00000394,165349.00000000
2018-02-28 06:31:40,0.00000394,300.00000000
2018-02-28 06:31:46,0.00000394,43266.00000000
2018-02-28 06:31:48,0.00000394,1830.00000000
2018-02-28 06:31:49,0.00000394,143332.00000000
2018-02-28 06:31:49,0.00000393,283.00000000
2018-02-28 06:31:57,0.00000394,166785.00000000
2018-02-28 06:32:00,0.00000394,38.00000000
2018-02-28 06:32:00,0.00000394,1000.00000000
2018-02-28 06:32:06,0.00000394,500599.00000000
2018-02-28 06:32:07,0.00000394,24473.00000000
2018-02-28 06:32:07,0.00000395,951.00000000
2018-02-28 06:32:11,0.00000394,1258.00000000
2018-02-28 06:32:12,0.00000394,1269.00000000
2018-02-28 06:32:14,0.00000394,9260.00000000
2018-02-28 06:32:14,0.00000394,13165.00000000
2018-02-28 06:32:14,0.00000394,105510.00000000
2018-02-28 06:32:15,0.00000394,2537.00000000
2018-02-28 06:32:15,0.00000394,791.00000000
2018-02-28 06:32:20,0.00000394,4574.00000000
2018-02-28 06:32:27,0.00000394,12375.00000000
2018-02-28 06:32:27,0.00000394,111193.00000000
2018-02-28 06:32:28,0.00000394,999.00000000
2018-02-28 06:32:30,0.00000394,1019.00000000
2018-02-28 06:32:30,0.00000394,1933.00000000
2018-02-28 06:32:30,0.00000394,17710.00000000
2018-02-28 06:32:31,0.00000394,25380.00000000
2018-02-28 06:32:34,0.00000395,110028.00000000
2018-02-28 06:32:38,0.00000394,111173.00000000
2018-02-28 06:32:44,0.00000394,13987.00000000
2018-02-28 06:32:46,0.00000395,47673.00000000
2018-02-28 06:32:54,0.00000394,184860.00000000
2018-02-28 06:32:54,0.00000394,18331.00000000
2018-02-28 06:32:59,0.00000394,305.00000000
2018-02-28 06:32:59,0.00000394,1031.00000000
2018-02-28 06:32:59,0.00000394,6500.00000000
2018-02-28 06:33:00,0.00000394,189833.00000000
2018-02-28 06:33:03,0.00000394,1925.00000000
2018-02-28 06:33:03,0.00000394,25380.00000000
2018-02-28 06:33:03,0.00000394,1530.00000000
2018-02-28 06:33:04,0.00000394,12400.00000000
2018-02-28 06:33:06,0.00000394,4995.00000000
2018-02-28 06:33:06,0.00000394,52774.00000000
2018-02-28 06:33:06,0.00000394,5997.00000000
2018-02-28 06:33:08,0.00000394,2331.00000000
2018-02-28 06:33:09,0.00000394,1916.00000000
2018-02-28 06:33:12,0.00000395,24.00000000
2018-02-28 06:33:14,0.00000394,116903.00000000
2018-02-28 06:33:26,0.00000395,1012.00000000
2018-02-28 06:33:28,0.00000394,41633.00000000
2018-02-28 06:33:30,0.00000394,12000.00000000
2018-02-28 06:33:31,0.00000394,15836.00000000
2018-02-28 06:33:33,0.00000394,487.00000000
2018-02-28 06:33:33,0.00000395,165182.00000000
2018-02-28 06:33:35,0.00000394,3130.00000000
2018-02-28 06:33:36,0.00000394,619.00000000
2018-02-28 06:33:47,0.00000395,30000.00000000
2018-02-28 06:33:48,0.00000394,4208.00000000
2018-02-28 06:33:48,0.00000394,52758.00000000
2018-02-28 06:33:49,0.00000394,16863.00000000
2018-02-28 06:33:49,0.00000394,21262.00000000
2018-02-28 06:33:54,0.00000394,115453.00000000
2018-02-28 06:33:57,0.00000394,970.00000000
2018-02-28 06:33:59,0.00000394,168322.00000000
2018-02-28 06:33:59,0.00000394,10557.00000000
2018-02-28 06:34:01,0.00000395,9934.00000000
2018-02-28 06:34:02,0.00000394,148945.00000000
2018-02-28 06:34:12,0.00000394,25380.00000000
2018-02-28 06:34:12,0.00000394,17625.00000000
2018-02-28 06:34:13,0.00000395,10000.00000000
2018-02-28 06:34:16,0.00000394,15932.00000000
2018-02-28 06:34:25,0.00000394,203764.00000000
2018-02-28 06:34:28,0.00000394,48716.00000000
2018-02-28 06:34:30,0.00000394,4995.00000000
2018-02-28 06:34:35,0.00000394,1269.00000000
2018-02-28 06:34:46,0.00000395,148436.00000000
2018-02-28 06:34:56,0.00000395,1456.00000000
2018-02-28 06:34:58,0.00000395,21286.00000000
2018-02-28 06:34:59,0.00000394,87605.00000000
2018-02-28 06:34:59,0.00000394,148813.00000000
2018-02-28 06:35:01,0.00000394,300000.00000000
2018-02-28 06:35:08,0.00000394,4789.00000000
2018-02-28 06:35:11,0.00000393,209428.00000000
2018-02-28 06:35:30,0.00000393,1786.00000000
2018-02-28 06:35:35,0.00000394,87405.00000000
2018-02-28 06:35:37,0.00000393,2032.00000000
2018-02-28 06:35:37,0.00000394,4880.00000000
2018-02-28 06:35:39,0.00000393,130782.00000000
2018-02-28 06:35:40,0.00000393,5000.00000000
2018-02-28 06:35:40,0.00000393,91137.00000000
2018-02-28 06:35:42,0.00000394,255.00000000
2018-02-28 06:35:44,0.00000394,7614.00000000
2018-02-28 06:35:46,0.00000393,26468.00000000
2018-02-28 06:36:06,0.00000394,194151.00000000
2018-02-28 06:36:13,0.00000393,341.00000000
2018-02-28 06:36:18,0.00000394,14591.00000000
2018-02-28 06:36:19,0.00000394,409.00000000
2018-02-28 06:36:19,0.00000394,99028.00000000
2018-02-28 06:36:19,0.00000394,2000.00000000
2018-02-28 06:36:21,0.00000395,64.00000000
2018-02-28 06:36:21,0.00000395,1156.00000000
2018-02-28 06:36:23,0.00000395,11948.00000000
2018-02-28 06:36:23,0.00000394,990.00000000
2018-02-28 06:36:25,0.00000395,204243.00000000
2018-02-28 06:36:27,0.00000394,256.00000000
2018-02-28 06:36:28,0.00000395,180.00000000
2018-02-28 06:36:28,0.00000394,4241.00000000
2018-02-28 06:36:28,0.00000394,972.00000000
2018-02-28 06:36:31,0.00000394,15418.00000000
2018-02-28 06:36:31,0.00000394,2537.00000000
2018-02-28 06:36:33,0.00000395,2531.00000000
2018-02-28 06:36:40,0.00000394,18499.00000000
2018-02-28 06:36:45,0.00000395,1075449.00000000
2018-02-28 06:36:45,0.00000395,32099.00000000
2018-02-28 06:36:45,0.00000395,9839.00000000
2018-02-28 06:36:45,0.00000395,12619.00000000
2018-02-28 06:36:46,0.00000395,2032.00000000
2018-02-28 06:36:46,0.00000395,2683.00000000
2018-02-28 06:36:47,0.00000395,406.00000000
2018-02-28 06:36:47,0.00000395,34822.00000000
2018-02-28 06:36:47,0.00000395,50111.00000000
2018-02-28 06:36:52,0.00000396,97289.00000000
2018-02-28 06:36:58,0.00000396,18412.00000000
2018-02-28 06:37:00,0.00000395,5873.00000000
2018-02-28 06:37:00,0.00000396,4.00000000
2018-02-28 06:37:01,0.00000396,16636.00000000
2018-02-28 06:37:03,0.00000396,79115.00000000
2018-02-28 06:37:03,0.00000396,45706.00000000
2018-02-28 06:37:03,0.00000396,19600.00000000
2018-02-28 06:37:05,0.00000396,253.00000000
2018-02-28 06:37:06,0.00000396,96483.00000000
2018-02-28 06:37:09,0.00000396,208912.00000000
2018-02-28 06:37:09,0.00000396,6090.00000000
2018-02-28 06:37:10,0.00000396,2720.00000000
2018-02-28 06:37:18,0.00000395,2000.00000000
2018-02-28 06:37:29,0.00000396,18436.00000000
2018-02-28 06:37:32,0.00000396,27662.00000000
2018-02-28 06:37:38,0.00000396,382.00000000
2018-02-28 06:37:39,0.00000396,117674.00000000
2018-02-28 06:37:41,0.00000396,1197.00000000
2018-02-28 06:37:42,0.00000396,76212.00000000
2018-02-28 06:37:43,0.00000396,1064.00000000
2018-02-28 06:37:48,0.00000396,48960.00000000
2018-02-28 06:37:50,0.00000396,28683.00000000
2018-02-28 06:37:50,0.00000395,1700.00000000
2018-02-28 06:37:51,0.00000396,16315.00000000
2018-02-28 06:37:51,0.00000395,63452.00000000
2018-02-28 06:37:51,0.00000395,4500.00000000
2018-02-28 06:37:52,0.00000396,23864.00000000
2018-02-28 06:37:53,0.00000395,10500.00000000
2018-02-28 06:37:53,0.00000395,12690.00000000
2018-02-28 06:37:55,0.00000396,3419.00000000
2018-02-28 06:37:55,0.00000396,1638.00000000
2018-02-28 06:37:57,0.00000395,12690.00000000
2018-02-28 06:37:57,0.00000395,11346.00000000
2018-02-28 06:37:59,0.00000395,12690.00000000
2018-02-28 06:38:00,0.00000396,11334.00000000
2018-02-28 06:38:00,0.00000395,5231.00000000
2018-02-28 06:38:00,0.00000396,420.00000000
2018-02-28 06:38:00,0.00000395,10500.00000000
2018-02-28 06:38:00,0.00000395,16821.00000000
2018-02-28 06:38:01,0.00000395,12690.00000000
2018-02-28 06:38:01,0.00000396,37837.00000000
2018-02-28 06:38:01,0.00000396,32528.00000000
2018-02-28 06:38:02,0.00000395,500.00000000
2018-02-28 06:38:02,0.00000395,5000.00000000
2018-02-28 06:38:03,0.00000395,3667.00000000
2018-02-28 06:38:04,0.00000396,527.00000000
2018-02-28 06:38:04,0.00000396,2880.00000000
2018-02-28 06:38:04,0.00000395,2525.00000000
2018-02-28 06:38:04,0.00000395,12690.00000000
2018-02-28 06:38:05,0.00000395,5000.00000000
2018-02-28 06:38:06,0.00000395,500.00000000
2018-02-28 06:38:06,0.00000395,9800.00000000
2018-02-28 06:38:06,0.00000395,50632.00000000
2018-02-28 06:38:06,0.00000395,2359.00000000
2018-02-28 06:38:06,0.00000395,4930.00000000
2018-02-28 06:38:07,0.00000396,4680.00000000
2018-02-28 06:38:08,0.00000395,12690.00000000
2018-02-28 06:38:08,0.00000395,50000.00000000
2018-02-28 06:38:08,0.00000395,41662.00000000
2018-02-28 06:38:09,0.00000395,4500.00000000
2018-02-28 06:38:09,0.00000396,153466.00000000
2018-02-28 06:38:09,0.00000395,8272.00000000
2018-02-28 06:38:10,0.00000395,3644.00000000
2018-02-28 06:38:12,0.00000395,12690.00000000
2018-02-28 06:38:12,0.00000395,1172.00000000
2018-02-28 06:38:13,0.00000395,12690.00000000
2018-02-28 06:38:14,0.00000395,500.00000000
2018-02-28 06:38:14,0.00000395,4500.00000000
2018-02-28 06:38:15,0.00000395,12690.00000000
2018-02-28 06:38:17,0.00000395,12690.00000000
2018-02-28 06:38:19,0.00000395,12690.00000000
2018-02-28 06:38:20,0.00000395,500.00000000
2018-02-28 06:38:23,0.00000396,400.00000000
2018-02-28 06:38:25,0.00000395,500.00000000
2018-02-28 06:38:31,0.00000395,2538.00000000
2018-02-28 06:38:32,0.00000395,500.00000000
2018-02-28 06:38:33,0.00000395,2538.00000000
2018-02-28 06:38:33,0.00000396,2525.00000000
2018-02-28 06:38:34,0.00000395,2538.00000000
2018-02-28 06:38:35,0.00000395,142832.00000000
2018-02-28 06:38:37,0.00000396,6431.00000000
2018-02-28 06:38:39,0.00000395,500.00000000
2018-02-28 06:38:42,0.00000395,2538.00000000
2018-02-28 06:38:44,0.00000395,2538.00000000
2018-02-28 06:38:45,0.00000395,500.00000000
2018-02-28 06:38:48,0.00000395,6818.00000000
2018-02-28 06:38:50,0.00000395,97192.00000000
2018-02-28 06:38:51,0.00000395,500.00000000
2018-02-28 06:38:57,0.00000395,19121.00000000
2018-02-28 06:38:57,0.00000395,2538.00000000
2018-02-28 06:38:58,0.00000395,4829.00000000
2018-02-28 06:38:59,0.00000395,500.00000000
2018-02-28 06:38:59,0.00000395,11936.00000000
2018-02-28 06:39:00,0.00000395,115112.00000000
2018-02-28 06:39:00,0.00000396,1000.00000000
2018-02-28 06:39:01,0.00000396,125404.00000000
2018-02-28 06:39:01,0.00000396,75.00000000
2018-02-28 06:39:03,0.00000395,27979.00000000
2018-02-28 06:39:04,0.00000395,500.00000000
2018-02-28 06:39:05,0.00000395,34440.00000000
2018-02-28 06:39:06,0.00000395,40648.00000000
2018-02-28 06:39:06,0.00000395,22396.00000000
2018-02-28 06:39:19,0.00000395,41.00000000
2018-02-28 06:39:27,0.00000395,283872.00000000
2018-02-28 06:39:28,0.00000395,2502.00000000
2018-02-28 06:39:28,0.00000395,1621.00000000
2018-02-28 06:39:29,0.00000395,188981.00000000
2018-02-28 06:39:30,0.00000395,1581.00000000
2018-02-28 06:39:32,0.00000394,1246.00000000
2018-02-28 06:39:33,0.00000394,1.00000000
2018-02-28 06:39:36,0.00000394,8993.00000000
2018-02-28 06:39:37,0.00000394,500.00000000
2018-02-28 06:39:41,0.00000395,18474.00000000
2018-02-28 06:39:41,0.00000395,500.00000000
2018-02-28 06:39:42,0.00000395,4000.00000000
2018-02-28 06:39:43,0.00000395,3349.00000000
2018-02-28 06:39:47,0.00000395,5732.00000000
2018-02-28 06:39:49,0.00000395,14098.00000000
2018-02-28 06:39:51,0.00000394,5.00000000
2018-02-28 06:39:55,0.00000394,205789.00000000
2018-02-28 06:40:09,0.00000395,115.00000000
2018-02-28 06:40:13,0.00000395,2453.00000000
2018-02-28 06:40:14,0.00000394,1360.00000000
2018-02-28 06:40:19,0.00000395,112831.00000000
2018-02-28 06:40:19,0.00000394,17.00000000
2018-02-28 06:40:21,0.00000394,9124.00000000
2018-02-28 06:40:22,0.00000394,5955.00000000
2018-02-28 06:40:24,0.00000395,4783.00000000
2018-02-28 06:40:25,0.00000395,1729.00000000
2018-02-28 06:40:26,0.00000394,7066.00000000
2018-02-28 06:40:30,0.00000395,30362.00000000
2018-02-28 06:40:31,0.00000395,670.00000000
2018-02-28 06:40:33,0.00000395,272.00000000
2018-02-28 06:40:33,0.00000395,3682.00000000
2018-02-28 06:40:36,0.00000394,19810.00000000
2018-02-28 06:40:38,0.00000394,13.00000000
2018-02-28 06:40:38,0.00000395,8154.00000000
2018-02-28 06:40:38,0.00000394,1513.00000000
2018-02-28 06:40:40,0.00000395,8153.00000000
2018-02-28 06:40:42,0.00000395,8861.00000000
2018-02-28 06:40:43,0.00000394,199777.00000000
2018-02-28 06:40:43,0.00000395,2211.00000000
2018-02-28 06:40:44,0.00000395,7584.00000000
2018-02-28 06:41:01,0.00000395,8509.00000000
2018-02-28 06:41:01,0.00000395,40.00000000
2018-02-28 06:41:01,0.00000396,3.00000000
2018-02-28 06:41:06,0.00000396,9391.00000000
2018-02-28 06:41:06,0.00000395,55287.00000000
2018-02-28 06:41:07,0.00000395,408.00000000
2018-02-28 06:41:07,0.00000395,54160.00000000
2018-02-28 06:41:07,0.00000395,10407.00000000
2018-02-28 06:41:07,0.00000395,42778.00000000
2018-02-28 06:41:08,0.00000395,2014.00000000
2018-02-28 06:41:08,0.00000395,408.00000000
2018-02-28 06:41:08,0.00000395,4714.00000000
2018-02-28 06:41:10,0.00000395,2719.00000000
2018-02-28 06:41:10,0.00000395,18391.00000000
2018-02-28 06:41:11,0.00000395,1546.00000000
2018-02-28 06:41:11,0.00000395,12011.00000000
2018-02-28 06:41:11,0.00000394,2500.00000000
2018-02-28 06:41:12,0.00000394,21754.00000000
2018-02-28 06:41:12,0.00000394,60854.00000000
2018-02-28 06:41:14,0.00000395,128144.00000000
2018-02-28 06:41:17,0.00000395,29539.00000000
2018-02-28 06:41:18,0.00000395,20776.00000000
2018-02-28 06:41:19,0.00000395,25380.00000000
2018-02-28 06:41:19,0.00000395,6463.00000000
2018-02-28 06:41:27,0.00000395,6024.00000000
2018-02-28 06:41:31,0.00000394,21043.00000000
2018-02-28 06:41:31,0.00000395,101672.00000000
2018-02-28 06:41:32,0.00000394,20094.00000000
2018-02-28 06:41:34,0.00000394,1318.00000000
2018-02-28 06:41:37,0.00000395,136811.00000000
2018-02-28 06:41:38,0.00000395,42455.00000000
2018-02-28 06:41:41,0.00000395,3722.00000000
2018-02-28 06:41:47,0.00000396,183768.00000000
2018-02-28 06:41:56,0.00000395,52000.00000000
2018-02-28 06:41:57,0.00000396,1819.00000000
2018-02-28 06:41:59,0.00000395,500.00000000
2018-02-28 06:42:04,0.00000395,20802.00000000
2018-02-28 06:42:10,0.00000396,172481.00000000
2018-02-28 06:42:26,0.00000396,694.00000000
2018-02-28 06:42:28,0.00000395,212549.00000000
2018-02-28 06:42:29,0.00000396,25555.00000000
2018-02-28 06:42:33,0.00000396,34558.00000000
2018-02-28 06:42:46,0.00000396,1693.00000000
2018-02-28 06:42:47,0.00000396,3195.00000000
2018-02-28 06:42:47,0.00000396,4000.00000000
2018-02-28 06:42:50,0.00000396,196399.00000000
2018-02-28 06:42:51,0.00000396,5362.00000000
2018-02-28 06:42:56,0.00000396,498.00000000
2018-02-28 06:42:57,0.00000396,32.00000000
2018-02-28 06:43:00,0.00000396,4401.00000000
2018-02-28 06:43:02,0.00000396,42018.00000000
2018-02-28 06:43:03,0.00000396,6835.00000000
2018-02-28 06:43:03,0.00000396,4.00000000
2018-02-28 06:43:04,0.00000396,1000.00000000
2018-02-28 06:43:09,0.00000395,53089.00000000
2018-02-28 06:43:12,0.00000396,24.00000000
2018-02-28 06:43:12,0.00000395,143694.00000000
2018-02-28 06:43:13,0.00000396,15274.00000000
2018-02-28 06:43:19,0.00000395,4578.00000000
2018-02-28 06:43:21,0.00000396,4112.00000000
2018-02-28 06:43:25,0.00000396,74424.00000000
2018-02-28 06:43:27,0.00000396,26387.00000000
2018-02-28 06:43:31,0.00000396,16323.00000000
2018-02-28 06:43:31,0.00000396,5000.00000000
2018-02-28 06:43:32,0.00000396,10000.00000000
2018-02-28 06:43:33,0.00000396,408.00000000
2018-02-28 06:43:35,0.00000395,209012.00000000
2018-02-28 06:43:40,0.00000395,3176.00000000
2018-02-28 06:43:45,0.00000395,5742.00000000
2018-02-28 06:43:46,0.00000395,3000.00000000
2018-02-28 06:43:54,0.00000395,1194.00000000
2018-02-28 06:43:56,0.00000395,36963.00000000
2018-02-28 06:43:58,0.00000396,10000.00000000
2018-02-28 06:44:02,0.00000395,7963.00000000
2018-02-28 06:44:04,0.00000396,158072.00000000
2018-02-28 06:44:06,0.00000395,239988.00000000
2018-02-28 06:44:06,0.00000395,408.00000000
2018-02-28 06:44:07,0.00000395,2779.00000000
2018-02-28 06:44:07,0.00000395,7313.00000000
2018-02-28 06:44:08,0.00000395,2350.00000000
2018-02-28 06:44:08,0.00000395,7524.00000000
2018-02-28 06:44:19,0.00000395,4101.00000000
2018-02-28 06:44:30,0.00000396,201491.00000000
2018-02-28 06:44:36,0.00000396,5039.00000000
2018-02-28 06:44:36,0.00000395,1998.00000000
2018-02-28 06:44:40,0.00000395,176062.00000000
2018-02-28 06:44:53,0.00000396,500.00000000
2018-02-28 06:44:54,0.00000395,66415.00000000
2018-02-28 06:44:55,0.00000395,170974.00000000
2018-02-28 06:44:55,0.00000395,5627.00000000
2018-02-28 06:45:06,0.00000395,83378.00000000
2018-02-28 06:45:15,0.00000396,195238.00000000
2018-02-28 06:45:21,0.00000395,24856.00000000
2018-02-28 06:45:21,0.00000396,119793.00000000
2018-02-28 06:45:21,0.00000396,12618.00000000
2018-02-28 06:45:24,0.00000396,25025.00000000
2018-02-28 06:45:29,0.00000395,4.00000000
2018-02-28 06:45:29,0.00000395,4830.00000000
2018-02-28 06:45:40,0.00000396,175180.00000000
2018-02-28 06:45:40,0.00000396,2525.00000000
2018-02-28 06:45:44,0.00000396,952.00000000
2018-02-28 06:45:50,0.00000395,35959.00000000
2018-02-28 06:45:59,0.00000396,861.00000000
2018-02-28 06:46:03,0.00000395,11528.00000000
2018-02-28 06:46:06,0.00000396,12614.00000000
2018-02-28 06:46:07,0.00000395,193941.00000000
2018-02-28 06:46:07,0.00000396,6797.00000000
2018-02-28 06:46:09,0.00000396,100592.00000000
2018-02-28 06:46:10,0.00000396,599.00000000
2018-02-28 06:46:12,0.00000396,205469.00000000
2018-02-28 06:46:13,0.00000397,319.00000000
2018-02-28 06:46:13,0.00000396,505.00000000
2018-02-28 06:46:15,0.00000396,517.00000000
2018-02-28 06:46:17,0.00000397,1568.00000000
2018-02-28 06:46:17,0.00000396,49562.00000000
2018-02-28 06:46:17,0.00000396,50748.00000000
2018-02-28 06:46:18,0.00000396,50851.00000000
2018-02-28 06:46:18,0.00000396,1386.00000000
2018-02-28 06:46:18,0.00000396,8795.00000000
2018-02-28 06:46:19,0.00000396,5599.00000000
2018-02-28 06:46:23,0.00000396,19240.00000000
2018-02-28 06:46:31,0.00000396,2532.00000000
2018-02-28 06:46:33,0.00000396,2532.00000000
2018-02-28 06:46:34,0.00000397,12385.00000000
2018-02-28 06:46:35,0.00000396,691.00000000
2018-02-28 06:46:36,0.00000397,12191.00000000
2018-02-28 06:46:37,0.00000397,4023.00000000
2018-02-28 06:46:37,0.00000396,1496.00000000
2018-02-28 06:46:38,0.00000396,168430.00000000
2018-02-28 06:46:39,0.00000396,1910.00000000
2018-02-28 06:46:39,0.00000396,1197.00000000
2018-02-28 06:46:43,0.00000397,3131.00000000
2018-02-28 06:46:47,0.00000397,7809.00000000
2018-02-28 06:46:47,0.00000396,7341.00000000
2018-02-28 06:47:07,0.00000397,29956.00000000
2018-02-28 06:47:10,0.00000397,136798.00000000
2018-02-28 06:47:10,0.00000397,17791.00000000
2018-02-28 06:47:11,0.00000396,450.00000000
2018-02-28 06:47:12,0.00000397,12100.00000000
2018-02-28 06:47:23,0.00000396,10528.00000000
2018-02-28 06:47:28,0.00000396,6765.00000000
2018-02-28 06:47:31,0.00000397,1656.00000000
2018-02-28 06:47:34,0.00000396,163753.00000000
2018-02-28 06:47:35,0.00000396,1002.00000000
2018-02-28 06:47:46,0.00000396,28654.00000000
2018-02-28 06:47:47,0.00000397,1.00000000
2018-02-28 06:47:56,0.00000397,174983.00000000
2018-02-28 06:48:01,0.00000397,8342.00000000
2018-02-28 06:48:09,0.00000397,4349.00000000
2018-02-28 06:48:11,0.00000397,50000.00000000
2018-02-28 06:48:13,0.00000396,1241.00000000
2018-02-28 06:48:16,0.00000396,1824.00000000
2018-02-28 06:48:16,0.00000397,11981.00000000
2018-02-28 06:48:19,0.00000396,213585.00000000
2018-02-28 06:48:20,0.00000397,2325.00000000
2018-02-28 06:48:20,0.00000396,12534.00000000
2018-02-28 06:48:25,0.00000396,905.00000000
2018-02-28 06:48:26,0.00000396,300.00000000
2018-02-28 06:48:26,0.00000396,30382.00000000
2018-02-28 06:48:29,0.00000396,20000.00000000
2018-02-28 06:48:31,0.00000396,103829.00000000
2018-02-28 06:48:32,0.00000396,9050.00000000
2018-02-28 06:48:34,0.00000397,624.00000000
2018-02-28 06:48:37,0.00000396,116285.00000000
2018-02-28 06:48:38,0.00000396,11194.00000000
2018-02-28 06:48:38,0.00000397,1664.00000000
2018-02-28 06:48:43,0.00000396,2001.00000000
2018-02-28 06:48:45,0.00000396,11412.00000000
2018-02-28 06:48:49,0.00000396,4995.00000000
2018-02-28 06:48:53,0.00000396,56864.00000000
2018-02-28 06:48:54,0.00000396,60507.00000000
2018-02-28 06:48:58,0.00000396,248711.00000000
2018-02-28 06:48:58,0.00000396,10867.00000000
2018-02-28 06:48:59,0.00000396,18980.00000000
2018-02-28 06:48:59,0.00000396,313.00000000
2018-02-28 06:49:03,0.00000395,43548.00000000
2018-02-28 06:49:04,0.00000396,9166.00000000
2018-02-28 06:49:08,0.00000396,9053.00000000
2018-02-28 06:49:09,0.00000396,1703.00000000
2018-02-28 06:49:10,0.00000396,5000.00000000
2018-02-28 06:49:11,0.00000396,153505.00000000
2018-02-28 06:49:12,0.00000396,55206.00000000
2018-02-28 06:49:15,0.00000396,2329.00000000
2018-02-28 06:49:16,0.00000396,16582.00000000
2018-02-28 06:49:18,0.00000396,429.00000000
2018-02-28 06:49:19,0.00000396,2329.00000000
2018-02-28 06:49:20,0.00000396,11976.00000000
2018-02-28 06:49:21,0.00000396,715.00000000
2018-02-28 06:49:22,0.00000396,9564.00000000
2018-02-28 06:49:22,0.00000396,408.00000000
2018-02-28 06:49:22,0.00000396,10934.00000000
2018-02-28 06:49:24,0.00000396,5674.00000000
2018-02-28 06:49:25,0.00000396,4994.00000000
2018-02-28 06:49:27,0.00000396,3000.00000000
2018-02-28 06:49:27,0.00000396,1430.00000000
2018-02-28 06:49:28,0.00000396,5048.00000000
2018-02-28 06:49:29,0.00000396,25316.00000000
2018-02-28 06:49:29,0.00000396,24892.00000000
2018-02-28 06:49:29,0.00000395,2648.00000000
2018-02-28 06:49:29,0.00000396,14167.00000000
2018-02-28 06:49:31,0.00000396,25316.00000000
2018-02-28 06:49:31,0.00000396,105922.00000000
2018-02-28 06:49:31,0.00000396,684.00000000
2018-02-28 06:49:35,0.00000397,178421.00000000
2018-02-28 06:49:39,0.00000397,17000.00000000
2018-02-28 06:49:45,0.00000396,16863.00000000
2018-02-28 06:49:47,0.00000397,2299.00000000
2018-02-28 06:49:49,0.00000397,302796.00000000
2018-02-28 06:49:53,0.00000397,30554.00000000
2018-02-28 06:49:54,0.00000397,612.00000000
2018-02-28 06:49:59,0.00000397,142698.00000000
2018-02-28 06:50:01,0.00000397,325.00000000
2018-02-28 06:50:07,0.00000396,8935.00000000
2018-02-28 06:50:09,0.00000397,1628.00000000
2018-02-28 06:50:16,0.00000396,1000.00000000
2018-02-28 06:50:20,0.00000397,11034.00000000
2018-02-28 06:50:24,0.00000397,592.00000000
2018-02-28 06:50:24,0.00000397,1.00000000
2018-02-28 06:50:27,0.00000396,112506.00000000
2018-02-28 06:50:41,0.00000397,1960.00000000
2018-02-28 06:50:45,0.00000397,3022.00000000
2018-02-28 06:50:47,0.00000396,6673.00000000
2018-02-28 06:50:49,0.00000397,7111.00000000
2018-02-28 06:50:50,0.00000397,155201.00000000
2018-02-28 06:50:53,0.00000396,1257.00000000
2018-02-28 06:50:55,0.00000396,11171.00000000
2018-02-28 06:51:08,0.00000397,575.00000000
2018-02-28 06:51:10,0.00000396,206762.00000000
2018-02-28 06:51:14,0.00000396,12655.00000000
2018-02-28 06:51:16,0.00000396,8265.00000000
2018-02-28 06:51:22,0.00000397,815.00000000
2018-02-28 06:51:30,0.00000397,25189.00000000
2018-02-28 06:51:31,0.00000397,2138.00000000
2018-02-28 06:51:33,0.00000396,2.00000000
2018-02-28 06:51:34,0.00000397,3279.00000000
2018-02-28 06:51:34,0.00000396,1000.00000000
2018-02-28 06:51:35,0.00000397,131699.00000000
2018-02-28 06:51:38,0.00000397,7476.00000000
2018-02-28 06:51:38,0.00000397,74204.00000000
2018-02-28 06:51:40,0.00000397,1761.00000000
2018-02-28 06:51:40,0.00000396,11610.00000000
2018-02-28 06:51:42,0.00000397,9319.00000000
2018-02-28 06:51:47,0.00000396,19407.00000000
2018-02-28 06:51:53,0.00000396,1156.00000000
2018-02-28 06:51:53,0.00000397,48.00000000
2018-02-28 06:51:55,0.00000396,270.00000000
2018-02-28 06:52:00,0.00000397,188013.00000000
2018-02-28 06:52:01,0.00000397,38.00000000
2018-02-28 06:52:03,0.00000396,1000.00000000
2018-02-28 06:52:05,0.00000396,12986.00000000
2018-02-28 06:52:15,0.00000397,252.00000000
2018-02-28 06:52:24,0.00000397,114053.00000000
2018-02-28 06:52:25,0.00000397,22629.00000000
2018-02-28 06:52:25,0.00000396,2716.00000000
2018-02-28 06:52:31,0.00000396,7204.00000000
2018-02-28 06:52:32,0.00000396,16349.00000000
2018-02-28 06:52:35,0.00000397,5017.00000000
2018-02-28 06:52:45,0.00000396,25000.00000000
2018-02-28 06:52:50,0.00000396,520.00000000
2018-02-28 06:52:56,0.00000397,102048.00000000
2018-02-28 06:52:58,0.00000396,255.00000000
2018-02-28 06:53:15,0.00000396,892.00000000
2018-02-28 06:53:17,0.00000396,13972.00000000
2018-02-28 06:53:20,0.00000396,422.00000000
2018-02-28 06:53:22,0.00000396,500.00000000
2018-02-28 06:53:24,0.00000397,2.00000000
2018-02-28 06:53:25,0.00000397,125013.00000000
2018-02-28 06:53:29,0.00000396,3502.00000000
2018-02-28 06:53:29,0.00000397,7159.00000000
2018-02-28 06:53:31,0.00000396,16000.00000000
2018-02-28 06:53:48,0.00000396,1119.00000000
2018-02-28 06:53:52,0.00000397,328.00000000
2018-02-28 06:53:53,0.00000396,128393.00000000
2018-02-28 06:54:04,0.00000396,4224.00000000
2018-02-28 06:54:09,0.00000396,2606.00000000
2018-02-28 06:54:17,0.00000396,24660.00000000
2018-02-28 06:54:22,0.00000396,175491.00000000
2018-02-28 06:54:34,0.00000396,500.00000000
2018-02-28 06:54:36,0.00000397,14950.00000000
2018-02-28 06:54:37,0.00000396,500.00000000
2018-02-28 06:54:41,0.00000396,1336.00000000
2018-02-28 06:54:45,0.00000396,187431.00000000
2018-02-28 06:54:47,0.00000396,22175.00000000
2018-02-28 06:54:48,0.00000396,516.00000000
2018-02-28 06:54:49,0.00000396,4661.00000000
2018-02-28 06:54:52,0.00000397,5994.00000000
2018-02-28 06:54:57,0.00000397,5670.00000000
2018-02-28 06:54:57,0.00000396,2648.00000000
2018-02-28 06:55:00,0.00000396,184568.00000000
2018-02-28 06:55:01,0.00000396,24308.00000000
2018-02-28 06:55:01,0.00000397,790.00000000
2018-02-28 06:55:03,0.00000396,164248.00000000
2018-02-28 06:55:05,0.00000396,58857.00000000
2018-02-28 06:55:11,0.00000395,157878.00000000
2018-02-28 06:55:12,0.00000396,48695.00000000
2018-02-28 06:55:14,0.00000396,62386.00000000
2018-02-28 06:55:19,0.00000396,5840.00000000
2018-02-28 06:55:26,0.00000396,3151.00000000
2018-02-28 06:55:29,0.00000396,3227.00000000
2018-02-28 06:55:30,0.00000396,141976.00000000
2018-02-28 06:55:31,0.00000397,54336.00000000
2018-02-28 06:55:33,0.00000397,2518.00000000
2018-02-28 06:55:36,0.00000397,2287.00000000
2018-02-28 06:55:42,0.00000397,10040.00000000
2018-02-28 06:55:48,0.00000397,1778.00000000
2018-02-28 06:55:49,0.00000397,1028.00000000
2018-02-28 06:55:51,0.00000396,181410.00000000
2018-02-28 06:55:54,0.00000396,76519.00000000
2018-02-28 06:55:54,0.00000396,7324.00000000
2018-02-28 06:55:59,0.00000396,534.00000000
2018-02-28 06:56:05,0.00000397,12.00000000
2018-02-28 06:56:10,0.00000396,1264.00000000
2018-02-28 06:56:11,0.00000396,408.00000000
2018-02-28 06:56:11,0.00000396,20516.00000000
2018-02-28 06:56:16,0.00000397,141124.00000000
2018-02-28 06:56:16,0.00000396,7859.00000000
2018-02-28 06:56:17,0.00000396,2121.00000000
2018-02-28 06:56:18,0.00000396,2528.00000000
2018-02-28 06:56:27,0.00000396,2022.00000000
2018-02-28 06:56:28,0.00000396,1263.00000000
2018-02-28 06:56:35,0.00000396,11037.00000000
2018-02-28 06:56:36,0.00000396,3244.00000000
2018-02-28 06:56:40,0.00000396,8983.00000000
2018-02-28 06:56:41,0.00000396,2926.00000000
2018-02-28 06:56:42,0.00000396,23943.00000000
2018-02-28 06:56:44,0.00000397,128106.00000000
2018-02-28 06:56:53,0.00000397,17435.00000000
2018-02-28 06:56:56,0.00000396,312.00000000
2018-02-28 06:57:03,0.00000397,1194.00000000
2018-02-28 06:57:12,0.00000397,204619.00000000
2018-02-28 06:57:23,0.00000397,285856.00000000
2018-02-28 06:57:23,0.00000397,12758.00000000
2018-02-28 06:57:23,0.00000397,1073.00000000
2018-02-28 06:57:31,0.00000396,2361.00000000
2018-02-28 06:57:34,0.00000397,750.00000000
2018-02-28 06:57:39,0.00000396,114360.00000000
2018-02-28 06:57:49,0.00000397,177000.00000000
2018-02-28 06:57:54,0.00000397,2080.00000000
2018-02-28 06:57:58,0.00000397,214689.00000000
2018-02-28 06:57:58,0.00000397,158310.00000000
2018-02-28 06:58:01,0.00000396,371.00000000
2018-02-28 06:58:02,0.00000397,2407.00000000
2018-02-28 06:58:04,0.00000397,13070.00000000
2018-02-28 06:58:06,0.00000397,1627.00000000
2018-02-28 06:58:09,0.00000397,12491.00000000
2018-02-28 06:58:09,0.00000397,12594.00000000
2018-02-28 06:58:10,0.00000397,10188.00000000
2018-02-28 06:58:20,0.00000397,112608.00000000
2018-02-28 06:58:24,0.00000397,3185.00000000
2018-02-28 06:58:26,0.00000397,3052.00000000
2018-02-28 06:58:26,0.00000396,46536.00000000
2018-02-28 06:58:37,0.00000397,3273.00000000
2018-02-28 06:58:38,0.00000397,1.00000000
2018-02-28 06:58:40,0.00000396,1206.00000000
2018-02-28 06:58:47,0.00000396,105323.00000000
2018-02-28 06:58:47,0.00000397,2665.00000000
2018-02-28 06:58:49,0.00000397,506.00000000
2018-02-28 06:58:49,0.00000397,4102.00000000
2018-02-28 06:58:53,0.00000397,951.00000000
2018-02-28 06:58:55,0.00000397,3076.00000000
2018-02-28 06:58:55,0.00000396,15080.00000000
2018-02-28 06:58:59,0.00000397,2307.00000000
2018-02-28 06:59:01,0.00000396,10090.00000000
2018-02-28 06:59:02,0.00000397,579.00000000
2018-02-28 06:59:04,0.00000397,1731.00000000
2018-02-28 06:59:33,0.00000396,150991.00000000
2018-02-28 06:59:33,0.00000397,1298.00000000
2018-02-28 06:59:33,0.00000396,1279596.00000000
2018-02-28 06:59:33,0.00000396,2161.00000000
2018-02-28 06:59:34,0.00000396,377.00000000
2018-02-28 06:59:34,0.00000396,69286.00000000
2018-02-28 06:59:34,0.00000396,1258.00000000
2018-02-28 06:59:34,0.00000396,4091.00000000
2018-02-28 06:59:34,0.00000396,1109.00000000
2018-02-28 06:59:35,0.00000396,388.00000000
2018-02-28 06:59:35,0.00000396,2488.00000000
2018-02-28 06:59:36,0.00000396,2454.00000000
2018-02-28 06:59:37,0.00000396,3896.00000000
2018-02-28 06:59:38,0.00000396,5114.00000000
2018-02-28 06:59:39,0.00000396,11354.00000000
2018-02-28 06:59:41,0.00000396,3021.00000000
2018-02-28 06:59:44,0.00000395,132297.00000000
