DATE,PRICE,VOLUME
2018-02-28 15:00:00,0.00000398,884.00000000
2018-02-28 15:00:00,0.00000398,130000.00000000
2018-02-28 15:00:01,0.00000398,1583.00000000
2018-02-28 15:00:02,0.00000398,70.00000000
2018-02-28 15:00:02,0.00000398,50125.00000000
2018-02-28 15:00:03,0.00000399,1282.00000000
2018-02-28 15:00:04,0.00000398,999.00000000
2018-02-28 15:00:06,0.00000398,7105.00000000
2018-02-28 15:00:06,0.00000399,4204.00000000
2018-02-28 15:00:08,0.00000398,4687.00000000
2018-02-28 15:00:08,0.00000397,1304.00000000
2018-02-28 15:00:09,0.00000397,5271.00000000
2018-02-28 15:00:09,0.00000397,1474.00000000
2018-02-28 15:00:09,0.00000398,463798.00000000
2018-02-28 15:00:11,0.00000398,522.00000000
2018-02-28 15:00:11,0.00000397,632.00000000
2018-02-28 15:00:11,0.00000398,26000.00000000
2018-02-28 15:00:12,0.00000398,31634.00000000
2018-02-28 15:00:12,0.00000399,416.00000000
2018-02-28 15:00:14,0.00000399,5811.00000000
2018-02-28 15:00:15,0.00000399,500.00000000
2018-02-28 15:00:15,0.00000397,10.00000000
2018-02-28 15:00:17,0.00000398,1049.00000000
2018-02-28 15:00:17,0.00000399,1023.00000000
2018-02-28 15:00:18,0.00000399,100.00000000
2018-02-28 15:00:18,0.00000399,1453.00000000
2018-02-28 15:00:19,0.00000399,484.00000000
2018-02-28 15:00:20,0.00000398,1954.00000000
2018-02-28 15:00:20,0.00000397,2696.00000000
2018-02-28 15:00:22,0.00000399,150.00000000
2018-02-28 15:00:23,0.00000398,377357.00000000
2018-02-28 15:00:25,0.00000398,1139.00000000
2018-02-28 15:00:25,0.00000399,75.00000000
2018-02-28 15:00:26,0.00000398,352.00000000
2018-02-28 15:00:26,0.00000399,289.00000000
2018-02-28 15:00:27,0.00000398,652.00000000
2018-02-28 15:00:27,0.00000397,1055.00000000
2018-02-28 15:00:28,0.00000398,628.00000000
2018-02-28 15:00:28,0.00000399,14908.00000000
2018-02-28 15:00:31,0.00000398,2060.00000000
2018-02-28 15:00:33,0.00000398,549929.00000000
2018-02-28 15:00:33,0.00000398,753.00000000
2018-02-28 15:00:33,0.00000398,1881.00000000
2018-02-28 15:00:34,0.00000398,816.00000000
2018-02-28 15:00:37,0.00000397,30.00000000
2018-02-28 15:00:39,0.00000398,497.00000000
2018-02-28 15:00:41,0.00000398,850.00000000
2018-02-28 15:00:41,0.00000398,824.00000000
2018-02-28 15:00:41,0.00000399,25.00000000
2018-02-28 15:00:43,0.00000398,507.00000000
2018-02-28 15:00:43,0.00000397,300.00000000
2018-02-28 15:00:44,0.00000399,5.00000000
2018-02-28 15:00:47,0.00000397,1269.00000000
2018-02-28 15:00:48,0.00000399,10.00000000
2018-02-28 15:00:48,0.00000398,25125.00000000
2018-02-28 15:00:48,0.00000398,183803.00000000
2018-02-28 15:00:50,0.00000398,25125.00000000
2018-02-28 15:00:50,0.00000398,65367.00000000
2018-02-28 15:00:50,0.00000399,251.00000000
2018-02-28 15:00:51,0.00000398,25125.00000000
2018-02-28 15:00:51,0.00000399,83.00000000
2018-02-28 15:00:51,0.00000398,60371.00000000
2018-02-28 15:00:54,0.00000397,19433.00000000
2018-02-28 15:00:56,0.00000397,1711.00000000
2018-02-28 15:00:59,0.00000397,5000.00000000
2018-02-28 15:01:02,0.00000398,8134.00000000
2018-02-28 15:01:02,0.00000398,20199.00000000
2018-02-28 15:01:02,0.00000398,435.00000000
2018-02-28 15:01:03,0.00000398,12970.00000000
2018-02-28 15:01:03,0.00000398,134673.00000000
2018-02-28 15:01:03,0.00000398,435.00000000
2018-02-28 15:01:03,0.00000398,55037.00000000
2018-02-28 15:01:04,0.00000398,2582.00000000
2018-02-28 15:01:04,0.00000399,15683.00000000
2018-02-28 15:01:05,0.00000399,749.00000000
2018-02-28 15:01:05,0.00000398,39363.00000000
2018-02-28 15:01:08,0.00000399,2523.00000000
2018-02-28 15:01:08,0.00000399,3891.00000000
2018-02-28 15:01:09,0.00000398,4999.00000000
2018-02-28 15:01:10,0.00000399,1284.00000000
2018-02-28 15:01:19,0.00000398,53478.00000000
2018-02-28 15:01:19,0.00000398,2633.00000000
2018-02-28 15:01:19,0.00000398,165200.00000000
2018-02-28 15:01:20,0.00000398,4437.00000000
2018-02-28 15:01:20,0.00000398,45162.00000000
2018-02-28 15:01:34,0.00000399,4639.00000000
2018-02-28 15:01:35,0.00000399,123464.00000000
2018-02-28 15:01:36,0.00000399,110.00000000
2018-02-28 15:01:37,0.00000398,279.00000000
2018-02-28 15:01:38,0.00000398,34090.00000000
2018-02-28 15:01:38,0.00000399,2500.00000000
2018-02-28 15:01:41,0.00000399,4639.00000000
2018-02-28 15:01:41,0.00000399,4609.00000000
2018-02-28 15:01:50,0.00000398,81702.00000000
2018-02-28 15:01:52,0.00000399,267.00000000
2018-02-28 15:01:53,0.00000398,5000.00000000
2018-02-28 15:01:59,0.00000399,267.00000000
2018-02-28 15:02:00,0.00000399,556.00000000
2018-02-28 15:02:00,0.00000398,137756.00000000
2018-02-28 15:02:04,0.00000399,13042.00000000
2018-02-28 15:02:09,0.00000398,16281.00000000
2018-02-28 15:02:16,0.00000398,300.00000000
2018-02-28 15:02:22,0.00000398,1722.00000000
2018-02-28 15:02:25,0.00000398,4500.00000000
2018-02-28 15:02:25,0.00000399,156604.00000000
2018-02-28 15:02:31,0.00000399,22456.00000000
2018-02-28 15:02:35,0.00000398,1000.00000000
2018-02-28 15:02:51,0.00000398,106763.00000000
2018-02-28 15:02:51,0.00000398,34943.00000000
2018-02-28 15:02:51,0.00000398,962.00000000
2018-02-28 15:02:52,0.00000398,27310.00000000
2018-02-28 15:02:56,0.00000398,3756.00000000
2018-02-28 15:02:57,0.00000399,389.00000000
2018-02-28 15:03:04,0.00000398,300.00000000
2018-02-28 15:03:07,0.00000397,4604.00000000
2018-02-28 15:03:18,0.00000397,22433.00000000
2018-02-28 15:03:19,0.00000398,1070.00000000
2018-02-28 15:03:20,0.00000398,637.00000000
2018-02-28 15:03:21,0.00000397,1100.00000000
2018-02-28 15:03:21,0.00000397,112393.00000000
2018-02-28 15:03:21,0.00000398,3.00000000
2018-02-28 15:03:22,0.00000398,3.00000000
2018-02-28 15:03:22,0.00000397,283.00000000
2018-02-28 15:03:27,0.00000397,10000.00000000
2018-02-28 15:03:28,0.00000398,580.00000000
2018-02-28 15:03:29,0.00000397,64336.00000000
2018-02-28 15:03:33,0.00000398,3835.00000000
2018-02-28 15:03:33,0.00000398,36243.00000000
2018-02-28 15:03:33,0.00000398,265.00000000
2018-02-28 15:03:34,0.00000398,29686.00000000
2018-02-28 15:03:34,0.00000398,3300.00000000
2018-02-28 15:03:38,0.00000398,88.00000000
2018-02-28 15:03:38,0.00000397,37517.00000000
2018-02-28 15:03:39,0.00000398,2160.00000000
2018-02-28 15:03:39,0.00000397,5000.00000000
2018-02-28 15:03:42,0.00000398,26078.00000000
2018-02-28 15:03:43,0.00000397,131485.00000000
2018-02-28 15:03:46,0.00000397,764.00000000
2018-02-28 15:03:54,0.00000397,11643.00000000
2018-02-28 15:03:58,0.00000398,845.00000000
2018-02-28 15:03:59,0.00000398,248.00000000
2018-02-28 15:04:04,0.00000398,216651.00000000
2018-02-28 15:04:04,0.00000397,873.00000000
2018-02-28 15:04:05,0.00000398,298.00000000
2018-02-28 15:04:05,0.00000398,1219.00000000
2018-02-28 15:04:13,0.00000398,2526.00000000
2018-02-28 15:04:23,0.00000398,11454.00000000
2018-02-28 15:04:24,0.00000398,29802.00000000
2018-02-28 15:04:30,0.00000398,2480.00000000
2018-02-28 15:04:33,0.00000397,192881.00000000
2018-02-28 15:04:34,0.00000398,2000.00000000
2018-02-28 15:04:39,0.00000397,9982.00000000
2018-02-28 15:04:45,0.00000397,2978.00000000
2018-02-28 15:04:46,0.00000397,600.00000000
2018-02-28 15:04:46,0.00000397,6.00000000
2018-02-28 15:04:48,0.00000397,500.00000000
2018-02-28 15:04:50,0.00000397,7.00000000
2018-02-28 15:04:57,0.00000398,4066.00000000
2018-02-28 15:04:57,0.00000397,215121.00000000
2018-02-28 15:04:58,0.00000397,2397.00000000
2018-02-28 15:05:01,0.00000397,10000.00000000
2018-02-28 15:05:03,0.00000398,3000.00000000
2018-02-28 15:05:06,0.00000397,1838.00000000
2018-02-28 15:05:08,0.00000398,845.00000000
2018-02-28 15:05:10,0.00000398,16779.00000000
2018-02-28 15:05:10,0.00000397,36767.00000000
2018-02-28 15:05:11,0.00000398,118927.00000000
2018-02-28 15:05:16,0.00000398,492.00000000
2018-02-28 15:05:16,0.00000397,139074.00000000
2018-02-28 15:05:16,0.00000397,495871.00000000
2018-02-28 15:05:17,0.00000397,17861.00000000
2018-02-28 15:05:17,0.00000397,100205.00000000
2018-02-28 15:05:17,0.00000397,2512.00000000
2018-02-28 15:05:17,0.00000397,1872.00000000
2018-02-28 15:05:17,0.00000397,18366.00000000
2018-02-28 15:05:18,0.00000397,8827.00000000
2018-02-28 15:05:20,0.00000397,8092.00000000
2018-02-28 15:05:31,0.00000397,4000.00000000
2018-02-28 15:05:32,0.00000397,3683.00000000
2018-02-28 15:05:38,0.00000397,50377.00000000
2018-02-28 15:05:41,0.00000397,14650.00000000
2018-02-28 15:05:41,0.00000397,190.00000000
2018-02-28 15:05:42,0.00000397,41933.00000000
2018-02-28 15:05:44,0.00000397,186101.00000000
2018-02-28 15:05:45,0.00000397,492.00000000
2018-02-28 15:05:48,0.00000397,792.00000000
2018-02-28 15:05:49,0.00000397,5250.00000000
2018-02-28 15:05:54,0.00000397,271.00000000
2018-02-28 15:06:01,0.00000397,5247.00000000
2018-02-28 15:06:02,0.00000397,3865.00000000
2018-02-28 15:06:05,0.00000397,173603.00000000
2018-02-28 15:06:07,0.00000397,1919.00000000
2018-02-28 15:06:09,0.00000398,16556.00000000
2018-02-28 15:06:17,0.00000398,7721.00000000
2018-02-28 15:06:21,0.00000397,151275.00000000
2018-02-28 15:06:21,0.00000398,344.00000000
2018-02-28 15:06:22,0.00000397,28150.00000000
2018-02-28 15:06:23,0.00000397,980376.00000000
2018-02-28 15:06:24,0.00000398,2563.00000000
2018-02-28 15:06:24,0.00000397,25431.00000000
2018-02-28 15:06:24,0.00000398,1053.00000000
2018-02-28 15:06:26,0.00000397,39985.00000000
2018-02-28 15:06:30,0.00000397,4442.00000000
2018-02-28 15:06:30,0.00000397,44755.00000000
2018-02-28 15:06:31,0.00000397,60419.00000000
2018-02-28 15:06:32,0.00000397,182221.00000000
2018-02-28 15:06:32,0.00000397,1314.00000000
2018-02-28 15:06:32,0.00000397,28735.00000000
2018-02-28 15:06:38,0.00000397,50377.00000000
2018-02-28 15:06:39,0.00000397,7682.00000000
2018-02-28 15:06:41,0.00000397,5794.00000000
2018-02-28 15:06:42,0.00000397,15031.00000000
2018-02-28 15:06:42,0.00000397,12594.00000000
2018-02-28 15:06:42,0.00000397,370.00000000
2018-02-28 15:06:44,0.00000397,1631.00000000
2018-02-28 15:06:45,0.00000397,29515.00000000
2018-02-28 15:06:46,0.00000397,7982.00000000
2018-02-28 15:06:48,0.00000396,1183.00000000
2018-02-28 15:06:48,0.00000396,5777.00000000
2018-02-28 15:06:51,0.00000397,187602.00000000
2018-02-28 15:06:51,0.00000397,996.00000000
2018-02-28 15:06:53,0.00000396,508.00000000
2018-02-28 15:07:01,0.00000396,300.00000000
2018-02-28 15:07:04,0.00000396,8519.00000000
2018-02-28 15:07:05,0.00000397,5010.00000000
2018-02-28 15:07:08,0.00000397,28517.00000000
2018-02-28 15:07:08,0.00000396,8445.00000000
2018-02-28 15:07:13,0.00000397,756.00000000
2018-02-28 15:07:15,0.00000396,47819.00000000
2018-02-28 15:07:16,0.00000396,178220.00000000
2018-02-28 15:07:17,0.00000397,3546.00000000
2018-02-28 15:07:17,0.00000397,2519.00000000
2018-02-28 15:07:19,0.00000397,10500.00000000
2018-02-28 15:07:22,0.00000396,12132.00000000
2018-02-28 15:07:23,0.00000397,2519.00000000
2018-02-28 15:07:27,0.00000397,10500.00000000
2018-02-28 15:07:28,0.00000397,131.00000000
2018-02-28 15:07:30,0.00000397,44.00000000
2018-02-28 15:07:35,0.00000397,2519.00000000
2018-02-28 15:07:35,0.00000397,2770.00000000
2018-02-28 15:07:35,0.00000397,415.00000000
2018-02-28 15:07:36,0.00000397,6368.00000000
2018-02-28 15:07:36,0.00000397,1108.00000000
2018-02-28 15:07:36,0.00000397,6368.00000000
2018-02-28 15:07:36,0.00000397,6368.00000000
2018-02-28 15:07:36,0.00000397,1856.00000000
2018-02-28 15:07:37,0.00000396,134572.00000000
2018-02-28 15:07:37,0.00000397,3849.00000000
2018-02-28 15:07:37,0.00000397,6368.00000000
2018-02-28 15:07:37,0.00000397,3849.00000000
2018-02-28 15:07:38,0.00000397,1863.00000000
2018-02-28 15:07:42,0.00000396,1000.00000000
2018-02-28 15:07:42,0.00000397,3109.00000000
2018-02-28 15:07:43,0.00000397,25000.00000000
2018-02-28 15:07:53,0.00000397,6.00000000
2018-02-28 15:07:55,0.00000397,6353.00000000
2018-02-28 15:07:58,0.00000396,2497.00000000
2018-02-28 15:08:01,0.00000397,6464.00000000
2018-02-28 15:08:06,0.00000396,185695.00000000
2018-02-28 15:08:06,0.00000397,415.00000000
2018-02-28 15:08:07,0.00000397,2056.00000000
2018-02-28 15:08:08,0.00000397,23870.00000000
2018-02-28 15:08:08,0.00000397,11770.00000000
2018-02-28 15:08:09,0.00000397,2093.00000000
2018-02-28 15:08:11,0.00000396,25964.00000000
2018-02-28 15:08:12,0.00000397,10974.00000000
2018-02-28 15:08:13,0.00000397,332.00000000
2018-02-28 15:08:18,0.00000396,1397.00000000
2018-02-28 15:08:20,0.00000396,5311.00000000
2018-02-28 15:08:22,0.00000396,167636.00000000
2018-02-28 15:08:29,0.00000397,4974.00000000
2018-02-28 15:08:32,0.00000397,4724.00000000
2018-02-28 15:08:33,0.00000397,310.00000000
2018-02-28 15:08:39,0.00000397,7382.00000000
2018-02-28 15:08:39,0.00000397,6214.00000000
2018-02-28 15:08:39,0.00000396,10135.00000000
2018-02-28 15:08:39,0.00000397,3429.00000000
2018-02-28 15:08:42,0.00000396,925.00000000
2018-02-28 15:08:44,0.00000396,139169.00000000
2018-02-28 15:08:47,0.00000397,31.00000000
2018-02-28 15:08:48,0.00000396,13006.00000000
2018-02-28 15:08:50,0.00000396,34663.00000000
2018-02-28 15:08:56,0.00000397,3810.00000000
2018-02-28 15:09:06,0.00000397,120944.00000000
2018-02-28 15:09:06,0.00000396,16429.00000000
2018-02-28 15:09:07,0.00000396,2536.00000000
2018-02-28 15:09:11,0.00000396,304.00000000
2018-02-28 15:09:11,0.00000396,6855.00000000
2018-02-28 15:09:11,0.00000397,5.00000000
2018-02-28 15:09:14,0.00000396,6347.00000000
2018-02-28 15:09:16,0.00000396,300.00000000
2018-02-28 15:09:23,0.00000397,299.00000000
2018-02-28 15:09:25,0.00000396,1162.00000000
2018-02-28 15:09:27,0.00000396,1307.00000000
2018-02-28 15:09:28,0.00000397,1288.00000000
2018-02-28 15:09:29,0.00000397,179304.00000000
2018-02-28 15:09:29,0.00000396,64888.00000000
2018-02-28 15:09:34,0.00000396,1000.00000000
2018-02-28 15:09:35,0.00000397,477.00000000
2018-02-28 15:09:37,0.00000397,115004.00000000
2018-02-28 15:09:41,0.00000396,300.00000000
2018-02-28 15:09:50,0.00000397,300.00000000
2018-02-28 15:09:51,0.00000396,2647.00000000
2018-02-28 15:09:52,0.00000396,158106.00000000
2018-02-28 15:09:58,0.00000397,813.00000000
2018-02-28 15:10:01,0.00000396,5035.00000000
2018-02-28 15:10:07,0.00000397,30934.00000000
2018-02-28 15:10:08,0.00000397,930.00000000
2018-02-28 15:10:10,0.00000397,299.00000000
2018-02-28 15:10:10,0.00000396,12111.00000000
2018-02-28 15:10:16,0.00000397,106230.00000000
2018-02-28 15:10:19,0.00000397,1586.00000000
2018-02-28 15:10:21,0.00000396,282.00000000
2018-02-28 15:10:22,0.00000397,3930.00000000
2018-02-28 15:10:27,0.00000397,465.00000000
2018-02-28 15:10:30,0.00000397,34592.00000000
2018-02-28 15:10:34,0.00000397,72930.00000000
2018-02-28 15:10:35,0.00000397,252.00000000
2018-02-28 15:10:38,0.00000397,1392.00000000
2018-02-28 15:10:39,0.00000397,241.00000000
2018-02-28 15:10:39,0.00000397,1556.00000000
2018-02-28 15:10:41,0.00000396,45447.00000000
2018-02-28 15:10:46,0.00000397,133721.00000000
2018-02-28 15:10:48,0.00000396,253.00000000
2018-02-28 15:10:50,0.00000397,2140.00000000
2018-02-28 15:10:58,0.00000397,346.00000000
2018-02-28 15:10:59,0.00000396,61442.00000000
2018-02-28 15:11:00,0.00000396,26839.00000000
2018-02-28 15:11:01,0.00000396,28400.00000000
2018-02-28 15:11:01,0.00000397,600.00000000
2018-02-28 15:11:04,0.00000396,199924.00000000
2018-02-28 15:11:12,0.00000397,59340.00000000
2018-02-28 15:11:23,0.00000396,2128.00000000
2018-02-28 15:11:24,0.00000397,3.00000000
2018-02-28 15:11:25,0.00000397,32661.00000000
2018-02-28 15:11:31,0.00000396,184175.00000000
2018-02-28 15:11:32,0.00000396,82163.00000000
2018-02-28 15:11:34,0.00000397,57.00000000
2018-02-28 15:11:43,0.00000397,711.00000000
2018-02-28 15:11:45,0.00000397,28.00000000
2018-02-28 15:11:45,0.00000396,99046.00000000
2018-02-28 15:11:45,0.00000396,28453.00000000
2018-02-28 15:11:48,0.00000397,28.00000000
2018-02-28 15:11:51,0.00000396,2448.00000000
2018-02-28 15:11:53,0.00000396,348.00000000
2018-02-28 15:11:57,0.00000396,243306.00000000
2018-02-28 15:12:01,0.00000396,152569.00000000
2018-02-28 15:12:03,0.00000396,425098.00000000
2018-02-28 15:12:04,0.00000396,5782.00000000
2018-02-28 15:12:05,0.00000396,20130.00000000
2018-02-28 15:12:05,0.00000396,10000.00000000
2018-02-28 15:12:06,0.00000397,1000.00000000
2018-02-28 15:12:06,0.00000396,6676.00000000
2018-02-28 15:12:07,0.00000397,530321.00000000
2018-02-28 15:12:07,0.00000396,2882.00000000
2018-02-28 15:12:07,0.00000396,20113.00000000
2018-02-28 15:12:10,0.00000396,37534.00000000
2018-02-28 15:12:11,0.00000397,11705.00000000
2018-02-28 15:12:12,0.00000397,1018.00000000
2018-02-28 15:12:12,0.00000397,11165.00000000
2018-02-28 15:12:13,0.00000396,1259.00000000
2018-02-28 15:12:14,0.00000396,1695.00000000
2018-02-28 15:12:17,0.00000396,5220.00000000
2018-02-28 15:12:17,0.00000396,5007.00000000
2018-02-28 15:12:18,0.00000396,1262.00000000
2018-02-28 15:12:28,0.00000396,8875.00000000
2018-02-28 15:12:29,0.00000397,1.00000000
2018-02-28 15:12:29,0.00000397,192679.00000000
2018-02-28 15:12:32,0.00000397,332.00000000
2018-02-28 15:12:34,0.00000397,389910.00000000
2018-02-28 15:12:42,0.00000397,2513.00000000
2018-02-28 15:12:47,0.00000397,118236.00000000
2018-02-28 15:12:52,0.00000397,9610.00000000
2018-02-28 15:12:52,0.00000397,10000.00000000
2018-02-28 15:12:52,0.00000397,49055.00000000
2018-02-28 15:12:53,0.00000397,126383.00000000
2018-02-28 15:12:58,0.00000397,428.00000000
2018-02-28 15:13:07,0.00000397,653.00000000
2018-02-28 15:13:07,0.00000397,28865.00000000
2018-02-28 15:13:07,0.00000396,1378.00000000
2018-02-28 15:13:08,0.00000397,10010.00000000
2018-02-28 15:13:09,0.00000397,25252.00000000
2018-02-28 15:13:09,0.00000397,175406.00000000
2018-02-28 15:13:14,0.00000397,100537.00000000
2018-02-28 15:13:15,0.00000396,2000.00000000
2018-02-28 15:13:15,0.00000397,1497.00000000
2018-02-28 15:13:27,0.00000397,5001.00000000
2018-02-28 15:13:29,0.00000397,16519.00000000
2018-02-28 15:13:30,0.00000397,769.00000000
2018-02-28 15:13:31,0.00000397,22969.00000000
2018-02-28 15:13:32,0.00000396,205240.00000000
2018-02-28 15:13:42,0.00000397,204.00000000
2018-02-28 15:13:46,0.00000397,1.00000000
2018-02-28 15:13:46,0.00000396,13271.00000000
2018-02-28 15:13:47,0.00000397,28.00000000
2018-02-28 15:13:48,0.00000396,2000.00000000
2018-02-28 15:13:51,0.00000397,4582.00000000
2018-02-28 15:13:52,0.00000397,252.00000000
2018-02-28 15:13:53,0.00000397,806.00000000
2018-02-28 15:13:55,0.00000397,269.00000000
2018-02-28 15:13:57,0.00000396,14893.00000000
2018-02-28 15:13:57,0.00000397,2263.00000000
2018-02-28 15:13:59,0.00000397,515903.00000000
2018-02-28 15:13:59,0.00000397,683.00000000
2018-02-28 15:14:00,0.00000397,14893.00000000
2018-02-28 15:14:04,0.00000397,608713.00000000
2018-02-28 15:14:09,0.00000397,6519.00000000
2018-02-28 15:14:09,0.00000397,9217.00000000
2018-02-28 15:14:14,0.00000397,414.00000000
2018-02-28 15:14:19,0.00000397,18.00000000
2018-02-28 15:14:21,0.00000397,14366.00000000
2018-02-28 15:14:26,0.00000397,116506.00000000
2018-02-28 15:14:26,0.00000397,100755.00000000
2018-02-28 15:14:32,0.00000397,1.00000000
2018-02-28 15:14:37,0.00000396,163959.00000000
2018-02-28 15:14:41,0.00000396,3000.00000000
2018-02-28 15:14:46,0.00000396,1266.00000000
2018-02-28 15:14:47,0.00000396,208686.00000000
2018-02-28 15:14:48,0.00000397,1737.00000000
2018-02-28 15:14:50,0.00000397,20.00000000
2018-02-28 15:14:55,0.00000397,3703.00000000
2018-02-28 15:14:56,0.00000397,5956.00000000
2018-02-28 15:14:56,0.00000396,1208.00000000
2018-02-28 15:14:57,0.00000397,7634.00000000
2018-02-28 15:14:59,0.00000397,79845.00000000
2018-02-28 15:15:01,0.00000397,33071.00000000
2018-02-28 15:15:08,0.00000396,102034.00000000
2018-02-28 15:15:09,0.00000397,39245.00000000
2018-02-28 15:15:15,0.00000397,53144.00000000
2018-02-28 15:15:27,0.00000397,3080.00000000
2018-02-28 15:15:29,0.00000397,185821.00000000
2018-02-28 15:15:34,0.00000397,2500.00000000
2018-02-28 15:15:41,0.00000397,405.00000000
2018-02-28 15:15:47,0.00000397,786.00000000
2018-02-28 15:15:47,0.00000396,3895.00000000
2018-02-28 15:15:53,0.00000397,1000.00000000
2018-02-28 15:15:57,0.00000397,2500.00000000
2018-02-28 15:15:58,0.00000398,174496.00000000
2018-02-28 15:15:58,0.00000398,8075.00000000
2018-02-28 15:15:59,0.00000398,18.00000000
2018-02-28 15:15:59,0.00000397,19326.00000000
2018-02-28 15:16:01,0.00000398,155.00000000
2018-02-28 15:16:01,0.00000397,6715.00000000
2018-02-28 15:16:04,0.00000397,4411.00000000
2018-02-28 15:16:06,0.00000397,9589.00000000
2018-02-28 15:16:09,0.00000397,32559.00000000
2018-02-28 15:16:10,0.00000397,15797.00000000
2018-02-28 15:16:10,0.00000397,22501.00000000
2018-02-28 15:16:12,0.00000396,5876.00000000
2018-02-28 15:16:12,0.00000397,2025.00000000
2018-02-28 15:16:19,0.00000397,268.00000000
2018-02-28 15:16:22,0.00000397,144874.00000000
2018-02-28 15:16:28,0.00000397,79910.00000000
2018-02-28 15:16:28,0.00000398,2484094.00000000
2018-02-28 15:16:37,0.00000397,100.00000000
2018-02-28 15:16:39,0.00000397,34.00000000
2018-02-28 15:16:44,0.00000396,141972.00000000
2018-02-28 15:16:50,0.00000397,1000.00000000
2018-02-28 15:16:52,0.00000397,6263.00000000
2018-02-28 15:16:52,0.00000397,18773.00000000
2018-02-28 15:16:53,0.00000397,8035.00000000
2018-02-28 15:16:53,0.00000397,583.00000000
2018-02-28 15:16:55,0.00000397,20481.00000000
2018-02-28 15:16:55,0.00000397,12184.00000000
2018-02-28 15:16:55,0.00000397,999.00000000
2018-02-28 15:16:56,0.00000397,7894.00000000
2018-02-28 15:16:56,0.00000397,8204.00000000
2018-02-28 15:16:57,0.00000397,7992.00000000
2018-02-28 15:17:02,0.00000397,588.00000000
2018-02-28 15:17:06,0.00000397,254.00000000
2018-02-28 15:17:10,0.00000397,119187.00000000
2018-02-28 15:17:10,0.00000397,21843.00000000
2018-02-28 15:17:10,0.00000396,3842.00000000
2018-02-28 15:17:10,0.00000397,70761.00000000
2018-02-28 15:17:18,0.00000398,16.00000000
2018-02-28 15:17:18,0.00000397,2129.00000000
2018-02-28 15:17:18,0.00000398,11616.00000000
2018-02-28 15:17:33,0.00000397,26653.00000000
2018-02-28 15:17:34,0.00000398,2512.00000000
2018-02-28 15:17:35,0.00000398,151251.00000000
2018-02-28 15:17:42,0.00000398,1828.00000000
2018-02-28 15:17:43,0.00000397,8000.00000000
2018-02-28 15:17:46,0.00000398,1251.00000000
2018-02-28 15:17:53,0.00000397,111019.00000000
2018-02-28 15:17:58,0.00000397,6203.00000000
2018-02-28 15:18:00,0.00000397,2019.00000000
2018-02-28 15:18:04,0.00000397,2607.00000000
2018-02-28 15:18:04,0.00000397,1000.00000000
2018-02-28 15:18:05,0.00000397,2206.00000000
2018-02-28 15:18:07,0.00000397,7375.00000000
2018-02-28 15:18:07,0.00000397,49583.00000000
2018-02-28 15:18:15,0.00000397,71647.00000000
2018-02-28 15:18:15,0.00000397,117122.00000000
2018-02-28 15:18:18,0.00000397,2401.00000000
2018-02-28 15:18:18,0.00000397,540.00000000
2018-02-28 15:18:26,0.00000397,9882.00000000
2018-02-28 15:18:30,0.00000397,2499.00000000
2018-02-28 15:18:38,0.00000397,4906.00000000
2018-02-28 15:18:38,0.00000396,334.00000000
2018-02-28 15:18:39,0.00000397,40181.00000000
2018-02-28 15:18:43,0.00000397,116950.00000000
2018-02-28 15:18:44,0.00000398,109.00000000
2018-02-28 15:18:47,0.00000398,613.00000000
2018-02-28 15:18:50,0.00000398,155.00000000
2018-02-28 15:18:55,0.00000397,3.00000000
2018-02-28 15:18:56,0.00000398,441.00000000
2018-02-28 15:18:58,0.00000398,16098.00000000
2018-02-28 15:19:05,0.00000398,9266.00000000
2018-02-28 15:19:07,0.00000397,135956.00000000
2018-02-28 15:19:11,0.00000397,15765.00000000
2018-02-28 15:19:13,0.00000397,333.00000000
2018-02-28 15:19:20,0.00000397,10461.00000000
2018-02-28 15:19:22,0.00000398,1300.00000000
2018-02-28 15:19:24,0.00000397,4417.00000000
2018-02-28 15:19:24,0.00000397,552.00000000
2018-02-28 15:19:25,0.00000397,325.00000000
2018-02-28 15:19:26,0.00000398,2700.00000000
2018-02-28 15:19:29,0.00000398,757.00000000
2018-02-28 15:19:30,0.00000398,49214.00000000
2018-02-28 15:19:33,0.00000397,16310.00000000
2018-02-28 15:19:33,0.00000397,700.00000000
2018-02-28 15:19:33,0.00000397,4885.00000000
2018-02-28 15:19:34,0.00000397,416.00000000
2018-02-28 15:19:34,0.00000397,416.00000000
2018-02-28 15:19:34,0.00000397,1400.00000000
2018-02-28 15:19:35,0.00000397,469.00000000
2018-02-28 15:19:35,0.00000396,174761.00000000
2018-02-28 15:19:38,0.00000397,1229.00000000
2018-02-28 15:19:39,0.00000397,2937.00000000
2018-02-28 15:19:40,0.00000397,7985.00000000
2018-02-28 15:19:44,0.00000397,19979.00000000
2018-02-28 15:19:44,0.00000397,1016.00000000
2018-02-28 15:19:44,0.00000397,5000.00000000
2018-02-28 15:19:47,0.00000397,5000.00000000
2018-02-28 15:19:50,0.00000397,8204.00000000
2018-02-28 15:20:00,0.00000397,1.00000000
2018-02-28 15:20:02,0.00000396,1754.00000000
2018-02-28 15:20:04,0.00000397,111007.00000000
2018-02-28 15:20:07,0.00000397,9961.00000000
2018-02-28 15:20:10,0.00000397,6590.00000000
2018-02-28 15:20:13,0.00000397,3042.00000000
2018-02-28 15:20:21,0.00000397,27541.00000000
2018-02-28 15:20:24,0.00000397,1484.00000000
2018-02-28 15:20:29,0.00000397,20000.00000000
2018-02-28 15:20:30,0.00000396,2500.00000000
2018-02-28 15:20:31,0.00000397,252.00000000
2018-02-28 15:20:35,0.00000396,186603.00000000
2018-02-28 15:20:44,0.00000396,4381.00000000
2018-02-28 15:20:47,0.00000397,3073.00000000
2018-02-28 15:20:52,0.00000397,416.00000000
2018-02-28 15:20:52,0.00000396,9140.00000000
2018-02-28 15:20:55,0.00000396,20345.00000000
2018-02-28 15:21:00,0.00000397,136517.00000000
2018-02-28 15:21:02,0.00000397,650.00000000
2018-02-28 15:21:08,0.00000396,190773.00000000
2018-02-28 15:21:14,0.00000397,927.00000000
2018-02-28 15:21:16,0.00000397,272.00000000
2018-02-28 15:21:17,0.00000397,308.00000000
2018-02-28 15:21:20,0.00000396,34931.00000000
2018-02-28 15:21:21,0.00000397,3607.00000000
2018-02-28 15:21:27,0.00000397,928.00000000
2018-02-28 15:21:27,0.00000397,198916.00000000
2018-02-28 15:21:38,0.00000396,17344.00000000
2018-02-28 15:21:40,0.00000397,11134.00000000
2018-02-28 15:21:40,0.00000397,11116.00000000
2018-02-28 15:21:42,0.00000397,1255.00000000
2018-02-28 15:21:48,0.00000397,69681.00000000
2018-02-28 15:21:48,0.00000396,2329.00000000
2018-02-28 15:21:49,0.00000397,49180.00000000
2018-02-28 15:21:50,0.00000397,6141.00000000
2018-02-28 15:21:53,0.00000397,179038.00000000
2018-02-28 15:21:57,0.00000397,6607.00000000
2018-02-28 15:22:01,0.00000397,83321.00000000
2018-02-28 15:22:01,0.00000397,350.00000000
2018-02-28 15:22:03,0.00000397,2031.00000000
2018-02-28 15:22:05,0.00000397,5496.00000000
2018-02-28 15:22:14,0.00000397,3750.00000000
2018-02-28 15:22:14,0.00000398,188187.00000000
2018-02-28 15:22:18,0.00000397,4848.00000000
2018-02-28 15:22:22,0.00000397,1250.00000000
2018-02-28 15:22:24,0.00000397,50000.00000000
2018-02-28 15:22:33,0.00000398,166633.00000000
2018-02-28 15:22:52,0.00000398,35252.00000000
2018-02-28 15:22:53,0.00000398,176997.00000000
2018-02-28 15:22:57,0.00000398,6509.00000000
2018-02-28 15:22:57,0.00000398,22242.00000000
2018-02-28 15:23:03,0.00000398,1123.00000000
2018-02-28 15:23:15,0.00000397,192825.00000000
2018-02-28 15:23:38,0.00000397,202313.00000000
2018-02-28 15:23:39,0.00000397,531.00000000
2018-02-28 15:23:48,0.00000397,590.00000000
2018-02-28 15:23:54,0.00000398,5000.00000000
2018-02-28 15:23:55,0.00000397,1000.00000000
2018-02-28 15:23:55,0.00000398,72000.00000000
2018-02-28 15:24:00,0.00000397,58660.00000000
2018-02-28 15:24:03,0.00000397,23259.00000000
2018-02-28 15:24:04,0.00000398,123082.00000000
2018-02-28 15:24:10,0.00000397,829.00000000
2018-02-28 15:24:14,0.00000398,2.00000000
2018-02-28 15:24:21,0.00000398,2679.00000000
2018-02-28 15:24:23,0.00000398,158463.00000000
2018-02-28 15:24:24,0.00000398,6029.00000000
2018-02-28 15:24:35,0.00000398,53756.00000000
2018-02-28 15:24:43,0.00000398,1689.00000000
2018-02-28 15:24:49,0.00000397,209445.00000000
2018-02-28 15:24:54,0.00000398,94353.00000000
2018-02-28 15:24:55,0.00000398,36899.00000000
2018-02-28 15:24:58,0.00000398,25.00000000
2018-02-28 15:24:58,0.00000398,11306.00000000
2018-02-28 15:25:15,0.00000397,164295.00000000
2018-02-28 15:25:16,0.00000398,7304.00000000
2018-02-28 15:25:16,0.00000397,5017.00000000
2018-02-28 15:25:17,0.00000397,10000.00000000
2018-02-28 15:25:18,0.00000397,60998.00000000
2018-02-28 15:25:21,0.00000397,8285.00000000
2018-02-28 15:25:22,0.00000398,38000.00000000
2018-02-28 15:25:30,0.00000398,3346.00000000
2018-02-28 15:25:37,0.00000398,136987.00000000
2018-02-28 15:25:37,0.00000398,10267.00000000
2018-02-28 15:25:39,0.00000398,3000.00000000
2018-02-28 15:25:44,0.00000398,17057.00000000
2018-02-28 15:25:45,0.00000398,20100.00000000
2018-02-28 15:25:45,0.00000397,34449.00000000
2018-02-28 15:25:47,0.00000397,749250.00000000
2018-02-28 15:25:59,0.00000397,22.00000000
2018-02-28 15:26:00,0.00000398,185086.00000000
2018-02-28 15:26:02,0.00000397,7553.00000000
2018-02-28 15:26:14,0.00000398,30.00000000
2018-02-28 15:26:15,0.00000398,84372.00000000
2018-02-28 15:26:17,0.00000398,3263.00000000
2018-02-28 15:26:20,0.00000398,22864.00000000
2018-02-28 15:26:23,0.00000398,2184.00000000
2018-02-28 15:26:24,0.00000398,12554.00000000
2018-02-28 15:26:26,0.00000398,89875.00000000
2018-02-28 15:26:27,0.00000397,134423.00000000
2018-02-28 15:26:31,0.00000398,1000.00000000
2018-02-28 15:26:43,0.00000398,5895.00000000
2018-02-28 15:26:45,0.00000398,978.00000000
2018-02-28 15:26:46,0.00000398,25000.00000000
2018-02-28 15:26:52,0.00000398,1498.00000000
2018-02-28 15:26:55,0.00000398,133652.00000000
2018-02-28 15:26:56,0.00000398,8.00000000
2018-02-28 15:27:00,0.00000398,2182.00000000
2018-02-28 15:27:07,0.00000398,128101.00000000
2018-02-28 15:27:08,0.00000397,2431.00000000
2018-02-28 15:27:10,0.00000398,696.00000000
2018-02-28 15:27:12,0.00000398,14097.00000000
2018-02-28 15:27:18,0.00000398,22114.00000000
2018-02-28 15:27:18,0.00000397,167146.00000000
2018-02-28 15:27:20,0.00000398,2500.00000000
2018-02-28 15:27:28,0.00000398,11731.00000000
2018-02-28 15:27:40,0.00000398,2539.00000000
2018-02-28 15:27:40,0.00000398,1253.00000000
2018-02-28 15:27:43,0.00000397,5000.00000000
2018-02-28 15:27:49,0.00000398,108860.00000000
2018-02-28 15:27:53,0.00000398,92024.00000000
2018-02-28 15:27:55,0.00000398,1077.00000000
2018-02-28 15:28:11,0.00000398,272.00000000
2018-02-28 15:28:12,0.00000397,206962.00000000
2018-02-28 15:28:14,0.00000398,11642.00000000
2018-02-28 15:28:14,0.00000398,3762.00000000
2018-02-28 15:28:15,0.00000398,1998.00000000
2018-02-28 15:28:15,0.00000398,1538.00000000
2018-02-28 15:28:16,0.00000399,1.00000000
2018-02-28 15:28:16,0.00000398,1393.00000000
2018-02-28 15:28:17,0.00000399,2.00000000
2018-02-28 15:28:18,0.00000398,2452.00000000
2018-02-28 15:28:20,0.00000399,2324.00000000
2018-02-28 15:28:20,0.00000399,1533.00000000
2018-02-28 15:28:21,0.00000399,1.00000000
2018-02-28 15:28:27,0.00000398,13487.00000000
2018-02-28 15:28:33,0.00000398,415.00000000
2018-02-28 15:28:33,0.00000398,7164.00000000
2018-02-28 15:28:35,0.00000399,73.00000000
2018-02-28 15:28:35,0.00000398,190800.00000000
2018-02-28 15:28:41,0.00000399,15701.00000000
2018-02-28 15:28:43,0.00000398,7827.00000000
2018-02-28 15:28:49,0.00000398,5883.00000000
2018-02-28 15:28:49,0.00000399,17724.00000000
2018-02-28 15:28:58,0.00000399,2507.00000000
2018-02-28 15:29:00,0.00000398,185162.00000000
2018-02-28 15:29:06,0.00000398,5605.00000000
2018-02-28 15:29:09,0.00000399,23601.00000000
2018-02-28 15:29:11,0.00000399,390.00000000
2018-02-28 15:29:15,0.00000399,1132.00000000
2018-02-28 15:29:18,0.00000398,40250.00000000
2018-02-28 15:29:19,0.00000398,6899.00000000
2018-02-28 15:29:22,0.00000397,115380.00000000
2018-02-28 15:29:31,0.00000397,3593.00000000
2018-02-28 15:29:44,0.00000397,109336.00000000
2018-02-28 15:29:45,0.00000398,20190.00000000
2018-02-28 15:29:48,0.00000397,17040.00000000
2018-02-28 15:30:02,0.00000398,50251.00000000
2018-02-28 15:30:08,0.00000398,870.00000000
2018-02-28 15:30:12,0.00000397,212413.00000000
2018-02-28 15:30:18,0.00000398,1.00000000
2018-02-28 15:30:20,0.00000398,1000.00000000
2018-02-28 15:30:24,0.00000397,2531.00000000
2018-02-28 15:30:31,0.00000398,45733.00000000
2018-02-28 15:30:33,0.00000397,13580.00000000
2018-02-28 15:30:34,0.00000398,581.00000000
2018-02-28 15:30:35,0.00000398,15091.00000000
2018-02-28 15:30:36,0.00000398,1335.00000000
2018-02-28 15:30:38,0.00000397,300.00000000
2018-02-28 15:30:39,0.00000397,124407.00000000
2018-02-28 15:30:40,0.00000397,500.00000000
2018-02-28 15:30:44,0.00000398,935.00000000
2018-02-28 15:30:48,0.00000398,9493.00000000
2018-02-28 15:30:48,0.00000398,935.00000000
2018-02-28 15:30:51,0.00000398,11946.00000000
2018-02-28 15:30:52,0.00000398,2960.00000000
2018-02-28 15:30:52,0.00000398,6226.00000000
2018-02-28 15:30:53,0.00000397,1906.00000000
2018-02-28 15:31:00,0.00000398,4170.00000000
2018-02-28 15:31:01,0.00000397,28933.00000000
2018-02-28 15:31:02,0.00000398,196786.00000000
2018-02-28 15:31:02,0.00000398,20704.00000000
2018-02-28 15:31:03,0.00000398,6.00000000
2018-02-28 15:31:05,0.00000397,98799.00000000
2018-02-28 15:31:11,0.00000398,25000.00000000
2018-02-28 15:31:15,0.00000398,15008.00000000
2018-02-28 15:31:23,0.00000397,55437.00000000
2018-02-28 15:31:23,0.00000397,1637.00000000
2018-02-28 15:31:23,0.00000397,2681.00000000
2018-02-28 15:31:23,0.00000397,2510.00000000
2018-02-28 15:31:24,0.00000397,2681.00000000
2018-02-28 15:31:24,0.00000397,4010.00000000
2018-02-28 15:31:24,0.00000397,4010.00000000
2018-02-28 15:31:24,0.00000397,4010.00000000
2018-02-28 15:31:24,0.00000397,3208.00000000
2018-02-28 15:31:24,0.00000397,2511.00000000
2018-02-28 15:31:24,0.00000397,14156.00000000
2018-02-28 15:31:24,0.00000397,7433.00000000
2018-02-28 15:31:24,0.00000397,7456.00000000
2018-02-28 15:31:24,0.00000397,24911.00000000
2018-02-28 15:31:24,0.00000397,7450.00000000
2018-02-28 15:31:24,0.00000397,3475.00000000
2018-02-28 15:31:24,0.00000398,1525.00000000
2018-02-28 15:31:24,0.00000396,2511.00000000
2018-02-28 15:31:26,0.00000398,50000.00000000
2018-02-28 15:31:34,0.00000397,4010.00000000
2018-02-28 15:31:35,0.00000397,4010.00000000
2018-02-28 15:31:48,0.00000397,27360.00000000
2018-02-28 15:31:48,0.00000397,5854.00000000
2018-02-28 15:31:51,0.00000396,214113.00000000
2018-02-28 15:31:53,0.00000396,11007.00000000
2018-02-28 15:31:56,0.00000397,4759.00000000
2018-02-28 15:32:00,0.00000397,87192.00000000
2018-02-28 15:32:04,0.00000397,318096.00000000
2018-02-28 15:32:05,0.00000398,431.00000000
2018-02-28 15:32:09,0.00000397,27494.00000000
2018-02-28 15:32:11,0.00000398,665.00000000
2018-02-28 15:32:12,0.00000398,714.00000000
2018-02-28 15:32:13,0.00000398,276.00000000
2018-02-28 15:32:13,0.00000398,4367.00000000
2018-02-28 15:32:16,0.00000397,280.00000000
2018-02-28 15:32:17,0.00000398,163589.00000000
2018-02-28 15:32:22,0.00000397,25188.00000000
2018-02-28 15:32:22,0.00000397,31633.00000000
2018-02-28 15:32:23,0.00000397,2589.00000000
2018-02-28 15:32:38,0.00000397,863.00000000
2018-02-28 15:32:38,0.00000398,105673.00000000
2018-02-28 15:32:38,0.00000397,5044.00000000
2018-02-28 15:32:38,0.00000397,1660.00000000
2018-02-28 15:32:39,0.00000397,8193.00000000
2018-02-28 15:32:41,0.00000398,2111.00000000
2018-02-28 15:32:44,0.00000398,2542.00000000
2018-02-28 15:33:02,0.00000398,16458.00000000
2018-02-28 15:33:02,0.00000397,50251.00000000
2018-02-28 15:33:05,0.00000398,6954.00000000
2018-02-28 15:33:06,0.00000397,25021.00000000
2018-02-28 15:33:09,0.00000397,145775.00000000
2018-02-28 15:33:09,0.00000397,29353.00000000
2018-02-28 15:33:22,0.00000397,9915.00000000
2018-02-28 15:33:25,0.00000398,2500.00000000
2018-02-28 15:33:26,0.00000398,319.00000000
2018-02-28 15:33:28,0.00000398,29.00000000
2018-02-28 15:33:40,0.00000398,187276.00000000
2018-02-28 15:33:48,0.00000397,551.00000000
2018-02-28 15:33:59,0.00000397,213651.00000000
2018-02-28 15:34:00,0.00000397,56450.00000000
2018-02-28 15:34:01,0.00000397,7056.00000000
2018-02-28 15:34:02,0.00000397,500.00000000
2018-02-28 15:34:03,0.00000397,400.00000000
2018-02-28 15:34:12,0.00000398,84774.00000000
2018-02-28 15:34:14,0.00000397,1191.00000000
2018-02-28 15:34:20,0.00000397,16293.00000000
2018-02-28 15:34:22,0.00000398,125317.00000000
2018-02-28 15:34:30,0.00000397,522.00000000
2018-02-28 15:34:41,0.00000397,1499.00000000
2018-02-28 15:34:43,0.00000397,1699.00000000
2018-02-28 15:34:46,0.00000397,1953.00000000
2018-02-28 15:34:46,0.00000397,129840.00000000
2018-02-28 15:34:46,0.00000397,155.00000000
2018-02-28 15:34:47,0.00000398,2518.00000000
2018-02-28 15:34:49,0.00000398,21140.00000000
2018-02-28 15:34:49,0.00000398,376.00000000
2018-02-28 15:34:52,0.00000397,4353.00000000
2018-02-28 15:34:52,0.00000397,4500.00000000
2018-02-28 15:35:04,0.00000397,700.00000000
2018-02-28 15:35:09,0.00000397,823.00000000
2018-02-28 15:35:15,0.00000397,71589.00000000
2018-02-28 15:35:15,0.00000397,103499.00000000
2018-02-28 15:35:21,0.00000397,8941.00000000
2018-02-28 15:35:22,0.00000397,17140.00000000
2018-02-28 15:35:22,0.00000398,8462.00000000
2018-02-28 15:35:26,0.00000397,649.00000000
2018-02-28 15:35:31,0.00000398,73695.00000000
2018-02-28 15:35:32,0.00000397,1019.00000000
2018-02-28 15:35:38,0.00000397,10.00000000
2018-02-28 15:35:41,0.00000398,164117.00000000
2018-02-28 15:35:45,0.00000398,8000.00000000
2018-02-28 15:35:55,0.00000397,2556.00000000
2018-02-28 15:36:00,0.00000397,1500.00000000
2018-02-28 15:36:05,0.00000397,2045.00000000
2018-02-28 15:36:06,0.00000397,115810.00000000
2018-02-28 15:36:10,0.00000397,47419.00000000
2018-02-28 15:36:16,0.00000398,1281.00000000
2018-02-28 15:36:21,0.00000398,81.00000000
2018-02-28 15:36:22,0.00000398,12641.00000000
2018-02-28 15:36:25,0.00000398,1686.00000000
2018-02-28 15:36:26,0.00000398,716.00000000
2018-02-28 15:36:29,0.00000398,516.00000000
2018-02-28 15:36:32,0.00000398,22192.00000000
2018-02-28 15:36:36,0.00000397,3120.00000000
2018-02-28 15:36:39,0.00000397,28828.00000000
2018-02-28 15:36:40,0.00000397,167072.00000000
2018-02-28 15:36:48,0.00000397,2065.00000000
2018-02-28 15:36:51,0.00000397,26763.00000000
2018-02-28 15:36:52,0.00000397,415.00000000
2018-02-28 15:36:54,0.00000397,436.00000000
2018-02-28 15:36:57,0.00000397,25634.00000000
2018-02-28 15:36:58,0.00000397,252.00000000
2018-02-28 15:36:58,0.00000397,66500.00000000
2018-02-28 15:37:00,0.00000397,38095.00000000
2018-02-28 15:37:01,0.00000397,8820.00000000
2018-02-28 15:37:04,0.00000398,220.00000000
2018-02-28 15:37:06,0.00000397,5243.00000000
2018-02-28 15:37:09,0.00000397,117119.00000000
2018-02-28 15:37:11,0.00000396,3638.00000000
2018-02-28 15:37:11,0.00000397,72.00000000
2018-02-28 15:37:12,0.00000396,19618.00000000
2018-02-28 15:37:13,0.00000397,296.00000000
2018-02-28 15:37:14,0.00000397,3204.00000000
2018-02-28 15:37:17,0.00000397,1771.00000000
2018-02-28 15:37:26,0.00000397,31021.00000000
2018-02-28 15:37:26,0.00000398,102607.00000000
2018-02-28 15:37:33,0.00000398,178435.00000000
2018-02-28 15:37:35,0.00000397,41000.00000000
2018-02-28 15:37:37,0.00000397,8657.00000000
2018-02-28 15:37:45,0.00000398,44830.00000000
2018-02-28 15:37:48,0.00000398,1600.00000000
2018-02-28 15:37:55,0.00000398,56800.00000000
2018-02-28 15:37:56,0.00000398,177208.00000000
2018-02-28 15:37:57,0.00000398,73359.00000000
2018-02-28 15:37:58,0.00000398,8401.00000000
2018-02-28 15:37:58,0.00000397,1716.00000000
2018-02-28 15:38:00,0.00000398,3490.00000000
2018-02-28 15:38:04,0.00000398,6238.00000000
2018-02-28 15:38:07,0.00000398,2662.00000000
2018-02-28 15:38:09,0.00000398,213703.00000000
2018-02-28 15:38:12,0.00000397,125556.00000000
2018-02-28 15:38:13,0.00000398,5000.00000000
2018-02-28 15:38:16,0.00000398,1762.00000000
2018-02-28 15:38:21,0.00000397,140612.00000000
2018-02-28 15:38:24,0.00000398,2009.00000000
2018-02-28 15:38:36,0.00000398,7118.00000000
2018-02-28 15:38:47,0.00000398,149340.00000000
2018-02-28 15:38:47,0.00000397,9281.00000000
2018-02-28 15:38:53,0.00000398,23.00000000
2018-02-28 15:38:55,0.00000398,4811.00000000
2018-02-28 15:38:57,0.00000398,260.00000000
2018-02-28 15:39:00,0.00000397,1279.00000000
2018-02-28 15:39:06,0.00000398,369.00000000
2018-02-28 15:39:07,0.00000397,1900.00000000
2018-02-28 15:39:09,0.00000398,500.00000000
2018-02-28 15:39:14,0.00000397,101785.00000000
2018-02-28 15:39:15,0.00000398,609.00000000
2018-02-28 15:39:15,0.00000398,615.00000000
2018-02-28 15:39:16,0.00000397,650.00000000
2018-02-28 15:39:17,0.00000397,18.00000000
2018-02-28 15:39:19,0.00000398,500.00000000
2018-02-28 15:39:23,0.00000398,503.00000000
2018-02-28 15:39:28,0.00000398,861.00000000
2018-02-28 15:39:30,0.00000398,6151.00000000
2018-02-28 15:39:31,0.00000398,4153.00000000
2018-02-28 15:39:32,0.00000397,63937.00000000
2018-02-28 15:39:33,0.00000398,2010.00000000
2018-02-28 15:39:33,0.00000397,854.00000000
2018-02-28 15:39:34,0.00000398,186330.00000000
2018-02-28 15:39:36,0.00000397,10959.00000000
2018-02-28 15:39:46,0.00000397,2000.00000000
2018-02-28 15:39:48,0.00000397,34687.00000000
2018-02-28 15:39:57,0.00000397,143653.00000000
2018-02-28 15:40:01,0.00000397,9990.00000000
2018-02-28 15:40:01,0.00000397,136.00000000
2018-02-28 15:40:22,0.00000398,154405.00000000
2018-02-28 15:40:33,0.00000398,25810.00000000
2018-02-28 15:40:36,0.00000398,19489.00000000
2018-02-28 15:40:37,0.00000398,2327.00000000
2018-02-28 15:40:38,0.00000398,2059.00000000
2018-02-28 15:40:39,0.00000398,496.00000000
2018-02-28 15:40:44,0.00000398,332.00000000
2018-02-28 15:40:45,0.00000398,2281.00000000
2018-02-28 15:40:47,0.00000398,152901.00000000
2018-02-28 15:40:53,0.00000398,408173.00000000
2018-02-28 15:40:58,0.00000398,1066.00000000
2018-02-28 15:41:00,0.00000397,409834.00000000
2018-02-28 15:41:01,0.00000398,2226.00000000
2018-02-28 15:41:03,0.00000398,1008.00000000
2018-02-28 15:41:11,0.00000397,203466.00000000
2018-02-28 15:41:17,0.00000398,5525.00000000
2018-02-28 15:41:19,0.00000397,499.00000000
2018-02-28 15:41:20,0.00000398,22336.00000000
2018-02-28 15:41:22,0.00000397,12628.00000000
2018-02-28 15:41:22,0.00000398,15853.00000000
2018-02-28 15:41:29,0.00000398,1464.00000000
2018-02-28 15:41:36,0.00000398,1308.00000000
2018-02-28 15:41:42,0.00000398,3.00000000
2018-02-28 15:41:42,0.00000397,100590.00000000
2018-02-28 15:41:45,0.00000397,4167.00000000
2018-02-28 15:41:51,0.00000398,712.00000000
2018-02-28 15:41:53,0.00000398,8770.00000000
2018-02-28 15:41:54,0.00000397,6782.00000000
2018-02-28 15:42:04,0.00000397,8500.00000000
2018-02-28 15:42:10,0.00000397,189749.00000000
2018-02-28 15:42:11,0.00000398,10866.00000000
2018-02-28 15:42:14,0.00000397,4064.00000000
2018-02-28 15:42:23,0.00000397,3002.00000000
2018-02-28 15:42:27,0.00000397,30267.00000000
2018-02-28 15:42:27,0.00000397,1497.00000000
2018-02-28 15:42:31,0.00000398,5.00000000
2018-02-28 15:42:34,0.00000398,1406.00000000
2018-02-28 15:42:40,0.00000398,662.00000000
2018-02-28 15:42:40,0.00000398,102327.00000000
2018-02-28 15:42:41,0.00000398,11134.00000000
2018-02-28 15:42:41,0.00000398,10715.00000000
2018-02-28 15:42:42,0.00000398,4000.00000000
2018-02-28 15:42:43,0.00000398,3040.00000000
2018-02-28 15:42:44,0.00000398,9560.00000000
2018-02-28 15:42:55,0.00000398,488.00000000
2018-02-28 15:42:59,0.00000398,531068.00000000
2018-02-28 15:42:59,0.00000398,13847.00000000
2018-02-28 15:42:59,0.00000398,5000.00000000
2018-02-28 15:43:00,0.00000398,11105.00000000
2018-02-28 15:43:01,0.00000398,913.00000000
2018-02-28 15:43:01,0.00000398,9919.00000000
2018-02-28 15:43:05,0.00000398,809.00000000
2018-02-28 15:43:05,0.00000398,185809.00000000
2018-02-28 15:43:06,0.00000398,23073.00000000
2018-02-28 15:43:06,0.00000399,50000.00000000
2018-02-28 15:43:08,0.00000398,3987.00000000
2018-02-28 15:43:10,0.00000398,38899.00000000
2018-02-28 15:43:10,0.00000398,19885.00000000
2018-02-28 15:43:15,0.00000398,2429.00000000
2018-02-28 15:43:16,0.00000398,415.00000000
2018-02-28 15:43:18,0.00000399,4.00000000
2018-02-28 15:43:23,0.00000398,22771.00000000
2018-02-28 15:43:25,0.00000399,32535.00000000
2018-02-28 15:43:25,0.00000399,158065.00000000
2018-02-28 15:43:26,0.00000398,9529.00000000
2018-02-28 15:43:31,0.00000399,1.00000000
2018-02-28 15:43:31,0.00000398,339.00000000
2018-02-28 15:43:32,0.00000398,19959.00000000
2018-02-28 15:43:44,0.00000399,381.00000000
2018-02-28 15:43:44,0.00000398,41334.00000000
2018-02-28 15:43:45,0.00000399,499.00000000
2018-02-28 15:43:45,0.00000399,9158.00000000
2018-02-28 15:43:46,0.00000399,167.00000000
2018-02-28 15:43:50,0.00000398,440.00000000
2018-02-28 15:43:54,0.00000398,32050.00000000
2018-02-28 15:43:55,0.00000398,82716.00000000
2018-02-28 15:43:55,0.00000399,250813.00000000
2018-02-28 15:43:57,0.00000399,721.00000000
2018-02-28 15:44:00,0.00000399,86828.00000000
2018-02-28 15:44:01,0.00000398,613.00000000
2018-02-28 15:44:09,0.00000398,62472.00000000
2018-02-28 15:44:09,0.00000397,66942.00000000
2018-02-28 15:44:20,0.00000398,144.00000000
2018-02-28 15:44:23,0.00000399,190368.00000000
2018-02-28 15:44:26,0.00000399,67000.00000000
2018-02-28 15:44:27,0.00000399,1.00000000
2018-02-28 15:44:28,0.00000398,2408.00000000
2018-02-28 15:44:31,0.00000399,6819.00000000
2018-02-28 15:44:43,0.00000399,3098.00000000
2018-02-28 15:44:44,0.00000399,4040.00000000
2018-02-28 15:44:44,0.00000398,184251.00000000
2018-02-28 15:44:49,0.00000398,2633.00000000
2018-02-28 15:44:50,0.00000399,100.00000000
2018-02-28 15:45:05,0.00000398,3000.00000000
2018-02-28 15:45:05,0.00000399,1436.00000000
2018-02-28 15:45:06,0.00000399,7431.00000000
2018-02-28 15:45:10,0.00000399,177147.00000000
2018-02-28 15:45:12,0.00000398,2497.00000000
2018-02-28 15:45:13,0.00000399,8.00000000
2018-02-28 15:45:13,0.00000399,1307.00000000
2018-02-28 15:45:15,0.00000399,2.00000000
2018-02-28 15:45:16,0.00000399,28806.00000000
2018-02-28 15:45:24,0.00000399,264.00000000
2018-02-28 15:45:30,0.00000398,422.00000000
2018-02-28 15:45:33,0.00000399,80844.00000000
2018-02-28 15:45:40,0.00000399,3114.00000000
2018-02-28 15:45:40,0.00000399,1734.00000000
2018-02-28 15:45:41,0.00000399,28812.00000000
2018-02-28 15:45:42,0.00000399,843.00000000
2018-02-28 15:45:42,0.00000399,136346.00000000
2018-02-28 15:45:42,0.00000399,175575.00000000
2018-02-28 15:45:43,0.00000399,146579.00000000
2018-02-28 15:45:46,0.00000399,313.00000000
2018-02-28 15:45:46,0.00000399,106004.00000000
2018-02-28 15:45:47,0.00000399,29316.00000000
2018-02-28 15:45:50,0.00000399,3337.00000000
2018-02-28 15:45:51,0.00000399,9158.00000000
2018-02-28 15:45:52,0.00000399,622.00000000
2018-02-28 15:45:55,0.00000399,3757.00000000
2018-02-28 15:46:00,0.00000399,200000.00000000
2018-02-28 15:46:02,0.00000399,50125.00000000
2018-02-28 15:46:05,0.00000399,100647.00000000
2018-02-28 15:46:06,0.00000399,27283.00000000
2018-02-28 15:46:08,0.00000399,11969.00000000
2018-02-28 15:46:08,0.00000399,580.00000000
2018-02-28 15:46:10,0.00000399,13563.00000000
2018-02-28 15:46:10,0.00000399,2000.00000000
2018-02-28 15:46:11,0.00000399,65169.00000000
2018-02-28 15:46:13,0.00000399,25000.00000000
2018-02-28 15:46:15,0.00000399,1307.00000000
2018-02-28 15:46:16,0.00000399,5000.00000000
2018-02-28 15:46:16,0.00000399,1157.00000000
2018-02-28 15:46:16,0.00000399,1477.00000000
2018-02-28 15:46:16,0.00000399,511.00000000
2018-02-28 15:46:20,0.00000399,41357.00000000
2018-02-28 15:46:28,0.00000399,3001.00000000
2018-02-28 15:46:30,0.00000400,100.00000000
2018-02-28 15:46:32,0.00000400,5736.00000000
2018-02-28 15:46:34,0.00000400,212199.00000000
2018-02-28 15:46:39,0.00000399,2987.00000000
2018-02-28 15:46:44,0.00000399,552.00000000
2018-02-28 15:46:45,0.00000400,252.00000000
2018-02-28 15:46:46,0.00000400,994.00000000
2018-02-28 15:46:53,0.00000399,135287.00000000
2018-02-28 15:46:58,0.00000400,5519.00000000
2018-02-28 15:47:00,0.00000400,2465.00000000
2018-02-28 15:47:03,0.00000400,6770.00000000
2018-02-28 15:47:05,0.00000400,494.00000000
2018-02-28 15:47:07,0.00000400,1900.00000000
2018-02-28 15:47:08,0.00000399,2395.00000000
2018-02-28 15:47:10,0.00000400,10.00000000
2018-02-28 15:47:10,0.00000399,7078.00000000
2018-02-28 15:47:11,0.00000399,6574.00000000
2018-02-28 15:47:13,0.00000399,114339.00000000
2018-02-28 15:47:15,0.00000399,489.00000000
2018-02-28 15:47:17,0.00000399,3849.00000000
2018-02-28 15:47:23,0.00000400,10451.00000000
2018-02-28 15:47:25,0.00000400,226473.00000000
2018-02-28 15:47:29,0.00000400,564.00000000
2018-02-28 15:47:30,0.00000400,117.00000000
2018-02-28 15:47:31,0.00000400,2543.00000000
2018-02-28 15:47:34,0.00000400,6780.00000000
2018-02-28 15:47:35,0.00000400,20280.00000000
2018-02-28 15:47:35,0.00000400,4217.00000000
2018-02-28 15:47:37,0.00000400,13151.00000000
2018-02-28 15:47:39,0.00000400,5567.00000000
2018-02-28 15:47:44,0.00000400,207720.00000000
2018-02-28 15:47:48,0.00000400,2808.00000000
2018-02-28 15:47:48,0.00000400,58045.00000000
2018-02-28 15:47:53,0.00000400,9228.00000000
2018-02-28 15:47:53,0.00000400,2704.00000000
2018-02-28 15:47:55,0.00000400,17990.00000000
2018-02-28 15:48:00,0.00000399,5206.00000000
2018-02-28 15:48:01,0.00000400,7377.00000000
2018-02-28 15:48:04,0.00000400,22087.00000000
2018-02-28 15:48:06,0.00000400,500.00000000
2018-02-28 15:48:10,0.00000399,10998.00000000
2018-02-28 15:48:12,0.00000399,37585.00000000
2018-02-28 15:48:13,0.00000399,435.00000000
2018-02-28 15:48:13,0.00000400,34443.00000000
2018-02-28 15:48:14,0.00000400,6574.00000000
2018-02-28 15:48:15,0.00000400,171446.00000000
2018-02-28 15:48:17,0.00000399,4543.00000000
2018-02-28 15:48:18,0.00000399,12687.00000000
2018-02-28 15:48:22,0.00000400,4856.00000000
2018-02-28 15:48:24,0.00000400,5467.00000000
2018-02-28 15:48:26,0.00000399,28806.00000000
2018-02-28 15:48:33,0.00000399,4802.00000000
2018-02-28 15:48:33,0.00000399,2084.00000000
2018-02-28 15:48:35,0.00000400,626102.00000000
2018-02-28 15:48:35,0.00000400,42178.00000000
2018-02-28 15:48:35,0.00000400,54006.00000000
2018-02-28 15:48:36,0.00000400,25000.00000000
2018-02-28 15:48:36,0.00000400,300.00000000
2018-02-28 15:48:36,0.00000400,6556.00000000
2018-02-28 15:48:36,0.00000400,62814.00000000
2018-02-28 15:48:37,0.00000400,251.00000000
2018-02-28 15:48:37,0.00000400,29803.00000000
2018-02-28 15:48:40,0.00000400,251.00000000
2018-02-28 15:48:42,0.00000400,1524.00000000
2018-02-28 15:48:43,0.00000400,582.00000000
2018-02-28 15:48:44,0.00000400,107183.00000000
2018-02-28 15:48:44,0.00000400,96382.00000000
2018-02-28 15:48:46,0.00000400,600.00000000
2018-02-28 15:48:47,0.00000400,2003.00000000
2018-02-28 15:48:48,0.00000400,1794.00000000
2018-02-28 15:48:48,0.00000400,29656.00000000
2018-02-28 15:48:49,0.00000401,48576.00000000
2018-02-28 15:48:49,0.00000401,45786.00000000
2018-02-28 15:48:51,0.00000400,251.00000000
2018-02-28 15:48:51,0.00000400,78550.00000000
2018-02-28 15:48:51,0.00000400,10857.00000000
2018-02-28 15:48:51,0.00000400,2500.00000000
2018-02-28 15:48:52,0.00000400,3500.00000000
2018-02-28 15:48:55,0.00000399,1554.00000000
2018-02-28 15:48:56,0.00000400,3000.00000000
2018-02-28 15:48:58,0.00000400,7153.00000000
2018-02-28 15:49:01,0.00000400,375.00000000
2018-02-28 15:49:01,0.00000400,18437.00000000
2018-02-28 15:49:05,0.00000400,25285.00000000
2018-02-28 15:49:05,0.00000400,911.00000000
2018-02-28 15:49:06,0.00000400,20545.00000000
2018-02-28 15:49:07,0.00000400,112572.00000000
2018-02-28 15:49:09,0.00000400,5641.00000000
2018-02-28 15:49:11,0.00000400,275.00000000
2018-02-28 15:49:12,0.00000401,5635.00000000
2018-02-28 15:49:13,0.00000400,785.00000000
2018-02-28 15:49:13,0.00000400,250.00000000
2018-02-28 15:49:24,0.00000400,7.00000000
2018-02-28 15:49:26,0.00000400,1675.00000000
2018-02-28 15:49:29,0.00000400,11027.00000000
2018-02-28 15:49:31,0.00000400,1890.00000000
2018-02-28 15:49:32,0.00000400,438.00000000
2018-02-28 15:49:32,0.00000401,429.00000000
2018-02-28 15:49:32,0.00000401,77172.00000000
2018-02-28 15:49:34,0.00000400,1621.00000000
2018-02-28 15:49:34,0.00000401,19148.00000000
2018-02-28 15:49:35,0.00000400,4474.00000000
2018-02-28 15:49:35,0.00000401,2.00000000
2018-02-28 15:49:36,0.00000401,6319.00000000
2018-02-28 15:49:39,0.00000401,17031.00000000
2018-02-28 15:49:39,0.00000400,173071.00000000
2018-02-28 15:49:42,0.00000400,1000.00000000
2018-02-28 15:49:47,0.00000400,18405.00000000
2018-02-28 15:49:47,0.00000401,760.00000000
2018-02-28 15:49:48,0.00000400,10000.00000000
2018-02-28 15:49:49,0.00000401,61804.00000000
2018-02-28 15:49:52,0.00000401,1111.00000000
2018-02-28 15:49:53,0.00000401,188.00000000
2018-02-28 15:49:54,0.00000401,63.00000000
2018-02-28 15:49:59,0.00000401,5414.00000000
2018-02-28 15:50:01,0.00000401,4357.00000000
2018-02-28 15:50:01,0.00000401,49608.00000000
2018-02-28 15:50:04,0.00000400,4386.00000000
2018-02-28 15:50:05,0.00000400,730.00000000
2018-02-28 15:50:05,0.00000400,132930.00000000
2018-02-28 15:50:06,0.00000401,9951.00000000
2018-02-28 15:50:07,0.00000400,1945.00000000
2018-02-28 15:50:07,0.00000401,257776.00000000
2018-02-28 15:50:09,0.00000400,2003.00000000
2018-02-28 15:50:09,0.00000401,26158.00000000
2018-02-28 15:50:09,0.00000401,16914.00000000
2018-02-28 15:50:10,0.00000401,7847.00000000
2018-02-28 15:50:10,0.00000401,2615.00000000
2018-02-28 15:50:12,0.00000401,1493.00000000
2018-02-28 15:50:13,0.00000401,67579.00000000
2018-02-28 15:50:13,0.00000400,13980.00000000
2018-02-28 15:50:14,0.00000401,124688.00000000
2018-02-28 15:50:16,0.00000401,61875.00000000
2018-02-28 15:50:17,0.00000401,2387.00000000
2018-02-28 15:50:18,0.00000401,1609.00000000
2018-02-28 15:50:18,0.00000401,166967.00000000
2018-02-28 15:50:18,0.00000401,1839.00000000
2018-02-28 15:50:19,0.00000401,619804.00000000
2018-02-28 15:50:19,0.00000401,2787.00000000
2018-02-28 15:50:19,0.00000401,4263.00000000
2018-02-28 15:50:19,0.00000400,2493.00000000
2018-02-28 15:50:21,0.00000401,6928.00000000
2018-02-28 15:50:22,0.00000401,1083.00000000
2018-02-28 15:50:22,0.00000401,13163.00000000
2018-02-28 15:50:22,0.00000400,14246.00000000
2018-02-28 15:50:22,0.00000401,1082.00000000
2018-02-28 15:50:22,0.00000401,8598.00000000
2018-02-28 15:50:22,0.00000401,2067.00000000
2018-02-28 15:50:22,0.00000401,72771.00000000
2018-02-28 15:50:22,0.00000401,454184.00000000
2018-02-28 15:50:22,0.00000401,693.00000000
2018-02-28 15:50:23,0.00000401,67592.00000000
2018-02-28 15:50:23,0.00000401,413.00000000
2018-02-28 15:50:23,0.00000402,592.00000000
2018-02-28 15:50:24,0.00000401,309.00000000
2018-02-28 15:50:24,0.00000401,1033.00000000
2018-02-28 15:50:25,0.00000401,373.00000000
2018-02-28 15:50:25,0.00000401,2355.00000000
2018-02-28 15:50:25,0.00000402,124041.00000000
2018-02-28 15:50:25,0.00000402,10704.00000000
2018-02-28 15:50:26,0.00000401,7066.00000000
2018-02-28 15:50:27,0.00000401,433.00000000
2018-02-28 15:50:27,0.00000401,1900.00000000
2018-02-28 15:50:27,0.00000402,345561.00000000
2018-02-28 15:50:28,0.00000401,4109.00000000
2018-02-28 15:50:28,0.00000401,4508.00000000
2018-02-28 15:50:29,0.00000401,433.00000000
2018-02-28 15:50:29,0.00000401,4567.00000000
2018-02-28 15:50:29,0.00000402,115.00000000
2018-02-28 15:50:32,0.00000402,8464.00000000
2018-02-28 15:50:34,0.00000401,636.00000000
2018-02-28 15:50:34,0.00000402,3066.00000000
2018-02-28 15:50:36,0.00000402,2094.00000000
2018-02-28 15:50:37,0.00000402,100000.00000000
2018-02-28 15:50:37,0.00000401,1099.00000000
2018-02-28 15:50:37,0.00000402,60442.00000000
2018-02-28 15:50:38,0.00000402,124378.00000000
2018-02-28 15:50:38,0.00000401,1289.00000000
2018-02-28 15:50:39,0.00000402,5457.00000000
2018-02-28 15:50:39,0.00000402,88.00000000
2018-02-28 15:50:41,0.00000402,3284.00000000
2018-02-28 15:50:42,0.00000402,148713.00000000
2018-02-28 15:50:42,0.00000402,11151.00000000
2018-02-28 15:50:42,0.00000401,124619.00000000
2018-02-28 15:50:43,0.00000402,1190.00000000
2018-02-28 15:50:45,0.00000401,4537.00000000
2018-02-28 15:50:45,0.00000402,164775.00000000
2018-02-28 15:50:46,0.00000402,197078.00000000
2018-02-28 15:50:47,0.00000402,2647.00000000
2018-02-28 15:50:47,0.00000402,400.00000000
2018-02-28 15:50:47,0.00000402,15862.00000000
2018-02-28 15:50:48,0.00000402,1.00000000
2018-02-28 15:50:50,0.00000402,13111.00000000
2018-02-28 15:50:51,0.00000402,893.00000000
2018-02-28 15:50:51,0.00000402,456.00000000
2018-02-28 15:50:51,0.00000402,2487.00000000
2018-02-28 15:50:51,0.00000402,2062.00000000
2018-02-28 15:50:51,0.00000401,2062.00000000
2018-02-28 15:50:52,0.00000401,2061.00000000
2018-02-28 15:50:52,0.00000402,2200.00000000
2018-02-28 15:50:52,0.00000402,294.00000000
2018-02-28 15:50:52,0.00000403,1706.00000000
2018-02-28 15:50:52,0.00000402,1426.00000000
2018-02-28 15:50:52,0.00000401,1426.00000000
2018-02-28 15:50:52,0.00000401,1426.00000000
2018-02-28 15:50:53,0.00000402,4410.00000000
2018-02-28 15:50:53,0.00000402,13317.00000000
2018-02-28 15:50:53,0.00000402,794.00000000
2018-02-28 15:50:53,0.00000401,4410.00000000
2018-02-28 15:50:53,0.00000401,2486.00000000
2018-02-28 15:50:53,0.00000402,506.00000000
2018-02-28 15:50:53,0.00000402,794.00000000
2018-02-28 15:50:53,0.00000402,1469.00000000
2018-02-28 15:50:53,0.00000402,418457.00000000
2018-02-28 15:50:53,0.00000402,2486.00000000
2018-02-28 15:50:53,0.00000402,14388.00000000
2018-02-28 15:50:53,0.00000401,2486.00000000
2018-02-28 15:50:54,0.00000401,251.00000000
2018-02-28 15:50:54,0.00000402,412.00000000
2018-02-28 15:50:54,0.00000402,566.00000000
2018-02-28 15:50:54,0.00000402,151.00000000
2018-02-28 15:50:54,0.00000401,416.00000000
2018-02-28 15:50:54,0.00000401,716.00000000
2018-02-28 15:50:55,0.00000402,2487.00000000
2018-02-28 15:50:55,0.00000402,13939.00000000
2018-02-28 15:50:55,0.00000402,2486.00000000
2018-02-28 15:50:55,0.00000402,8500.00000000
2018-02-28 15:50:56,0.00000401,309.00000000
2018-02-28 15:50:57,0.00000401,457.00000000
2018-02-28 15:50:57,0.00000402,13800.00000000
2018-02-28 15:50:59,0.00000402,1800.00000000
2018-02-28 15:51:00,0.00000401,302.00000000
2018-02-28 15:51:02,0.00000401,3627.00000000
2018-02-28 15:51:04,0.00000402,515.00000000
2018-02-28 15:51:05,0.00000402,376.00000000
2018-02-28 15:51:05,0.00000402,202.00000000
2018-02-28 15:51:05,0.00000402,3715.00000000
2018-02-28 15:51:05,0.00000402,14297.00000000
2018-02-28 15:51:05,0.00000402,6662.00000000
2018-02-28 15:51:06,0.00000402,999.00000000
2018-02-28 15:51:08,0.00000402,708.00000000
2018-02-28 15:51:10,0.00000402,2.00000000
2018-02-28 15:51:10,0.00000402,4360.00000000
2018-02-28 15:51:10,0.00000402,5523.00000000
2018-02-28 15:51:11,0.00000402,24700.00000000
2018-02-28 15:51:12,0.00000401,24937.00000000
2018-02-28 15:51:12,0.00000401,83276.00000000
2018-02-28 15:51:12,0.00000402,4769.00000000
2018-02-28 15:51:12,0.00000402,13467.00000000
2018-02-28 15:51:13,0.00000402,4723.00000000
2018-02-28 15:51:13,0.00000402,69.00000000
2018-02-28 15:51:17,0.00000402,1705.00000000
2018-02-28 15:51:18,0.00000402,10517.00000000
2018-02-28 15:51:18,0.00000402,37.00000000
2018-02-28 15:51:18,0.00000402,4268.00000000
2018-02-28 15:51:18,0.00000401,2497.00000000
2018-02-28 15:51:19,0.00000401,3366.00000000
2018-02-28 15:51:19,0.00000402,3531.00000000
2018-02-28 15:51:21,0.00000402,162474.00000000
2018-02-28 15:51:23,0.00000402,1225.00000000
2018-02-28 15:51:23,0.00000402,2393.00000000
2018-02-28 15:51:25,0.00000402,124221.00000000
2018-02-28 15:51:26,0.00000402,2457.00000000
2018-02-28 15:51:26,0.00000402,3298.00000000
2018-02-28 15:51:28,0.00000402,26768.00000000
2018-02-28 15:51:30,0.00000402,9262.00000000
2018-02-28 15:51:31,0.00000402,766.00000000
2018-02-28 15:51:31,0.00000402,76667.00000000
2018-02-28 15:51:32,0.00000402,11990.00000000
2018-02-28 15:51:33,0.00000402,6781.00000000
2018-02-28 15:51:33,0.00000402,739.00000000
2018-02-28 15:51:34,0.00000402,1479.00000000
2018-02-28 15:51:36,0.00000401,5000.00000000
2018-02-28 15:51:37,0.00000402,62148.00000000
2018-02-28 15:51:37,0.00000402,2000.00000000
2018-02-28 15:51:37,0.00000402,2475.00000000
2018-02-28 15:51:37,0.00000402,2487.00000000
2018-02-28 15:51:38,0.00000402,2475.00000000
2018-02-28 15:51:38,0.00000402,2487.00000000
2018-02-28 15:51:39,0.00000402,17506.00000000
2018-02-28 15:51:39,0.00000402,5879.00000000
2018-02-28 15:51:39,0.00000402,2486.00000000
2018-02-28 15:51:39,0.00000402,17834.00000000
2018-02-28 15:51:39,0.00000402,27490.00000000
2018-02-28 15:51:39,0.00000403,2487.00000000
2018-02-28 15:51:40,0.00000403,2487.00000000
2018-02-28 15:51:40,0.00000401,2475.00000000
2018-02-28 15:51:40,0.00000401,1000.00000000
2018-02-28 15:51:41,0.00000402,1597.00000000
2018-02-28 15:51:42,0.00000402,2475.00000000
2018-02-28 15:51:42,0.00000402,2487.00000000
2018-02-28 15:51:42,0.00000402,3179.00000000
2018-02-28 15:51:42,0.00000402,2475.00000000
2018-02-28 15:51:43,0.00000402,2475.00000000
2018-02-28 15:51:43,0.00000402,2487.00000000
2018-02-28 15:51:43,0.00000402,2487.00000000
2018-02-28 15:51:43,0.00000402,62188.00000000
2018-02-28 15:51:43,0.00000402,2475.00000000
2018-02-28 15:51:44,0.00000402,2487.00000000
2018-02-28 15:51:44,0.00000402,2475.00000000
2018-02-28 15:51:44,0.00000402,2487.00000000
2018-02-28 15:51:44,0.00000402,2475.00000000
2018-02-28 15:51:44,0.00000402,2487.00000000
2018-02-28 15:51:45,0.00000402,3164.00000000
2018-02-28 15:51:45,0.00000402,11031.00000000
2018-02-28 15:51:45,0.00000402,2475.00000000
2018-02-28 15:51:45,0.00000402,2487.00000000
2018-02-28 15:51:45,0.00000402,2475.00000000
2018-02-28 15:51:45,0.00000402,11606.00000000
2018-02-28 15:51:46,0.00000401,11542.00000000
2018-02-28 15:51:48,0.00000401,721.00000000
2018-02-28 15:51:48,0.00000402,1299.00000000
2018-02-28 15:51:49,0.00000402,62189.00000000
2018-02-28 15:51:49,0.00000402,64382.00000000
2018-02-28 15:51:50,0.00000402,100178.00000000
2018-02-28 15:51:51,0.00000402,12438.00000000
2018-02-28 15:51:51,0.00000402,10989.00000000
2018-02-28 15:51:52,0.00000402,3592.00000000
2018-02-28 15:51:52,0.00000401,2475.00000000
2018-02-28 15:51:52,0.00000402,707.00000000
2018-02-28 15:51:54,0.00000402,104507.00000000
2018-02-28 15:51:54,0.00000402,12438.00000000
2018-02-28 15:51:54,0.00000402,209441.00000000
2018-02-28 15:51:56,0.00000402,21670.00000000
2018-02-28 15:51:57,0.00000402,3441.00000000
2018-02-28 15:51:57,0.00000402,12384.00000000
2018-02-28 15:51:58,0.00000402,24875.00000000
2018-02-28 15:51:58,0.00000402,1238.00000000
2018-02-28 15:51:59,0.00000402,2090.00000000
2018-02-28 15:52:00,0.00000402,51084.00000000
2018-02-28 15:52:01,0.00000402,115140.00000000
2018-02-28 15:52:03,0.00000401,17000.00000000
2018-02-28 15:52:03,0.00000403,85110.00000000
2018-02-28 15:52:03,0.00000401,1266.00000000
2018-02-28 15:52:06,0.00000401,301.00000000
2018-02-28 15:52:08,0.00000401,310.00000000
2018-02-28 15:52:08,0.00000401,277.00000000
2018-02-28 15:52:08,0.00000401,3584.00000000
2018-02-28 15:52:09,0.00000402,17284.00000000
2018-02-28 15:52:11,0.00000402,1189.00000000
2018-02-28 15:52:11,0.00000402,5435.00000000
2018-02-28 15:52:12,0.00000402,2182.00000000
2018-02-28 15:52:12,0.00000403,18457.00000000
2018-02-28 15:52:12,0.00000401,497.00000000
2018-02-28 15:52:13,0.00000402,8915.00000000
2018-02-28 15:52:14,0.00000402,1036.00000000
2018-02-28 15:52:15,0.00000402,523.00000000
2018-02-28 15:52:15,0.00000403,11886.00000000
2018-02-28 15:52:19,0.00000403,852.00000000
2018-02-28 15:52:19,0.00000402,175978.00000000
2018-02-28 15:52:20,0.00000403,6603.00000000
2018-02-28 15:52:20,0.00000402,4602.00000000
2018-02-28 15:52:20,0.00000401,8267.00000000
2018-02-28 15:52:20,0.00000403,194186.00000000
2018-02-28 15:52:21,0.00000402,15995.00000000
2018-02-28 15:52:22,0.00000403,20969.00000000
2018-02-28 15:52:22,0.00000403,117870.00000000
2018-02-28 15:52:23,0.00000403,7351.00000000
2018-02-28 15:52:25,0.00000403,1101.00000000
2018-02-28 15:52:26,0.00000402,432.00000000
2018-02-28 15:52:26,0.00000403,5087.00000000
2018-02-28 15:52:27,0.00000403,1867.00000000
2018-02-28 15:52:28,0.00000402,8877.00000000
2018-02-28 15:52:28,0.00000403,2363.00000000
2018-02-28 15:52:29,0.00000403,1661.00000000
2018-02-28 15:52:30,0.00000402,795.00000000
2018-02-28 15:52:30,0.00000403,16884.00000000
2018-02-28 15:52:32,0.00000403,6393.00000000
2018-02-28 15:52:33,0.00000403,196473.00000000
2018-02-28 15:52:34,0.00000403,3775.00000000
2018-02-28 15:52:34,0.00000403,6965.00000000
2018-02-28 15:52:34,0.00000403,942770.00000000
2018-02-28 15:52:34,0.00000403,455.00000000
2018-02-28 15:52:34,0.00000403,35949.00000000
2018-02-28 15:52:35,0.00000403,1973.00000000
2018-02-28 15:52:35,0.00000403,826.00000000
2018-02-28 15:52:35,0.00000403,2000.00000000
2018-02-28 15:52:36,0.00000403,452.00000000
2018-02-28 15:52:36,0.00000404,152000.00000000
2018-02-28 15:52:37,0.00000403,1609.00000000
2018-02-28 15:52:40,0.00000403,506.00000000
2018-02-28 15:52:40,0.00000403,31.00000000
2018-02-28 15:52:41,0.00000403,2.00000000
2018-02-28 15:52:41,0.00000404,889777.00000000
2018-02-28 15:52:42,0.00000404,536420.00000000
2018-02-28 15:52:42,0.00000404,99325.00000000
2018-02-28 15:52:42,0.00000404,314422.00000000
2018-02-28 15:52:42,0.00000404,74872.00000000
2018-02-28 15:52:42,0.00000404,164579.00000000
2018-02-28 15:52:44,0.00000404,145001.00000000
2018-02-28 15:52:44,0.00000404,696.00000000
2018-02-28 15:52:45,0.00000405,2387.00000000
2018-02-28 15:52:45,0.00000405,9516.00000000
2018-02-28 15:52:45,0.00000405,96436.00000000
2018-02-28 15:52:46,0.00000404,71476.00000000
2018-02-28 15:52:46,0.00000405,21606.00000000
2018-02-28 15:52:46,0.00000404,935.00000000
2018-02-28 15:52:47,0.00000405,9049.00000000
2018-02-28 15:52:47,0.00000404,502.00000000
2018-02-28 15:52:47,0.00000405,122651.00000000
2018-02-28 15:52:47,0.00000404,6410.00000000
2018-02-28 15:52:48,0.00000404,129909.00000000
2018-02-28 15:52:48,0.00000405,12456.00000000
2018-02-28 15:52:48,0.00000405,2029.00000000
2018-02-28 15:52:48,0.00000404,502.00000000
2018-02-28 15:52:49,0.00000405,196105.00000000
2018-02-28 15:52:49,0.00000405,2510.00000000
2018-02-28 15:52:50,0.00000404,503.00000000
2018-02-28 15:52:50,0.00000405,153603.00000000
2018-02-28 15:52:51,0.00000405,1043.00000000
2018-02-28 15:52:51,0.00000405,48945.00000000
2018-02-28 15:52:52,0.00000405,21739.00000000
2018-02-28 15:52:53,0.00000405,386940.00000000
2018-02-28 15:52:53,0.00000405,252.00000000
2018-02-28 15:52:53,0.00000405,976.00000000
2018-02-28 15:52:53,0.00000405,2537.00000000
2018-02-28 15:52:53,0.00000405,55962.00000000
2018-02-28 15:52:54,0.00000405,23747.00000000
2018-02-28 15:52:54,0.00000405,8012.00000000
2018-02-28 15:52:54,0.00000405,1000.00000000
2018-02-28 15:52:54,0.00000405,4430.00000000
2018-02-28 15:52:54,0.00000406,11234.00000000
2018-02-28 15:52:54,0.00000406,24616.00000000
2018-02-28 15:52:55,0.00000406,333495.00000000
2018-02-28 15:52:55,0.00000406,86036.00000000
2018-02-28 15:52:55,0.00000405,306.00000000
2018-02-28 15:52:56,0.00000405,3456.00000000
2018-02-28 15:52:57,0.00000405,416.00000000
2018-02-28 15:52:57,0.00000406,58413.00000000
2018-02-28 15:52:58,0.00000406,21597.00000000
2018-02-28 15:52:58,0.00000406,1533.00000000
2018-02-28 15:52:58,0.00000405,6307.00000000
2018-02-28 15:52:58,0.00000406,768.00000000
2018-02-28 15:52:59,0.00000406,457.00000000
2018-02-28 15:52:59,0.00000406,10420.00000000
2018-02-28 15:53:00,0.00000405,1499.00000000
2018-02-28 15:53:00,0.00000405,7044.00000000
2018-02-28 15:53:00,0.00000406,3155.00000000
2018-02-28 15:53:00,0.00000406,188402.00000000
2018-02-28 15:53:01,0.00000405,202877.00000000
2018-02-28 15:53:01,0.00000406,46074.00000000
2018-02-28 15:53:03,0.00000405,75472.00000000
2018-02-28 15:53:03,0.00000406,701.00000000
2018-02-28 15:53:03,0.00000406,12867.00000000
2018-02-28 15:53:03,0.00000405,202974.00000000
2018-02-28 15:53:03,0.00000406,5000.00000000
2018-02-28 15:53:03,0.00000406,39391.00000000
2018-02-28 15:53:05,0.00000405,552.00000000
2018-02-28 15:53:05,0.00000405,704.00000000
2018-02-28 15:53:06,0.00000405,11029.00000000
2018-02-28 15:53:06,0.00000406,105438.00000000
2018-02-28 15:53:06,0.00000405,499.00000000
2018-02-28 15:53:06,0.00000406,2579.00000000
2018-02-28 15:53:07,0.00000405,24691.00000000
2018-02-28 15:53:07,0.00000405,28328.00000000
2018-02-28 15:53:07,0.00000406,520.00000000
2018-02-28 15:53:07,0.00000406,2118.00000000
2018-02-28 15:53:08,0.00000406,19788.00000000
2018-02-28 15:53:09,0.00000406,750000.00000000
2018-02-28 15:53:09,0.00000406,15441.00000000
2018-02-28 15:53:09,0.00000406,36543.00000000
2018-02-28 15:53:10,0.00000406,204591.00000000
2018-02-28 15:53:10,0.00000405,9836.00000000
2018-02-28 15:53:10,0.00000406,2030.00000000
2018-02-28 15:53:11,0.00000406,7509.00000000
2018-02-28 15:53:11,0.00000406,167484.00000000
2018-02-28 15:53:11,0.00000406,99325.00000000
2018-02-28 15:53:11,0.00000406,105500.00000000
2018-02-28 15:53:11,0.00000406,36667.00000000
2018-02-28 15:53:11,0.00000406,102845.00000000
2018-02-28 15:53:11,0.00000406,1174.00000000
2018-02-28 15:53:12,0.00000406,10399.00000000
2018-02-28 15:53:12,0.00000405,10000.00000000
2018-02-28 15:53:12,0.00000406,1600.00000000
2018-02-28 15:53:12,0.00000405,1534.00000000
2018-02-28 15:53:13,0.00000406,19.00000000
2018-02-28 15:53:14,0.00000406,1511.00000000
2018-02-28 15:53:14,0.00000406,420.00000000
2018-02-28 15:53:14,0.00000406,500.00000000
2018-02-28 15:53:14,0.00000406,1876.00000000
2018-02-28 15:53:14,0.00000406,779.00000000
2018-02-28 15:53:14,0.00000405,2655.00000000
2018-02-28 15:53:15,0.00000406,1096.00000000
2018-02-28 15:53:15,0.00000406,10136.00000000
2018-02-28 15:53:15,0.00000406,6996.00000000
2018-02-28 15:53:15,0.00000406,2044.00000000
2018-02-28 15:53:15,0.00000407,8040.00000000
2018-02-28 15:53:15,0.00000406,12919.00000000
2018-02-28 15:53:15,0.00000407,4135.00000000
2018-02-28 15:53:15,0.00000406,7586.00000000
2018-02-28 15:53:16,0.00000406,5309.00000000
2018-02-28 15:53:16,0.00000406,5025.00000000
2018-02-28 15:53:16,0.00000406,2010.00000000
2018-02-28 15:53:16,0.00000406,1005.00000000
2018-02-28 15:53:16,0.00000406,2469.00000000
2018-02-28 15:53:16,0.00000406,4029.00000000
2018-02-28 15:53:16,0.00000406,2898.00000000
2018-02-28 15:53:17,0.00000406,7698.00000000
2018-02-28 15:53:17,0.00000406,3614.00000000
2018-02-28 15:53:17,0.00000407,9829.00000000
2018-02-28 15:53:18,0.00000406,7364.00000000
2018-02-28 15:53:18,0.00000406,2378.00000000
2018-02-28 15:53:18,0.00000406,2469.00000000
2018-02-28 15:53:18,0.00000406,2487.00000000
2018-02-28 15:53:18,0.00000406,2919.00000000
2018-02-28 15:53:19,0.00000406,6103.00000000
2018-02-28 15:53:19,0.00000406,8314.00000000
2018-02-28 15:53:19,0.00000406,4546.00000000
2018-02-28 15:53:20,0.00000406,410.00000000
2018-02-28 15:53:20,0.00000406,265430.00000000
2018-02-28 15:53:21,0.00000406,408.00000000
2018-02-28 15:53:21,0.00000407,720.00000000
2018-02-28 15:53:21,0.00000406,1013.00000000
2018-02-28 15:53:21,0.00000407,6318.00000000
2018-02-28 15:53:21,0.00000406,1059.00000000
2018-02-28 15:53:22,0.00000406,11512.00000000
2018-02-28 15:53:22,0.00000406,10.00000000
2018-02-28 15:53:22,0.00000406,15033.00000000
2018-02-28 15:53:22,0.00000406,5315.00000000
2018-02-28 15:53:22,0.00000406,1530.00000000
2018-02-28 15:53:23,0.00000406,622.00000000
2018-02-28 15:53:23,0.00000407,2107.00000000
2018-02-28 15:53:23,0.00000406,124809.00000000
2018-02-28 15:53:24,0.00000406,3176.00000000
2018-02-28 15:53:25,0.00000406,448.00000000
2018-02-28 15:53:25,0.00000406,210186.00000000
2018-02-28 15:53:25,0.00000406,6958.00000000
2018-02-28 15:53:25,0.00000406,893.00000000
2018-02-28 15:53:26,0.00000406,12469.00000000
2018-02-28 15:53:27,0.00000406,24630.00000000
2018-02-28 15:53:27,0.00000406,31632.00000000
2018-02-28 15:53:27,0.00000406,196105.00000000
2018-02-28 15:53:27,0.00000407,2699.00000000
2018-02-28 15:53:28,0.00000406,29818.00000000
2018-02-28 15:53:28,0.00000406,4122.00000000
2018-02-28 15:53:28,0.00000406,1534.00000000
2018-02-28 15:53:28,0.00000406,2578.00000000
2018-02-28 15:53:29,0.00000407,1912.00000000
2018-02-28 15:53:29,0.00000406,148582.00000000
2018-02-28 15:53:29,0.00000407,304826.00000000
2018-02-28 15:53:29,0.00000406,37430.00000000
2018-02-28 15:53:29,0.00000406,13189.00000000
2018-02-28 15:53:30,0.00000405,9000.00000000
2018-02-28 15:53:30,0.00000406,33839.00000000
2018-02-28 15:53:30,0.00000406,44425.00000000
2018-02-28 15:53:30,0.00000406,56375.00000000
2018-02-28 15:53:31,0.00000406,15426.00000000
2018-02-28 15:53:32,0.00000405,2000.00000000
2018-02-28 15:53:32,0.00000405,3752.00000000
2018-02-28 15:53:32,0.00000406,285.00000000
2018-02-28 15:53:32,0.00000406,844.00000000
2018-02-28 15:53:33,0.00000405,2525.00000000
2018-02-28 15:53:33,0.00000406,1486.00000000
2018-02-28 15:53:33,0.00000405,800.00000000
2018-02-28 15:53:33,0.00000405,502.00000000
2018-02-28 15:53:34,0.00000406,2294.00000000
2018-02-28 15:53:34,0.00000405,68859.00000000
2018-02-28 15:53:35,0.00000405,502.00000000
2018-02-28 15:53:36,0.00000405,7660.00000000
2018-02-28 15:53:36,0.00000406,81892.00000000
2018-02-28 15:53:36,0.00000406,17759.00000000
2018-02-28 15:53:36,0.00000405,629.00000000
2018-02-28 15:53:37,0.00000406,5000.00000000
2018-02-28 15:53:39,0.00000406,3908.00000000
2018-02-28 15:53:40,0.00000406,32776.00000000
2018-02-28 15:53:40,0.00000406,125924.00000000
2018-02-28 15:53:41,0.00000406,130322.00000000
2018-02-28 15:53:42,0.00000406,640.00000000
2018-02-28 15:53:43,0.00000406,39059.00000000
2018-02-28 15:53:43,0.00000406,2466.00000000
2018-02-28 15:53:44,0.00000406,1778.00000000
2018-02-28 15:53:44,0.00000406,1004.00000000
2018-02-28 15:53:44,0.00000406,26051.00000000
2018-02-28 15:53:45,0.00000406,963.00000000
2018-02-28 15:53:45,0.00000406,45870.00000000
2018-02-28 15:53:45,0.00000406,45860.00000000
2018-02-28 15:53:46,0.00000406,24630.00000000
2018-02-28 15:53:46,0.00000406,1430.00000000
2018-02-28 15:53:46,0.00000405,5614.00000000
2018-02-28 15:53:47,0.00000407,32811.00000000
2018-02-28 15:53:48,0.00000407,2686.00000000
2018-02-28 15:53:48,0.00000407,18220.00000000
2018-02-28 15:53:48,0.00000406,503.00000000
2018-02-28 15:53:49,0.00000406,29932.00000000
2018-02-28 15:53:49,0.00000406,2028.00000000
2018-02-28 15:53:50,0.00000406,200.00000000
2018-02-28 15:53:50,0.00000407,9854.00000000
2018-02-28 15:53:50,0.00000406,84713.00000000
2018-02-28 15:53:51,0.00000406,742.00000000
2018-02-28 15:53:51,0.00000405,130367.00000000
2018-02-28 15:53:51,0.00000406,44939.00000000
2018-02-28 15:53:52,0.00000406,863.00000000
2018-02-28 15:53:52,0.00000406,3534.00000000
2018-02-28 15:53:53,0.00000406,3896.00000000
2018-02-28 15:53:53,0.00000405,955594.00000000
2018-02-28 15:53:54,0.00000406,19390.00000000
2018-02-28 15:53:54,0.00000406,11464.00000000
2018-02-28 15:53:55,0.00000406,4373.00000000
2018-02-28 15:53:55,0.00000405,91283.00000000
2018-02-28 15:53:55,0.00000405,863.00000000
2018-02-28 15:53:56,0.00000405,715.00000000
2018-02-28 15:53:56,0.00000405,15162.00000000
2018-02-28 15:53:56,0.00000405,14628.00000000
2018-02-28 15:53:56,0.00000406,413048.00000000
2018-02-28 15:53:56,0.00000407,290486.00000000
2018-02-28 15:53:57,0.00000406,5000.00000000
2018-02-28 15:53:58,0.00000405,1627.00000000
2018-02-28 15:53:58,0.00000405,302.00000000
2018-02-28 15:53:58,0.00000406,2255.00000000
2018-02-28 15:53:58,0.00000405,302.00000000
2018-02-28 15:53:58,0.00000405,117783.00000000
2018-02-28 15:53:59,0.00000405,48657.00000000
2018-02-28 15:53:59,0.00000406,2500.00000000
2018-02-28 15:54:00,0.00000406,24343.00000000
2018-02-28 15:54:00,0.00000405,10000.00000000
2018-02-28 15:54:00,0.00000405,999.00000000
2018-02-28 15:54:01,0.00000406,13487.00000000
2018-02-28 15:54:02,0.00000406,545.00000000
2018-02-28 15:54:02,0.00000405,7044.00000000
2018-02-28 15:54:04,0.00000406,458.00000000
2018-02-28 15:54:04,0.00000406,4080.00000000
2018-02-28 15:54:04,0.00000405,42741.00000000
2018-02-28 15:54:04,0.00000406,1000.00000000
2018-02-28 15:54:05,0.00000405,2296.00000000
2018-02-28 15:54:05,0.00000406,3714.00000000
2018-02-28 15:54:06,0.00000405,81.00000000
2018-02-28 15:54:06,0.00000406,675.00000000
2018-02-28 15:54:06,0.00000406,10432.00000000
2018-02-28 15:54:07,0.00000406,739.00000000
2018-02-28 15:54:08,0.00000405,717.00000000
2018-02-28 15:54:08,0.00000406,6567.00000000
2018-02-28 15:54:09,0.00000406,99629.00000000
2018-02-28 15:54:10,0.00000406,270.00000000
2018-02-28 15:54:11,0.00000405,21278.00000000
2018-02-28 15:54:11,0.00000406,1712.00000000
2018-02-28 15:54:12,0.00000406,369.00000000
2018-02-28 15:54:12,0.00000405,2000.00000000
2018-02-28 15:54:12,0.00000406,12570.00000000
2018-02-28 15:54:12,0.00000405,1874.00000000
2018-02-28 15:54:12,0.00000406,13365.00000000
2018-02-28 15:54:13,0.00000405,1040.00000000
2018-02-28 15:54:13,0.00000406,5598.00000000
2018-02-28 15:54:15,0.00000406,23.00000000
2018-02-28 15:54:16,0.00000406,2092.00000000
2018-02-28 15:54:16,0.00000406,331617.00000000
2018-02-28 15:54:17,0.00000406,60038.00000000
2018-02-28 15:54:17,0.00000406,154582.00000000
2018-02-28 15:54:17,0.00000406,53355.00000000
2018-02-28 15:54:17,0.00000406,7023.00000000
2018-02-28 15:54:18,0.00000406,28180.00000000
2018-02-28 15:54:18,0.00000406,36039.00000000
2018-02-28 15:54:19,0.00000406,500.00000000
2018-02-28 15:54:19,0.00000406,42000.00000000
2018-02-28 15:54:21,0.00000406,145808.00000000
2018-02-28 15:54:22,0.00000406,2326.00000000
2018-02-28 15:54:24,0.00000406,25000.00000000
2018-02-28 15:54:24,0.00000406,47325.00000000
2018-02-28 15:54:24,0.00000406,3950.00000000
2018-02-28 15:54:26,0.00000406,27160.00000000
2018-02-28 15:54:26,0.00000406,6624.00000000
2018-02-28 15:54:26,0.00000406,13890.00000000
2018-02-28 15:54:26,0.00000406,39939.00000000
2018-02-28 15:54:27,0.00000406,1879.00000000
2018-02-28 15:54:27,0.00000406,12345.00000000
2018-02-28 15:54:27,0.00000406,1568.00000000
2018-02-28 15:54:28,0.00000405,5764.00000000
2018-02-28 15:54:28,0.00000405,56142.00000000
2018-02-28 15:54:28,0.00000406,58112.00000000
2018-02-28 15:54:28,0.00000407,200.00000000
2018-02-28 15:54:29,0.00000406,4637.00000000
2018-02-28 15:54:29,0.00000406,1673.00000000
2018-02-28 15:54:29,0.00000406,35419.00000000
2018-02-28 15:54:29,0.00000406,69337.00000000
2018-02-28 15:54:30,0.00000406,17387.00000000
2018-02-28 15:54:31,0.00000406,24029.00000000
2018-02-28 15:54:31,0.00000406,2258.00000000
2018-02-28 15:54:32,0.00000406,31487.00000000
2018-02-28 15:54:33,0.00000406,2443.00000000
2018-02-28 15:54:34,0.00000406,151148.00000000
2018-02-28 15:54:35,0.00000406,3256.00000000
2018-02-28 15:54:35,0.00000406,17522.00000000
2018-02-28 15:54:35,0.00000406,85582.00000000
2018-02-28 15:54:36,0.00000406,24634.00000000
2018-02-28 15:54:36,0.00000406,5996.00000000
2018-02-28 15:54:37,0.00000406,100000.00000000
2018-02-28 15:54:37,0.00000406,310.00000000
2018-02-28 15:54:37,0.00000405,899.00000000
2018-02-28 15:54:37,0.00000405,4716.00000000
2018-02-28 15:54:37,0.00000406,11129.00000000
2018-02-28 15:54:38,0.00000406,121100.00000000
2018-02-28 15:54:39,0.00000406,199692.00000000
2018-02-28 15:54:39,0.00000406,18795.00000000
2018-02-28 15:54:41,0.00000406,92218.00000000
2018-02-28 15:54:41,0.00000406,3083.00000000
2018-02-28 15:54:41,0.00000406,2164.00000000
2018-02-28 15:54:41,0.00000406,16986.00000000
2018-02-28 15:54:41,0.00000406,27719.00000000
2018-02-28 15:54:42,0.00000406,10861.00000000
2018-02-28 15:54:42,0.00000406,285.00000000
2018-02-28 15:54:42,0.00000406,26283.00000000
2018-02-28 15:54:42,0.00000406,16402.00000000
2018-02-28 15:54:42,0.00000406,2450.00000000
2018-02-28 15:54:43,0.00000406,24122.00000000
2018-02-28 15:54:43,0.00000406,3296.00000000
2018-02-28 15:54:44,0.00000406,2913.00000000
2018-02-28 15:54:44,0.00000407,828.00000000
2018-02-28 15:54:44,0.00000406,43081.00000000
2018-02-28 15:54:44,0.00000406,559.00000000
2018-02-28 15:54:46,0.00000406,2579.00000000
2018-02-28 15:54:47,0.00000406,2981.00000000
2018-02-28 15:54:47,0.00000406,5375.00000000
2018-02-28 15:54:48,0.00000406,8324.00000000
2018-02-28 15:54:49,0.00000406,981.00000000
2018-02-28 15:54:50,0.00000406,998.00000000
2018-02-28 15:54:50,0.00000406,10000.00000000
2018-02-28 15:54:51,0.00000406,4560.00000000
2018-02-28 15:54:51,0.00000406,25368.00000000
2018-02-28 15:54:52,0.00000406,3129.00000000
2018-02-28 15:54:53,0.00000406,777.00000000
2018-02-28 15:54:53,0.00000406,859.00000000
2018-02-28 15:54:53,0.00000406,55897.00000000
2018-02-28 15:54:53,0.00000406,1308.00000000
2018-02-28 15:54:54,0.00000406,6080.00000000
2018-02-28 15:54:55,0.00000406,17674.00000000
2018-02-28 15:54:55,0.00000406,9935.00000000
2018-02-28 15:54:56,0.00000406,24630.00000000
2018-02-28 15:54:56,0.00000406,13612.00000000
2018-02-28 15:54:56,0.00000407,409.00000000
2018-02-28 15:54:56,0.00000406,15663.00000000
2018-02-28 15:54:57,0.00000407,41.00000000
2018-02-28 15:54:57,0.00000405,2469.00000000
2018-02-28 15:54:57,0.00000406,20029.00000000
2018-02-28 15:54:58,0.00000406,5060.00000000
2018-02-28 15:54:59,0.00000407,1929.00000000
2018-02-28 15:55:00,0.00000406,24630.00000000
2018-02-28 15:55:00,0.00000406,55428.00000000
2018-02-28 15:55:01,0.00000407,339.00000000
2018-02-28 15:55:02,0.00000407,3.00000000
2018-02-28 15:55:02,0.00000406,17622.00000000
2018-02-28 15:55:03,0.00000407,1697.00000000
2018-02-28 15:55:03,0.00000407,245717.00000000
2018-02-28 15:55:03,0.00000407,23128.00000000
2018-02-28 15:55:03,0.00000406,41532.00000000
2018-02-28 15:55:03,0.00000407,479.00000000
2018-02-28 15:55:04,0.00000406,1938.00000000
2018-02-28 15:55:04,0.00000406,1.00000000
2018-02-28 15:55:04,0.00000406,614537.00000000
2018-02-28 15:55:05,0.00000406,23937.00000000
2018-02-28 15:55:05,0.00000406,950.00000000
2018-02-28 15:55:05,0.00000406,158.00000000
2018-02-28 15:55:06,0.00000406,9954.00000000
2018-02-28 15:55:06,0.00000406,1883.00000000
2018-02-28 15:55:07,0.00000406,1200.00000000
2018-02-28 15:55:07,0.00000406,24256.00000000
2018-02-28 15:55:07,0.00000406,9768.00000000
2018-02-28 15:55:08,0.00000406,52874.00000000
2018-02-28 15:55:08,0.00000406,54476.00000000
2018-02-28 15:55:09,0.00000406,1729.00000000
2018-02-28 15:55:09,0.00000406,6425.00000000
2018-02-28 15:55:10,0.00000406,486.00000000
2018-02-28 15:55:10,0.00000405,11118.00000000
2018-02-28 15:55:10,0.00000406,9919.00000000
2018-02-28 15:55:10,0.00000406,12905.00000000
2018-02-28 15:55:10,0.00000406,6140.00000000
2018-02-28 15:55:11,0.00000405,27133.00000000
2018-02-28 15:55:11,0.00000406,114529.00000000
2018-02-28 15:55:11,0.00000405,20000.00000000
2018-02-28 15:55:14,0.00000406,15363.00000000
2018-02-28 15:55:15,0.00000406,1700.00000000
2018-02-28 15:55:15,0.00000405,1001.00000000
2018-02-28 15:55:15,0.00000406,1535.00000000
2018-02-28 15:55:15,0.00000405,420.00000000
2018-02-28 15:55:17,0.00000406,1197.00000000
2018-02-28 15:55:17,0.00000405,420.00000000
2018-02-28 15:55:18,0.00000405,3533.00000000
2018-02-28 15:55:18,0.00000406,512.00000000
2018-02-28 15:55:18,0.00000405,653.00000000
2018-02-28 15:55:19,0.00000406,268.00000000
2018-02-28 15:55:20,0.00000405,6100.00000000
2018-02-28 15:55:23,0.00000406,166082.00000000
2018-02-28 15:55:24,0.00000406,17645.00000000
2018-02-28 15:55:25,0.00000406,400.00000000
2018-02-28 15:55:25,0.00000406,61024.00000000
2018-02-28 15:55:26,0.00000406,16680.00000000
2018-02-28 15:55:27,0.00000406,20341.00000000
2018-02-28 15:55:29,0.00000406,2124.00000000
2018-02-28 15:55:29,0.00000405,123861.00000000
2018-02-28 15:55:30,0.00000406,14780.00000000
2018-02-28 15:55:30,0.00000405,8820.00000000
2018-02-28 15:55:32,0.00000406,1000.00000000
2018-02-28 15:55:32,0.00000405,17266.00000000
2018-02-28 15:55:35,0.00000406,259.00000000
2018-02-28 15:55:38,0.00000405,3500.00000000
2018-02-28 15:55:38,0.00000405,2968.00000000
2018-02-28 15:55:38,0.00000406,441.00000000
2018-02-28 15:55:39,0.00000406,1209.00000000
2018-02-28 15:55:40,0.00000406,14123.00000000
2018-02-28 15:55:41,0.00000406,148361.00000000
2018-02-28 15:55:42,0.00000405,121088.00000000
2018-02-28 15:55:47,0.00000406,9782.00000000
2018-02-28 15:55:47,0.00000406,8760.00000000
2018-02-28 15:55:47,0.00000405,13932.00000000
2018-02-28 15:55:48,0.00000405,15347.00000000
2018-02-28 15:55:51,0.00000405,2576.00000000
2018-02-28 15:55:51,0.00000405,44425.00000000
2018-02-28 15:55:52,0.00000405,9250.00000000
2018-02-28 15:55:54,0.00000405,82532.00000000
2018-02-28 15:55:55,0.00000405,75215.00000000
2018-02-28 15:55:55,0.00000406,169259.00000000
2018-02-28 15:55:56,0.00000406,119.00000000
2018-02-28 15:55:56,0.00000406,29229.00000000
2018-02-28 15:55:58,0.00000405,193277.00000000
2018-02-28 15:55:58,0.00000405,999.00000000
2018-02-28 15:55:58,0.00000405,276941.00000000
2018-02-28 15:55:59,0.00000406,4204.00000000
2018-02-28 15:55:59,0.00000405,12731.00000000
2018-02-28 15:56:00,0.00000405,5593.00000000
2018-02-28 15:56:00,0.00000406,2562.00000000
2018-02-28 15:56:00,0.00000405,629.00000000
2018-02-28 15:56:01,0.00000405,659.00000000
2018-02-28 15:56:01,0.00000405,7483.00000000
2018-02-28 15:56:01,0.00000406,2472.00000000
2018-02-28 15:56:02,0.00000406,6862.00000000
2018-02-28 15:56:02,0.00000405,51154.00000000
2018-02-28 15:56:03,0.00000405,1700.00000000
2018-02-28 15:56:03,0.00000405,21606.00000000
2018-02-28 15:56:03,0.00000406,350.00000000
2018-02-28 15:56:04,0.00000405,99465.00000000
2018-02-28 15:56:04,0.00000406,25784.00000000
2018-02-28 15:56:05,0.00000405,74096.00000000
2018-02-28 15:56:05,0.00000406,20503.00000000
2018-02-28 15:56:05,0.00000405,172648.00000000
2018-02-28 15:56:05,0.00000405,5375.00000000
2018-02-28 15:56:06,0.00000405,61813.00000000
2018-02-28 15:56:06,0.00000406,54439.00000000
2018-02-28 15:56:06,0.00000405,6842.00000000
2018-02-28 15:56:06,0.00000405,65598.00000000
2018-02-28 15:56:07,0.00000405,3657.00000000
2018-02-28 15:56:07,0.00000405,434.00000000
2018-02-28 15:56:07,0.00000405,5200.00000000
2018-02-28 15:56:07,0.00000404,115.00000000
2018-02-28 15:56:10,0.00000404,3944.00000000
2018-02-28 15:56:10,0.00000404,3850.00000000
2018-02-28 15:56:12,0.00000404,635.00000000
2018-02-28 15:56:12,0.00000405,248.00000000
2018-02-28 15:56:12,0.00000404,226810.00000000
2018-02-28 15:56:12,0.00000405,785.00000000
2018-02-28 15:56:13,0.00000404,2005.00000000
2018-02-28 15:56:15,0.00000405,680.00000000
2018-02-28 15:56:16,0.00000405,402.00000000
2018-02-28 15:56:16,0.00000404,1100.00000000
2018-02-28 15:56:16,0.00000404,582.00000000
2018-02-28 15:56:16,0.00000404,225183.00000000
2018-02-28 15:56:16,0.00000405,48635.00000000
2018-02-28 15:56:17,0.00000405,153959.00000000
2018-02-28 15:56:18,0.00000404,1238.00000000
2018-02-28 15:56:18,0.00000404,76590.00000000
2018-02-28 15:56:19,0.00000404,2258.00000000
2018-02-28 15:56:20,0.00000405,14058.00000000
2018-02-28 15:56:20,0.00000404,1303463.00000000
2018-02-28 15:56:20,0.00000404,2644.00000000
2018-02-28 15:56:21,0.00000404,14216.00000000
2018-02-28 15:56:21,0.00000404,15784.00000000
2018-02-28 15:56:22,0.00000404,15792.00000000
2018-02-28 15:56:22,0.00000404,101960.00000000
2018-02-28 15:56:22,0.00000404,23.00000000
2018-02-28 15:56:22,0.00000404,7126.00000000
2018-02-28 15:56:22,0.00000404,13858.00000000
2018-02-28 15:56:22,0.00000403,1142.00000000
2018-02-28 15:56:22,0.00000404,13303.00000000
2018-02-28 15:56:22,0.00000404,12273.00000000
2018-02-28 15:56:22,0.00000404,19208.00000000
2018-02-28 15:56:22,0.00000404,26584.00000000
2018-02-28 15:56:22,0.00000404,10019.00000000
2018-02-28 15:56:22,0.00000404,102999.00000000
2018-02-28 15:56:23,0.00000403,5384.00000000
2018-02-28 15:56:24,0.00000403,8793.00000000
2018-02-28 15:56:24,0.00000405,972.00000000
2018-02-28 15:56:24,0.00000403,12443.00000000
2018-02-28 15:56:25,0.00000403,376.00000000
2018-02-28 15:56:27,0.00000404,17247.00000000
2018-02-28 15:56:28,0.00000403,1546.00000000
2018-02-28 15:56:28,0.00000403,2525.00000000
2018-02-28 15:56:28,0.00000403,2000.00000000
2018-02-28 15:56:29,0.00000403,1636.00000000
2018-02-28 15:56:29,0.00000403,1448.00000000
2018-02-28 15:56:29,0.00000403,1455.00000000
2018-02-28 15:56:30,0.00000403,2525.00000000
2018-02-28 15:56:30,0.00000403,1849.00000000
2018-02-28 15:56:31,0.00000404,10193.00000000
2018-02-28 15:56:32,0.00000403,6632.00000000
2018-02-28 15:56:32,0.00000403,2531.00000000
2018-02-28 15:56:32,0.00000403,2401.00000000
2018-02-28 15:56:32,0.00000403,1265.00000000
2018-02-28 15:56:32,0.00000403,1240.00000000
2018-02-28 15:56:32,0.00000403,1000.00000000
2018-02-28 15:56:32,0.00000403,2531.00000000
2018-02-28 15:56:33,0.00000403,1278.00000000
2018-02-28 15:56:33,0.00000404,453.00000000
2018-02-28 15:56:35,0.00000404,546.00000000
2018-02-28 15:56:36,0.00000403,1021.00000000
2018-02-28 15:56:38,0.00000403,2361.00000000
2018-02-28 15:56:39,0.00000404,2088.00000000
2018-02-28 15:56:40,0.00000403,1173.00000000
2018-02-28 15:56:40,0.00000404,24752.00000000
2018-02-28 15:56:41,0.00000403,153450.00000000
2018-02-28 15:56:42,0.00000403,187514.00000000
2018-02-28 15:56:42,0.00000403,4039.00000000
2018-02-28 15:56:42,0.00000403,18303.00000000
2018-02-28 15:56:43,0.00000402,888.00000000
2018-02-28 15:56:43,0.00000402,501.00000000
2018-02-28 15:56:43,0.00000402,497.00000000
2018-02-28 15:56:43,0.00000402,629.00000000
2018-02-28 15:56:43,0.00000402,888.00000000
2018-02-28 15:56:44,0.00000403,1363.00000000
2018-02-28 15:56:45,0.00000402,143066.00000000
2018-02-28 15:56:45,0.00000403,1435.00000000
2018-02-28 15:56:45,0.00000403,1024.00000000
2018-02-28 15:56:46,0.00000403,534.00000000
2018-02-28 15:56:47,0.00000403,4928.00000000
2018-02-28 15:56:47,0.00000402,1284.00000000
2018-02-28 15:56:48,0.00000403,3486.00000000
2018-02-28 15:56:49,0.00000403,2707.00000000
2018-02-28 15:56:49,0.00000403,52481.00000000
2018-02-28 15:56:49,0.00000403,8217.00000000
2018-02-28 15:56:49,0.00000403,6277.00000000
2018-02-28 15:56:50,0.00000403,5131.00000000
2018-02-28 15:56:50,0.00000403,1643.00000000
2018-02-28 15:56:50,0.00000403,329.00000000
2018-02-28 15:56:51,0.00000403,1043.00000000
2018-02-28 15:56:51,0.00000402,29832.00000000
2018-02-28 15:56:51,0.00000402,502.00000000
2018-02-28 15:56:52,0.00000402,15016.00000000
2018-02-28 15:56:53,0.00000402,2564.00000000
2018-02-28 15:56:53,0.00000402,1886.00000000
2018-02-28 15:56:53,0.00000403,2263.00000000
2018-02-28 15:56:53,0.00000402,2544.00000000
2018-02-28 15:56:54,0.00000402,558.00000000
2018-02-28 15:56:54,0.00000402,2551.00000000
2018-02-28 15:56:54,0.00000402,2376.00000000
2018-02-28 15:56:55,0.00000402,2551.00000000
2018-02-28 15:56:55,0.00000402,3401.00000000
2018-02-28 15:56:56,0.00000402,2544.00000000
2018-02-28 15:56:56,0.00000402,2531.00000000
2018-02-28 15:56:56,0.00000402,13064.00000000
2018-02-28 15:56:56,0.00000402,2551.00000000
2018-02-28 15:56:56,0.00000402,2564.00000000
2018-02-28 15:56:56,0.00000402,2538.00000000
2018-02-28 15:56:57,0.00000402,2531.00000000
2018-02-28 15:56:57,0.00000402,2557.00000000
2018-02-28 15:56:57,0.00000402,2551.00000000
2018-02-28 15:56:57,0.00000402,2531.00000000
2018-02-28 15:56:58,0.00000402,28159.00000000
2018-02-28 15:56:58,0.00000403,59090.00000000
2018-02-28 15:56:59,0.00000402,2551.00000000
2018-02-28 15:56:59,0.00000402,2538.00000000
2018-02-28 15:57:00,0.00000403,1415.00000000
2018-02-28 15:57:00,0.00000402,2551.00000000
2018-02-28 15:57:01,0.00000402,2551.00000000
2018-02-28 15:57:03,0.00000402,2544.00000000
2018-02-28 15:57:03,0.00000403,585621.00000000
2018-02-28 15:57:03,0.00000403,16440.00000000
2018-02-28 15:57:04,0.00000403,1212.00000000
2018-02-28 15:57:04,0.00000403,2531.00000000
2018-02-28 15:57:04,0.00000403,3.00000000
2018-02-28 15:57:05,0.00000403,2500.00000000
2018-02-28 15:57:05,0.00000403,462.00000000
2018-02-28 15:57:05,0.00000403,7302.00000000
2018-02-28 15:57:05,0.00000403,1015.00000000
2018-02-28 15:57:05,0.00000403,2465.00000000
2018-02-28 15:57:06,0.00000403,39408.00000000
2018-02-28 15:57:06,0.00000403,65614.00000000
2018-02-28 15:57:08,0.00000403,2709.00000000
2018-02-28 15:57:08,0.00000403,77688.00000000
2018-02-28 15:57:08,0.00000403,1000.00000000
2018-02-28 15:57:09,0.00000403,6713.00000000
2018-02-28 15:57:09,0.00000403,2291.00000000
2018-02-28 15:57:10,0.00000403,1000.00000000
2018-02-28 15:57:11,0.00000403,19593.00000000
2018-02-28 15:57:12,0.00000403,1479.00000000
2018-02-28 15:57:14,0.00000403,12552.00000000
2018-02-28 15:57:16,0.00000403,168831.00000000
2018-02-28 15:57:17,0.00000404,200000.00000000
2018-02-28 15:57:18,0.00000403,420.00000000
2018-02-28 15:57:20,0.00000404,76513.00000000
2018-02-28 15:57:20,0.00000404,4748.00000000
2018-02-28 15:57:20,0.00000404,1919.00000000
2018-02-28 15:57:20,0.00000404,11028.00000000
2018-02-28 15:57:20,0.00000404,420.00000000
2018-02-28 15:57:20,0.00000404,7623.00000000
2018-02-28 15:57:20,0.00000404,926.00000000
2018-02-28 15:57:20,0.00000404,530.00000000
2018-02-28 15:57:21,0.00000404,5000.00000000
2018-02-28 15:57:21,0.00000404,5000.00000000
2018-02-28 15:57:21,0.00000404,6375.00000000
2018-02-28 15:57:21,0.00000404,35704.00000000
2018-02-28 15:57:22,0.00000404,5825.00000000
2018-02-28 15:57:22,0.00000404,12407.00000000
2018-02-28 15:57:23,0.00000404,9100.00000000
2018-02-28 15:57:30,0.00000405,29896.00000000
2018-02-28 15:57:30,0.00000405,102832.00000000
2018-02-28 15:57:31,0.00000405,1360.00000000
2018-02-28 15:57:32,0.00000404,249.00000000
2018-02-28 15:57:32,0.00000405,4733.00000000
2018-02-28 15:57:33,0.00000405,1306.00000000
2018-02-28 15:57:34,0.00000405,67494.00000000
2018-02-28 15:57:34,0.00000405,46468.00000000
2018-02-28 15:57:36,0.00000404,4296.00000000
2018-02-28 15:57:37,0.00000405,1964.00000000
2018-02-28 15:57:37,0.00000405,1636.00000000
2018-02-28 15:57:38,0.00000404,158.00000000
2018-02-28 15:57:38,0.00000404,4946.00000000
2018-02-28 15:57:39,0.00000405,7304.00000000
2018-02-28 15:57:39,0.00000405,816.00000000
2018-02-28 15:57:41,0.00000405,135879.00000000
2018-02-28 15:57:41,0.00000404,14638.00000000
2018-02-28 15:57:42,0.00000404,208251.00000000
2018-02-28 15:57:42,0.00000405,94361.00000000
2018-02-28 15:57:43,0.00000405,926.00000000
2018-02-28 15:57:44,0.00000406,33811.00000000
2018-02-28 15:57:45,0.00000406,39.00000000
2018-02-28 15:57:47,0.00000406,2449.00000000
2018-02-28 15:57:47,0.00000406,2350.00000000
2018-02-28 15:57:50,0.00000405,6334.00000000
2018-02-28 15:57:50,0.00000405,14895.00000000
2018-02-28 15:57:51,0.00000405,858.00000000
2018-02-28 15:57:51,0.00000405,301.00000000
2018-02-28 15:57:51,0.00000405,30057.00000000
2018-02-28 15:57:51,0.00000406,167.00000000
2018-02-28 15:57:52,0.00000405,20760.00000000
2018-02-28 15:57:52,0.00000405,48797.00000000
2018-02-28 15:57:52,0.00000406,114919.00000000
2018-02-28 15:57:52,0.00000406,889.00000000
2018-02-28 15:57:54,0.00000406,10000.00000000
2018-02-28 15:57:55,0.00000405,429.00000000
2018-02-28 15:57:55,0.00000405,2319.00000000
2018-02-28 15:57:55,0.00000406,6701.00000000
2018-02-28 15:57:56,0.00000405,490.00000000
2018-02-28 15:57:56,0.00000406,1094.00000000
2018-02-28 15:57:56,0.00000405,926.00000000
2018-02-28 15:57:57,0.00000405,3214.00000000
2018-02-28 15:57:57,0.00000405,3.00000000
2018-02-28 15:57:57,0.00000406,1353.00000000
2018-02-28 15:57:58,0.00000405,4435.00000000
2018-02-28 15:58:00,0.00000405,13639.00000000
2018-02-28 15:58:00,0.00000405,862.00000000
2018-02-28 15:58:02,0.00000405,42095.00000000
2018-02-28 15:58:02,0.00000405,10784.00000000
2018-02-28 15:58:03,0.00000405,30499.00000000
2018-02-28 15:58:03,0.00000405,10231.00000000
2018-02-28 15:58:03,0.00000405,2065.00000000
2018-02-28 15:58:03,0.00000405,429.00000000
2018-02-28 15:58:03,0.00000405,12697.00000000
2018-02-28 15:58:04,0.00000405,3782.00000000
2018-02-28 15:58:04,0.00000405,1469.00000000
2018-02-28 15:58:06,0.00000405,14675.00000000
2018-02-28 15:58:06,0.00000405,434.00000000
2018-02-28 15:58:07,0.00000405,2335.00000000
2018-02-28 15:58:07,0.00000405,29521.00000000
2018-02-28 15:58:08,0.00000405,2469.00000000
2018-02-28 15:58:08,0.00000405,4682.00000000
2018-02-28 15:58:08,0.00000405,79236.00000000
2018-02-28 15:58:08,0.00000405,7147.00000000
2018-02-28 15:58:08,0.00000405,1777.00000000
2018-02-28 15:58:08,0.00000405,15133.00000000
2018-02-28 15:58:08,0.00000405,11679.00000000
2018-02-28 15:58:09,0.00000405,572.00000000
2018-02-28 15:58:09,0.00000405,50000.00000000
2018-02-28 15:58:09,0.00000405,1386.00000000
2018-02-28 15:58:09,0.00000404,2899.00000000
2018-02-28 15:58:10,0.00000405,36.00000000
2018-02-28 15:58:10,0.00000405,5221.00000000
2018-02-28 15:58:11,0.00000404,141069.00000000
2018-02-28 15:58:12,0.00000405,10404.00000000
2018-02-28 15:58:13,0.00000405,4005.00000000
2018-02-28 15:58:14,0.00000404,48.00000000
2018-02-28 15:58:14,0.00000404,671095.00000000
2018-02-28 15:58:15,0.00000404,40866.00000000
2018-02-28 15:58:17,0.00000404,4050.00000000
2018-02-28 15:58:17,0.00000403,29867.00000000
2018-02-28 15:58:22,0.00000403,67247.00000000
2018-02-28 15:58:22,0.00000402,266250.00000000
2018-02-28 15:58:22,0.00000402,1360.00000000
2018-02-28 15:58:22,0.00000403,1093.00000000
2018-02-28 15:58:23,0.00000404,40780.00000000
2018-02-28 15:58:23,0.00000403,891.00000000
2018-02-28 15:58:23,0.00000403,16800.00000000
2018-02-28 15:58:23,0.00000403,15116.00000000
2018-02-28 15:58:23,0.00000403,16802.00000000
2018-02-28 15:58:23,0.00000403,15116.00000000
2018-02-28 15:58:23,0.00000403,2473.00000000
2018-02-28 15:58:23,0.00000403,16849.00000000
2018-02-28 15:58:23,0.00000402,2473.00000000
2018-02-28 15:58:24,0.00000403,11869.00000000
2018-02-28 15:58:24,0.00000403,1677.00000000
2018-02-28 15:58:24,0.00000403,406.00000000
2018-02-28 15:58:24,0.00000402,15116.00000000
2018-02-28 15:58:24,0.00000403,9947.00000000
2018-02-28 15:58:25,0.00000403,1004.00000000
2018-02-28 15:58:25,0.00000402,2105.00000000
2018-02-28 15:58:25,0.00000403,2481.00000000
2018-02-28 15:58:26,0.00000403,9607.00000000
2018-02-28 15:58:27,0.00000403,5000.00000000
2018-02-28 15:58:27,0.00000403,3127.00000000
2018-02-28 15:58:27,0.00000403,3011.00000000
2018-02-28 15:58:27,0.00000403,120863.00000000
2018-02-28 15:58:29,0.00000402,1492.00000000
2018-02-28 15:58:30,0.00000403,7837.00000000
2018-02-28 15:58:30,0.00000403,12830.00000000
2018-02-28 15:58:30,0.00000403,2474.00000000
2018-02-28 15:58:30,0.00000403,12830.00000000
2018-02-28 15:58:30,0.00000403,3830.00000000
2018-02-28 15:58:30,0.00000403,12830.00000000
2018-02-28 15:58:30,0.00000403,12830.00000000
2018-02-28 15:58:31,0.00000403,10500.00000000
2018-02-28 15:58:31,0.00000403,2481.00000000
2018-02-28 15:58:32,0.00000402,8415.00000000
2018-02-28 15:58:32,0.00000403,766.00000000
2018-02-28 15:58:33,0.00000403,4674.00000000
2018-02-28 15:58:34,0.00000403,210363.00000000
2018-02-28 15:58:34,0.00000403,3551.00000000
2018-02-28 15:58:35,0.00000403,50000.00000000
2018-02-28 15:58:36,0.00000403,175273.00000000
2018-02-28 15:58:36,0.00000403,12830.00000000
2018-02-28 15:58:40,0.00000403,56964.00000000
2018-02-28 15:58:40,0.00000404,2280.00000000
2018-02-28 15:58:46,0.00000403,12830.00000000
2018-02-28 15:58:48,0.00000403,409.00000000
2018-02-28 15:58:49,0.00000404,8094.00000000
2018-02-28 15:58:50,0.00000404,39964.00000000
2018-02-28 15:58:51,0.00000404,35517.00000000
2018-02-28 15:58:52,0.00000404,7229.00000000
2018-02-28 15:58:53,0.00000403,12830.00000000
2018-02-28 15:58:57,0.00000404,2349.00000000
2018-02-28 15:58:59,0.00000403,268.00000000
2018-02-28 15:59:01,0.00000404,206990.00000000
2018-02-28 15:59:01,0.00000403,3711.00000000
2018-02-28 15:59:02,0.00000404,3925.00000000
2018-02-28 15:59:05,0.00000403,600.00000000
2018-02-28 15:59:06,0.00000403,1783.00000000
2018-02-28 15:59:07,0.00000404,12203.00000000
2018-02-28 15:59:08,0.00000404,44622.00000000
2018-02-28 15:59:09,0.00000404,427.00000000
2018-02-28 15:59:09,0.00000404,668750.00000000
2018-02-28 15:59:10,0.00000404,18765.00000000
2018-02-28 15:59:10,0.00000404,23870.00000000
2018-02-28 15:59:10,0.00000404,123917.00000000
2018-02-28 15:59:12,0.00000404,6666.00000000
2018-02-28 15:59:12,0.00000404,46013.00000000
2018-02-28 15:59:12,0.00000404,22979.00000000
2018-02-28 15:59:14,0.00000404,109664.00000000
2018-02-28 15:59:20,0.00000404,22786.00000000
2018-02-28 15:59:20,0.00000404,493.00000000
2018-02-28 15:59:23,0.00000404,2000.00000000
2018-02-28 15:59:23,0.00000404,132317.00000000
2018-02-28 15:59:25,0.00000404,3748.00000000
2018-02-28 15:59:25,0.00000404,2586.00000000
2018-02-28 15:59:29,0.00000404,56200.00000000
2018-02-28 15:59:29,0.00000404,35993.00000000
2018-02-28 15:59:29,0.00000404,38059.00000000
2018-02-28 15:59:32,0.00000404,4884.00000000
2018-02-28 15:59:32,0.00000404,1186.00000000
2018-02-28 15:59:35,0.00000404,2919.00000000
2018-02-28 15:59:35,0.00000404,50356.00000000
2018-02-28 15:59:37,0.00000404,1962.00000000
2018-02-28 15:59:38,0.00000404,19490.00000000
2018-02-28 15:59:41,0.00000404,12568.00000000
2018-02-28 15:59:41,0.00000404,2853.00000000
2018-02-28 15:59:43,0.00000404,13359.00000000
2018-02-28 15:59:43,0.00000404,1024.00000000
2018-02-28 15:59:45,0.00000405,4554.00000000
2018-02-28 15:59:47,0.00000405,1086.00000000
2018-02-28 15:59:47,0.00000405,68191.00000000
2018-02-28 15:59:47,0.00000405,657984.00000000
2018-02-28 15:59:47,0.00000405,165734.00000000
2018-02-28 15:59:49,0.00000405,45898.00000000
2018-02-28 15:59:49,0.00000405,3803.00000000
2018-02-28 15:59:49,0.00000405,27383.00000000
