DATE,PRICE,VOLUME
2018-02-23 22:00:00,0.00000418,6688.00000000
2018-02-23 22:00:07,0.00000418,34341.00000000
2018-02-23 22:00:08,0.00000417,480.00000000
2018-02-23 22:00:10,0.00000417,29698.00000000
2018-02-23 22:00:11,0.00000418,544.00000000
2018-02-23 22:00:11,0.00000417,501.00000000
2018-02-23 22:00:15,0.00000417,173402.00000000
2018-02-23 22:00:23,0.00000417,25065.00000000
2018-02-23 22:00:24,0.00000418,8144.00000000
2018-02-23 22:00:26,0.00000417,139800.00000000
2018-02-23 22:00:27,0.00000417,7183.00000000
2018-02-23 22:00:27,0.00000417,2398.00000000
2018-02-23 22:00:27,0.00000417,2398.00000000
2018-02-23 22:00:27,0.00000417,40435.00000000
2018-02-23 22:00:27,0.00000417,7184.00000000
2018-02-23 22:00:27,0.00000416,36767.00000000
2018-02-23 22:00:28,0.00000417,11990.00000000
2018-02-23 22:00:29,0.00000417,11990.00000000
2018-02-23 22:00:29,0.00000417,9800.00000000
2018-02-23 22:00:31,0.00000417,2548.00000000
2018-02-23 22:00:32,0.00000417,11990.00000000
2018-02-23 22:00:35,0.00000417,4343.00000000
2018-02-23 22:00:39,0.00000417,975.00000000
2018-02-23 22:00:39,0.00000416,4413.00000000
2018-02-23 22:00:40,0.00000417,26814.00000000
2018-02-23 22:00:40,0.00000417,250.00000000
2018-02-23 22:00:41,0.00000417,5786.00000000
2018-02-23 22:00:42,0.00000417,967.00000000
2018-02-23 22:00:42,0.00000417,5600.00000000
2018-02-23 22:00:42,0.00000417,7190.00000000
2018-02-23 22:00:43,0.00000417,5538.00000000
2018-02-23 22:00:47,0.00000417,1007.00000000
2018-02-23 22:00:47,0.00000417,732.00000000
2018-02-23 22:00:52,0.00000417,1.00000000
2018-02-23 22:00:54,0.00000417,7189.00000000
2018-02-23 22:00:54,0.00000417,9288.00000000
2018-02-23 22:00:58,0.00000417,6031.00000000
2018-02-23 22:00:58,0.00000417,2398.00000000
2018-02-23 22:00:58,0.00000417,3634.00000000
2018-02-23 22:00:58,0.00000417,2398.00000000
2018-02-23 22:00:58,0.00000416,3634.00000000
2018-02-23 22:01:02,0.00000416,531.00000000
2018-02-23 22:01:03,0.00000417,261.00000000
2018-02-23 22:01:03,0.00000417,15697.00000000
2018-02-23 22:01:07,0.00000417,1166.00000000
2018-02-23 22:01:10,0.00000417,875.00000000
2018-02-23 22:01:11,0.00000416,654.00000000
2018-02-23 22:01:12,0.00000417,4.00000000
2018-02-23 22:01:13,0.00000416,2233.00000000
2018-02-23 22:01:15,0.00000417,2586.00000000
2018-02-23 22:01:16,0.00000416,16988.00000000
2018-02-23 22:01:16,0.00000416,74822.00000000
2018-02-23 22:01:21,0.00000416,4976.00000000
2018-02-23 22:01:22,0.00000417,80141.00000000
2018-02-23 22:01:23,0.00000417,19843.00000000
2018-02-23 22:01:24,0.00000417,4961.00000000
2018-02-23 22:01:25,0.00000417,1653.00000000
2018-02-23 22:01:26,0.00000416,435.00000000
2018-02-23 22:01:27,0.00000416,27080.00000000
2018-02-23 22:01:27,0.00000417,3454.00000000
2018-02-23 22:01:28,0.00000417,23783.00000000
2018-02-23 22:01:29,0.00000417,2398.00000000
2018-02-23 22:01:29,0.00000416,3896.00000000
2018-02-23 22:01:30,0.00000417,4784.00000000
2018-02-23 22:01:33,0.00000417,1208.00000000
2018-02-23 22:01:33,0.00000417,277.00000000
2018-02-23 22:01:35,0.00000417,93.00000000
2018-02-23 22:01:36,0.00000417,292.00000000
2018-02-23 22:01:36,0.00000417,7184.00000000
2018-02-23 22:01:36,0.00000417,9861.00000000
2018-02-23 22:01:36,0.00000417,2398.00000000
2018-02-23 22:01:36,0.00000416,7184.00000000
2018-02-23 22:01:37,0.00000416,704.00000000
2018-02-23 22:01:37,0.00000416,49413.00000000
2018-02-23 22:01:40,0.00000416,6285.00000000
2018-02-23 22:01:41,0.00000417,261.00000000
2018-02-23 22:01:44,0.00000417,3006.00000000
2018-02-23 22:01:47,0.00000417,7100.00000000
2018-02-23 22:01:50,0.00000417,914.00000000
2018-02-23 22:01:51,0.00000416,24302.00000000
2018-02-23 22:01:55,0.00000417,10052.00000000
2018-02-23 22:01:56,0.00000416,29473.00000000
2018-02-23 22:02:01,0.00000416,2992.00000000
2018-02-23 22:02:05,0.00000416,1011.00000000
2018-02-23 22:02:08,0.00000416,9446.00000000
2018-02-23 22:02:09,0.00000416,5994.00000000
2018-02-23 22:02:10,0.00000416,18727.00000000
2018-02-23 22:02:10,0.00000416,1824.00000000
2018-02-23 22:02:11,0.00000416,5968.00000000
2018-02-23 22:02:14,0.00000416,972.00000000
2018-02-23 22:02:17,0.00000416,2.00000000
2018-02-23 22:02:19,0.00000416,10426.00000000
2018-02-23 22:02:28,0.00000417,464.00000000
2018-02-23 22:02:30,0.00000417,1465.00000000
2018-02-23 22:02:33,0.00000416,354.00000000
2018-02-23 22:02:38,0.00000416,27778.00000000
2018-02-23 22:02:39,0.00000416,23079.00000000
2018-02-23 22:02:43,0.00000416,721.00000000
2018-02-23 22:02:43,0.00000416,65417.00000000
2018-02-23 22:02:44,0.00000416,286.00000000
2018-02-23 22:02:48,0.00000416,65416.00000000
2018-02-23 22:02:51,0.00000417,2398.00000000
2018-02-23 22:02:51,0.00000417,2586.00000000
2018-02-23 22:02:51,0.00000416,8456.00000000
2018-02-23 22:02:55,0.00000416,34331.00000000
2018-02-23 22:02:56,0.00000417,38411.00000000
2018-02-23 22:02:58,0.00000416,314.00000000
2018-02-23 22:03:02,0.00000416,7810.00000000
2018-02-23 22:03:02,0.00000417,1.00000000
2018-02-23 22:03:06,0.00000417,3406.00000000
2018-02-23 22:03:20,0.00000417,6386.00000000
2018-02-23 22:03:21,0.00000416,11182.00000000
2018-02-23 22:03:28,0.00000416,15614.00000000
2018-02-23 22:03:31,0.00000417,4801.00000000
2018-02-23 22:03:34,0.00000417,10.00000000
2018-02-23 22:03:35,0.00000416,5325.00000000
2018-02-23 22:03:36,0.00000417,680.00000000
2018-02-23 22:03:39,0.00000416,33990.00000000
2018-02-23 22:03:40,0.00000417,2398.00000000
2018-02-23 22:03:45,0.00000416,433653.00000000
2018-02-23 22:03:46,0.00000416,390.00000000
2018-02-23 22:03:48,0.00000416,329339.00000000
2018-02-23 22:03:49,0.00000416,3440.00000000
2018-02-23 22:03:49,0.00000416,50.00000000
2018-02-23 22:03:50,0.00000417,213923.00000000
2018-02-23 22:03:51,0.00000416,95251.00000000
2018-02-23 22:03:54,0.00000416,53548.00000000
2018-02-23 22:03:58,0.00000416,2000.00000000
2018-02-23 22:04:02,0.00000416,1700.00000000
2018-02-23 22:04:02,0.00000417,543.00000000
2018-02-23 22:04:02,0.00000416,872.00000000
2018-02-23 22:04:07,0.00000416,3051.00000000
2018-02-23 22:04:07,0.00000416,654.00000000
2018-02-23 22:04:08,0.00000416,14016.00000000
2018-02-23 22:04:09,0.00000416,24016.00000000
2018-02-23 22:04:11,0.00000417,430.00000000
2018-02-23 22:04:12,0.00000416,20000.00000000
2018-02-23 22:04:14,0.00000416,34005.00000000
2018-02-23 22:04:17,0.00000416,4142.00000000
2018-02-23 22:04:18,0.00000416,10757.00000000
2018-02-23 22:04:20,0.00000416,9724.00000000
2018-02-23 22:04:22,0.00000416,350.00000000
2018-02-23 22:04:22,0.00000417,2925.00000000
2018-02-23 22:04:26,0.00000417,36762.00000000
2018-02-23 22:04:44,0.00000416,7809.00000000
2018-02-23 22:04:54,0.00000416,236509.00000000
2018-02-23 22:04:54,0.00000416,1128.00000000
2018-02-23 22:04:54,0.00000416,3777.00000000
2018-02-23 22:04:54,0.00000416,3022.00000000
2018-02-23 22:04:54,0.00000416,3777.00000000
2018-02-23 22:04:54,0.00000416,2403.00000000
2018-02-23 22:04:54,0.00000416,2403.00000000
2018-02-23 22:04:54,0.00000416,9685.00000000
2018-02-23 22:04:54,0.00000416,3769.00000000
2018-02-23 22:04:54,0.00000416,1201.00000000
2018-02-23 22:04:54,0.00000416,11219.00000000
2018-02-23 22:04:55,0.00000416,885.00000000
2018-02-23 22:04:55,0.00000416,2174.00000000
2018-02-23 22:04:55,0.00000415,3401.00000000
2018-02-23 22:04:56,0.00000416,404.00000000
2018-02-23 22:04:57,0.00000416,19365.00000000
2018-02-23 22:04:57,0.00000416,1.00000000
2018-02-23 22:04:57,0.00000415,1000.00000000
2018-02-23 22:05:06,0.00000416,1008.00000000
2018-02-23 22:05:07,0.00000416,250.00000000
2018-02-23 22:05:08,0.00000416,22321.00000000
2018-02-23 22:05:09,0.00000416,16858.00000000
2018-02-23 22:05:10,0.00000416,489.00000000
2018-02-23 22:05:14,0.00000416,541.00000000
2018-02-23 22:05:18,0.00000416,3308.00000000
2018-02-23 22:05:22,0.00000415,33538.00000000
2018-02-23 22:05:22,0.00000415,250.00000000
2018-02-23 22:05:22,0.00000416,1000.00000000
2018-02-23 22:05:23,0.00000416,250.00000000
2018-02-23 22:05:23,0.00000416,250.00000000
2018-02-23 22:05:23,0.00000415,250.00000000
2018-02-23 22:05:27,0.00000416,2556.00000000
2018-02-23 22:05:29,0.00000415,741.00000000
2018-02-23 22:05:29,0.00000416,250.00000000
2018-02-23 22:05:29,0.00000415,250.00000000
2018-02-23 22:05:30,0.00000416,250.00000000
2018-02-23 22:05:30,0.00000415,250.00000000
2018-02-23 22:05:30,0.00000416,250.00000000
2018-02-23 22:05:30,0.00000415,250.00000000
2018-02-23 22:05:31,0.00000416,250.00000000
2018-02-23 22:05:31,0.00000415,250.00000000
2018-02-23 22:05:31,0.00000416,8.00000000
2018-02-23 22:05:31,0.00000416,10000.00000000
2018-02-23 22:05:31,0.00000416,250.00000000
2018-02-23 22:05:31,0.00000415,250.00000000
2018-02-23 22:05:32,0.00000416,745.00000000
2018-02-23 22:05:40,0.00000416,3846.00000000
2018-02-23 22:05:40,0.00000415,250.00000000
2018-02-23 22:05:40,0.00000416,250.00000000
2018-02-23 22:05:41,0.00000416,250.00000000
2018-02-23 22:05:41,0.00000415,250.00000000
2018-02-23 22:05:43,0.00000416,7000.00000000
2018-02-23 22:05:44,0.00000416,9655.00000000
2018-02-23 22:05:47,0.00000416,10010.00000000
2018-02-23 22:05:50,0.00000416,18300.00000000
2018-02-23 22:05:54,0.00000416,85486.00000000
2018-02-23 22:06:01,0.00000416,344.00000000
2018-02-23 22:06:02,0.00000416,1017.00000000
2018-02-23 22:06:06,0.00000416,2119.00000000
2018-02-23 22:06:07,0.00000416,26325.00000000
2018-02-23 22:06:09,0.00000416,22.00000000
2018-02-23 22:06:11,0.00000416,10.00000000
2018-02-23 22:06:11,0.00000416,173819.00000000
2018-02-23 22:06:15,0.00000416,1000.00000000
2018-02-23 22:06:17,0.00000415,500.00000000
2018-02-23 22:06:19,0.00000415,683.00000000
2018-02-23 22:06:35,0.00000416,937.00000000
2018-02-23 22:06:38,0.00000416,3790.00000000
2018-02-23 22:06:39,0.00000416,27864.00000000
2018-02-23 22:06:42,0.00000415,10560.00000000
2018-02-23 22:06:44,0.00000415,220603.00000000
2018-02-23 22:06:50,0.00000416,1360.00000000
2018-02-23 22:06:50,0.00000416,23813.00000000
2018-02-23 22:06:53,0.00000415,48973.00000000
2018-02-23 22:06:53,0.00000415,2320.00000000
2018-02-23 22:06:55,0.00000415,1203.00000000
2018-02-23 22:06:57,0.00000416,592.00000000
2018-02-23 22:07:00,0.00000416,1000.00000000
2018-02-23 22:07:01,0.00000416,520.00000000
2018-02-23 22:07:05,0.00000415,44137.00000000
2018-02-23 22:07:05,0.00000416,5516.00000000
2018-02-23 22:07:06,0.00000416,258796.00000000
2018-02-23 22:07:08,0.00000416,56250.00000000
2018-02-23 22:07:08,0.00000415,5122.00000000
2018-02-23 22:07:12,0.00000416,82118.00000000
2018-02-23 22:07:13,0.00000416,949.00000000
2018-02-23 22:07:18,0.00000416,1.00000000
2018-02-23 22:07:20,0.00000416,4770.00000000
2018-02-23 22:07:22,0.00000416,545.00000000
2018-02-23 22:07:26,0.00000416,6958.00000000
2018-02-23 22:07:26,0.00000416,3420.00000000
2018-02-23 22:07:26,0.00000415,394.00000000
2018-02-23 22:07:30,0.00000416,7701.00000000
2018-02-23 22:07:30,0.00000416,411.00000000
2018-02-23 22:07:31,0.00000416,88613.00000000
2018-02-23 22:07:32,0.00000416,25055.00000000
2018-02-23 22:07:38,0.00000415,6130.00000000
2018-02-23 22:07:40,0.00000416,2021.00000000
2018-02-23 22:07:41,0.00000416,18135.00000000
2018-02-23 22:07:41,0.00000416,2711.00000000
2018-02-23 22:07:42,0.00000416,970.00000000
2018-02-23 22:07:43,0.00000416,14811.00000000
2018-02-23 22:07:48,0.00000415,15027.00000000
2018-02-23 22:07:49,0.00000416,349.00000000
2018-02-23 22:07:56,0.00000416,7478.00000000
2018-02-23 22:07:58,0.00000416,5439.00000000
2018-02-23 22:08:02,0.00000416,2982.00000000
2018-02-23 22:08:14,0.00000416,9277.00000000
2018-02-23 22:08:14,0.00000416,7058.00000000
2018-02-23 22:08:16,0.00000416,38000.00000000
2018-02-23 22:08:17,0.00000416,5297.00000000
2018-02-23 22:08:17,0.00000416,21000.00000000
2018-02-23 22:08:17,0.00000416,9000.00000000
2018-02-23 22:08:19,0.00000416,2000.00000000
2018-02-23 22:08:21,0.00000416,1360.00000000
2018-02-23 22:08:22,0.00000416,3790.00000000
2018-02-23 22:08:23,0.00000417,1.00000000
2018-02-23 22:08:26,0.00000416,4.00000000
2018-02-23 22:08:42,0.00000417,60.00000000
2018-02-23 22:08:45,0.00000416,320.00000000
2018-02-23 22:08:46,0.00000417,205940.00000000
2018-02-23 22:08:47,0.00000416,16970.00000000
2018-02-23 22:08:47,0.00000416,3800.00000000
2018-02-23 22:08:47,0.00000416,2995.00000000
2018-02-23 22:08:47,0.00000416,3807.00000000
2018-02-23 22:08:47,0.00000416,2403.00000000
2018-02-23 22:08:47,0.00000416,4057.00000000
2018-02-23 22:08:48,0.00000416,2999.00000000
2018-02-23 22:08:48,0.00000416,7568.00000000
2018-02-23 22:08:48,0.00000416,302.00000000
2018-02-23 22:08:49,0.00000416,5075.00000000
2018-02-23 22:08:49,0.00000416,9.00000000
2018-02-23 22:08:51,0.00000416,1080.00000000
2018-02-23 22:08:52,0.00000416,2825.00000000
2018-02-23 22:08:52,0.00000417,611.00000000
2018-02-23 22:08:52,0.00000415,977.00000000
2018-02-23 22:08:54,0.00000416,354.00000000
2018-02-23 22:08:56,0.00000416,4091.00000000
2018-02-23 22:08:58,0.00000416,35424.00000000
2018-02-23 22:08:58,0.00000416,529.00000000
2018-02-23 22:08:58,0.00000415,200.00000000
2018-02-23 22:09:03,0.00000416,483.00000000
2018-02-23 22:09:05,0.00000416,313.00000000
2018-02-23 22:09:09,0.00000416,529.00000000
2018-02-23 22:09:12,0.00000417,1720.00000000
2018-02-23 22:09:29,0.00000416,242.00000000
2018-02-23 22:09:30,0.00000417,100.00000000
2018-02-23 22:09:32,0.00000417,23341.00000000
2018-02-23 22:09:43,0.00000417,30059.00000000
2018-02-23 22:09:45,0.00000416,3005.00000000
2018-02-23 22:09:52,0.00000416,1313.00000000
2018-02-23 22:10:01,0.00000416,499.00000000
2018-02-23 22:10:05,0.00000417,2230.00000000
2018-02-23 22:10:09,0.00000416,23276.00000000
2018-02-23 22:10:15,0.00000417,408.00000000
2018-02-23 22:10:17,0.00000417,8716.00000000
2018-02-23 22:10:20,0.00000417,4540.00000000
2018-02-23 22:10:26,0.00000417,4855.00000000
2018-02-23 22:10:27,0.00000416,35888.00000000
2018-02-23 22:10:28,0.00000416,2469.00000000
2018-02-23 22:10:29,0.00000417,2056.00000000
2018-02-23 22:10:31,0.00000416,66.00000000
2018-02-23 22:10:36,0.00000416,18093.00000000
2018-02-23 22:10:43,0.00000416,156291.00000000
2018-02-23 22:10:59,0.00000416,2500.00000000
2018-02-23 22:11:00,0.00000417,5100.00000000
2018-02-23 22:11:00,0.00000416,72397.00000000
2018-02-23 22:11:07,0.00000415,2402.00000000
2018-02-23 22:11:07,0.00000416,829.00000000
2018-02-23 22:11:10,0.00000415,18870.00000000
2018-02-23 22:11:15,0.00000416,7532.00000000
2018-02-23 22:11:16,0.00000416,500.00000000
2018-02-23 22:11:22,0.00000416,7670.00000000
2018-02-23 22:11:24,0.00000416,2432.00000000
2018-02-23 22:11:25,0.00000415,62.00000000
2018-02-23 22:11:31,0.00000415,319.00000000
2018-02-23 22:11:32,0.00000416,456.00000000
2018-02-23 22:11:38,0.00000416,2294.00000000
2018-02-23 22:11:38,0.00000415,7032.00000000
2018-02-23 22:11:47,0.00000416,3637.00000000
2018-02-23 22:11:50,0.00000415,52564.00000000
2018-02-23 22:11:50,0.00000416,3.00000000
2018-02-23 22:11:52,0.00000416,1360.00000000
2018-02-23 22:11:56,0.00000416,6934.00000000
2018-02-23 22:11:56,0.00000416,404.00000000
2018-02-23 22:11:57,0.00000416,4701.00000000
2018-02-23 22:12:02,0.00000416,295.00000000
2018-02-23 22:12:02,0.00000416,4643.00000000
2018-02-23 22:12:04,0.00000416,32321.00000000
2018-02-23 22:12:11,0.00000416,17569.00000000
2018-02-23 22:12:11,0.00000417,2431.00000000
2018-02-23 22:12:11,0.00000417,843.00000000
2018-02-23 22:12:12,0.00000416,1115.00000000
2018-02-23 22:12:12,0.00000416,165976.00000000
2018-02-23 22:12:17,0.00000416,1115.00000000
2018-02-23 22:12:18,0.00000416,2085.00000000
2018-02-23 22:12:19,0.00000416,25000.00000000
2018-02-23 22:12:22,0.00000416,2000.00000000
2018-02-23 22:12:25,0.00000416,21.00000000
2018-02-23 22:12:26,0.00000416,2000.00000000
2018-02-23 22:12:28,0.00000415,1934.00000000
2018-02-23 22:12:31,0.00000416,100.00000000
2018-02-23 22:12:34,0.00000416,100.00000000
2018-02-23 22:12:36,0.00000416,500.00000000
2018-02-23 22:12:37,0.00000416,2168.00000000
2018-02-23 22:12:38,0.00000416,508.00000000
2018-02-23 22:12:40,0.00000416,600.00000000
2018-02-23 22:12:43,0.00000416,200.00000000
2018-02-23 22:12:47,0.00000416,4.00000000
2018-02-23 22:12:47,0.00000415,5081.00000000
2018-02-23 22:12:48,0.00000416,200.00000000
2018-02-23 22:13:01,0.00000416,7750.00000000
2018-02-23 22:13:01,0.00000416,84002.00000000
2018-02-23 22:13:03,0.00000416,10.00000000
2018-02-23 22:13:04,0.00000416,7085.00000000
2018-02-23 22:13:04,0.00000416,7085.00000000
2018-02-23 22:13:05,0.00000416,1.00000000
2018-02-23 22:13:07,0.00000416,5.00000000
2018-02-23 22:13:08,0.00000416,3000.00000000
2018-02-23 22:13:09,0.00000416,1.00000000
2018-02-23 22:13:10,0.00000416,2404.00000000
2018-02-23 22:13:11,0.00000415,497.00000000
2018-02-23 22:13:16,0.00000416,64.00000000
2018-02-23 22:13:21,0.00000416,3527.00000000
2018-02-23 22:13:23,0.00000416,1201.00000000
2018-02-23 22:13:29,0.00000416,22360.00000000
2018-02-23 22:13:32,0.00000416,6859.00000000
2018-02-23 22:13:35,0.00000416,2500.00000000
2018-02-23 22:13:38,0.00000416,1045.00000000
2018-02-23 22:13:39,0.00000416,2500.00000000
2018-02-23 22:13:39,0.00000416,45712.00000000
2018-02-23 22:13:50,0.00000416,54422.00000000
2018-02-23 22:13:59,0.00000417,451.00000000
2018-02-23 22:14:04,0.00000417,67855.00000000
2018-02-23 22:14:05,0.00000416,16220.00000000
2018-02-23 22:14:05,0.00000416,11416.00000000
2018-02-23 22:14:05,0.00000416,12916.00000000
2018-02-23 22:14:05,0.00000415,623.00000000
2018-02-23 22:14:05,0.00000415,5378.00000000
2018-02-23 22:14:06,0.00000415,7211.00000000
2018-02-23 22:14:06,0.00000416,191125.00000000
2018-02-23 22:14:08,0.00000417,1.00000000
2018-02-23 22:14:13,0.00000416,3224.00000000
2018-02-23 22:14:15,0.00000416,7211.00000000
2018-02-23 22:14:15,0.00000416,4565.00000000
2018-02-23 22:14:15,0.00000415,2646.00000000
2018-02-23 22:14:16,0.00000416,7211.00000000
2018-02-23 22:14:16,0.00000416,7210.00000000
2018-02-23 22:14:16,0.00000416,7210.00000000
2018-02-23 22:14:16,0.00000416,4490.00000000
2018-02-23 22:14:36,0.00000417,13992.00000000
2018-02-23 22:14:36,0.00000417,7185.00000000
2018-02-23 22:14:36,0.00000417,14007.00000000
2018-02-23 22:14:36,0.00000416,7185.00000000
2018-02-23 22:14:37,0.00000417,7761.00000000
2018-02-23 22:14:38,0.00000416,18237.00000000
2018-02-23 22:14:41,0.00000416,23389.00000000
2018-02-23 22:14:42,0.00000417,563.00000000
2018-02-23 22:14:42,0.00000417,2037.00000000
2018-02-23 22:14:42,0.00000417,2499.00000000
2018-02-23 22:14:42,0.00000417,1926.00000000
2018-02-23 22:14:42,0.00000417,462.00000000
2018-02-23 22:14:42,0.00000417,463.00000000
2018-02-23 22:14:42,0.00000416,2036.00000000
2018-02-23 22:14:42,0.00000416,462.00000000
2018-02-23 22:14:42,0.00000416,463.00000000
2018-02-23 22:14:43,0.00000416,12669.00000000
2018-02-23 22:14:46,0.00000416,1000.00000000
2018-02-23 22:14:47,0.00000416,55545.00000000
2018-02-23 22:14:47,0.00000417,478.00000000
2018-02-23 22:14:47,0.00000417,14.00000000
2018-02-23 22:14:49,0.00000417,4413.00000000
2018-02-23 22:14:49,0.00000417,10021.00000000
2018-02-23 22:14:49,0.00000417,158.00000000
2018-02-23 22:14:52,0.00000417,8151.00000000
2018-02-23 22:14:54,0.00000417,13594.00000000
2018-02-23 22:14:58,0.00000417,17863.00000000
2018-02-23 22:14:59,0.00000417,1352.00000000
2018-02-23 22:15:00,0.00000417,17210.00000000
2018-02-23 22:15:00,0.00000417,17863.00000000
2018-02-23 22:15:10,0.00000416,1.00000000
2018-02-23 22:15:19,0.00000416,8673.00000000
2018-02-23 22:15:19,0.00000417,289.00000000
2018-02-23 22:15:23,0.00000417,76082.00000000
2018-02-23 22:15:23,0.00000416,20042.00000000
2018-02-23 22:15:26,0.00000417,14795.00000000
2018-02-23 22:15:33,0.00000416,3168.00000000
2018-02-23 22:15:34,0.00000416,39185.00000000
2018-02-23 22:15:40,0.00000416,5205.00000000
2018-02-23 22:15:41,0.00000416,2366.00000000
2018-02-23 22:15:42,0.00000416,2608.00000000
2018-02-23 22:15:42,0.00000416,13488.00000000
2018-02-23 22:15:42,0.00000416,30966.00000000
2018-02-23 22:15:43,0.00000416,22190.00000000
2018-02-23 22:15:45,0.00000417,3.00000000
2018-02-23 22:15:58,0.00000417,2398.00000000
2018-02-23 22:16:03,0.00000417,2693.00000000
2018-02-23 22:16:04,0.00000417,283.00000000
2018-02-23 22:16:10,0.00000416,1560.00000000
2018-02-23 22:16:21,0.00000416,970.00000000
2018-02-23 22:16:25,0.00000416,460.00000000
2018-02-23 22:16:30,0.00000416,328.00000000
2018-02-23 22:16:37,0.00000417,43649.00000000
2018-02-23 22:16:40,0.00000417,2398.00000000
2018-02-23 22:16:52,0.00000417,20789.00000000
2018-02-23 22:16:54,0.00000417,5660.00000000
2018-02-23 22:17:02,0.00000416,10320.00000000
2018-02-23 22:17:02,0.00000417,300.00000000
2018-02-23 22:17:04,0.00000417,350.00000000
2018-02-23 22:17:08,0.00000416,898.00000000
2018-02-23 22:17:08,0.00000416,541.00000000
2018-02-23 22:17:09,0.00000417,8385.00000000
2018-02-23 22:17:12,0.00000416,2404.00000000
2018-02-23 22:17:13,0.00000416,1202.00000000
2018-02-23 22:17:24,0.00000416,2339.00000000
2018-02-23 22:17:43,0.00000416,1000.00000000
2018-02-23 22:17:46,0.00000416,574.00000000
2018-02-23 22:17:46,0.00000416,7200.00000000
2018-02-23 22:17:47,0.00000416,7211.00000000
2018-02-23 22:17:47,0.00000416,788.00000000
2018-02-23 22:17:47,0.00000416,6723.00000000
2018-02-23 22:17:47,0.00000416,3021.00000000
2018-02-23 22:17:47,0.00000416,1447.00000000
2018-02-23 22:17:51,0.00000417,5930.00000000
2018-02-23 22:17:53,0.00000416,20458.00000000
2018-02-23 22:17:57,0.00000416,3000.00000000
2018-02-23 22:17:58,0.00000416,36591.00000000
2018-02-23 22:17:59,0.00000416,2748.00000000
2018-02-23 22:18:01,0.00000416,2609.00000000
2018-02-23 22:18:02,0.00000417,500.00000000
2018-02-23 22:18:02,0.00000416,24038.00000000
2018-02-23 22:18:02,0.00000416,17993.00000000
2018-02-23 22:18:02,0.00000416,28594.00000000
2018-02-23 22:18:03,0.00000416,3646.00000000
2018-02-23 22:18:03,0.00000416,1820.00000000
2018-02-23 22:18:13,0.00000417,24486.00000000
2018-02-23 22:18:14,0.00000416,7000.00000000
2018-02-23 22:18:16,0.00000416,1415.00000000
2018-02-23 22:18:16,0.00000416,294.00000000
2018-02-23 22:18:19,0.00000416,1354.00000000
2018-02-23 22:18:19,0.00000416,126394.00000000
2018-02-23 22:18:26,0.00000416,1451.00000000
2018-02-23 22:18:30,0.00000416,1500.00000000
2018-02-23 22:18:37,0.00000416,20553.00000000
2018-02-23 22:18:37,0.00000416,3632.00000000
2018-02-23 22:18:49,0.00000416,970.00000000
2018-02-23 22:18:49,0.00000416,2729.00000000
2018-02-23 22:18:50,0.00000416,1637.00000000
2018-02-23 22:18:50,0.00000416,1500.00000000
2018-02-23 22:18:50,0.00000416,8855.00000000
2018-02-23 22:18:50,0.00000416,2328.00000000
2018-02-23 22:18:50,0.00000416,7211.00000000
2018-02-23 22:18:52,0.00000416,667.00000000
2018-02-23 22:18:53,0.00000416,24038.00000000
2018-02-23 22:18:53,0.00000416,20701.00000000
2018-02-23 22:18:53,0.00000416,13965.00000000
2018-02-23 22:18:53,0.00000416,7211.00000000
2018-02-23 22:18:53,0.00000416,2330.00000000
2018-02-23 22:19:01,0.00000417,6388.00000000
2018-02-23 22:19:02,0.00000417,8620.00000000
2018-02-23 22:19:10,0.00000416,165.00000000
2018-02-23 22:19:10,0.00000416,15431.00000000
2018-02-23 22:19:13,0.00000416,1202.00000000
2018-02-23 22:19:15,0.00000416,1098.00000000
2018-02-23 22:19:27,0.00000416,2999.00000000
2018-02-23 22:19:31,0.00000416,13657.00000000
2018-02-23 22:19:36,0.00000417,1424.00000000
2018-02-23 22:19:36,0.00000417,91605.00000000
2018-02-23 22:19:38,0.00000416,7211.00000000
2018-02-23 22:19:39,0.00000416,31681.00000000
2018-02-23 22:19:39,0.00000416,7211.00000000
2018-02-23 22:19:39,0.00000416,404.00000000
2018-02-23 22:19:39,0.00000416,7210.00000000
2018-02-23 22:19:39,0.00000416,3012.00000000
2018-02-23 22:19:39,0.00000416,7210.00000000
2018-02-23 22:19:39,0.00000416,43136.00000000
2018-02-23 22:19:39,0.00000415,24712.00000000
2018-02-23 22:19:39,0.00000415,3338.00000000
2018-02-23 22:19:52,0.00000416,305.00000000
2018-02-23 22:19:53,0.00000416,1714.00000000
2018-02-23 22:19:54,0.00000415,5728.00000000
2018-02-23 22:19:54,0.00000415,1517.00000000
2018-02-23 22:19:55,0.00000415,7083.00000000
2018-02-23 22:19:55,0.00000415,7228.00000000
2018-02-23 22:19:55,0.00000415,28985.00000000
2018-02-23 22:19:55,0.00000415,7228.00000000
2018-02-23 22:19:56,0.00000415,3200.00000000
2018-02-23 22:19:56,0.00000415,3691.00000000
2018-02-23 22:19:56,0.00000415,1800.00000000
2018-02-23 22:19:57,0.00000415,17142.00000000
2018-02-23 22:19:57,0.00000415,3878.00000000
2018-02-23 22:19:57,0.00000415,7712.00000000
2018-02-23 22:19:59,0.00000415,50000.00000000
2018-02-23 22:20:00,0.00000416,1.00000000
2018-02-23 22:20:01,0.00000415,2999.00000000
2018-02-23 22:20:02,0.00000415,1191.00000000
2018-02-23 22:20:07,0.00000416,9456.00000000
2018-02-23 22:20:11,0.00000415,4812.00000000
2018-02-23 22:20:12,0.00000416,203.00000000
2018-02-23 22:20:18,0.00000415,18327.00000000
2018-02-23 22:20:28,0.00000416,2153.00000000
2018-02-23 22:20:31,0.00000415,241.00000000
2018-02-23 22:20:35,0.00000416,13659.00000000
2018-02-23 22:20:42,0.00000416,1000.00000000
2018-02-23 22:20:43,0.00000415,3016.00000000
2018-02-23 22:20:53,0.00000415,22426.00000000
2018-02-23 22:20:57,0.00000415,13311.00000000
2018-02-23 22:20:58,0.00000416,36.00000000
2018-02-23 22:21:02,0.00000416,500.00000000
2018-02-23 22:21:03,0.00000415,3.00000000
2018-02-23 22:21:06,0.00000416,5532.00000000
2018-02-23 22:21:08,0.00000416,23171.00000000
2018-02-23 22:21:09,0.00000416,50000.00000000
2018-02-23 22:21:18,0.00000415,1000.00000000
2018-02-23 22:21:25,0.00000416,48155.00000000
2018-02-23 22:21:26,0.00000415,2153.00000000
2018-02-23 22:21:28,0.00000416,6857.00000000
2018-02-23 22:21:33,0.00000416,1.00000000
2018-02-23 22:21:34,0.00000416,3352.00000000
2018-02-23 22:21:36,0.00000416,10000.00000000
2018-02-23 22:21:38,0.00000416,985.00000000
2018-02-23 22:21:41,0.00000416,5136.00000000
2018-02-23 22:21:41,0.00000415,35010.00000000
2018-02-23 22:21:42,0.00000416,18658.00000000
2018-02-23 22:21:43,0.00000415,1205.00000000
2018-02-23 22:21:44,0.00000416,2929.00000000
2018-02-23 22:21:45,0.00000415,10.00000000
2018-02-23 22:21:56,0.00000416,1573.00000000
2018-02-23 22:22:02,0.00000416,18073.00000000
2018-02-23 22:22:08,0.00000416,1672.00000000
2018-02-23 22:22:11,0.00000415,484.00000000
2018-02-23 22:22:17,0.00000416,2307.00000000
2018-02-23 22:22:19,0.00000415,11144.00000000
2018-02-23 22:22:24,0.00000416,30.00000000
2018-02-23 22:22:36,0.00000416,75047.00000000
2018-02-23 22:22:40,0.00000415,41211.00000000
2018-02-23 22:22:45,0.00000416,2987.00000000
2018-02-23 22:22:48,0.00000416,57.00000000
2018-02-23 22:22:48,0.00000416,2987.00000000
2018-02-23 22:22:58,0.00000415,14439.00000000
2018-02-23 22:22:59,0.00000416,6275.00000000
2018-02-23 22:23:00,0.00000416,1389.00000000
2018-02-23 22:23:02,0.00000416,3560.00000000
2018-02-23 22:23:04,0.00000416,5544.00000000
2018-02-23 22:23:07,0.00000415,3228.00000000
2018-02-23 22:23:10,0.00000416,1744.00000000
2018-02-23 22:23:11,0.00000416,65048.00000000
2018-02-23 22:23:11,0.00000417,384952.00000000
2018-02-23 22:23:11,0.00000417,34689.00000000
2018-02-23 22:23:15,0.00000417,10.00000000
2018-02-23 22:23:15,0.00000416,241.00000000
2018-02-23 22:23:16,0.00000416,1045.00000000
2018-02-23 22:23:16,0.00000416,1.00000000
2018-02-23 22:23:16,0.00000415,1046.00000000
2018-02-23 22:23:18,0.00000416,294876.00000000
2018-02-23 22:23:18,0.00000417,500.00000000
2018-02-23 22:23:19,0.00000416,7419.00000000
2018-02-23 22:23:20,0.00000416,2826.00000000
2018-02-23 22:23:20,0.00000416,2839.00000000
2018-02-23 22:23:20,0.00000416,2839.00000000
2018-02-23 22:23:20,0.00000416,24038.00000000
2018-02-23 22:23:20,0.00000416,16104.00000000
2018-02-23 22:23:20,0.00000416,7211.00000000
2018-02-23 22:23:20,0.00000416,3455.00000000
2018-02-23 22:23:20,0.00000416,500.00000000
2018-02-23 22:23:21,0.00000416,7384.00000000
2018-02-23 22:23:24,0.00000417,300.00000000
2018-02-23 22:23:24,0.00000416,5140.00000000
2018-02-23 22:23:28,0.00000417,300.00000000
2018-02-23 22:23:31,0.00000417,300.00000000
2018-02-23 22:23:34,0.00000417,500.00000000
2018-02-23 22:23:37,0.00000416,21656.00000000
2018-02-23 22:23:40,0.00000417,866.00000000
2018-02-23 22:23:44,0.00000417,22.00000000
2018-02-23 22:23:47,0.00000417,2446.00000000
2018-02-23 22:23:51,0.00000416,214.00000000
2018-02-23 22:24:00,0.00000417,67.00000000
2018-02-23 22:24:18,0.00000416,100733.00000000
2018-02-23 22:24:21,0.00000417,300.00000000
2018-02-23 22:24:25,0.00000416,1907.00000000
2018-02-23 22:24:30,0.00000417,1000.00000000
2018-02-23 22:24:37,0.00000416,5100.00000000
2018-02-23 22:24:45,0.00000416,5440.00000000
2018-02-23 22:24:47,0.00000416,24977.00000000
2018-02-23 22:24:48,0.00000417,2396.00000000
2018-02-23 22:24:51,0.00000416,8234.00000000
2018-02-23 22:25:02,0.00000417,8529.00000000
2018-02-23 22:25:04,0.00000416,2300.00000000
2018-02-23 22:25:17,0.00000417,5663.00000000
2018-02-23 22:25:18,0.00000416,532.00000000
2018-02-23 22:25:21,0.00000417,1413.00000000
2018-02-23 22:25:25,0.00000417,5141.00000000
2018-02-23 22:25:25,0.00000417,1403.00000000
2018-02-23 22:25:31,0.00000416,1.00000000
2018-02-23 22:25:36,0.00000416,841.00000000
2018-02-23 22:25:39,0.00000416,7998.00000000
2018-02-23 22:25:41,0.00000417,585.00000000
2018-02-23 22:25:47,0.00000416,10000.00000000
2018-02-23 22:25:57,0.00000417,5.00000000
2018-02-23 22:26:02,0.00000416,4678.00000000
2018-02-23 22:26:02,0.00000417,300.00000000
2018-02-23 22:26:03,0.00000417,594.00000000
2018-02-23 22:26:12,0.00000416,24087.00000000
2018-02-23 22:26:12,0.00000416,20843.00000000
2018-02-23 22:26:14,0.00000417,6872.00000000
2018-02-23 22:26:15,0.00000417,98376.00000000
2018-02-23 22:26:21,0.00000417,9385.00000000
2018-02-23 22:26:22,0.00000417,32951.00000000
2018-02-23 22:26:32,0.00000417,396.00000000
2018-02-23 22:26:34,0.00000417,10316.00000000
2018-02-23 22:26:42,0.00000416,2810.00000000
2018-02-23 22:26:44,0.00000417,2972.00000000
2018-02-23 22:26:47,0.00000416,10562.00000000
2018-02-23 22:26:47,0.00000416,180.00000000
2018-02-23 22:26:52,0.00000417,24695.00000000
2018-02-23 22:26:58,0.00000416,4080.00000000
2018-02-23 22:27:02,0.00000417,600.00000000
2018-02-23 22:27:02,0.00000417,11287.00000000
2018-02-23 22:27:07,0.00000416,999.00000000
2018-02-23 22:27:12,0.00000416,4547.00000000
2018-02-23 22:27:15,0.00000417,136624.00000000
2018-02-23 22:27:21,0.00000416,4000.00000000
2018-02-23 22:27:22,0.00000417,4182.00000000
2018-02-23 22:27:23,0.00000417,11575.00000000
2018-02-23 22:27:23,0.00000417,12672.00000000
2018-02-23 22:27:27,0.00000417,1055.00000000
2018-02-23 22:27:28,0.00000417,78928.00000000
2018-02-23 22:27:30,0.00000416,260.00000000
2018-02-23 22:27:31,0.00000417,352.00000000
2018-02-23 22:27:32,0.00000417,2398.00000000
2018-02-23 22:27:39,0.00000417,44835.00000000
2018-02-23 22:27:41,0.00000417,30720.00000000
2018-02-23 22:27:43,0.00000417,1472.00000000
2018-02-23 22:27:47,0.00000416,1713.00000000
2018-02-23 22:28:04,0.00000417,479.00000000
2018-02-23 22:28:06,0.00000417,1145.00000000
2018-02-23 22:28:14,0.00000417,613661.00000000
2018-02-23 22:28:15,0.00000418,162.00000000
2018-02-23 22:28:17,0.00000418,9.00000000
2018-02-23 22:28:19,0.00000417,19.00000000
2018-02-23 22:28:23,0.00000418,1366.00000000
2018-02-23 22:28:25,0.00000418,31.00000000
2018-02-23 22:28:26,0.00000418,1840.00000000
2018-02-23 22:28:27,0.00000417,68542.00000000
2018-02-23 22:28:39,0.00000417,41469.00000000
2018-02-23 22:28:41,0.00000417,1903.00000000
2018-02-23 22:28:42,0.00000418,21.00000000
2018-02-23 22:28:45,0.00000418,529.00000000
2018-02-23 22:28:49,0.00000418,5492.00000000
2018-02-23 22:28:49,0.00000417,2000.00000000
2018-02-23 22:28:55,0.00000417,864.00000000
2018-02-23 22:28:59,0.00000417,267.00000000
2018-02-23 22:29:01,0.00000418,1584.00000000
2018-02-23 22:29:07,0.00000417,10330.00000000
2018-02-23 22:29:07,0.00000418,6600.00000000
2018-02-23 22:29:08,0.00000417,93332.00000000
2018-02-23 22:29:08,0.00000418,27.00000000
2018-02-23 22:29:09,0.00000417,756.00000000
2018-02-23 22:29:09,0.00000417,17.00000000
2018-02-23 22:29:23,0.00000418,641.00000000
2018-02-23 22:29:23,0.00000418,8188.00000000
2018-02-23 22:29:25,0.00000417,5000.00000000
2018-02-23 22:29:33,0.00000417,12825.00000000
2018-02-23 22:29:34,0.00000417,349.00000000
2018-02-23 22:29:34,0.00000417,47961.00000000
2018-02-23 22:29:35,0.00000417,5401.00000000
2018-02-23 22:29:38,0.00000417,591.00000000
2018-02-23 22:29:44,0.00000417,25725.00000000
2018-02-23 22:29:48,0.00000417,6500.00000000
2018-02-23 22:29:49,0.00000417,12568.00000000
2018-02-23 22:29:49,0.00000418,14872.00000000
2018-02-23 22:29:51,0.00000418,12506.00000000
2018-02-23 22:29:53,0.00000418,2645.00000000
2018-02-23 22:29:59,0.00000417,12482.00000000
2018-02-23 22:30:02,0.00000418,4726.00000000
2018-02-23 22:30:06,0.00000417,6220.00000000
2018-02-23 22:30:07,0.00000417,2000.00000000
2018-02-23 22:30:07,0.00000417,249.00000000
2018-02-23 22:30:10,0.00000417,812.00000000
2018-02-23 22:30:10,0.00000417,60647.00000000
2018-02-23 22:30:19,0.00000418,1615.00000000
2018-02-23 22:30:20,0.00000418,533.00000000
2018-02-23 22:30:24,0.00000417,5776.00000000
2018-02-23 22:30:31,0.00000417,1729.00000000
2018-02-23 22:30:36,0.00000417,21028.00000000
2018-02-23 22:30:38,0.00000417,40835.00000000
2018-02-23 22:30:42,0.00000417,1786.00000000
2018-02-23 22:30:43,0.00000418,2.00000000
2018-02-23 22:30:44,0.00000417,2118.00000000
2018-02-23 22:30:47,0.00000417,1340.00000000
2018-02-23 22:30:53,0.00000417,670.00000000
2018-02-23 22:31:01,0.00000417,5879.00000000
2018-02-23 22:31:02,0.00000417,40000.00000000
2018-02-23 22:31:04,0.00000417,1402.00000000
2018-02-23 22:31:06,0.00000418,589.00000000
2018-02-23 22:31:06,0.00000417,594.00000000
2018-02-23 22:31:17,0.00000418,13561.00000000
2018-02-23 22:31:21,0.00000417,143980.00000000
2018-02-23 22:31:34,0.00000418,3.00000000
2018-02-23 22:31:38,0.00000418,7974.00000000
2018-02-23 22:31:41,0.00000418,23345.00000000
2018-02-23 22:31:48,0.00000418,14983.00000000
2018-02-23 22:31:49,0.00000418,10000.00000000
2018-02-23 22:31:53,0.00000418,403.00000000
2018-02-23 22:31:59,0.00000417,41635.00000000
2018-02-23 22:32:02,0.00000418,19034.00000000
2018-02-23 22:32:04,0.00000418,6022.00000000
2018-02-23 22:32:12,0.00000418,81769.00000000
2018-02-23 22:32:15,0.00000418,270.00000000
2018-02-23 22:32:18,0.00000417,4643.00000000
2018-02-23 22:32:18,0.00000418,50825.00000000
2018-02-23 22:32:21,0.00000418,6032.00000000
2018-02-23 22:32:45,0.00000417,1171.00000000
2018-02-23 22:32:46,0.00000418,484.00000000
2018-02-23 22:32:56,0.00000418,11060.00000000
2018-02-23 22:32:57,0.00000418,119617.00000000
2018-02-23 22:32:58,0.00000417,4134.00000000
2018-02-23 22:33:03,0.00000417,80000.00000000
2018-02-23 22:33:04,0.00000417,6213.00000000
2018-02-23 22:33:06,0.00000418,6276.00000000
2018-02-23 22:33:07,0.00000418,2073.00000000
2018-02-23 22:33:09,0.00000417,501.00000000
2018-02-23 22:33:09,0.00000417,24847.00000000
2018-02-23 22:33:13,0.00000417,250.00000000
2018-02-23 22:33:20,0.00000417,756.00000000
2018-02-23 22:33:22,0.00000418,240.00000000
2018-02-23 22:33:23,0.00000417,29261.00000000
2018-02-23 22:33:27,0.00000418,6.00000000
2018-02-23 22:33:33,0.00000418,598.00000000
2018-02-23 22:33:38,0.00000418,2392.00000000
2018-02-23 22:33:39,0.00000418,10000.00000000
2018-02-23 22:33:40,0.00000418,559.00000000
2018-02-23 22:33:54,0.00000417,786.00000000
2018-02-23 22:33:58,0.00000418,200.00000000
2018-02-23 22:34:09,0.00000417,2231.00000000
2018-02-23 22:34:15,0.00000417,4320.00000000
2018-02-23 22:34:15,0.00000418,3153.00000000
2018-02-23 22:34:20,0.00000417,335.00000000
2018-02-23 22:34:25,0.00000418,1337.00000000
2018-02-23 22:34:36,0.00000417,16474.00000000
2018-02-23 22:34:40,0.00000417,2205.00000000
2018-02-23 22:34:41,0.00000418,31724.00000000
2018-02-23 22:34:42,0.00000417,335.00000000
2018-02-23 22:34:46,0.00000418,4623.00000000
2018-02-23 22:34:48,0.00000417,8347.00000000
2018-02-23 22:34:53,0.00000417,3676.00000000
2018-02-23 22:34:59,0.00000417,13140.00000000
2018-02-23 22:35:01,0.00000417,500.00000000
2018-02-23 22:35:03,0.00000417,18108.00000000
2018-02-23 22:35:03,0.00000417,10000.00000000
2018-02-23 22:35:04,0.00000417,3706.00000000
2018-02-23 22:35:15,0.00000417,500.00000000
2018-02-23 22:35:25,0.00000417,5691.00000000
2018-02-23 22:35:30,0.00000417,8.00000000
2018-02-23 22:35:31,0.00000417,10371.00000000
2018-02-23 22:35:32,0.00000417,56588.00000000
2018-02-23 22:35:35,0.00000417,8790.00000000
2018-02-23 22:35:39,0.00000417,12.00000000
2018-02-23 22:35:47,0.00000418,182.00000000
2018-02-23 22:35:48,0.00000417,415.00000000
2018-02-23 22:35:50,0.00000418,869.00000000
2018-02-23 22:35:52,0.00000418,1393.00000000
2018-02-23 22:36:09,0.00000417,499.00000000
2018-02-23 22:36:10,0.00000418,17396.00000000
2018-02-23 22:36:11,0.00000418,1.00000000
2018-02-23 22:36:15,0.00000418,14467.00000000
2018-02-23 22:36:15,0.00000417,51428.00000000
2018-02-23 22:36:18,0.00000417,17552.00000000
2018-02-23 22:36:21,0.00000418,2293.00000000
2018-02-23 22:36:25,0.00000418,1751.00000000
2018-02-23 22:36:28,0.00000418,10000.00000000
2018-02-23 22:36:30,0.00000418,6542.00000000
2018-02-23 22:36:31,0.00000418,61.00000000
2018-02-23 22:36:36,0.00000418,2079.00000000
2018-02-23 22:36:43,0.00000417,120001.00000000
2018-02-23 22:36:51,0.00000417,6769.00000000
2018-02-23 22:36:52,0.00000417,7026.00000000
2018-02-23 22:36:55,0.00000417,6138.00000000
2018-02-23 22:36:58,0.00000417,500.00000000
2018-02-23 22:37:03,0.00000417,69634.00000000
2018-02-23 22:37:09,0.00000417,240.00000000
2018-02-23 22:37:11,0.00000417,19687.00000000
2018-02-23 22:37:14,0.00000417,5935.00000000
2018-02-23 22:37:28,0.00000417,34064.00000000
2018-02-23 22:37:30,0.00000418,54.00000000
2018-02-23 22:37:37,0.00000418,2720.00000000
2018-02-23 22:37:39,0.00000418,2128.00000000
2018-02-23 22:37:48,0.00000418,8544.00000000
2018-02-23 22:37:50,0.00000418,49441.00000000
2018-02-23 22:37:52,0.00000418,6084.00000000
2018-02-23 22:37:52,0.00000417,82804.00000000
2018-02-23 22:38:13,0.00000417,260.00000000
2018-02-23 22:38:14,0.00000417,14937.00000000
2018-02-23 22:38:41,0.00000418,101.00000000
2018-02-23 22:38:46,0.00000418,1147.00000000
2018-02-23 22:38:54,0.00000417,5618.00000000
2018-02-23 22:38:55,0.00000417,22395.00000000
2018-02-23 22:38:55,0.00000417,354.00000000
2018-02-23 22:38:55,0.00000417,251.00000000
2018-02-23 22:38:58,0.00000417,600.00000000
2018-02-23 22:39:00,0.00000418,120.00000000
2018-02-23 22:39:01,0.00000418,478.00000000
2018-02-23 22:39:03,0.00000417,192085.00000000
2018-02-23 22:39:03,0.00000416,51029.00000000
2018-02-23 22:39:06,0.00000417,686.00000000
2018-02-23 22:39:06,0.00000418,2990.00000000
2018-02-23 22:39:10,0.00000417,2614.00000000
2018-02-23 22:39:14,0.00000417,2245.00000000
2018-02-23 22:39:14,0.00000418,78803.00000000
2018-02-23 22:39:17,0.00000417,3351.00000000
2018-02-23 22:39:23,0.00000417,3507.00000000
2018-02-23 22:39:32,0.00000418,581.00000000
2018-02-23 22:39:39,0.00000418,542.00000000
2018-02-23 22:39:45,0.00000418,267.00000000
2018-02-23 22:39:57,0.00000418,2.00000000
2018-02-23 22:39:59,0.00000417,115282.00000000
2018-02-23 22:40:07,0.00000417,1452.00000000
2018-02-23 22:40:07,0.00000417,2398.00000000
2018-02-23 22:40:07,0.00000417,3666.00000000
2018-02-23 22:40:12,0.00000417,25000.00000000
2018-02-23 22:40:13,0.00000418,47640.00000000
2018-02-23 22:40:13,0.00000417,1000.00000000
2018-02-23 22:40:14,0.00000417,7651.00000000
2018-02-23 22:40:14,0.00000417,20465.00000000
2018-02-23 22:40:16,0.00000418,73337.00000000
2018-02-23 22:40:17,0.00000418,452.00000000
2018-02-23 22:40:18,0.00000418,4202.00000000
2018-02-23 22:40:19,0.00000417,948.00000000
2018-02-23 22:40:19,0.00000417,3052.00000000
2018-02-23 22:40:22,0.00000417,240.00000000
2018-02-23 22:40:29,0.00000417,5443.00000000
2018-02-23 22:40:29,0.00000417,6222.00000000
2018-02-23 22:40:29,0.00000417,2320.00000000
2018-02-23 22:40:32,0.00000417,2320.00000000
2018-02-23 22:40:32,0.00000417,11416.00000000
2018-02-23 22:40:32,0.00000417,17002.00000000
2018-02-23 22:40:32,0.00000417,17002.00000000
2018-02-23 22:40:32,0.00000417,7182.00000000
2018-02-23 22:40:32,0.00000417,17004.00000000
2018-02-23 22:40:32,0.00000417,450.00000000
2018-02-23 22:40:32,0.00000417,7182.00000000
2018-02-23 22:40:32,0.00000417,2398.00000000
2018-02-23 22:40:32,0.00000417,26465.00000000
2018-02-23 22:40:32,0.00000417,2398.00000000
2018-02-23 22:40:32,0.00000417,7182.00000000
2018-02-23 22:40:32,0.00000417,85252.00000000
2018-02-23 22:40:32,0.00000417,26465.00000000
2018-02-23 22:40:32,0.00000417,39942.00000000
2018-02-23 22:40:32,0.00000417,17002.00000000
2018-02-23 22:40:32,0.00000416,7182.00000000
2018-02-23 22:40:32,0.00000417,7183.00000000
2018-02-23 22:40:32,0.00000417,2995.00000000
2018-02-23 22:40:32,0.00000416,7182.00000000
2018-02-23 22:40:32,0.00000417,4709.00000000
2018-02-23 22:40:33,0.00000416,7183.00000000
2018-02-23 22:40:33,0.00000417,4506.00000000
2018-02-23 22:40:33,0.00000417,24038.00000000
2018-02-23 22:40:33,0.00000417,7188.00000000
2018-02-23 22:40:33,0.00000417,8236.00000000
2018-02-23 22:40:33,0.00000417,24038.00000000
2018-02-23 22:40:33,0.00000417,16000.00000000
2018-02-23 22:40:33,0.00000417,7947.00000000
2018-02-23 22:40:33,0.00000416,17002.00000000
2018-02-23 22:40:48,0.00000416,84551.00000000
2018-02-23 22:40:48,0.00000416,292.00000000
2018-02-23 22:40:48,0.00000416,12017.00000000
2018-02-23 22:40:48,0.00000416,12017.00000000
2018-02-23 22:40:50,0.00000416,2964.00000000
2018-02-23 22:41:03,0.00000416,158236.00000000
2018-02-23 22:41:03,0.00000416,2499.00000000
2018-02-23 22:41:10,0.00000417,739299.00000000
2018-02-23 22:41:19,0.00000417,23980.00000000
2018-02-23 22:41:19,0.00000417,48186.00000000
2018-02-23 22:41:26,0.00000418,222.00000000
2018-02-23 22:41:31,0.00000417,15000.00000000
2018-02-23 22:41:32,0.00000418,4200.00000000
2018-02-23 22:41:33,0.00000418,206.00000000
2018-02-23 22:41:35,0.00000418,899.00000000
2018-02-23 22:41:36,0.00000418,3198.00000000
2018-02-23 22:41:38,0.00000418,2925.00000000
2018-02-23 22:41:42,0.00000417,13611.00000000
2018-02-23 22:41:42,0.00000418,34643.00000000
2018-02-23 22:41:43,0.00000417,1000.00000000
2018-02-23 22:41:49,0.00000418,300.00000000
2018-02-23 22:41:59,0.00000417,2060.00000000
2018-02-23 22:41:59,0.00000417,1198.00000000
2018-02-23 22:42:01,0.00000417,382.00000000
2018-02-23 22:42:08,0.00000418,300.00000000
2018-02-23 22:42:10,0.00000417,26799.00000000
2018-02-23 22:42:11,0.00000418,300.00000000
2018-02-23 22:42:16,0.00000417,300.00000000
2018-02-23 22:42:18,0.00000418,300.00000000
2018-02-23 22:42:19,0.00000417,15056.00000000
2018-02-23 22:42:23,0.00000418,5.00000000
2018-02-23 22:42:23,0.00000417,300.00000000
2018-02-23 22:42:29,0.00000418,300.00000000
2018-02-23 22:42:30,0.00000417,80764.00000000
2018-02-23 22:42:30,0.00000418,422.00000000
2018-02-23 22:42:41,0.00000418,5892.00000000
2018-02-23 22:42:46,0.00000418,3943.00000000
2018-02-23 22:42:46,0.00000418,3391.00000000
2018-02-23 22:42:53,0.00000417,2396.00000000
2018-02-23 22:43:03,0.00000417,253442.00000000
2018-02-23 22:43:15,0.00000418,2000.00000000
2018-02-23 22:43:21,0.00000417,2999.00000000
2018-02-23 22:43:25,0.00000417,57361.00000000
2018-02-23 22:43:25,0.00000417,42503.00000000
2018-02-23 22:43:29,0.00000417,1000.00000000
2018-02-23 22:43:29,0.00000418,94635.00000000
2018-02-23 22:43:36,0.00000418,1196.00000000
2018-02-23 22:43:37,0.00000418,1434.00000000
2018-02-23 22:43:38,0.00000417,335.00000000
2018-02-23 22:43:42,0.00000417,377.00000000
2018-02-23 22:43:44,0.00000417,1199.00000000
2018-02-23 22:43:49,0.00000417,2462.00000000
2018-02-23 22:43:53,0.00000418,500.00000000
2018-02-23 22:43:54,0.00000418,9301.00000000
2018-02-23 22:43:57,0.00000418,21.00000000
2018-02-23 22:43:58,0.00000418,29323.00000000
2018-02-23 22:44:08,0.00000417,2399.00000000
2018-02-23 22:44:08,0.00000417,18732.00000000
2018-02-23 22:44:09,0.00000418,1.00000000
2018-02-23 22:44:09,0.00000418,3349.00000000
2018-02-23 22:44:15,0.00000417,19688.00000000
2018-02-23 22:44:16,0.00000417,991.00000000
2018-02-23 22:44:31,0.00000417,1999.00000000
2018-02-23 22:44:37,0.00000417,777.00000000
2018-02-23 22:44:40,0.00000417,5000.00000000
2018-02-23 22:44:48,0.00000417,912.00000000
2018-02-23 22:44:51,0.00000417,1867.00000000
2018-02-23 22:44:58,0.00000417,1872.00000000
2018-02-23 22:45:00,0.00000417,650.00000000
2018-02-23 22:45:03,0.00000417,55158.00000000
2018-02-23 22:45:03,0.00000416,142300.00000000
2018-02-23 22:45:06,0.00000418,25094.00000000
2018-02-23 22:45:06,0.00000417,7528.00000000
2018-02-23 22:45:06,0.00000417,1963.00000000
2018-02-23 22:45:07,0.00000417,71848.00000000
2018-02-23 22:45:07,0.00000418,2509.00000000
2018-02-23 22:45:07,0.00000418,1445.00000000
2018-02-23 22:45:07,0.00000418,241.00000000
2018-02-23 22:45:08,0.00000417,250.00000000
2018-02-23 22:45:10,0.00000417,2594.00000000
2018-02-23 22:45:11,0.00000417,6647.00000000
2018-02-23 22:45:24,0.00000416,1.00000000
2018-02-23 22:45:25,0.00000417,439.00000000
2018-02-23 22:45:25,0.00000418,1241.00000000
2018-02-23 22:45:25,0.00000416,6100.00000000
2018-02-23 22:45:31,0.00000416,4600.00000000
2018-02-23 22:45:36,0.00000416,674.00000000
2018-02-23 22:45:56,0.00000417,1317.00000000
2018-02-23 22:45:59,0.00000417,1897.00000000
2018-02-23 22:46:03,0.00000417,6227.00000000
2018-02-23 22:46:07,0.00000417,1999.00000000
2018-02-23 22:46:15,0.00000417,1000.00000000
2018-02-23 22:46:25,0.00000417,449.00000000
2018-02-23 22:46:37,0.00000417,240.00000000
2018-02-23 22:46:38,0.00000418,59046.00000000
2018-02-23 22:46:45,0.00000417,14550.00000000
2018-02-23 22:46:45,0.00000416,87305.00000000
2018-02-23 22:46:49,0.00000416,9101.00000000
2018-02-23 22:46:51,0.00000417,6999.00000000
2018-02-23 22:46:56,0.00000418,8632.00000000
2018-02-23 22:47:03,0.00000417,7274.00000000
2018-02-23 22:47:06,0.00000417,1523.00000000
2018-02-23 22:47:09,0.00000417,2397.00000000
2018-02-23 22:47:10,0.00000417,1198.00000000
2018-02-23 22:47:12,0.00000417,446.00000000
2018-02-23 22:47:13,0.00000417,3500.00000000
2018-02-23 22:47:14,0.00000417,702.00000000
2018-02-23 22:47:20,0.00000417,1436.00000000
2018-02-23 22:47:22,0.00000417,352.00000000
2018-02-23 22:47:23,0.00000417,3307.00000000
2018-02-23 22:47:23,0.00000417,37888.00000000
2018-02-23 22:47:28,0.00000418,2347.00000000
2018-02-23 22:47:29,0.00000417,1534.00000000
2018-02-23 22:47:30,0.00000417,6030.00000000
2018-02-23 22:47:33,0.00000417,1069.00000000
2018-02-23 22:47:36,0.00000417,2348.00000000
2018-02-23 22:47:37,0.00000417,5059.00000000
2018-02-23 22:47:38,0.00000418,583.00000000
2018-02-23 22:47:39,0.00000418,144.00000000
2018-02-23 22:47:40,0.00000418,15567.00000000
2018-02-23 22:47:41,0.00000418,36.00000000
2018-02-23 22:47:42,0.00000418,12.00000000
2018-02-23 22:47:45,0.00000418,262.00000000
2018-02-23 22:47:53,0.00000417,7194.00000000
2018-02-23 22:47:53,0.00000417,6717.00000000
2018-02-23 22:47:53,0.00000417,7194.00000000
2018-02-23 22:48:00,0.00000418,2566.00000000
2018-02-23 22:48:00,0.00000417,1180.00000000
2018-02-23 22:48:01,0.00000418,36456.00000000
2018-02-23 22:48:01,0.00000417,7193.00000000
2018-02-23 22:48:03,0.00000417,3003.00000000
2018-02-23 22:48:03,0.00000417,7193.00000000
2018-02-23 22:48:05,0.00000417,968.00000000
2018-02-23 22:48:05,0.00000417,7194.00000000
2018-02-23 22:48:05,0.00000417,4276.00000000
2018-02-23 22:48:06,0.00000417,7194.00000000
2018-02-23 22:48:06,0.00000417,2737.00000000
2018-02-23 22:48:06,0.00000417,5510.00000000
2018-02-23 22:48:06,0.00000417,500.00000000
2018-02-23 22:48:06,0.00000417,7194.00000000
2018-02-23 22:48:09,0.00000417,4156.00000000
2018-02-23 22:48:09,0.00000418,2395.00000000
2018-02-23 22:48:10,0.00000417,198262.00000000
2018-02-23 22:48:15,0.00000416,1.00000000
2018-02-23 22:48:16,0.00000417,14995.00000000
2018-02-23 22:48:17,0.00000416,9101.00000000
2018-02-23 22:48:17,0.00000417,129251.00000000
2018-02-23 22:48:20,0.00000417,34232.00000000
2018-02-23 22:48:21,0.00000417,382.00000000
2018-02-23 22:48:21,0.00000418,9131.00000000
2018-02-23 22:48:34,0.00000417,1481.00000000
2018-02-23 22:48:34,0.00000416,1209.00000000
2018-02-23 22:48:37,0.00000417,3895.00000000
2018-02-23 22:48:43,0.00000417,2285.00000000
2018-02-23 22:48:51,0.00000417,360.00000000
2018-02-23 22:48:53,0.00000417,3714.00000000
2018-02-23 22:48:53,0.00000417,1000.00000000
2018-02-23 22:48:56,0.00000417,5127.00000000
2018-02-23 22:48:57,0.00000417,484.00000000
2018-02-23 22:49:03,0.00000417,2119.00000000
2018-02-23 22:49:03,0.00000416,8992.00000000
2018-02-23 22:49:03,0.00000417,4582.00000000
2018-02-23 22:49:04,0.00000417,1414.00000000
2018-02-23 22:49:05,0.00000417,2500.00000000
2018-02-23 22:49:05,0.00000417,1000.00000000
2018-02-23 22:49:06,0.00000418,10000.00000000
2018-02-23 22:49:08,0.00000417,4416.00000000
2018-02-23 22:49:08,0.00000418,14304.00000000
2018-02-23 22:49:09,0.00000417,1434.00000000
2018-02-23 22:49:10,0.00000417,1000.00000000
2018-02-23 22:49:25,0.00000418,64123.00000000
2018-02-23 22:49:34,0.00000417,75.00000000
2018-02-23 22:49:40,0.00000417,17262.00000000
2018-02-23 22:49:45,0.00000417,1102.00000000
2018-02-23 22:49:48,0.00000418,695.00000000
2018-02-23 22:50:13,0.00000418,80.00000000
2018-02-23 22:50:17,0.00000417,42819.00000000
2018-02-23 22:50:17,0.00000418,500.00000000
2018-02-23 22:50:18,0.00000417,1162.00000000
2018-02-23 22:50:35,0.00000417,2720.00000000
2018-02-23 22:50:35,0.00000417,16379.00000000
2018-02-23 22:50:38,0.00000417,2502.00000000
2018-02-23 22:50:39,0.00000417,12608.00000000
2018-02-23 22:50:39,0.00000418,8069.00000000
2018-02-23 22:50:39,0.00000417,48999.00000000
2018-02-23 22:50:39,0.00000417,11111.00000000
2018-02-23 22:50:40,0.00000417,806.00000000
2018-02-23 22:50:40,0.00000417,3814.00000000
2018-02-23 22:50:41,0.00000417,2003.00000000
2018-02-23 22:50:42,0.00000417,2841.00000000
2018-02-23 22:50:44,0.00000417,500.00000000
2018-02-23 22:50:46,0.00000417,125.00000000
2018-02-23 22:50:48,0.00000417,2229.00000000
2018-02-23 22:50:48,0.00000417,9364.00000000
2018-02-23 22:50:49,0.00000417,32.00000000
2018-02-23 22:50:49,0.00000417,559.00000000
2018-02-23 22:50:51,0.00000417,8.00000000
2018-02-23 22:50:54,0.00000417,1.00000000
2018-02-23 22:50:54,0.00000417,20918.00000000
2018-02-23 22:50:54,0.00000417,7189.00000000
2018-02-23 22:50:54,0.00000417,7188.00000000
2018-02-23 22:50:54,0.00000417,7188.00000000
2018-02-23 22:50:55,0.00000417,7189.00000000
2018-02-23 22:50:55,0.00000417,4618.00000000
2018-02-23 22:50:55,0.00000417,304.00000000
2018-02-23 22:50:55,0.00000417,752.00000000
2018-02-23 22:50:56,0.00000417,7189.00000000
2018-02-23 22:50:57,0.00000417,116572.00000000
2018-02-23 22:51:16,0.00000417,162.00000000
2018-02-23 22:51:19,0.00000417,500.00000000
2018-02-23 22:51:23,0.00000417,44140.00000000
2018-02-23 22:51:24,0.00000417,102459.00000000
2018-02-23 22:51:24,0.00000417,7039.00000000
2018-02-23 22:51:25,0.00000417,2726.00000000
2018-02-23 22:51:25,0.00000417,2726.00000000
2018-02-23 22:51:25,0.00000417,2918.00000000
2018-02-23 22:51:25,0.00000417,2725.00000000
2018-02-23 22:51:33,0.00000418,11919.00000000
2018-02-23 22:51:34,0.00000417,1380.00000000
2018-02-23 22:51:34,0.00000417,2286.00000000
2018-02-23 22:51:57,0.00000418,1688.00000000
2018-02-23 22:52:09,0.00000417,5000.00000000
2018-02-23 22:52:27,0.00000418,1.00000000
2018-02-23 22:52:28,0.00000418,67470.00000000
2018-02-23 22:52:36,0.00000418,24.00000000
2018-02-23 22:52:42,0.00000418,26423.00000000
2018-02-23 22:52:46,0.00000418,26423.00000000
2018-02-23 22:53:04,0.00000417,3214.00000000
2018-02-23 22:53:04,0.00000417,219.00000000
2018-02-23 22:53:05,0.00000418,5060.00000000
2018-02-23 22:53:08,0.00000418,37043.00000000
2018-02-23 22:53:09,0.00000418,7.00000000
2018-02-23 22:53:14,0.00000417,81769.00000000
2018-02-23 22:53:24,0.00000418,2347.00000000
2018-02-23 22:53:34,0.00000418,1790.00000000
2018-02-23 22:53:38,0.00000418,5441.00000000
2018-02-23 22:53:38,0.00000417,1884.00000000
2018-02-23 22:53:40,0.00000417,67360.00000000
2018-02-23 22:53:47,0.00000418,32153.00000000
2018-02-23 22:53:58,0.00000417,300.00000000
2018-02-23 22:54:00,0.00000417,32805.00000000
2018-02-23 22:54:01,0.00000418,7.00000000
2018-02-23 22:54:01,0.00000418,358.00000000
2018-02-23 22:54:11,0.00000418,2950.00000000
2018-02-23 22:54:17,0.00000417,2997.00000000
2018-02-23 22:54:25,0.00000417,36076.00000000
2018-02-23 22:54:34,0.00000418,25.00000000
2018-02-23 22:54:36,0.00000418,28868.00000000
2018-02-23 22:54:36,0.00000418,69.00000000
2018-02-23 22:54:38,0.00000418,23.00000000
2018-02-23 22:54:41,0.00000418,119050.00000000
2018-02-23 22:54:43,0.00000417,1009.00000000
2018-02-23 22:54:50,0.00000418,13648.00000000
2018-02-23 22:54:50,0.00000418,5968.00000000
2018-02-23 22:55:00,0.00000418,3000.00000000
2018-02-23 22:55:00,0.00000418,435.00000000
2018-02-23 22:55:01,0.00000418,107023.00000000
2018-02-23 22:55:05,0.00000418,7840.00000000
2018-02-23 22:55:06,0.00000418,47488.00000000
2018-02-23 22:55:07,0.00000417,26398.00000000
2018-02-23 22:55:10,0.00000418,2000.00000000
2018-02-23 22:55:14,0.00000418,2.00000000
2018-02-23 22:55:27,0.00000418,921.00000000
2018-02-23 22:55:39,0.00000418,36891.00000000
2018-02-23 22:55:42,0.00000418,18165.00000000
2018-02-23 22:55:45,0.00000418,2.00000000
2018-02-23 22:55:58,0.00000418,19796.00000000
2018-02-23 22:55:58,0.00000418,75.00000000
2018-02-23 22:55:59,0.00000417,1045.00000000
2018-02-23 22:56:03,0.00000418,62158.00000000
2018-02-23 22:56:04,0.00000417,44868.00000000
2018-02-23 22:56:12,0.00000418,2500.00000000
2018-02-23 22:56:14,0.00000417,1767.00000000
2018-02-23 22:56:20,0.00000417,1.00000000
2018-02-23 22:56:24,0.00000417,120192.00000000
2018-02-23 22:56:27,0.00000418,52141.00000000
2018-02-23 22:56:37,0.00000418,4813.00000000
2018-02-23 22:56:38,0.00000417,241.00000000
2018-02-23 22:56:39,0.00000418,20828.00000000
2018-02-23 22:56:40,0.00000418,603.00000000
2018-02-23 22:56:46,0.00000418,38.00000000
2018-02-23 22:56:46,0.00000418,3.00000000
2018-02-23 22:56:49,0.00000417,695.00000000
2018-02-23 22:56:54,0.00000417,21.00000000
2018-02-23 22:56:58,0.00000418,399.00000000
2018-02-23 22:57:01,0.00000418,82608.00000000
2018-02-23 22:57:02,0.00000418,2207.00000000
2018-02-23 22:57:13,0.00000417,1413.00000000
2018-02-23 22:57:18,0.00000417,10776.00000000
2018-02-23 22:57:25,0.00000417,500.00000000
2018-02-23 22:57:33,0.00000418,1.00000000
2018-02-23 22:57:34,0.00000418,97532.00000000
2018-02-23 22:57:36,0.00000417,82583.00000000
2018-02-23 22:57:39,0.00000417,500.00000000
2018-02-23 22:57:48,0.00000417,271.00000000
2018-02-23 22:57:48,0.00000418,240.00000000
2018-02-23 22:57:50,0.00000417,8258.00000000
2018-02-23 22:57:51,0.00000418,320.00000000
2018-02-23 22:57:52,0.00000417,29277.00000000
2018-02-23 22:57:52,0.00000418,500.00000000
2018-02-23 22:57:52,0.00000418,80687.00000000
2018-02-23 22:57:52,0.00000417,20000.00000000
2018-02-23 22:57:53,0.00000417,10306.00000000
2018-02-23 22:57:53,0.00000417,2048.00000000
2018-02-23 22:57:55,0.00000418,1.00000000
2018-02-23 22:57:55,0.00000418,23941.00000000
2018-02-23 22:57:56,0.00000417,500.00000000
2018-02-23 22:57:56,0.00000417,9375.00000000
2018-02-23 22:57:59,0.00000417,500.00000000
2018-02-23 22:58:01,0.00000418,280.00000000
2018-02-23 22:58:02,0.00000417,500.00000000
2018-02-23 22:58:04,0.00000417,229.00000000
2018-02-23 22:58:05,0.00000418,10482.00000000
2018-02-23 22:58:08,0.00000417,500.00000000
2018-02-23 22:58:14,0.00000417,8576.00000000
2018-02-23 22:58:15,0.00000418,25.00000000
2018-02-23 22:58:22,0.00000417,1389.00000000
2018-02-23 22:58:24,0.00000418,1160.00000000
2018-02-23 22:58:26,0.00000417,35.00000000
2018-02-23 22:58:27,0.00000418,3025.00000000
2018-02-23 22:58:28,0.00000418,1820341.00000000
2018-02-23 22:58:29,0.00000418,17639.00000000
2018-02-23 22:58:29,0.00000418,11416.00000000
2018-02-23 22:58:29,0.00000418,21625.00000000
2018-02-23 22:58:29,0.00000418,1058.00000000
2018-02-23 22:58:29,0.00000418,7177.00000000
2018-02-23 22:58:29,0.00000418,5246.00000000
2018-02-23 22:58:29,0.00000418,7177.00000000
2018-02-23 22:58:29,0.00000418,2319.00000000
2018-02-23 22:58:29,0.00000418,7177.00000000
2018-02-23 22:58:29,0.00000418,7177.00000000
2018-02-23 22:58:29,0.00000418,7176.00000000
2018-02-23 22:58:29,0.00000418,808.00000000
2018-02-23 22:58:29,0.00000418,3736.00000000
2018-02-23 22:58:30,0.00000418,7177.00000000
2018-02-23 22:58:30,0.00000418,7176.00000000
2018-02-23 22:58:30,0.00000418,7176.00000000
2018-02-23 22:58:30,0.00000418,7176.00000000
2018-02-23 22:58:30,0.00000418,7177.00000000
2018-02-23 22:58:30,0.00000418,7176.00000000
2018-02-23 22:58:30,0.00000418,71244.00000000
2018-02-23 22:58:30,0.00000418,5386.00000000
2018-02-23 22:58:30,0.00000418,7176.00000000
2018-02-23 22:58:31,0.00000418,1442.00000000
2018-02-23 22:58:31,0.00000418,905.00000000
2018-02-23 22:58:31,0.00000418,23731.00000000
2018-02-23 22:58:31,0.00000418,1493.00000000
2018-02-23 22:58:31,0.00000418,2217.00000000
2018-02-23 22:58:31,0.00000418,947.00000000
2018-02-23 22:58:32,0.00000418,24975.00000000
2018-02-23 22:58:34,0.00000418,1739.00000000
2018-02-23 22:58:40,0.00000418,13963.00000000
2018-02-23 22:58:40,0.00000418,2129.00000000
2018-02-23 22:58:40,0.00000418,13157.00000000
2018-02-23 22:58:42,0.00000418,67587.00000000
2018-02-23 22:58:44,0.00000418,7177.00000000
2018-02-23 22:58:46,0.00000418,2498.00000000
2018-02-23 22:58:46,0.00000418,300.00000000
2018-02-23 22:58:47,0.00000418,8059.00000000
2018-02-23 22:58:48,0.00000418,10000.00000000
2018-02-23 22:58:48,0.00000418,479.00000000
2018-02-23 22:58:53,0.00000418,50690.00000000
2018-02-23 22:58:58,0.00000419,8988.00000000
2018-02-23 22:59:01,0.00000419,2769.00000000
2018-02-23 22:59:04,0.00000419,200.00000000
2018-02-23 22:59:04,0.00000419,42402.00000000
2018-02-23 22:59:04,0.00000419,23490.00000000
2018-02-23 22:59:07,0.00000419,67948.00000000
2018-02-23 22:59:13,0.00000419,79380.00000000
2018-02-23 22:59:14,0.00000419,3227.00000000
2018-02-23 22:59:16,0.00000419,124156.00000000
2018-02-23 22:59:18,0.00000419,3189.00000000
2018-02-23 22:59:18,0.00000418,5600.00000000
2018-02-23 22:59:20,0.00000418,6000.00000000
2018-02-23 22:59:25,0.00000419,239.00000000
2018-02-23 22:59:26,0.00000418,2421.00000000
2018-02-23 22:59:34,0.00000418,4095.00000000
2018-02-23 22:59:36,0.00000418,1.00000000
2018-02-23 22:59:42,0.00000418,21255.00000000
2018-02-23 22:59:43,0.00000418,105016.00000000
2018-02-23 22:59:51,0.00000419,39341.00000000
2018-02-23 22:59:58,0.00000418,12241.00000000
