DATE,PRICE,VOLUME
2018-02-27 17:00:00,0.00000393,581.00000000
2018-02-27 17:00:01,0.00000392,186000.00000000
2018-02-27 17:00:01,0.00000393,125159.00000000
2018-02-27 17:00:05,0.00000392,20044.00000000
2018-02-27 17:00:08,0.00000392,1275.00000000
2018-02-27 17:00:13,0.00000392,1500.00000000
2018-02-27 17:00:14,0.00000392,10101.00000000
2018-02-27 17:00:20,0.00000392,715.00000000
2018-02-27 17:00:24,0.00000393,22935.00000000
2018-02-27 17:00:27,0.00000393,1420.00000000
2018-02-27 17:00:28,0.00000393,90194.00000000
2018-02-27 17:00:35,0.00000393,11813.00000000
2018-02-27 17:00:43,0.00000393,622.00000000
2018-02-27 17:00:45,0.00000392,260.00000000
2018-02-27 17:00:49,0.00000393,28.00000000
2018-02-27 17:00:49,0.00000393,1000.00000000
2018-02-27 17:00:50,0.00000392,94175.00000000
2018-02-27 17:00:50,0.00000392,7867.00000000
2018-02-27 17:00:52,0.00000392,799.00000000
2018-02-27 17:00:55,0.00000392,1070.00000000
2018-02-27 17:00:57,0.00000392,1196.00000000
2018-02-27 17:00:58,0.00000392,4962.00000000
2018-02-27 17:01:02,0.00000392,32000.00000000
2018-02-27 17:01:04,0.00000393,27.00000000
2018-02-27 17:01:04,0.00000393,39200.00000000
2018-02-27 17:01:10,0.00000392,1162.00000000
2018-02-27 17:01:12,0.00000393,10000.00000000
2018-02-27 17:01:14,0.00000392,250.00000000
2018-02-27 17:01:14,0.00000392,53088.00000000
2018-02-27 17:01:14,0.00000392,65.00000000
2018-02-27 17:01:15,0.00000392,143010.00000000
2018-02-27 17:01:15,0.00000392,4640.00000000
2018-02-27 17:01:19,0.00000393,1057.00000000
2018-02-27 17:01:20,0.00000392,2913.00000000
2018-02-27 17:01:24,0.00000392,40000.00000000
2018-02-27 17:01:29,0.00000392,545.00000000
2018-02-27 17:01:33,0.00000393,162567.00000000
2018-02-27 17:01:39,0.00000392,971.00000000
2018-02-27 17:01:48,0.00000392,800.00000000
2018-02-27 17:01:49,0.00000392,1056.00000000
2018-02-27 17:01:52,0.00000392,7582.00000000
2018-02-27 17:01:56,0.00000393,115710.00000000
2018-02-27 17:01:58,0.00000392,1580.00000000
2018-02-27 17:01:59,0.00000393,1593.00000000
2018-02-27 17:02:10,0.00000393,289.00000000
2018-02-27 17:02:15,0.00000392,411.00000000
2018-02-27 17:02:16,0.00000392,52965.00000000
2018-02-27 17:02:18,0.00000392,113296.00000000
2018-02-27 17:02:22,0.00000392,200.00000000
2018-02-27 17:02:29,0.00000393,14897.00000000
2018-02-27 17:02:31,0.00000393,117284.00000000
2018-02-27 17:02:39,0.00000392,80539.00000000
2018-02-27 17:02:42,0.00000392,4000.00000000
2018-02-27 17:02:43,0.00000392,37677.00000000
2018-02-27 17:02:55,0.00000392,228027.00000000
2018-02-27 17:02:57,0.00000392,117858.00000000
2018-02-27 17:03:08,0.00000392,860.00000000
2018-02-27 17:03:09,0.00000392,1025.00000000
2018-02-27 17:03:11,0.00000393,1000.00000000
2018-02-27 17:03:12,0.00000392,1000.00000000
2018-02-27 17:03:13,0.00000392,1646.00000000
2018-02-27 17:03:13,0.00000393,4866.00000000
2018-02-27 17:03:16,0.00000392,2000.00000000
2018-02-27 17:03:16,0.00000393,2766.00000000
2018-02-27 17:03:17,0.00000392,4907.00000000
2018-02-27 17:03:20,0.00000392,309.00000000
2018-02-27 17:03:23,0.00000392,160162.00000000
2018-02-27 17:03:25,0.00000392,2499.00000000
2018-02-27 17:03:25,0.00000392,22655.00000000
2018-02-27 17:03:25,0.00000392,996.00000000
2018-02-27 17:03:26,0.00000392,23140.00000000
2018-02-27 17:03:26,0.00000392,1819.00000000
2018-02-27 17:03:27,0.00000392,1399.00000000
2018-02-27 17:03:27,0.00000393,2544.00000000
2018-02-27 17:03:28,0.00000392,2425.00000000
2018-02-27 17:03:29,0.00000392,125000.00000000
2018-02-27 17:03:29,0.00000392,8462.00000000
2018-02-27 17:03:30,0.00000392,93030.00000000
2018-02-27 17:03:33,0.00000392,1.00000000
2018-02-27 17:03:38,0.00000393,25843.00000000
2018-02-27 17:03:38,0.00000393,576.00000000
2018-02-27 17:03:40,0.00000392,702.00000000
2018-02-27 17:03:40,0.00000393,574.00000000
2018-02-27 17:03:41,0.00000392,4784.00000000
2018-02-27 17:03:41,0.00000393,2532.00000000
2018-02-27 17:03:42,0.00000392,2098.00000000
2018-02-27 17:03:45,0.00000393,4683.00000000
2018-02-27 17:03:49,0.00000393,346.00000000
2018-02-27 17:03:51,0.00000392,47635.00000000
2018-02-27 17:03:52,0.00000392,85369.00000000
2018-02-27 17:04:01,0.00000392,946.00000000
2018-02-27 17:04:01,0.00000393,12266.00000000
2018-02-27 17:04:09,0.00000392,29320.00000000
2018-02-27 17:04:09,0.00000391,2339.00000000
2018-02-27 17:04:10,0.00000391,3473.00000000
2018-02-27 17:04:10,0.00000392,472.00000000
2018-02-27 17:04:10,0.00000391,3789.00000000
2018-02-27 17:04:10,0.00000391,16912.00000000
2018-02-27 17:04:13,0.00000392,1244.00000000
2018-02-27 17:04:13,0.00000392,157028.00000000
2018-02-27 17:04:15,0.00000392,14915.00000000
2018-02-27 17:04:15,0.00000391,1846.00000000
2018-02-27 17:04:16,0.00000391,10713.00000000
2018-02-27 17:04:23,0.00000393,25000.00000000
2018-02-27 17:04:24,0.00000392,326742.00000000
2018-02-27 17:04:27,0.00000391,1654.00000000
2018-02-27 17:04:35,0.00000392,316175.00000000
2018-02-27 17:04:45,0.00000393,12000.00000000
2018-02-27 17:04:48,0.00000392,280875.00000000
2018-02-27 17:04:49,0.00000393,2150.00000000
2018-02-27 17:04:51,0.00000393,160565.00000000
2018-02-27 17:04:54,0.00000393,168.00000000
2018-02-27 17:04:58,0.00000392,641.00000000
2018-02-27 17:04:58,0.00000392,67.00000000
2018-02-27 17:05:06,0.00000391,2000.00000000
2018-02-27 17:05:10,0.00000392,123698.00000000
2018-02-27 17:05:13,0.00000392,22407.00000000
2018-02-27 17:05:25,0.00000391,1500.00000000
2018-02-27 17:05:31,0.00000392,1907.00000000
2018-02-27 17:05:31,0.00000392,2551.00000000
2018-02-27 17:05:32,0.00000392,13.00000000
2018-02-27 17:05:33,0.00000392,8000.00000000
2018-02-27 17:05:41,0.00000391,112353.00000000
2018-02-27 17:05:46,0.00000392,5838.00000000
2018-02-27 17:05:49,0.00000391,4220.00000000
2018-02-27 17:05:51,0.00000392,382.00000000
2018-02-27 17:05:52,0.00000392,4150.00000000
2018-02-27 17:05:57,0.00000392,3087.00000000
2018-02-27 17:06:00,0.00000392,1658.00000000
2018-02-27 17:06:01,0.00000391,11919.00000000
2018-02-27 17:06:04,0.00000392,1052.00000000
2018-02-27 17:06:05,0.00000392,587.00000000
2018-02-27 17:06:06,0.00000391,179382.00000000
2018-02-27 17:06:08,0.00000392,6168.00000000
2018-02-27 17:06:10,0.00000392,600.00000000
2018-02-27 17:06:20,0.00000391,11291.00000000
2018-02-27 17:06:21,0.00000391,1.00000000
2018-02-27 17:06:23,0.00000392,4742.00000000
2018-02-27 17:06:24,0.00000391,284.00000000
2018-02-27 17:06:27,0.00000391,1188.00000000
2018-02-27 17:06:27,0.00000391,4710.00000000
2018-02-27 17:06:28,0.00000391,1243.00000000
2018-02-27 17:06:33,0.00000392,25575.00000000
2018-02-27 17:06:33,0.00000392,65756.00000000
2018-02-27 17:06:36,0.00000391,171944.00000000
2018-02-27 17:06:39,0.00000391,43308.00000000
2018-02-27 17:06:42,0.00000392,1751.00000000
2018-02-27 17:06:43,0.00000392,7800.00000000
2018-02-27 17:06:54,0.00000392,2551.00000000
2018-02-27 17:06:55,0.00000392,2393.00000000
2018-02-27 17:06:59,0.00000392,500.00000000
2018-02-27 17:06:59,0.00000392,88002.00000000
2018-02-27 17:07:14,0.00000392,2635.00000000
2018-02-27 17:07:31,0.00000392,10376.00000000
2018-02-27 17:07:33,0.00000391,4407.00000000
2018-02-27 17:07:33,0.00000392,74793.00000000
2018-02-27 17:07:34,0.00000392,1.00000000
2018-02-27 17:07:38,0.00000391,3294.00000000
2018-02-27 17:07:39,0.00000392,3208.00000000
2018-02-27 17:07:48,0.00000392,1679.00000000
2018-02-27 17:07:58,0.00000392,85841.00000000
2018-02-27 17:07:58,0.00000392,51157.00000000
2018-02-27 17:08:00,0.00000392,9747.00000000
2018-02-27 17:08:13,0.00000391,520.00000000
2018-02-27 17:08:17,0.00000392,3251.00000000
2018-02-27 17:08:20,0.00000393,8256.00000000
2018-02-27 17:08:22,0.00000392,104002.00000000
2018-02-27 17:08:22,0.00000392,44849.00000000
2018-02-27 17:08:26,0.00000393,4360.00000000
2018-02-27 17:08:30,0.00000392,9037.00000000
2018-02-27 17:08:32,0.00000393,41.00000000
2018-02-27 17:08:32,0.00000392,800.00000000
2018-02-27 17:08:38,0.00000392,406.00000000
2018-02-27 17:08:41,0.00000393,12722.00000000
2018-02-27 17:08:41,0.00000393,1.00000000
2018-02-27 17:08:47,0.00000393,460.00000000
2018-02-27 17:08:48,0.00000392,44469.00000000
2018-02-27 17:08:48,0.00000392,109270.00000000
2018-02-27 17:08:51,0.00000393,2.00000000
2018-02-27 17:08:51,0.00000393,305.00000000
2018-02-27 17:09:05,0.00000392,2500.00000000
2018-02-27 17:09:06,0.00000392,10307.00000000
2018-02-27 17:09:16,0.00000393,5.00000000
2018-02-27 17:09:16,0.00000393,194661.00000000
2018-02-27 17:09:18,0.00000392,1807.00000000
2018-02-27 17:09:27,0.00000393,24.00000000
2018-02-27 17:09:28,0.00000392,25904.00000000
2018-02-27 17:09:28,0.00000392,5000.00000000
2018-02-27 17:09:33,0.00000393,154.00000000
2018-02-27 17:09:36,0.00000392,642.00000000
2018-02-27 17:09:42,0.00000392,84335.00000000
2018-02-27 17:09:42,0.00000392,97087.00000000
2018-02-27 17:09:50,0.00000393,6219.00000000
2018-02-27 17:09:51,0.00000392,399218.00000000
2018-02-27 17:09:58,0.00000392,3929.00000000
2018-02-27 17:09:59,0.00000392,467936.00000000
2018-02-27 17:10:02,0.00000393,665.00000000
2018-02-27 17:10:09,0.00000392,493928.00000000
2018-02-27 17:10:18,0.00000391,10.00000000
2018-02-27 17:10:24,0.00000392,398412.00000000
2018-02-27 17:10:28,0.00000392,620.00000000
2018-02-27 17:10:37,0.00000392,268.00000000
2018-02-27 17:10:41,0.00000392,272.00000000
2018-02-27 17:10:46,0.00000392,500.00000000
2018-02-27 17:10:53,0.00000392,1200.00000000
2018-02-27 17:10:55,0.00000392,162023.00000000
2018-02-27 17:11:02,0.00000391,3365.00000000
2018-02-27 17:11:02,0.00000391,217.00000000
2018-02-27 17:11:06,0.00000392,39360.00000000
2018-02-27 17:11:10,0.00000392,392922.00000000
2018-02-27 17:11:11,0.00000393,2031.00000000
2018-02-27 17:11:23,0.00000393,244.00000000
2018-02-27 17:11:24,0.00000392,290615.00000000
2018-02-27 17:11:27,0.00000392,527.00000000
2018-02-27 17:11:27,0.00000392,5414.00000000
2018-02-27 17:11:29,0.00000392,3141.00000000
2018-02-27 17:11:29,0.00000391,3141.00000000
2018-02-27 17:11:33,0.00000392,240.00000000
2018-02-27 17:11:35,0.00000392,238.00000000
2018-02-27 17:11:37,0.00000392,235.00000000
2018-02-27 17:11:39,0.00000392,233.00000000
2018-02-27 17:11:40,0.00000392,231.00000000
2018-02-27 17:11:42,0.00000392,38.00000000
2018-02-27 17:11:42,0.00000393,191.00000000
2018-02-27 17:11:50,0.00000392,252538.00000000
2018-02-27 17:12:01,0.00000391,30000.00000000
2018-02-27 17:12:06,0.00000391,12047.00000000
2018-02-27 17:12:08,0.00000391,2433.00000000
2018-02-27 17:12:09,0.00000391,162649.00000000
2018-02-27 17:12:13,0.00000391,1405.00000000
2018-02-27 17:12:14,0.00000391,337.00000000
2018-02-27 17:12:16,0.00000391,36682.00000000
2018-02-27 17:12:18,0.00000392,2048.00000000
2018-02-27 17:12:21,0.00000391,5179.00000000
2018-02-27 17:12:23,0.00000392,2.00000000
2018-02-27 17:12:25,0.00000391,1269.00000000
2018-02-27 17:12:32,0.00000392,3092.00000000
2018-02-27 17:12:41,0.00000391,3056.00000000
2018-02-27 17:12:42,0.00000391,668.00000000
2018-02-27 17:12:43,0.00000392,1057.00000000
2018-02-27 17:12:44,0.00000392,150983.00000000
2018-02-27 17:12:47,0.00000392,21647.00000000
2018-02-27 17:12:47,0.00000392,50272.00000000
2018-02-27 17:12:47,0.00000392,8419.00000000
2018-02-27 17:12:47,0.00000392,8418.00000000
2018-02-27 17:12:48,0.00000392,1013.00000000
2018-02-27 17:12:59,0.00000392,1000.00000000
2018-02-27 17:12:59,0.00000393,2646.00000000
2018-02-27 17:13:02,0.00000391,257.00000000
2018-02-27 17:13:05,0.00000392,257.00000000
2018-02-27 17:13:05,0.00000393,138648.00000000
2018-02-27 17:13:10,0.00000393,71469.00000000
2018-02-27 17:13:27,0.00000393,9936.00000000
2018-02-27 17:13:28,0.00000393,78683.00000000
2018-02-27 17:13:48,0.00000392,7992.00000000
2018-02-27 17:13:52,0.00000392,174312.00000000
2018-02-27 17:13:57,0.00000392,859.00000000
2018-02-27 17:14:11,0.00000392,7373.00000000
2018-02-27 17:14:13,0.00000392,351.00000000
2018-02-27 17:14:15,0.00000393,2828.00000000
2018-02-27 17:14:16,0.00000392,380.00000000
2018-02-27 17:14:17,0.00000393,19089.00000000
2018-02-27 17:14:18,0.00000393,256.00000000
2018-02-27 17:14:21,0.00000393,2500.00000000
2018-02-27 17:14:23,0.00000393,92160.00000000
2018-02-27 17:14:25,0.00000392,300.00000000
2018-02-27 17:14:25,0.00000393,5000.00000000
2018-02-27 17:14:27,0.00000393,72723.00000000
2018-02-27 17:14:28,0.00000392,24998.00000000
2018-02-27 17:14:49,0.00000392,7037.00000000
2018-02-27 17:14:50,0.00000392,21552.00000000
2018-02-27 17:14:56,0.00000393,95831.00000000
2018-02-27 17:15:03,0.00000393,277159.00000000
2018-02-27 17:15:07,0.00000393,2167.00000000
2018-02-27 17:15:08,0.00000393,7.00000000
2018-02-27 17:15:12,0.00000393,798.00000000
2018-02-27 17:15:15,0.00000392,98075.00000000
2018-02-27 17:15:18,0.00000393,50094.00000000
2018-02-27 17:15:21,0.00000393,10.00000000
2018-02-27 17:15:22,0.00000392,1124.00000000
2018-02-27 17:15:38,0.00000393,374.00000000
2018-02-27 17:15:39,0.00000392,287.00000000
2018-02-27 17:15:39,0.00000393,184218.00000000
2018-02-27 17:15:48,0.00000392,21339.00000000
2018-02-27 17:15:51,0.00000392,12722.00000000
2018-02-27 17:15:54,0.00000393,1.00000000
2018-02-27 17:15:54,0.00000393,5090.00000000
2018-02-27 17:15:59,0.00000393,8183.00000000
2018-02-27 17:16:00,0.00000392,104989.00000000
2018-02-27 17:16:00,0.00000393,722.00000000
2018-02-27 17:16:13,0.00000392,5229.00000000
2018-02-27 17:16:23,0.00000393,87293.00000000
2018-02-27 17:16:25,0.00000393,2183.00000000
2018-02-27 17:16:26,0.00000393,138219.00000000
2018-02-27 17:16:26,0.00000393,1000.00000000
2018-02-27 17:16:26,0.00000393,35104.00000000
2018-02-27 17:16:26,0.00000392,35104.00000000
2018-02-27 17:16:27,0.00000393,5488.00000000
2018-02-27 17:16:28,0.00000393,919.00000000
2018-02-27 17:16:29,0.00000392,142064.00000000
2018-02-27 17:16:37,0.00000393,54037.00000000
2018-02-27 17:16:39,0.00000393,720.00000000
2018-02-27 17:16:44,0.00000392,50003.00000000
2018-02-27 17:16:49,0.00000392,168285.00000000
2018-02-27 17:16:53,0.00000392,257.00000000
2018-02-27 17:16:55,0.00000392,48072.00000000
2018-02-27 17:16:57,0.00000392,3824.00000000
2018-02-27 17:16:57,0.00000393,296.00000000
2018-02-27 17:17:03,0.00000393,50571.00000000
2018-02-27 17:17:03,0.00000394,225770.00000000
2018-02-27 17:17:03,0.00000393,5758.00000000
2018-02-27 17:17:04,0.00000393,6804.00000000
2018-02-27 17:17:04,0.00000393,5758.00000000
2018-02-27 17:17:04,0.00000393,1680.00000000
2018-02-27 17:17:04,0.00000392,942.00000000
2018-02-27 17:17:04,0.00000393,5758.00000000
2018-02-27 17:17:04,0.00000393,5758.00000000
2018-02-27 17:17:04,0.00000393,5758.00000000
2018-02-27 17:17:04,0.00000393,5758.00000000
2018-02-27 17:17:04,0.00000393,2726.00000000
2018-02-27 17:17:04,0.00000393,3032.00000000
2018-02-27 17:17:12,0.00000393,1136.00000000
2018-02-27 17:17:12,0.00000393,256.00000000
2018-02-27 17:17:13,0.00000393,25000.00000000
2018-02-27 17:17:13,0.00000392,98354.00000000
2018-02-27 17:17:15,0.00000393,69566.00000000
2018-02-27 17:17:17,0.00000393,1000.00000000
2018-02-27 17:17:20,0.00000393,2.00000000
2018-02-27 17:17:22,0.00000393,1.00000000
2018-02-27 17:17:24,0.00000393,1.00000000
2018-02-27 17:17:24,0.00000393,10000.00000000
2018-02-27 17:17:25,0.00000393,2066.00000000
2018-02-27 17:17:25,0.00000393,1.00000000
2018-02-27 17:17:30,0.00000392,500.00000000
2018-02-27 17:17:32,0.00000393,12.00000000
2018-02-27 17:17:32,0.00000393,4270.00000000
2018-02-27 17:17:38,0.00000393,15484.00000000
2018-02-27 17:17:42,0.00000393,86101.00000000
2018-02-27 17:17:47,0.00000393,2425.00000000
2018-02-27 17:17:51,0.00000392,1197.00000000
2018-02-27 17:17:53,0.00000393,5037.00000000
2018-02-27 17:17:57,0.00000393,28.00000000
2018-02-27 17:18:04,0.00000393,3.00000000
2018-02-27 17:18:04,0.00000392,48106.00000000
2018-02-27 17:18:07,0.00000393,91428.00000000
2018-02-27 17:18:14,0.00000393,2000.00000000
2018-02-27 17:18:18,0.00000393,503.00000000
2018-02-27 17:18:19,0.00000392,6961.00000000
2018-02-27 17:18:20,0.00000392,45.00000000
2018-02-27 17:18:23,0.00000393,503.00000000
2018-02-27 17:18:26,0.00000393,451.00000000
2018-02-27 17:18:27,0.00000393,503.00000000
2018-02-27 17:18:30,0.00000393,503.00000000
2018-02-27 17:18:32,0.00000393,148202.00000000
2018-02-27 17:18:33,0.00000393,503.00000000
2018-02-27 17:18:36,0.00000393,503.00000000
2018-02-27 17:18:41,0.00000393,503.00000000
2018-02-27 17:18:45,0.00000392,5128.00000000
2018-02-27 17:18:48,0.00000393,503.00000000
2018-02-27 17:18:50,0.00000393,15953.00000000
2018-02-27 17:18:51,0.00000393,503.00000000
2018-02-27 17:18:53,0.00000393,1411.00000000
2018-02-27 17:18:54,0.00000393,503.00000000
2018-02-27 17:18:56,0.00000393,301.00000000
2018-02-27 17:18:57,0.00000393,72546.00000000
2018-02-27 17:18:59,0.00000393,502.00000000
2018-02-27 17:19:02,0.00000393,503.00000000
2018-02-27 17:19:02,0.00000393,11707.00000000
2018-02-27 17:19:04,0.00000393,503.00000000
2018-02-27 17:19:05,0.00000393,8828.00000000
2018-02-27 17:19:07,0.00000393,1000.00000000
2018-02-27 17:19:09,0.00000393,1000.00000000
2018-02-27 17:19:10,0.00000393,501.00000000
2018-02-27 17:19:14,0.00000393,24376.00000000
2018-02-27 17:19:17,0.00000393,140062.00000000
2018-02-27 17:19:19,0.00000393,503.00000000
2018-02-27 17:19:24,0.00000393,503.00000000
2018-02-27 17:19:29,0.00000393,503.00000000
2018-02-27 17:19:31,0.00000393,16421.00000000
2018-02-27 17:19:32,0.00000393,503.00000000
2018-02-27 17:19:34,0.00000393,398.00000000
2018-02-27 17:19:37,0.00000393,503.00000000
2018-02-27 17:19:38,0.00000393,144706.00000000
2018-02-27 17:19:41,0.00000393,503.00000000
2018-02-27 17:19:42,0.00000393,4.00000000
2018-02-27 17:19:44,0.00000393,503.00000000
2018-02-27 17:19:49,0.00000393,503.00000000
2018-02-27 17:19:54,0.00000392,60000.00000000
2018-02-27 17:19:54,0.00000393,503.00000000
2018-02-27 17:19:56,0.00000393,503.00000000
2018-02-27 17:20:01,0.00000393,503.00000000
2018-02-27 17:20:02,0.00000392,87831.00000000
2018-02-27 17:20:06,0.00000393,503.00000000
2018-02-27 17:20:07,0.00000392,176874.00000000
2018-02-27 17:20:08,0.00000393,502.00000000
2018-02-27 17:20:09,0.00000393,506.00000000
2018-02-27 17:20:11,0.00000393,503.00000000
2018-02-27 17:20:13,0.00000393,503.00000000
2018-02-27 17:20:16,0.00000393,503.00000000
2018-02-27 17:20:20,0.00000393,503.00000000
2018-02-27 17:20:29,0.00000393,10104.00000000
2018-02-27 17:20:31,0.00000393,104202.00000000
2018-02-27 17:20:33,0.00000393,1192.00000000
2018-02-27 17:20:33,0.00000393,175161.00000000
2018-02-27 17:20:35,0.00000394,501.00000000
2018-02-27 17:20:42,0.00000393,40000.00000000
2018-02-27 17:20:45,0.00000393,25445.00000000
2018-02-27 17:20:45,0.00000393,69514.00000000
2018-02-27 17:20:55,0.00000393,3297.00000000
2018-02-27 17:21:01,0.00000394,169234.00000000
2018-02-27 17:21:02,0.00000393,950.00000000
2018-02-27 17:21:16,0.00000394,19919.00000000
2018-02-27 17:21:24,0.00000394,27127.00000000
2018-02-27 17:21:27,0.00000394,148760.00000000
2018-02-27 17:21:28,0.00000393,1080.00000000
2018-02-27 17:21:38,0.00000393,3188.00000000
2018-02-27 17:21:54,0.00000393,15468.00000000
2018-02-27 17:21:59,0.00000393,72486.00000000
2018-02-27 17:22:00,0.00000393,104159.00000000
2018-02-27 17:22:12,0.00000393,735.00000000
2018-02-27 17:22:21,0.00000393,129428.00000000
2018-02-27 17:22:21,0.00000393,145432.00000000
2018-02-27 17:22:25,0.00000393,86535.00000000
2018-02-27 17:22:25,0.00000394,7500.00000000
2018-02-27 17:22:35,0.00000393,750.00000000
2018-02-27 17:22:38,0.00000394,200.00000000
2018-02-27 17:22:43,0.00000394,50.00000000
2018-02-27 17:22:43,0.00000394,816.00000000
2018-02-27 17:22:45,0.00000393,190276.00000000
2018-02-27 17:22:54,0.00000393,23413.00000000
2018-02-27 17:23:03,0.00000393,2016.00000000
2018-02-27 17:23:06,0.00000393,836.00000000
2018-02-27 17:23:08,0.00000394,129000.00000000
2018-02-27 17:23:08,0.00000393,39321.00000000
2018-02-27 17:23:10,0.00000394,116.00000000
2018-02-27 17:23:11,0.00000394,192.00000000
2018-02-27 17:23:12,0.00000393,499.00000000
2018-02-27 17:23:14,0.00000394,116673.00000000
2018-02-27 17:23:19,0.00000394,25118.00000000
2018-02-27 17:23:21,0.00000394,1893.00000000
2018-02-27 17:23:30,0.00000393,717.00000000
2018-02-27 17:23:37,0.00000393,159900.00000000
2018-02-27 17:23:37,0.00000393,182944.00000000
2018-02-27 17:23:39,0.00000394,2000.00000000
2018-02-27 17:23:46,0.00000394,67091.00000000
2018-02-27 17:23:58,0.00000393,10000.00000000
2018-02-27 17:24:07,0.00000393,2544.00000000
2018-02-27 17:24:09,0.00000393,197018.00000000
2018-02-27 17:24:18,0.00000393,4414.00000000
2018-02-27 17:24:26,0.00000394,76058.00000000
2018-02-27 17:24:29,0.00000394,19634.00000000
2018-02-27 17:24:32,0.00000394,131626.00000000
2018-02-27 17:24:33,0.00000394,2538.00000000
2018-02-27 17:24:37,0.00000393,4000.00000000
2018-02-27 17:24:52,0.00000393,161055.00000000
2018-02-27 17:24:55,0.00000393,500.00000000
2018-02-27 17:24:56,0.00000393,22667.00000000
2018-02-27 17:25:01,0.00000393,6119.00000000
2018-02-27 17:25:01,0.00000393,28001.00000000
2018-02-27 17:25:05,0.00000393,28827.00000000
2018-02-27 17:25:07,0.00000393,503.00000000
2018-02-27 17:25:08,0.00000392,75519.00000000
2018-02-27 17:25:12,0.00000393,503.00000000
2018-02-27 17:25:13,0.00000393,1000.00000000
2018-02-27 17:25:15,0.00000393,254.00000000
2018-02-27 17:25:15,0.00000393,503.00000000
2018-02-27 17:25:16,0.00000392,70072.00000000
2018-02-27 17:25:16,0.00000393,904.00000000
2018-02-27 17:25:18,0.00000392,35.00000000
2018-02-27 17:25:18,0.00000393,503.00000000
2018-02-27 17:25:21,0.00000393,503.00000000
2018-02-27 17:25:23,0.00000393,503.00000000
2018-02-27 17:25:26,0.00000393,503.00000000
2018-02-27 17:25:28,0.00000392,3816.00000000
2018-02-27 17:25:29,0.00000393,256.00000000
2018-02-27 17:25:29,0.00000393,503.00000000
2018-02-27 17:25:31,0.00000393,256.00000000
2018-02-27 17:25:32,0.00000393,503.00000000
2018-02-27 17:25:34,0.00000393,503.00000000
2018-02-27 17:25:40,0.00000393,503.00000000
2018-02-27 17:25:44,0.00000393,502.00000000
2018-02-27 17:25:46,0.00000392,133380.00000000
2018-02-27 17:25:47,0.00000393,503.00000000
2018-02-27 17:25:50,0.00000393,503.00000000
2018-02-27 17:25:58,0.00000393,2046.00000000
2018-02-27 17:26:00,0.00000393,18730.00000000
2018-02-27 17:26:00,0.00000393,38738.00000000
2018-02-27 17:26:08,0.00000393,479.00000000
2018-02-27 17:26:08,0.00000392,115628.00000000
2018-02-27 17:26:12,0.00000393,48700.00000000
2018-02-27 17:26:17,0.00000393,1153.00000000
2018-02-27 17:26:23,0.00000393,39053.00000000
2018-02-27 17:26:29,0.00000393,120769.00000000
2018-02-27 17:26:29,0.00000392,1067.00000000
2018-02-27 17:26:34,0.00000393,10.00000000
2018-02-27 17:26:53,0.00000392,145432.00000000
2018-02-27 17:26:53,0.00000392,179126.00000000
2018-02-27 17:26:57,0.00000393,1390.00000000
2018-02-27 17:26:58,0.00000393,1332.00000000
2018-02-27 17:26:59,0.00000392,1000.00000000
2018-02-27 17:27:06,0.00000392,21059.00000000
2018-02-27 17:27:16,0.00000393,101771.00000000
2018-02-27 17:27:19,0.00000392,17344.00000000
2018-02-27 17:27:24,0.00000393,19598.00000000
2018-02-27 17:27:32,0.00000392,145.00000000
2018-02-27 17:27:36,0.00000393,2628.00000000
2018-02-27 17:27:37,0.00000393,115563.00000000
2018-02-27 17:27:40,0.00000393,11733.00000000
2018-02-27 17:27:52,0.00000393,17377.00000000
2018-02-27 17:27:53,0.00000393,708.00000000
2018-02-27 17:27:58,0.00000393,5118.00000000
2018-02-27 17:28:00,0.00000393,106513.00000000
2018-02-27 17:28:05,0.00000393,452.00000000
2018-02-27 17:28:06,0.00000392,2500.00000000
2018-02-27 17:28:21,0.00000393,10000.00000000
2018-02-27 17:28:22,0.00000393,6.00000000
2018-02-27 17:28:22,0.00000392,136035.00000000
2018-02-27 17:28:27,0.00000393,49292.00000000
2018-02-27 17:28:32,0.00000393,990.00000000
2018-02-27 17:28:33,0.00000393,227832.00000000
2018-02-27 17:28:33,0.00000393,27132.00000000
2018-02-27 17:28:34,0.00000393,25445.00000000
2018-02-27 17:28:42,0.00000393,21115.00000000
2018-02-27 17:28:43,0.00000393,22301.00000000
2018-02-27 17:28:48,0.00000393,158031.00000000
2018-02-27 17:28:49,0.00000393,104263.00000000
2018-02-27 17:28:59,0.00000393,268.00000000
2018-02-27 17:29:08,0.00000393,510.00000000
2018-02-27 17:29:13,0.00000393,4645.00000000
2018-02-27 17:29:14,0.00000393,193787.00000000
2018-02-27 17:29:15,0.00000393,327687.00000000
2018-02-27 17:29:16,0.00000393,24461.00000000
2018-02-27 17:29:19,0.00000393,5495.00000000
2018-02-27 17:29:21,0.00000393,5000.00000000
2018-02-27 17:29:27,0.00000393,38901.00000000
2018-02-27 17:29:27,0.00000392,2101.00000000
2018-02-27 17:29:30,0.00000393,503.00000000
2018-02-27 17:29:34,0.00000393,4554.00000000
2018-02-27 17:29:37,0.00000392,2544.00000000
2018-02-27 17:29:37,0.00000393,503.00000000
2018-02-27 17:29:38,0.00000392,15.00000000
2018-02-27 17:29:40,0.00000393,503.00000000
2018-02-27 17:29:41,0.00000393,374.00000000
2018-02-27 17:29:41,0.00000393,1.00000000
2018-02-27 17:29:41,0.00000393,22390.00000000
2018-02-27 17:29:42,0.00000393,1.00000000
2018-02-27 17:29:44,0.00000393,2388.00000000
2018-02-27 17:29:44,0.00000393,503.00000000
2018-02-27 17:29:46,0.00000392,76995.00000000
2018-02-27 17:29:48,0.00000393,40000.00000000
2018-02-27 17:29:52,0.00000393,503.00000000
2018-02-27 17:29:55,0.00000393,503.00000000
2018-02-27 17:29:56,0.00000393,1270.00000000
2018-02-27 17:30:01,0.00000393,503.00000000
2018-02-27 17:30:02,0.00000393,1500.00000000
2018-02-27 17:30:04,0.00000393,503.00000000
2018-02-27 17:30:06,0.00000393,3555.00000000
2018-02-27 17:30:09,0.00000392,151604.00000000
2018-02-27 17:30:11,0.00000393,2093.00000000
2018-02-27 17:30:12,0.00000393,501.00000000
2018-02-27 17:30:14,0.00000393,5979.00000000
2018-02-27 17:30:16,0.00000393,3211.00000000
2018-02-27 17:30:17,0.00000393,16525.00000000
2018-02-27 17:30:24,0.00000393,1005.00000000
2018-02-27 17:30:28,0.00000393,503.00000000
2018-02-27 17:30:32,0.00000392,119428.00000000
2018-02-27 17:30:38,0.00000393,100.00000000
2018-02-27 17:30:44,0.00000392,3563.00000000
2018-02-27 17:30:46,0.00000393,3323.00000000
2018-02-27 17:30:47,0.00000392,1188.00000000
2018-02-27 17:31:00,0.00000393,5100.00000000
2018-02-27 17:31:00,0.00000392,199997.00000000
2018-02-27 17:31:01,0.00000392,10500.00000000
2018-02-27 17:31:03,0.00000393,2901.00000000
2018-02-27 17:31:04,0.00000392,910.00000000
2018-02-27 17:31:05,0.00000392,500.00000000
2018-02-27 17:31:06,0.00000393,2959.00000000
2018-02-27 17:31:09,0.00000392,1328.00000000
2018-02-27 17:31:09,0.00000393,2.00000000
2018-02-27 17:31:17,0.00000393,500.00000000
2018-02-27 17:31:31,0.00000393,124094.00000000
2018-02-27 17:31:32,0.00000392,2000.00000000
2018-02-27 17:31:33,0.00000393,11679.00000000
2018-02-27 17:31:39,0.00000393,51698.00000000
2018-02-27 17:31:39,0.00000393,48202.00000000
2018-02-27 17:31:39,0.00000393,6.00000000
2018-02-27 17:31:39,0.00000392,15669.00000000
2018-02-27 17:31:41,0.00000393,236431.00000000
2018-02-27 17:31:42,0.00000394,196.00000000
2018-02-27 17:31:44,0.00000394,65.00000000
2018-02-27 17:31:45,0.00000392,17645.00000000
2018-02-27 17:31:47,0.00000394,306874.00000000
2018-02-27 17:31:47,0.00000393,15185.00000000
2018-02-27 17:31:48,0.00000393,2000.00000000
2018-02-27 17:31:49,0.00000393,1000.00000000
2018-02-27 17:31:50,0.00000394,257.00000000
2018-02-27 17:31:53,0.00000393,3665.00000000
2018-02-27 17:31:55,0.00000393,1300.00000000
2018-02-27 17:31:55,0.00000393,2888.00000000
2018-02-27 17:32:01,0.00000393,121397.00000000
2018-02-27 17:32:05,0.00000393,12060.00000000
2018-02-27 17:32:07,0.00000393,2311.00000000
2018-02-27 17:32:07,0.00000393,4000.00000000
2018-02-27 17:32:14,0.00000393,5089.00000000
2018-02-27 17:32:18,0.00000393,10000.00000000
2018-02-27 17:32:23,0.00000393,25458.00000000
2018-02-27 17:32:27,0.00000393,30935.00000000
2018-02-27 17:32:30,0.00000392,125385.00000000
2018-02-27 17:32:30,0.00000393,227.00000000
2018-02-27 17:32:35,0.00000392,1019.00000000
2018-02-27 17:32:35,0.00000393,31061.00000000
2018-02-27 17:32:46,0.00000393,7159.00000000
2018-02-27 17:32:46,0.00000393,46591.00000000
2018-02-27 17:32:53,0.00000393,159.00000000
2018-02-27 17:32:54,0.00000393,36349.00000000
2018-02-27 17:32:56,0.00000393,59420.00000000
2018-02-27 17:32:56,0.00000393,20245.00000000
2018-02-27 17:33:03,0.00000393,1700.00000000
2018-02-27 17:33:04,0.00000393,25445.00000000
2018-02-27 17:33:04,0.00000393,103686.00000000
2018-02-27 17:33:08,0.00000393,61460.00000000
2018-02-27 17:33:08,0.00000393,12155.00000000
2018-02-27 17:33:08,0.00000393,311086.00000000
2018-02-27 17:33:09,0.00000394,737106.00000000
2018-02-27 17:33:20,0.00000393,20000.00000000
2018-02-27 17:33:29,0.00000393,23000.00000000
2018-02-27 17:33:33,0.00000393,149543.00000000
2018-02-27 17:33:37,0.00000393,16859.00000000
2018-02-27 17:33:40,0.00000393,79039.00000000
2018-02-27 17:33:41,0.00000394,293.00000000
2018-02-27 17:33:42,0.00000393,4995.00000000
2018-02-27 17:33:46,0.00000394,5000.00000000
2018-02-27 17:33:53,0.00000393,12417.00000000
2018-02-27 17:33:53,0.00000392,7583.00000000
2018-02-27 17:33:55,0.00000393,503.00000000
2018-02-27 17:33:58,0.00000392,4095.00000000
2018-02-27 17:34:02,0.00000392,194155.00000000
2018-02-27 17:34:03,0.00000393,497.00000000
2018-02-27 17:34:03,0.00000394,6383.00000000
2018-02-27 17:34:07,0.00000393,3570.00000000
2018-02-27 17:34:08,0.00000393,503.00000000
2018-02-27 17:34:10,0.00000393,503.00000000
2018-02-27 17:34:14,0.00000393,503.00000000
2018-02-27 17:34:15,0.00000393,2603.00000000
2018-02-27 17:34:15,0.00000393,9.00000000
2018-02-27 17:34:16,0.00000392,2201.00000000
2018-02-27 17:34:18,0.00000393,503.00000000
2018-02-27 17:34:19,0.00000393,15.00000000
2018-02-27 17:34:22,0.00000393,503.00000000
2018-02-27 17:34:23,0.00000393,1544.00000000
2018-02-27 17:34:24,0.00000392,8175.00000000
2018-02-27 17:34:27,0.00000393,502.00000000
2018-02-27 17:34:29,0.00000393,3944.00000000
2018-02-27 17:34:30,0.00000393,503.00000000
2018-02-27 17:34:30,0.00000392,67847.00000000
2018-02-27 17:34:32,0.00000393,503.00000000
2018-02-27 17:34:33,0.00000393,2500.00000000
2018-02-27 17:34:34,0.00000393,503.00000000
2018-02-27 17:34:36,0.00000392,911.00000000
2018-02-27 17:34:36,0.00000393,2600.00000000
2018-02-27 17:34:37,0.00000393,503.00000000
2018-02-27 17:34:39,0.00000393,503.00000000
2018-02-27 17:34:41,0.00000393,1299.00000000
2018-02-27 17:34:42,0.00000394,503.00000000
2018-02-27 17:34:44,0.00000394,14311.00000000
2018-02-27 17:34:49,0.00000393,736.00000000
2018-02-27 17:34:51,0.00000393,6037.00000000
2018-02-27 17:34:51,0.00000393,140073.00000000
2018-02-27 17:34:53,0.00000394,8774.00000000
2018-02-27 17:35:02,0.00000394,22499.00000000
2018-02-27 17:35:04,0.00000394,910.00000000
2018-02-27 17:35:06,0.00000394,10162.00000000
2018-02-27 17:35:07,0.00000394,64723.00000000
2018-02-27 17:35:11,0.00000393,1510.00000000
2018-02-27 17:35:17,0.00000393,1864.00000000
2018-02-27 17:35:17,0.00000394,127488.00000000
2018-02-27 17:35:20,0.00000394,9278.00000000
2018-02-27 17:35:30,0.00000394,3783.00000000
2018-02-27 17:35:32,0.00000394,3274.00000000
2018-02-27 17:35:32,0.00000393,4042.00000000
2018-02-27 17:35:34,0.00000394,110642.00000000
2018-02-27 17:35:50,0.00000394,1282.00000000
2018-02-27 17:35:59,0.00000393,182096.00000000
2018-02-27 17:36:17,0.00000394,33.00000000
2018-02-27 17:36:18,0.00000394,2386.00000000
2018-02-27 17:36:21,0.00000393,708.00000000
2018-02-27 17:36:21,0.00000393,194398.00000000
2018-02-27 17:36:22,0.00000393,1055.00000000
2018-02-27 17:36:30,0.00000393,2497.00000000
2018-02-27 17:36:31,0.00000394,2000.00000000
2018-02-27 17:36:39,0.00000394,38238.00000000
2018-02-27 17:36:40,0.00000393,725.00000000
2018-02-27 17:36:49,0.00000394,133883.00000000
2018-02-27 17:36:57,0.00000394,118.00000000
2018-02-27 17:36:58,0.00000393,36.00000000
2018-02-27 17:36:59,0.00000394,6106.00000000
2018-02-27 17:37:03,0.00000394,332.00000000
2018-02-27 17:37:09,0.00000394,3404.00000000
2018-02-27 17:37:09,0.00000393,1901.00000000
2018-02-27 17:37:16,0.00000393,113520.00000000
2018-02-27 17:37:28,0.00000394,200.00000000
2018-02-27 17:37:40,0.00000394,24000.00000000
2018-02-27 17:37:42,0.00000394,5000.00000000
2018-02-27 17:37:44,0.00000394,151578.00000000
2018-02-27 17:37:57,0.00000394,2.00000000
2018-02-27 17:38:05,0.00000394,3920.00000000
2018-02-27 17:38:08,0.00000393,24980.00000000
2018-02-27 17:38:10,0.00000394,105961.00000000
2018-02-27 17:38:18,0.00000394,4135.00000000
2018-02-27 17:38:19,0.00000393,3891.00000000
2018-02-27 17:38:27,0.00000394,740.00000000
2018-02-27 17:38:29,0.00000393,122336.00000000
2018-02-27 17:38:30,0.00000393,2693.00000000
2018-02-27 17:38:37,0.00000393,500.00000000
2018-02-27 17:38:42,0.00000393,643.00000000
2018-02-27 17:38:46,0.00000394,155506.00000000
2018-02-27 17:38:47,0.00000394,516.00000000
2018-02-27 17:38:51,0.00000393,1305.00000000
2018-02-27 17:39:03,0.00000394,325.00000000
2018-02-27 17:39:11,0.00000394,166448.00000000
2018-02-27 17:39:22,0.00000394,5575.00000000
2018-02-27 17:39:22,0.00000394,8143.00000000
2018-02-27 17:39:24,0.00000393,862.00000000
2018-02-27 17:39:29,0.00000393,56118.00000000
2018-02-27 17:39:29,0.00000393,1127.00000000
2018-02-27 17:39:32,0.00000394,162.00000000
2018-02-27 17:39:36,0.00000393,5108.00000000
2018-02-27 17:39:42,0.00000394,107281.00000000
2018-02-27 17:39:58,0.00000393,12996.00000000
2018-02-27 17:40:01,0.00000394,100.00000000
2018-02-27 17:40:05,0.00000393,134054.00000000
2018-02-27 17:40:09,0.00000393,7718.00000000
2018-02-27 17:40:25,0.00000393,4812.00000000
2018-02-27 17:40:29,0.00000393,2.00000000
2018-02-27 17:40:30,0.00000393,21589.00000000
2018-02-27 17:40:31,0.00000394,91335.00000000
2018-02-27 17:40:32,0.00000393,22010.00000000
2018-02-27 17:40:34,0.00000393,257.00000000
2018-02-27 17:40:35,0.00000394,3.00000000
2018-02-27 17:40:38,0.00000394,1000.00000000
2018-02-27 17:40:44,0.00000393,399.00000000
2018-02-27 17:40:46,0.00000393,25881.00000000
2018-02-27 17:40:52,0.00000394,8000.00000000
2018-02-27 17:40:52,0.00000394,2087.00000000
2018-02-27 17:40:53,0.00000393,22926.00000000
2018-02-27 17:40:57,0.00000394,139254.00000000
2018-02-27 17:41:13,0.00000394,2531.00000000
2018-02-27 17:41:19,0.00000394,2.00000000
2018-02-27 17:41:22,0.00000393,107341.00000000
2018-02-27 17:41:23,0.00000394,36615.00000000
2018-02-27 17:41:34,0.00000394,242.00000000
2018-02-27 17:41:34,0.00000393,4669.00000000
2018-02-27 17:41:35,0.00000394,4727.00000000
2018-02-27 17:41:48,0.00000394,1000.00000000
2018-02-27 17:41:48,0.00000393,158694.00000000
2018-02-27 17:41:54,0.00000394,1388.00000000
2018-02-27 17:41:56,0.00000393,1000.00000000
2018-02-27 17:42:03,0.00000393,6.00000000
2018-02-27 17:42:05,0.00000393,1000.00000000
2018-02-27 17:42:08,0.00000393,270.00000000
2018-02-27 17:42:11,0.00000394,27.00000000
2018-02-27 17:42:16,0.00000393,22615.00000000
2018-02-27 17:42:17,0.00000394,1342.00000000
2018-02-27 17:42:19,0.00000394,615.00000000
2018-02-27 17:42:19,0.00000393,121048.00000000
2018-02-27 17:42:29,0.00000394,5636.00000000
2018-02-27 17:42:33,0.00000394,5654.00000000
2018-02-27 17:42:36,0.00000393,913.00000000
2018-02-27 17:42:38,0.00000393,10000.00000000
2018-02-27 17:42:39,0.00000393,305954.00000000
2018-02-27 17:42:39,0.00000393,40992.00000000
2018-02-27 17:42:39,0.00000393,40998.00000000
2018-02-27 17:42:39,0.00000393,4602.00000000
2018-02-27 17:42:39,0.00000393,40992.00000000
2018-02-27 17:42:39,0.00000393,41069.00000000
2018-02-27 17:42:39,0.00000393,2592.00000000
2018-02-27 17:42:46,0.00000393,40998.00000000
2018-02-27 17:42:47,0.00000393,3403.00000000
2018-02-27 17:42:52,0.00000393,192271.00000000
2018-02-27 17:43:11,0.00000393,69139.00000000
2018-02-27 17:43:13,0.00000393,2764.00000000
2018-02-27 17:43:15,0.00000393,516.00000000
2018-02-27 17:43:20,0.00000393,257.00000000
2018-02-27 17:43:29,0.00000393,5000.00000000
2018-02-27 17:43:30,0.00000393,18639.00000000
2018-02-27 17:43:36,0.00000393,10000.00000000
2018-02-27 17:43:40,0.00000393,126340.00000000
2018-02-27 17:43:42,0.00000394,685.00000000
2018-02-27 17:43:46,0.00000393,400.00000000
2018-02-27 17:43:55,0.00000394,3.00000000
2018-02-27 17:43:55,0.00000393,38820.00000000
2018-02-27 17:43:56,0.00000393,6000.00000000
2018-02-27 17:43:58,0.00000393,503.00000000
2018-02-27 17:43:59,0.00000393,533.00000000
2018-02-27 17:44:01,0.00000392,160466.00000000
2018-02-27 17:44:01,0.00000393,503.00000000
2018-02-27 17:44:03,0.00000392,50.00000000
2018-02-27 17:44:07,0.00000393,52.00000000
2018-02-27 17:44:08,0.00000393,578.00000000
2018-02-27 17:44:08,0.00000393,503.00000000
2018-02-27 17:44:12,0.00000393,503.00000000
2018-02-27 17:44:15,0.00000393,503.00000000
2018-02-27 17:44:26,0.00000392,77554.00000000
2018-02-27 17:44:26,0.00000393,15337.00000000
2018-02-27 17:44:29,0.00000393,503.00000000
2018-02-27 17:44:30,0.00000393,1.00000000
2018-02-27 17:44:33,0.00000393,503.00000000
2018-02-27 17:44:35,0.00000393,503.00000000
2018-02-27 17:44:36,0.00000392,271989.00000000
2018-02-27 17:44:38,0.00000393,503.00000000
2018-02-27 17:44:40,0.00000393,502.00000000
2018-02-27 17:44:42,0.00000393,503.00000000
2018-02-27 17:44:45,0.00000393,503.00000000
2018-02-27 17:44:47,0.00000392,2542.00000000
2018-02-27 17:44:47,0.00000392,288.00000000
2018-02-27 17:44:47,0.00000393,240.00000000
2018-02-27 17:44:48,0.00000393,503.00000000
2018-02-27 17:44:50,0.00000392,186786.00000000
2018-02-27 17:44:53,0.00000393,503.00000000
2018-02-27 17:44:55,0.00000393,503.00000000
2018-02-27 17:44:58,0.00000393,503.00000000
2018-02-27 17:45:00,0.00000393,503.00000000
2018-02-27 17:45:03,0.00000393,503.00000000
2018-02-27 17:45:05,0.00000393,503.00000000
2018-02-27 17:45:07,0.00000393,503.00000000
2018-02-27 17:45:07,0.00000393,1.00000000
2018-02-27 17:45:10,0.00000393,503.00000000
2018-02-27 17:45:12,0.00000393,5472.00000000
2018-02-27 17:45:12,0.00000393,1145.00000000
2018-02-27 17:45:12,0.00000393,503.00000000
2018-02-27 17:45:16,0.00000393,503.00000000
2018-02-27 17:45:19,0.00000393,503.00000000
2018-02-27 17:45:22,0.00000392,9006.00000000
2018-02-27 17:45:22,0.00000392,157512.00000000
2018-02-27 17:45:23,0.00000393,501.00000000
2018-02-27 17:45:25,0.00000393,503.00000000
2018-02-27 17:45:27,0.00000392,23321.00000000
2018-02-27 17:45:30,0.00000392,1875.00000000
2018-02-27 17:45:33,0.00000393,5458.00000000
2018-02-27 17:45:36,0.00000392,600.00000000
2018-02-27 17:45:37,0.00000393,6200.00000000
2018-02-27 17:45:38,0.00000393,510.00000000
2018-02-27 17:45:41,0.00000393,295.00000000
2018-02-27 17:45:45,0.00000393,1000.00000000
2018-02-27 17:45:47,0.00000392,193550.00000000
2018-02-27 17:45:49,0.00000393,501.00000000
2018-02-27 17:45:53,0.00000393,503.00000000
2018-02-27 17:46:04,0.00000393,502.00000000
2018-02-27 17:46:11,0.00000392,195357.00000000
2018-02-27 17:46:16,0.00000393,21.00000000
2018-02-27 17:46:21,0.00000393,503.00000000
2018-02-27 17:46:24,0.00000393,740.00000000
2018-02-27 17:46:29,0.00000392,82624.00000000
2018-02-27 17:46:35,0.00000392,2674.00000000
2018-02-27 17:46:35,0.00000393,814.00000000
2018-02-27 17:46:35,0.00000392,404.00000000
2018-02-27 17:46:40,0.00000392,16.00000000
2018-02-27 17:46:46,0.00000392,2500.00000000
2018-02-27 17:46:46,0.00000393,503.00000000
2018-02-27 17:46:52,0.00000392,212.00000000
2018-02-27 17:46:53,0.00000392,126701.00000000
2018-02-27 17:46:54,0.00000393,781.00000000
2018-02-27 17:47:04,0.00000393,28095.00000000
2018-02-27 17:47:05,0.00000393,694.00000000
2018-02-27 17:47:10,0.00000393,502.00000000
2018-02-27 17:47:12,0.00000392,14727.00000000
2018-02-27 17:47:16,0.00000393,1480.00000000
2018-02-27 17:47:17,0.00000393,503.00000000
2018-02-27 17:47:17,0.00000393,126205.00000000
2018-02-27 17:47:18,0.00000393,1639.00000000
2018-02-27 17:47:21,0.00000393,4722.00000000
2018-02-27 17:47:22,0.00000393,6142.00000000
2018-02-27 17:47:23,0.00000393,503.00000000
2018-02-27 17:47:27,0.00000393,863.00000000
2018-02-27 17:47:28,0.00000393,503.00000000
2018-02-27 17:47:32,0.00000393,503.00000000
2018-02-27 17:47:34,0.00000393,14117.00000000
2018-02-27 17:47:35,0.00000393,503.00000000
2018-02-27 17:47:37,0.00000393,7.00000000
2018-02-27 17:47:38,0.00000393,1000.00000000
2018-02-27 17:47:38,0.00000393,4527.00000000
2018-02-27 17:47:40,0.00000393,35000.00000000
2018-02-27 17:47:41,0.00000393,503.00000000
2018-02-27 17:47:41,0.00000393,66808.00000000
2018-02-27 17:47:41,0.00000392,1930.00000000
2018-02-27 17:47:45,0.00000393,503.00000000
2018-02-27 17:47:47,0.00000393,503.00000000
2018-02-27 17:47:48,0.00000393,109.00000000
2018-02-27 17:47:51,0.00000393,503.00000000
2018-02-27 17:47:59,0.00000393,503.00000000
2018-02-27 17:47:59,0.00000392,56.00000000
2018-02-27 17:48:04,0.00000393,502.00000000
2018-02-27 17:48:04,0.00000392,79749.00000000
2018-02-27 17:48:08,0.00000393,503.00000000
2018-02-27 17:48:08,0.00000393,3046.00000000
2018-02-27 17:48:08,0.00000392,64658.00000000
2018-02-27 17:48:10,0.00000393,503.00000000
2018-02-27 17:48:12,0.00000393,503.00000000
2018-02-27 17:48:14,0.00000392,13674.00000000
2018-02-27 17:48:15,0.00000393,503.00000000
2018-02-27 17:48:16,0.00000392,867.00000000
2018-02-27 17:48:18,0.00000393,503.00000000
2018-02-27 17:48:19,0.00000392,3542.00000000
2018-02-27 17:48:19,0.00000393,600.00000000
2018-02-27 17:48:22,0.00000393,2383.00000000
2018-02-27 17:48:23,0.00000393,503.00000000
2018-02-27 17:48:25,0.00000393,602.00000000
2018-02-27 17:48:28,0.00000392,1082.00000000
2018-02-27 17:48:30,0.00000393,109517.00000000
2018-02-27 17:48:35,0.00000392,160404.00000000
2018-02-27 17:48:39,0.00000393,5839.00000000
2018-02-27 17:48:41,0.00000393,1927.00000000
2018-02-27 17:48:48,0.00000393,13326.00000000
2018-02-27 17:48:52,0.00000393,197332.00000000
2018-02-27 17:48:52,0.00000392,9007.00000000
2018-02-27 17:48:57,0.00000393,1272.00000000
2018-02-27 17:48:59,0.00000392,21589.00000000
2018-02-27 17:49:02,0.00000393,620.00000000
2018-02-27 17:49:04,0.00000393,16560.00000000
2018-02-27 17:49:04,0.00000393,8.00000000
2018-02-27 17:49:08,0.00000393,14299.00000000
2018-02-27 17:49:09,0.00000392,7108.00000000
2018-02-27 17:49:10,0.00000393,129382.00000000
2018-02-27 17:49:12,0.00000393,562.00000000
2018-02-27 17:49:16,0.00000392,6414.00000000
2018-02-27 17:49:24,0.00000393,501.00000000
2018-02-27 17:49:27,0.00000393,2000.00000000
2018-02-27 17:49:34,0.00000392,122338.00000000
2018-02-27 17:49:37,0.00000393,8.00000000
2018-02-27 17:49:38,0.00000393,1762.00000000
2018-02-27 17:49:40,0.00000393,40000.00000000
2018-02-27 17:49:48,0.00000393,38141.00000000
2018-02-27 17:49:54,0.00000393,10451.00000000
2018-02-27 17:49:56,0.00000393,7316.00000000
2018-02-27 17:49:59,0.00000392,152388.00000000
2018-02-27 17:50:06,0.00000393,503.00000000
2018-02-27 17:50:10,0.00000393,502.00000000
2018-02-27 17:50:16,0.00000393,503.00000000
2018-02-27 17:50:17,0.00000392,25000.00000000
2018-02-27 17:50:18,0.00000393,503.00000000
2018-02-27 17:50:21,0.00000393,503.00000000
2018-02-27 17:50:22,0.00000392,2601.00000000
2018-02-27 17:50:23,0.00000393,125037.00000000
2018-02-27 17:50:25,0.00000393,743.00000000
2018-02-27 17:50:26,0.00000393,503.00000000
2018-02-27 17:50:29,0.00000393,503.00000000
2018-02-27 17:50:32,0.00000393,503.00000000
2018-02-27 17:50:34,0.00000393,503.00000000
2018-02-27 17:50:35,0.00000393,5040.00000000
2018-02-27 17:50:40,0.00000392,2820.00000000
2018-02-27 17:50:41,0.00000392,1509.00000000
2018-02-27 17:50:46,0.00000393,503.00000000
2018-02-27 17:50:49,0.00000393,1942.00000000
2018-02-27 17:50:51,0.00000393,503.00000000
2018-02-27 17:50:51,0.00000392,92565.00000000
2018-02-27 17:50:52,0.00000392,15442.00000000
2018-02-27 17:50:54,0.00000393,502.00000000
2018-02-27 17:50:55,0.00000392,4116.00000000
2018-02-27 17:50:55,0.00000392,45.00000000
2018-02-27 17:50:58,0.00000393,91750.00000000
2018-02-27 17:50:58,0.00000394,12625.00000000
2018-02-27 17:50:59,0.00000393,345.00000000
2018-02-27 17:50:59,0.00000394,158.00000000
2018-02-27 17:50:59,0.00000393,3.00000000
2018-02-27 17:51:01,0.00000393,503.00000000
2018-02-27 17:51:01,0.00000393,522.00000000
2018-02-27 17:51:09,0.00000392,41584.00000000
2018-02-27 17:51:10,0.00000393,503.00000000
2018-02-27 17:51:14,0.00000393,2600.00000000
2018-02-27 17:51:15,0.00000393,503.00000000
2018-02-27 17:51:19,0.00000393,2507.00000000
2018-02-27 17:51:19,0.00000392,2991.00000000
2018-02-27 17:51:23,0.00000393,503.00000000
2018-02-27 17:51:24,0.00000393,9680.00000000
2018-02-27 17:51:25,0.00000392,181751.00000000
2018-02-27 17:51:27,0.00000393,1190.00000000
2018-02-27 17:51:28,0.00000393,2027.00000000
2018-02-27 17:51:28,0.00000393,503.00000000
2018-02-27 17:51:32,0.00000393,436.00000000
2018-02-27 17:51:33,0.00000393,503.00000000
2018-02-27 17:51:37,0.00000393,503.00000000
2018-02-27 17:51:40,0.00000393,19.00000000
2018-02-27 17:51:40,0.00000393,503.00000000
2018-02-27 17:51:43,0.00000393,3166.00000000
2018-02-27 17:51:44,0.00000393,503.00000000
2018-02-27 17:51:47,0.00000393,77967.00000000
2018-02-27 17:51:47,0.00000393,503.00000000
2018-02-27 17:51:50,0.00000393,503.00000000
2018-02-27 17:52:03,0.00000392,2800.00000000
2018-02-27 17:52:04,0.00000392,20493.00000000
2018-02-27 17:52:04,0.00000392,29582.00000000
2018-02-27 17:52:08,0.00000392,11667.00000000
2018-02-27 17:52:09,0.00000392,4436.00000000
2018-02-27 17:52:10,0.00000392,3375.00000000
2018-02-27 17:52:10,0.00000392,188004.00000000
2018-02-27 17:52:13,0.00000393,503.00000000
2018-02-27 17:52:14,0.00000393,37299.00000000
2018-02-27 17:52:17,0.00000393,503.00000000
2018-02-27 17:52:22,0.00000392,31213.00000000
2018-02-27 17:52:23,0.00000393,800.00000000
2018-02-27 17:52:29,0.00000393,2427.00000000
2018-02-27 17:52:33,0.00000392,24877.00000000
2018-02-27 17:52:37,0.00000393,128792.00000000
2018-02-27 17:52:39,0.00000392,1290.00000000
2018-02-27 17:52:46,0.00000393,1.00000000
2018-02-27 17:52:46,0.00000393,9.00000000
2018-02-27 17:52:48,0.00000393,1.00000000
2018-02-27 17:52:49,0.00000392,4800.00000000
2018-02-27 17:52:59,0.00000392,135347.00000000
2018-02-27 17:53:02,0.00000392,1900.00000000
2018-02-27 17:53:03,0.00000392,643.00000000
2018-02-27 17:53:05,0.00000392,4021.00000000
2018-02-27 17:53:07,0.00000393,78.00000000
2018-02-27 17:53:09,0.00000392,6633.00000000
2018-02-27 17:53:12,0.00000392,316.00000000
2018-02-27 17:53:16,0.00000392,257.00000000
2018-02-27 17:53:19,0.00000392,257.00000000
2018-02-27 17:53:19,0.00000393,15914.00000000
2018-02-27 17:53:22,0.00000392,257.00000000
2018-02-27 17:53:22,0.00000392,121116.00000000
2018-02-27 17:53:24,0.00000392,257.00000000
2018-02-27 17:53:26,0.00000393,2364.00000000
2018-02-27 17:53:27,0.00000392,257.00000000
2018-02-27 17:53:30,0.00000392,257.00000000
2018-02-27 17:53:32,0.00000392,257.00000000
2018-02-27 17:53:40,0.00000393,2351.00000000
2018-02-27 17:53:43,0.00000392,320.00000000
2018-02-27 17:53:46,0.00000393,82610.00000000
2018-02-27 17:53:47,0.00000392,1000.00000000
2018-02-27 17:53:48,0.00000392,10000.00000000
2018-02-27 17:53:58,0.00000392,1826.00000000
2018-02-27 17:54:01,0.00000392,507.00000000
2018-02-27 17:54:04,0.00000392,50000.00000000
2018-02-27 17:54:05,0.00000392,2129.00000000
2018-02-27 17:54:10,0.00000393,106130.00000000
2018-02-27 17:54:14,0.00000393,52.00000000
2018-02-27 17:54:17,0.00000393,502.00000000
2018-02-27 17:54:18,0.00000392,500.00000000
2018-02-27 17:54:20,0.00000393,503.00000000
2018-02-27 17:54:23,0.00000393,503.00000000
2018-02-27 17:54:29,0.00000393,503.00000000
2018-02-27 17:54:32,0.00000393,503.00000000
2018-02-27 17:54:34,0.00000393,2180.00000000
2018-02-27 17:54:35,0.00000392,40000.00000000
2018-02-27 17:54:36,0.00000392,143831.00000000
2018-02-27 17:54:42,0.00000393,247.00000000
2018-02-27 17:54:47,0.00000393,24574.00000000
2018-02-27 17:54:51,0.00000393,279.00000000
2018-02-27 17:54:51,0.00000392,120.00000000
2018-02-27 17:54:58,0.00000392,20768.00000000
2018-02-27 17:54:58,0.00000392,10000.00000000
2018-02-27 17:55:06,0.00000392,4284.00000000
2018-02-27 17:55:06,0.00000392,36512.00000000
2018-02-27 17:55:06,0.00000392,11484.00000000
2018-02-27 17:55:07,0.00000392,19405.00000000
2018-02-27 17:55:07,0.00000392,19434.00000000
2018-02-27 17:55:07,0.00000392,18270.00000000
2018-02-27 17:55:07,0.00000393,19434.00000000
2018-02-27 17:55:16,0.00000392,4219.00000000
2018-02-27 17:55:17,0.00000393,930.00000000
2018-02-27 17:55:20,0.00000392,6254.00000000
2018-02-27 17:55:21,0.00000392,3070.00000000
2018-02-27 17:55:22,0.00000392,14413.00000000
2018-02-27 17:55:23,0.00000392,5587.00000000
2018-02-27 17:55:23,0.00000391,29327.00000000
2018-02-27 17:55:26,0.00000393,258.00000000
2018-02-27 17:55:26,0.00000393,256.00000000
2018-02-27 17:55:30,0.00000392,22006.00000000
2018-02-27 17:55:31,0.00000392,60681.00000000
2018-02-27 17:55:34,0.00000393,44850.00000000
2018-02-27 17:55:46,0.00000392,2672.00000000
2018-02-27 17:55:46,0.00000391,465.00000000
2018-02-27 17:55:50,0.00000392,904.00000000
2018-02-27 17:55:57,0.00000392,1000.00000000
2018-02-27 17:56:03,0.00000392,91666.00000000
2018-02-27 17:56:04,0.00000392,22343.00000000
2018-02-27 17:56:20,0.00000392,2000.00000000
2018-02-27 17:56:21,0.00000393,5106.00000000
2018-02-27 17:56:25,0.00000393,143658.00000000
2018-02-27 17:56:28,0.00000393,18970.00000000
2018-02-27 17:56:28,0.00000392,1000.00000000
2018-02-27 17:56:29,0.00000392,247.00000000
2018-02-27 17:56:31,0.00000392,121.00000000
2018-02-27 17:56:36,0.00000392,33587.00000000
2018-02-27 17:56:39,0.00000392,16405.00000000
2018-02-27 17:56:42,0.00000392,4094.00000000
2018-02-27 17:56:42,0.00000392,142601.00000000
2018-02-27 17:56:45,0.00000393,300.00000000
2018-02-27 17:56:50,0.00000393,2500.00000000
2018-02-27 17:56:53,0.00000392,7.00000000
2018-02-27 17:56:54,0.00000392,10197.00000000
2018-02-27 17:56:55,0.00000393,1556.00000000
2018-02-27 17:56:59,0.00000393,6.00000000
2018-02-27 17:57:07,0.00000392,97758.00000000
2018-02-27 17:57:08,0.00000392,45220.00000000
2018-02-27 17:57:20,0.00000393,163522.00000000
2018-02-27 17:57:27,0.00000392,64730.00000000
2018-02-27 17:57:31,0.00000392,2856.00000000
2018-02-27 17:57:32,0.00000393,24208.00000000
2018-02-27 17:57:33,0.00000392,335.00000000
2018-02-27 17:57:33,0.00000393,1127.00000000
2018-02-27 17:57:36,0.00000392,113245.00000000
2018-02-27 17:57:38,0.00000392,1757.00000000
2018-02-27 17:57:38,0.00000392,14418.00000000
2018-02-27 17:58:03,0.00000393,500.00000000
2018-02-27 17:58:06,0.00000393,116135.00000000
2018-02-27 17:58:06,0.00000393,1018.00000000
2018-02-27 17:58:08,0.00000392,84797.00000000
2018-02-27 17:58:08,0.00000393,4000.00000000
2018-02-27 17:58:09,0.00000393,2335.00000000
2018-02-27 17:58:09,0.00000392,11.00000000
2018-02-27 17:58:16,0.00000392,300.00000000
2018-02-27 17:58:17,0.00000393,2800.00000000
2018-02-27 17:58:18,0.00000392,1927.00000000
2018-02-27 17:58:22,0.00000392,389212.00000000
2018-02-27 17:58:34,0.00000392,500.00000000
2018-02-27 17:58:35,0.00000392,37901.00000000
2018-02-27 17:58:36,0.00000392,125726.00000000
2018-02-27 17:58:41,0.00000393,18.00000000
2018-02-27 17:58:53,0.00000393,405.00000000
2018-02-27 17:58:53,0.00000393,5048.00000000
2018-02-27 17:58:56,0.00000392,500.00000000
2018-02-27 17:58:58,0.00000393,350.00000000
2018-02-27 17:59:00,0.00000393,528.00000000
2018-02-27 17:59:00,0.00000392,42825.00000000
2018-02-27 17:59:02,0.00000392,30703.00000000
2018-02-27 17:59:03,0.00000392,89108.00000000
2018-02-27 17:59:07,0.00000392,28865.00000000
2018-02-27 17:59:14,0.00000392,520.00000000
2018-02-27 17:59:17,0.00000392,7294.00000000
2018-02-27 17:59:23,0.00000393,330.00000000
2018-02-27 17:59:29,0.00000392,13249.00000000
2018-02-27 17:59:30,0.00000392,129087.00000000
2018-02-27 17:59:37,0.00000393,100.00000000
2018-02-27 17:59:40,0.00000392,529.00000000
2018-02-27 17:59:46,0.00000392,1000.00000000
2018-02-27 17:59:51,0.00000392,11709.00000000
2018-02-27 17:59:55,0.00000392,1060.00000000
2018-02-27 17:59:55,0.00000393,33.00000000
2018-02-27 17:59:57,0.00000392,93878.00000000
2018-02-27 17:59:58,0.00000392,10.00000000
