DATE,PRICE,VOLUME
2018-02-28 12:00:06,0.00000392,5980.00000000
2018-02-28 12:00:10,0.00000392,812.00000000
2018-02-28 12:00:12,0.00000392,5358.00000000
2018-02-28 12:00:21,0.00000392,7612.00000000
2018-02-28 12:00:23,0.00000392,141467.00000000
2018-02-28 12:00:30,0.00000391,1243.00000000
2018-02-28 12:00:31,0.00000392,18.00000000
2018-02-28 12:00:49,0.00000392,152976.00000000
2018-02-28 12:00:52,0.00000392,915.00000000
2018-02-28 12:00:59,0.00000392,20752.00000000
2018-02-28 12:01:04,0.00000392,297.00000000
2018-02-28 12:01:05,0.00000391,34596.00000000
2018-02-28 12:01:06,0.00000392,6473.00000000
2018-02-28 12:01:12,0.00000392,159564.00000000
2018-02-28 12:01:15,0.00000391,13315.00000000
2018-02-28 12:01:18,0.00000392,800.00000000
2018-02-28 12:01:25,0.00000392,2423.00000000
2018-02-28 12:01:28,0.00000391,4000.00000000
2018-02-28 12:01:28,0.00000392,6473.00000000
2018-02-28 12:01:44,0.00000391,168714.00000000
2018-02-28 12:01:50,0.00000391,5000.00000000
2018-02-28 12:02:17,0.00000391,119154.00000000
2018-02-28 12:02:22,0.00000391,136611.00000000
2018-02-28 12:02:22,0.00000392,5.00000000
2018-02-28 12:02:27,0.00000392,307.00000000
2018-02-28 12:02:27,0.00000392,9241.00000000
2018-02-28 12:02:40,0.00000392,167526.00000000
2018-02-28 12:02:45,0.00000392,13910.00000000
2018-02-28 12:02:52,0.00000392,3777.00000000
2018-02-28 12:02:52,0.00000392,1278.00000000
2018-02-28 12:02:58,0.00000393,2500.00000000
2018-02-28 12:02:59,0.00000393,3468.00000000
2018-02-28 12:03:00,0.00000392,20959.00000000
2018-02-28 12:03:03,0.00000392,10688.00000000
2018-02-28 12:03:04,0.00000392,67870.00000000
2018-02-28 12:03:04,0.00000392,50039.00000000
2018-02-28 12:03:05,0.00000392,10400.00000000
2018-02-28 12:03:05,0.00000392,67057.00000000
2018-02-28 12:03:09,0.00000392,1252.00000000
2018-02-28 12:03:12,0.00000392,9816.00000000
2018-02-28 12:03:19,0.00000392,110.00000000
2018-02-28 12:03:26,0.00000392,2500.00000000
2018-02-28 12:03:27,0.00000392,1275.00000000
2018-02-28 12:03:38,0.00000393,128297.00000000
2018-02-28 12:03:41,0.00000392,20000.00000000
2018-02-28 12:03:47,0.00000392,65780.00000000
2018-02-28 12:03:50,0.00000393,3887.00000000
2018-02-28 12:03:52,0.00000392,7785.00000000
2018-02-28 12:03:59,0.00000392,7504.00000000
2018-02-28 12:04:08,0.00000393,131531.00000000
2018-02-28 12:04:14,0.00000392,6527.00000000
2018-02-28 12:04:25,0.00000392,11272.00000000
2018-02-28 12:04:33,0.00000392,174498.00000000
2018-02-28 12:04:52,0.00000392,782.00000000
2018-02-28 12:04:53,0.00000392,10782.00000000
2018-02-28 12:04:57,0.00000392,11858.00000000
2018-02-28 12:04:57,0.00000392,159337.00000000
2018-02-28 12:05:01,0.00000392,2000.00000000
2018-02-28 12:05:02,0.00000392,186547.00000000
2018-02-28 12:05:03,0.00000392,314922.00000000
2018-02-28 12:05:04,0.00000392,50000.00000000
2018-02-28 12:05:05,0.00000391,2496.00000000
2018-02-28 12:05:06,0.00000392,646194.00000000
2018-02-28 12:05:15,0.00000392,30659.00000000
2018-02-28 12:05:17,0.00000393,1200.00000000
2018-02-28 12:05:19,0.00000392,19341.00000000
2018-02-28 12:05:22,0.00000392,2171.00000000
2018-02-28 12:05:26,0.00000391,25441.00000000
2018-02-28 12:05:33,0.00000392,330189.00000000
2018-02-28 12:05:35,0.00000393,2646.00000000
2018-02-28 12:05:35,0.00000391,1000.00000000
2018-02-28 12:05:50,0.00000392,17588.00000000
2018-02-28 12:06:01,0.00000392,169361.00000000
2018-02-28 12:06:02,0.00000391,1297.00000000
2018-02-28 12:06:04,0.00000392,120100.00000000
2018-02-28 12:06:04,0.00000392,1000.00000000
2018-02-28 12:06:10,0.00000392,479.00000000
2018-02-28 12:06:32,0.00000392,166673.00000000
2018-02-28 12:06:34,0.00000392,15241.00000000
2018-02-28 12:06:37,0.00000392,1470.00000000
2018-02-28 12:06:47,0.00000392,1276.00000000
2018-02-28 12:06:51,0.00000392,30605.00000000
2018-02-28 12:07:01,0.00000392,152582.00000000
2018-02-28 12:07:08,0.00000392,7118.00000000
2018-02-28 12:07:22,0.00000391,10.00000000
2018-02-28 12:07:23,0.00000391,24861.00000000
2018-02-28 12:07:25,0.00000391,122617.00000000
2018-02-28 12:07:27,0.00000392,2551.00000000
2018-02-28 12:07:35,0.00000391,20.00000000
2018-02-28 12:07:37,0.00000392,14277.00000000
2018-02-28 12:07:39,0.00000392,16.00000000
2018-02-28 12:07:42,0.00000392,951.00000000
2018-02-28 12:07:47,0.00000392,117436.00000000
2018-02-28 12:07:51,0.00000391,550.00000000
2018-02-28 12:07:52,0.00000392,300.00000000
2018-02-28 12:07:52,0.00000391,3009.00000000
2018-02-28 12:07:58,0.00000392,348876.00000000
2018-02-28 12:08:07,0.00000392,9997.00000000
2018-02-28 12:08:14,0.00000392,352.00000000
2018-02-28 12:08:20,0.00000392,105788.00000000
2018-02-28 12:08:23,0.00000392,7998.00000000
2018-02-28 12:08:24,0.00000392,409.00000000
2018-02-28 12:08:25,0.00000392,33000.00000000
2018-02-28 12:08:34,0.00000392,11376.00000000
2018-02-28 12:08:35,0.00000392,13774.00000000
2018-02-28 12:08:37,0.00000392,5274.00000000
2018-02-28 12:08:41,0.00000392,16457.00000000
2018-02-28 12:08:42,0.00000393,8.00000000
2018-02-28 12:08:43,0.00000393,162691.00000000
2018-02-28 12:08:44,0.00000392,261.00000000
2018-02-28 12:08:45,0.00000392,3947.00000000
2018-02-28 12:08:54,0.00000393,101210.00000000
2018-02-28 12:09:01,0.00000392,533.00000000
2018-02-28 12:09:03,0.00000392,1.00000000
2018-02-28 12:09:11,0.00000392,49010.00000000
2018-02-28 12:09:12,0.00000392,16882.00000000
2018-02-28 12:09:12,0.00000392,131949.00000000
2018-02-28 12:09:12,0.00000392,5653.00000000
2018-02-28 12:09:19,0.00000392,60875.00000000
2018-02-28 12:09:21,0.00000392,12755.00000000
2018-02-28 12:09:22,0.00000392,1878.00000000
2018-02-28 12:09:22,0.00000392,12755.00000000
2018-02-28 12:09:22,0.00000392,737.00000000
2018-02-28 12:09:23,0.00000392,3063.00000000
2018-02-28 12:09:23,0.00000392,6002.00000000
2018-02-28 12:09:25,0.00000392,20000.00000000
2018-02-28 12:09:25,0.00000392,612024.00000000
2018-02-28 12:09:42,0.00000393,25510.00000000
2018-02-28 12:09:42,0.00000393,27380.00000000
2018-02-28 12:09:43,0.00000393,1039.00000000
2018-02-28 12:09:43,0.00000393,1039.00000000
2018-02-28 12:09:44,0.00000393,7692.00000000
2018-02-28 12:09:45,0.00000393,7442.00000000
2018-02-28 12:09:46,0.00000393,199186.00000000
2018-02-28 12:09:46,0.00000392,1900.00000000
2018-02-28 12:09:47,0.00000392,258.00000000
2018-02-28 12:09:49,0.00000393,10478.00000000
2018-02-28 12:09:50,0.00000393,89138.00000000
2018-02-28 12:09:52,0.00000393,2014.00000000
2018-02-28 12:09:54,0.00000392,19214.00000000
2018-02-28 12:09:59,0.00000393,9043.00000000
2018-02-28 12:10:00,0.00000393,4405.00000000
2018-02-28 12:10:02,0.00000393,25510.00000000
2018-02-28 12:10:02,0.00000393,332.00000000
2018-02-28 12:10:02,0.00000393,5527.00000000
2018-02-28 12:10:03,0.00000393,10200.00000000
2018-02-28 12:10:09,0.00000392,16230.00000000
2018-02-28 12:10:11,0.00000393,212672.00000000
2018-02-28 12:10:17,0.00000392,5456.00000000
2018-02-28 12:10:29,0.00000392,144967.00000000
2018-02-28 12:10:37,0.00000392,18303.00000000
2018-02-28 12:10:40,0.00000392,191896.00000000
2018-02-28 12:10:41,0.00000392,6950.00000000
2018-02-28 12:10:48,0.00000392,2000.00000000
2018-02-28 12:10:50,0.00000392,1000.00000000
2018-02-28 12:10:58,0.00000392,84630.00000000
2018-02-28 12:10:58,0.00000392,27155.00000000
2018-02-28 12:10:58,0.00000392,10862.00000000
2018-02-28 12:10:58,0.00000393,4620.00000000
2018-02-28 12:11:04,0.00000393,442.00000000
2018-02-28 12:11:06,0.00000393,12827.00000000
2018-02-28 12:11:12,0.00000393,511.00000000
2018-02-28 12:11:16,0.00000392,20837.00000000
2018-02-28 12:11:16,0.00000392,4648.00000000
2018-02-28 12:11:16,0.00000392,118102.00000000
2018-02-28 12:11:21,0.00000392,30632.00000000
2018-02-28 12:11:31,0.00000392,812.00000000
2018-02-28 12:11:34,0.00000392,14070.00000000
2018-02-28 12:11:35,0.00000392,2416.00000000
2018-02-28 12:11:35,0.00000392,138416.00000000
2018-02-28 12:11:36,0.00000392,7319.00000000
2018-02-28 12:11:45,0.00000393,3750.00000000
2018-02-28 12:11:47,0.00000392,389006.00000000
2018-02-28 12:11:50,0.00000393,2243.00000000
2018-02-28 12:11:53,0.00000391,297.00000000
2018-02-28 12:11:54,0.00000391,297.00000000
2018-02-28 12:11:54,0.00000391,297.00000000
2018-02-28 12:11:55,0.00000391,297.00000000
2018-02-28 12:11:55,0.00000392,403620.00000000
2018-02-28 12:12:20,0.00000392,21262.00000000
2018-02-28 12:12:20,0.00000392,1000.00000000
2018-02-28 12:12:20,0.00000392,3555.00000000
2018-02-28 12:12:20,0.00000392,110427.00000000
2018-02-28 12:12:21,0.00000392,684.00000000
2018-02-28 12:12:25,0.00000393,1000.00000000
2018-02-28 12:12:29,0.00000392,746.00000000
2018-02-28 12:12:32,0.00000392,500.00000000
2018-02-28 12:12:35,0.00000392,635.00000000
2018-02-28 12:12:41,0.00000393,6089.00000000
2018-02-28 12:12:46,0.00000393,136274.00000000
2018-02-28 12:13:04,0.00000392,2635.00000000
2018-02-28 12:13:13,0.00000392,126537.00000000
2018-02-28 12:13:15,0.00000392,8179.00000000
2018-02-28 12:13:18,0.00000393,2.00000000
2018-02-28 12:13:24,0.00000392,174473.00000000
2018-02-28 12:13:25,0.00000392,25575.00000000
2018-02-28 12:13:25,0.00000392,50148.00000000
2018-02-28 12:13:26,0.00000392,2792.00000000
2018-02-28 12:13:26,0.00000392,437.00000000
2018-02-28 12:13:26,0.00000392,10145.00000000
2018-02-28 12:13:27,0.00000392,8128.00000000
2018-02-28 12:13:28,0.00000392,2792.00000000
2018-02-28 12:13:28,0.00000392,437.00000000
2018-02-28 12:13:29,0.00000392,3891.00000000
2018-02-28 12:13:33,0.00000392,416.00000000
2018-02-28 12:13:34,0.00000392,14542.00000000
2018-02-28 12:13:38,0.00000392,2129.00000000
2018-02-28 12:13:38,0.00000392,299024.00000000
2018-02-28 12:14:02,0.00000393,184718.00000000
2018-02-28 12:14:12,0.00000393,260.00000000
2018-02-28 12:14:13,0.00000393,49945.00000000
2018-02-28 12:14:15,0.00000392,4617.00000000
2018-02-28 12:14:25,0.00000392,173508.00000000
2018-02-28 12:14:26,0.00000392,501.00000000
2018-02-28 12:14:37,0.00000392,172.00000000
2018-02-28 12:14:40,0.00000392,4788.00000000
2018-02-28 12:14:43,0.00000392,89318.00000000
2018-02-28 12:14:43,0.00000392,4598.00000000
2018-02-28 12:14:43,0.00000392,2544.00000000
2018-02-28 12:14:44,0.00000392,646.00000000
2018-02-28 12:14:44,0.00000392,11839.00000000
2018-02-28 12:14:44,0.00000392,80424.00000000
2018-02-28 12:14:52,0.00000393,9130.00000000
2018-02-28 12:14:52,0.00000392,10410.00000000
2018-02-28 12:14:56,0.00000392,3945.00000000
2018-02-28 12:15:03,0.00000392,124813.00000000
2018-02-28 12:15:03,0.00000391,946678.00000000
2018-02-28 12:15:04,0.00000392,4350.00000000
2018-02-28 12:15:04,0.00000392,620.00000000
2018-02-28 12:15:04,0.00000392,2140.00000000
2018-02-28 12:15:04,0.00000392,8071.00000000
2018-02-28 12:15:05,0.00000392,11978.00000000
2018-02-28 12:15:05,0.00000392,9555.00000000
2018-02-28 12:15:06,0.00000393,4259.00000000
2018-02-28 12:15:11,0.00000392,2592.00000000
2018-02-28 12:15:11,0.00000392,495068.00000000
2018-02-28 12:15:12,0.00000392,2592.00000000
2018-02-28 12:15:13,0.00000392,3814.00000000
2018-02-28 12:15:14,0.00000392,10900.00000000
2018-02-28 12:15:15,0.00000392,417.00000000
2018-02-28 12:15:15,0.00000392,6715.00000000
2018-02-28 12:15:37,0.00000392,415046.00000000
2018-02-28 12:15:40,0.00000392,10634.00000000
2018-02-28 12:15:40,0.00000392,6514.00000000
2018-02-28 12:15:40,0.00000392,4730.00000000
2018-02-28 12:15:51,0.00000392,559.00000000
2018-02-28 12:15:51,0.00000391,33505.00000000
2018-02-28 12:15:59,0.00000392,41990.00000000
2018-02-28 12:15:59,0.00000392,150692.00000000
2018-02-28 12:16:02,0.00000392,4261.00000000
2018-02-28 12:16:21,0.00000392,26503.00000000
2018-02-28 12:16:21,0.00000392,117552.00000000
2018-02-28 12:16:23,0.00000393,446.00000000
2018-02-28 12:16:24,0.00000393,5421.00000000
2018-02-28 12:16:25,0.00000392,696.00000000
2018-02-28 12:16:26,0.00000392,26245.00000000
2018-02-28 12:16:41,0.00000391,193827.00000000
2018-02-28 12:16:44,0.00000392,7121.00000000
2018-02-28 12:16:44,0.00000392,2564.00000000
2018-02-28 12:16:51,0.00000392,1847.00000000
2018-02-28 12:16:52,0.00000392,7700.00000000
2018-02-28 12:16:52,0.00000392,4612.00000000
2018-02-28 12:16:54,0.00000391,7004.00000000
2018-02-28 12:17:03,0.00000391,179870.00000000
2018-02-28 12:17:20,0.00000391,19529.00000000
2018-02-28 12:17:24,0.00000391,1916.00000000
2018-02-28 12:17:33,0.00000392,1177.00000000
2018-02-28 12:17:34,0.00000392,151471.00000000
2018-02-28 12:18:01,0.00000391,150974.00000000
2018-02-28 12:18:13,0.00000391,287390.00000000
2018-02-28 12:18:20,0.00000391,2000.00000000
2018-02-28 12:18:22,0.00000391,9842.00000000
2018-02-28 12:18:27,0.00000391,288394.00000000
2018-02-28 12:18:27,0.00000391,360.00000000
2018-02-28 12:18:27,0.00000391,1182.00000000
2018-02-28 12:18:27,0.00000391,3054.00000000
2018-02-28 12:18:27,0.00000391,12089.00000000
2018-02-28 12:18:28,0.00000391,21616.00000000
2018-02-28 12:18:28,0.00000391,45051.00000000
2018-02-28 12:18:29,0.00000391,5222.00000000
2018-02-28 12:18:29,0.00000391,9797.00000000
2018-02-28 12:18:30,0.00000391,9799.00000000
2018-02-28 12:18:30,0.00000391,1674.00000000
2018-02-28 12:18:31,0.00000391,5414.00000000
2018-02-28 12:18:32,0.00000391,25641.00000000
2018-02-28 12:18:32,0.00000391,43134.00000000
2018-02-28 12:18:32,0.00000391,2685.00000000
2018-02-28 12:18:33,0.00000391,9822.00000000
2018-02-28 12:18:33,0.00000391,19909.00000000
2018-02-28 12:18:33,0.00000391,15846.00000000
2018-02-28 12:18:34,0.00000390,210408.00000000
2018-02-28 12:18:34,0.00000390,7069.00000000
2018-02-28 12:18:35,0.00000391,7742.00000000
2018-02-28 12:18:36,0.00000390,1275.00000000
2018-02-28 12:18:38,0.00000391,25641.00000000
2018-02-28 12:18:38,0.00000391,77067.00000000
2018-02-28 12:18:39,0.00000391,9212.00000000
2018-02-28 12:18:44,0.00000391,532844.00000000
2018-02-28 12:18:46,0.00000391,5579.00000000
2018-02-28 12:18:49,0.00000391,18060.00000000
2018-02-28 12:18:49,0.00000391,11481.00000000
2018-02-28 12:18:54,0.00000391,7716.00000000
2018-02-28 12:18:55,0.00000391,8616.00000000
2018-02-28 12:18:58,0.00000392,1784.00000000
2018-02-28 12:19:08,0.00000391,24127.00000000
2018-02-28 12:19:08,0.00000391,81179.00000000
2018-02-28 12:19:08,0.00000391,310542.00000000
2018-02-28 12:19:15,0.00000391,2545.00000000
2018-02-28 12:19:19,0.00000391,11081.00000000
2018-02-28 12:19:21,0.00000391,288.00000000
2018-02-28 12:19:22,0.00000391,2342.00000000
2018-02-28 12:19:22,0.00000391,7988.00000000
2018-02-28 12:19:24,0.00000391,2082.00000000
2018-02-28 12:19:24,0.00000391,5811.00000000
2018-02-28 12:19:24,0.00000391,565461.00000000
2018-02-28 12:19:27,0.00000392,2551.00000000
2018-02-28 12:19:29,0.00000392,15850.00000000
2018-02-28 12:19:32,0.00000391,4009.00000000
2018-02-28 12:19:32,0.00000391,991.00000000
2018-02-28 12:19:41,0.00000391,962.00000000
2018-02-28 12:19:48,0.00000392,198496.00000000
2018-02-28 12:19:50,0.00000392,10636.00000000
2018-02-28 12:19:51,0.00000392,7327.00000000
2018-02-28 12:19:56,0.00000392,11041.00000000
2018-02-28 12:20:03,0.00000391,1248.00000000
2018-02-28 12:20:10,0.00000391,4000.00000000
2018-02-28 12:20:16,0.00000392,166023.00000000
2018-02-28 12:20:17,0.00000391,94887.00000000
2018-02-28 12:20:17,0.00000391,1639.00000000
2018-02-28 12:20:18,0.00000391,1649.00000000
2018-02-28 12:20:18,0.00000391,7299.00000000
2018-02-28 12:20:18,0.00000391,800.00000000
2018-02-28 12:20:19,0.00000391,627.00000000
2018-02-28 12:20:19,0.00000391,481.00000000
2018-02-28 12:20:21,0.00000391,1564.00000000
2018-02-28 12:20:22,0.00000391,9289.00000000
2018-02-28 12:20:29,0.00000391,1255.00000000
2018-02-28 12:20:29,0.00000391,515555.00000000
2018-02-28 12:20:30,0.00000391,6744.00000000
2018-02-28 12:20:34,0.00000392,121.00000000
2018-02-28 12:20:37,0.00000391,435911.00000000
2018-02-28 12:20:49,0.00000391,1215.00000000
2018-02-28 12:20:52,0.00000391,3085.00000000
2018-02-28 12:21:02,0.00000391,2960.00000000
2018-02-28 12:21:04,0.00000391,5994.00000000
2018-02-28 12:21:05,0.00000391,259.00000000
2018-02-28 12:21:07,0.00000392,181191.00000000
2018-02-28 12:21:13,0.00000392,1270.00000000
2018-02-28 12:21:28,0.00000392,12727.00000000
2018-02-28 12:21:31,0.00000392,12521.00000000
2018-02-28 12:21:34,0.00000391,2704.00000000
2018-02-28 12:21:35,0.00000391,2677.00000000
2018-02-28 12:21:35,0.00000391,210074.00000000
2018-02-28 12:21:35,0.00000392,1500.00000000
2018-02-28 12:21:46,0.00000392,2.00000000
2018-02-28 12:21:49,0.00000391,2957.00000000
2018-02-28 12:21:51,0.00000392,1052.00000000
2018-02-28 12:21:54,0.00000391,28013.00000000
2018-02-28 12:21:55,0.00000391,25641.00000000
2018-02-28 12:21:55,0.00000391,13247.00000000
2018-02-28 12:22:00,0.00000391,2593.00000000
2018-02-28 12:22:01,0.00000391,19.00000000
2018-02-28 12:22:02,0.00000391,5288.00000000
2018-02-28 12:22:04,0.00000391,23855.00000000
2018-02-28 12:22:06,0.00000391,416.00000000
2018-02-28 12:22:06,0.00000392,109993.00000000
2018-02-28 12:22:14,0.00000392,6512.00000000
2018-02-28 12:22:15,0.00000392,12398.00000000
2018-02-28 12:22:27,0.00000391,12057.00000000
2018-02-28 12:22:28,0.00000391,64043.00000000
2018-02-28 12:22:29,0.00000391,25641.00000000
2018-02-28 12:22:29,0.00000391,15633.00000000
2018-02-28 12:22:29,0.00000391,2525.00000000
2018-02-28 12:22:32,0.00000391,575.00000000
2018-02-28 12:22:33,0.00000392,19.00000000
2018-02-28 12:22:34,0.00000391,17278.00000000
2018-02-28 12:22:35,0.00000391,6044.00000000
2018-02-28 12:22:40,0.00000391,3022.00000000
2018-02-28 12:22:48,0.00000392,200.00000000
2018-02-28 12:22:51,0.00000391,1786.00000000
2018-02-28 12:23:01,0.00000392,118010.00000000
2018-02-28 12:23:19,0.00000391,72292.00000000
2018-02-28 12:23:20,0.00000391,88164.00000000
2018-02-28 12:23:34,0.00000391,7130.00000000
2018-02-28 12:23:35,0.00000391,21998.00000000
2018-02-28 12:23:42,0.00000392,151961.00000000
2018-02-28 12:23:49,0.00000392,1659.00000000
2018-02-28 12:23:49,0.00000391,10000.00000000
2018-02-28 12:23:52,0.00000391,47585.00000000
2018-02-28 12:23:52,0.00000390,53937.00000000
2018-02-28 12:23:53,0.00000391,461161.00000000
2018-02-28 12:24:00,0.00000392,730.00000000
2018-02-28 12:24:02,0.00000391,756.00000000
2018-02-28 12:24:09,0.00000391,19726.00000000
2018-02-28 12:24:09,0.00000391,3986.00000000
2018-02-28 12:24:10,0.00000391,1070.00000000
2018-02-28 12:24:15,0.00000390,2531.00000000
2018-02-28 12:24:22,0.00000391,197881.00000000
2018-02-28 12:24:24,0.00000391,1461.00000000
2018-02-28 12:24:24,0.00000391,35999.00000000
2018-02-28 12:24:28,0.00000391,6964.00000000
2018-02-28 12:24:44,0.00000390,750.00000000
2018-02-28 12:24:46,0.00000390,216575.00000000
2018-02-28 12:24:51,0.00000391,1350.00000000
2018-02-28 12:24:56,0.00000392,6500.00000000
2018-02-28 12:25:05,0.00000391,3.00000000
2018-02-28 12:25:15,0.00000391,176050.00000000
2018-02-28 12:25:16,0.00000391,19249.00000000
2018-02-28 12:25:17,0.00000391,4275.00000000
2018-02-28 12:25:22,0.00000391,2363.00000000
2018-02-28 12:25:22,0.00000391,2363.00000000
2018-02-28 12:25:22,0.00000391,2363.00000000
2018-02-28 12:25:22,0.00000391,2363.00000000
2018-02-28 12:25:22,0.00000391,1512.00000000
2018-02-28 12:25:22,0.00000392,26000.00000000
2018-02-28 12:25:23,0.00000391,498.00000000
2018-02-28 12:25:24,0.00000392,25.00000000
2018-02-28 12:25:25,0.00000392,3915.00000000
2018-02-28 12:25:26,0.00000392,6.00000000
2018-02-28 12:25:28,0.00000392,2.00000000
2018-02-28 12:25:29,0.00000391,6091.00000000
2018-02-28 12:25:40,0.00000390,7333.00000000
2018-02-28 12:25:40,0.00000390,70373.00000000
2018-02-28 12:25:40,0.00000391,405.00000000
2018-02-28 12:25:40,0.00000391,4726.00000000
2018-02-28 12:25:40,0.00000391,4725.00000000
2018-02-28 12:25:40,0.00000391,4726.00000000
2018-02-28 12:25:41,0.00000391,18832.00000000
2018-02-28 12:25:42,0.00000391,17304.00000000
2018-02-28 12:25:43,0.00000391,122189.00000000
2018-02-28 12:25:52,0.00000391,1376.00000000
2018-02-28 12:25:57,0.00000391,22154.00000000
2018-02-28 12:25:59,0.00000391,483.00000000
2018-02-28 12:26:03,0.00000392,29000.00000000
2018-02-28 12:26:05,0.00000391,12821.00000000
2018-02-28 12:26:05,0.00000391,18042.00000000
2018-02-28 12:26:07,0.00000392,397.00000000
2018-02-28 12:26:07,0.00000391,116882.00000000
2018-02-28 12:26:07,0.00000391,2564.00000000
2018-02-28 12:26:08,0.00000392,84.00000000
2018-02-28 12:26:09,0.00000391,14881.00000000
2018-02-28 12:26:09,0.00000391,2564.00000000
2018-02-28 12:26:11,0.00000391,5842.00000000
2018-02-28 12:26:15,0.00000392,256.00000000
2018-02-28 12:26:16,0.00000391,3081.00000000
2018-02-28 12:26:20,0.00000391,2386.00000000
2018-02-28 12:26:21,0.00000392,30000.00000000
2018-02-28 12:26:27,0.00000392,195279.00000000
2018-02-28 12:26:32,0.00000391,1025.00000000
2018-02-28 12:26:35,0.00000392,100.00000000
2018-02-28 12:26:37,0.00000392,985.00000000
2018-02-28 12:26:39,0.00000392,114.00000000
2018-02-28 12:26:45,0.00000392,398.00000000
2018-02-28 12:26:46,0.00000392,4.00000000
2018-02-28 12:26:52,0.00000391,183667.00000000
2018-02-28 12:27:00,0.00000392,100.00000000
2018-02-28 12:27:00,0.00000392,1560.00000000
2018-02-28 12:27:10,0.00000392,10.00000000
2018-02-28 12:27:14,0.00000391,3719.00000000
2018-02-28 12:27:15,0.00000392,28605.00000000
2018-02-28 12:27:17,0.00000392,157127.00000000
2018-02-28 12:27:24,0.00000392,1606.00000000
2018-02-28 12:27:30,0.00000392,1100.00000000
2018-02-28 12:27:39,0.00000391,160832.00000000
2018-02-28 12:27:48,0.00000392,1000.00000000
2018-02-28 12:27:50,0.00000392,1.00000000
2018-02-28 12:27:52,0.00000392,555.00000000
2018-02-28 12:27:54,0.00000392,9.00000000
2018-02-28 12:28:03,0.00000392,106000.00000000
2018-02-28 12:28:08,0.00000392,12.00000000
2018-02-28 12:28:11,0.00000391,2299.00000000
2018-02-28 12:28:16,0.00000392,27083.00000000
2018-02-28 12:28:18,0.00000391,37263.00000000
2018-02-28 12:28:21,0.00000391,12767.00000000
2018-02-28 12:28:28,0.00000391,84832.00000000
2018-02-28 12:28:29,0.00000391,418.00000000
2018-02-28 12:28:29,0.00000391,129270.00000000
2018-02-28 12:28:31,0.00000392,4221.00000000
2018-02-28 12:28:32,0.00000391,10818.00000000
2018-02-28 12:28:41,0.00000391,5221.00000000
2018-02-28 12:28:50,0.00000391,13656.00000000
2018-02-28 12:28:51,0.00000391,815.00000000
2018-02-28 12:28:52,0.00000391,3222.00000000
2018-02-28 12:28:58,0.00000391,18024.00000000
2018-02-28 12:28:59,0.00000391,4000.00000000
2018-02-28 12:28:59,0.00000391,478290.00000000
2018-02-28 12:29:01,0.00000391,1501.00000000
2018-02-28 12:29:11,0.00000391,588223.00000000
2018-02-28 12:29:14,0.00000390,2138.00000000
2018-02-28 12:29:14,0.00000390,220.00000000
2018-02-28 12:29:17,0.00000390,3968.00000000
2018-02-28 12:29:18,0.00000392,1005.00000000
2018-02-28 12:29:29,0.00000391,418.00000000
2018-02-28 12:29:29,0.00000391,365820.00000000
2018-02-28 12:29:30,0.00000392,34628.00000000
2018-02-28 12:29:34,0.00000392,1992.00000000
2018-02-28 12:29:36,0.00000392,1155.00000000
2018-02-28 12:29:42,0.00000392,3526.00000000
2018-02-28 12:29:43,0.00000392,1.00000000
2018-02-28 12:29:45,0.00000391,4888.00000000
2018-02-28 12:29:47,0.00000392,1.00000000
2018-02-28 12:29:48,0.00000392,14000.00000000
2018-02-28 12:29:52,0.00000392,16172.00000000
2018-02-28 12:29:52,0.00000392,137531.00000000
2018-02-28 12:29:54,0.00000392,2500.00000000
2018-02-28 12:29:57,0.00000392,1526.00000000
2018-02-28 12:29:58,0.00000391,28752.00000000
2018-02-28 12:29:58,0.00000391,34978.00000000
2018-02-28 12:30:14,0.00000392,2651.00000000
2018-02-28 12:30:16,0.00000391,10173.00000000
2018-02-28 12:30:17,0.00000391,1491.00000000
2018-02-28 12:30:18,0.00000391,7900.00000000
2018-02-28 12:30:20,0.00000392,140519.00000000
2018-02-28 12:30:24,0.00000392,3264.00000000
2018-02-28 12:30:26,0.00000391,39584.00000000
2018-02-28 12:30:31,0.00000391,7365.00000000
2018-02-28 12:30:32,0.00000391,419.00000000
2018-02-28 12:30:32,0.00000391,4581.00000000
2018-02-28 12:30:33,0.00000392,8135.00000000
2018-02-28 12:30:35,0.00000391,23563.00000000
2018-02-28 12:30:41,0.00000391,11042.00000000
2018-02-28 12:30:44,0.00000391,5269.00000000
2018-02-28 12:30:44,0.00000391,103496.00000000
2018-02-28 12:30:46,0.00000391,20505.00000000
2018-02-28 12:30:50,0.00000391,2476.00000000
2018-02-28 12:30:51,0.00000391,17176.00000000
2018-02-28 12:30:52,0.00000391,2558.00000000
2018-02-28 12:30:53,0.00000391,6147.00000000
2018-02-28 12:31:00,0.00000391,6000.00000000
2018-02-28 12:31:00,0.00000391,46348.00000000
2018-02-28 12:31:07,0.00000391,15123.00000000
2018-02-28 12:31:15,0.00000391,139310.00000000
2018-02-28 12:31:16,0.00000391,10185.00000000
2018-02-28 12:31:22,0.00000391,1210.00000000
2018-02-28 12:31:29,0.00000392,13430.00000000
2018-02-28 12:31:40,0.00000391,1283.00000000
2018-02-28 12:31:45,0.00000392,176386.00000000
2018-02-28 12:31:51,0.00000392,25000.00000000
2018-02-28 12:31:52,0.00000392,3674.00000000
2018-02-28 12:31:54,0.00000391,286265.00000000
2018-02-28 12:31:57,0.00000391,4007.00000000
2018-02-28 12:31:59,0.00000391,80261.00000000
2018-02-28 12:32:02,0.00000391,2968.00000000
2018-02-28 12:32:05,0.00000391,1999.00000000
2018-02-28 12:32:05,0.00000392,36872.00000000
2018-02-28 12:32:08,0.00000392,134792.00000000
2018-02-28 12:32:12,0.00000391,12821.00000000
2018-02-28 12:32:13,0.00000392,1.00000000
2018-02-28 12:32:13,0.00000392,21824.00000000
2018-02-28 12:32:15,0.00000392,572.00000000
2018-02-28 12:32:15,0.00000391,10500.00000000
2018-02-28 12:32:16,0.00000391,11200.00000000
2018-02-28 12:32:16,0.00000391,12809.00000000
2018-02-28 12:32:30,0.00000391,171758.00000000
2018-02-28 12:32:33,0.00000391,4702.00000000
2018-02-28 12:32:37,0.00000391,4907.00000000
2018-02-28 12:32:38,0.00000392,3382.00000000
2018-02-28 12:32:50,0.00000392,172528.00000000
2018-02-28 12:32:51,0.00000392,2777.00000000
2018-02-28 12:32:52,0.00000392,25575.00000000
2018-02-28 12:32:52,0.00000392,78446.00000000
2018-02-28 12:32:52,0.00000392,2544.00000000
2018-02-28 12:32:52,0.00000392,818.00000000
2018-02-28 12:32:52,0.00000392,2647.00000000
2018-02-28 12:32:52,0.00000392,2544.00000000
2018-02-28 12:32:53,0.00000392,6495.00000000
2018-02-28 12:32:53,0.00000392,438.00000000
2018-02-28 12:32:54,0.00000392,6787.00000000
2018-02-28 12:32:55,0.00000392,17160.00000000
2018-02-28 12:32:58,0.00000391,17.00000000
2018-02-28 12:33:07,0.00000392,22.00000000
2018-02-28 12:33:08,0.00000391,5468.00000000
2018-02-28 12:33:11,0.00000392,9386.00000000
2018-02-28 12:33:12,0.00000391,1587.00000000
2018-02-28 12:33:12,0.00000391,182964.00000000
2018-02-28 12:33:17,0.00000391,8062.00000000
2018-02-28 12:33:17,0.00000392,72441.00000000
2018-02-28 12:33:19,0.00000392,6649.00000000
2018-02-28 12:33:20,0.00000391,3129.00000000
2018-02-28 12:33:20,0.00000392,13.00000000
2018-02-28 12:33:21,0.00000391,53020.00000000
2018-02-28 12:33:30,0.00000392,41833.00000000
2018-02-28 12:33:33,0.00000392,438.00000000
2018-02-28 12:33:34,0.00000391,134490.00000000
2018-02-28 12:33:37,0.00000391,3800.00000000
2018-02-28 12:33:50,0.00000391,6097.00000000
2018-02-28 12:33:52,0.00000392,48037.00000000
2018-02-28 12:33:53,0.00000391,2547.00000000
2018-02-28 12:33:58,0.00000392,2000.00000000
2018-02-28 12:34:00,0.00000391,2648.00000000
2018-02-28 12:34:02,0.00000391,37.00000000
2018-02-28 12:34:06,0.00000391,4654.00000000
2018-02-28 12:34:07,0.00000392,2508.00000000
2018-02-28 12:34:08,0.00000392,156938.00000000
2018-02-28 12:34:08,0.00000391,4338.00000000
2018-02-28 12:34:09,0.00000392,2174.00000000
2018-02-28 12:34:11,0.00000392,11292.00000000
2018-02-28 12:34:13,0.00000392,15.00000000
2018-02-28 12:34:15,0.00000392,20001.00000000
2018-02-28 12:34:17,0.00000392,9934.00000000
2018-02-28 12:34:17,0.00000392,825.00000000
2018-02-28 12:34:19,0.00000391,10000.00000000
2018-02-28 12:34:24,0.00000392,1575.00000000
2018-02-28 12:34:28,0.00000391,131587.00000000
2018-02-28 12:34:37,0.00000391,321.00000000
2018-02-28 12:34:50,0.00000392,10210.00000000
2018-02-28 12:34:54,0.00000392,144196.00000000
2018-02-28 12:34:54,0.00000391,1508.00000000
2018-02-28 12:35:01,0.00000391,1300000.00000000
2018-02-28 12:35:01,0.00000392,9.00000000
2018-02-28 12:35:02,0.00000392,502.00000000
2018-02-28 12:35:04,0.00000392,20941.00000000
2018-02-28 12:35:04,0.00000392,52882.00000000
2018-02-28 12:35:05,0.00000392,4290.00000000
2018-02-28 12:35:12,0.00000392,62773.00000000
2018-02-28 12:35:16,0.00000391,1566.00000000
2018-02-28 12:35:16,0.00000392,500.00000000
2018-02-28 12:35:17,0.00000392,1004.00000000
2018-02-28 12:35:20,0.00000391,118834.00000000
2018-02-28 12:35:25,0.00000391,1246.00000000
2018-02-28 12:35:25,0.00000391,24050.00000000
2018-02-28 12:35:26,0.00000391,1202.00000000
2018-02-28 12:35:28,0.00000391,1807.00000000
2018-02-28 12:35:33,0.00000392,1.00000000
2018-02-28 12:35:34,0.00000391,498.00000000
2018-02-28 12:35:39,0.00000391,11800.00000000
2018-02-28 12:35:42,0.00000392,124282.00000000
2018-02-28 12:35:45,0.00000391,10000.00000000
2018-02-28 12:35:49,0.00000392,280.00000000
2018-02-28 12:35:52,0.00000391,14115.00000000
2018-02-28 12:36:00,0.00000391,9350.00000000
2018-02-28 12:36:04,0.00000392,288.00000000
2018-02-28 12:36:04,0.00000391,4727.00000000
2018-02-28 12:36:07,0.00000392,24.00000000
2018-02-28 12:36:10,0.00000391,173417.00000000
2018-02-28 12:36:11,0.00000391,489.00000000
2018-02-28 12:36:19,0.00000392,12786.00000000
2018-02-28 12:36:19,0.00000392,12753.00000000
2018-02-28 12:36:20,0.00000392,25575.00000000
2018-02-28 12:36:21,0.00000391,8078.00000000
2018-02-28 12:36:21,0.00000391,54765.00000000
2018-02-28 12:36:21,0.00000392,9322.00000000
2018-02-28 12:36:24,0.00000391,1034.00000000
2018-02-28 12:36:26,0.00000391,17053.00000000
2018-02-28 12:36:26,0.00000390,2834.00000000
2018-02-28 12:36:29,0.00000391,8237.00000000
2018-02-28 12:36:30,0.00000392,181191.00000000
2018-02-28 12:36:33,0.00000391,2345.00000000
2018-02-28 12:36:36,0.00000392,18676.00000000
2018-02-28 12:36:40,0.00000391,452.00000000
2018-02-28 12:36:43,0.00000391,2500.00000000
2018-02-28 12:36:49,0.00000391,3680.00000000
2018-02-28 12:36:49,0.00000391,15927.00000000
2018-02-28 12:36:50,0.00000391,150.00000000
2018-02-28 12:36:52,0.00000392,5170.00000000
2018-02-28 12:36:54,0.00000392,2003.00000000
2018-02-28 12:36:55,0.00000391,3331.00000000
2018-02-28 12:36:55,0.00000392,151929.00000000
2018-02-28 12:36:56,0.00000392,2123.00000000
2018-02-28 12:36:59,0.00000391,1495.00000000
2018-02-28 12:37:08,0.00000392,1096.00000000
2018-02-28 12:37:09,0.00000392,9397.00000000
2018-02-28 12:37:11,0.00000391,307.00000000
2018-02-28 12:37:12,0.00000391,500.00000000
2018-02-28 12:37:15,0.00000391,121286.00000000
2018-02-28 12:37:26,0.00000391,6450.00000000
2018-02-28 12:37:30,0.00000392,439.00000000
2018-02-28 12:37:32,0.00000391,144748.00000000
2018-02-28 12:37:34,0.00000391,330.00000000
2018-02-28 12:37:34,0.00000391,4671.00000000
2018-02-28 12:37:38,0.00000391,10000.00000000
2018-02-28 12:37:38,0.00000390,208493.00000000
2018-02-28 12:37:40,0.00000391,12127.00000000
2018-02-28 12:37:41,0.00000391,77777.00000000
2018-02-28 12:37:52,0.00000391,1784.00000000
2018-02-28 12:37:52,0.00000390,5294.00000000
2018-02-28 12:37:55,0.00000391,383.00000000
2018-02-28 12:37:55,0.00000391,2092.00000000
2018-02-28 12:37:56,0.00000391,10000.00000000
2018-02-28 12:38:01,0.00000391,7309.00000000
2018-02-28 12:38:02,0.00000390,274.00000000
2018-02-28 12:38:06,0.00000390,101432.00000000
2018-02-28 12:38:09,0.00000391,10484.00000000
2018-02-28 12:38:09,0.00000391,65037.00000000
2018-02-28 12:38:15,0.00000390,123.00000000
2018-02-28 12:38:19,0.00000391,77921.00000000
2018-02-28 12:38:22,0.00000391,4000.00000000
2018-02-28 12:38:22,0.00000391,1000.00000000
2018-02-28 12:38:23,0.00000391,1000.00000000
2018-02-28 12:38:23,0.00000391,1000.00000000
2018-02-28 12:38:24,0.00000391,5000.00000000
2018-02-28 12:38:25,0.00000391,120498.00000000
2018-02-28 12:38:26,0.00000391,12224.00000000
2018-02-28 12:38:32,0.00000391,21247.00000000
2018-02-28 12:38:33,0.00000391,120856.00000000
2018-02-28 12:38:34,0.00000391,3078.00000000
2018-02-28 12:38:35,0.00000391,1508.00000000
2018-02-28 12:38:35,0.00000390,22590.00000000
2018-02-28 12:38:37,0.00000391,12788.00000000
2018-02-28 12:38:38,0.00000391,314.00000000
2018-02-28 12:38:38,0.00000391,29048.00000000
2018-02-28 12:38:39,0.00000391,62480.00000000
2018-02-28 12:38:43,0.00000391,2540.00000000
2018-02-28 12:38:45,0.00000391,300.00000000
2018-02-28 12:38:45,0.00000391,17542.00000000
2018-02-28 12:38:49,0.00000391,8673.00000000
2018-02-28 12:38:50,0.00000391,1250.00000000
2018-02-28 12:38:54,0.00000390,208136.00000000
2018-02-28 12:38:59,0.00000391,4894.00000000
2018-02-28 12:39:05,0.00000390,1567.00000000
2018-02-28 12:39:07,0.00000390,1028.00000000
2018-02-28 12:39:10,0.00000391,461.00000000
2018-02-28 12:39:10,0.00000391,12757.00000000
2018-02-28 12:39:11,0.00000391,629.00000000
2018-02-28 12:39:11,0.00000391,12787.00000000
2018-02-28 12:39:12,0.00000391,381.00000000
2018-02-28 12:39:13,0.00000391,173994.00000000
2018-02-28 12:39:14,0.00000391,1000.00000000
2018-02-28 12:39:16,0.00000391,20714.00000000
2018-02-28 12:39:17,0.00000391,5000.00000000
2018-02-28 12:39:17,0.00000391,20256.00000000
2018-02-28 12:39:21,0.00000390,626.00000000
2018-02-28 12:39:28,0.00000390,1119.00000000
2018-02-28 12:39:32,0.00000391,146807.00000000
2018-02-28 12:39:33,0.00000391,2186.00000000
2018-02-28 12:39:33,0.00000391,2064.00000000
2018-02-28 12:39:40,0.00000391,21704.00000000
2018-02-28 12:39:46,0.00000391,1.00000000
2018-02-28 12:39:47,0.00000391,47869.00000000
2018-02-28 12:39:49,0.00000391,2241.00000000
2018-02-28 12:39:52,0.00000391,2000.00000000
2018-02-28 12:39:53,0.00000390,318318.00000000
2018-02-28 12:39:57,0.00000390,101207.00000000
2018-02-28 12:39:58,0.00000391,1996.00000000
2018-02-28 12:40:01,0.00000391,68404.00000000
2018-02-28 12:40:01,0.00000391,14.00000000
2018-02-28 12:40:09,0.00000391,588.00000000
2018-02-28 12:40:09,0.00000390,26948.00000000
2018-02-28 12:40:19,0.00000390,14.00000000
2018-02-28 12:40:21,0.00000391,71368.00000000
2018-02-28 12:40:24,0.00000390,171230.00000000
2018-02-28 12:40:25,0.00000391,3102.00000000
2018-02-28 12:40:35,0.00000391,5919.00000000
2018-02-28 12:40:39,0.00000391,25641.00000000
2018-02-28 12:40:39,0.00000391,195136.00000000
2018-02-28 12:40:43,0.00000391,5000.00000000
2018-02-28 12:40:43,0.00000391,158769.00000000
2018-02-28 12:40:49,0.00000391,191855.00000000
2018-02-28 12:40:52,0.00000391,15161.00000000
2018-02-28 12:40:56,0.00000391,4662.00000000
2018-02-28 12:41:01,0.00000391,54071.00000000
2018-02-28 12:41:02,0.00000390,20720.00000000
2018-02-28 12:41:07,0.00000390,18676.00000000
2018-02-28 12:41:09,0.00000390,10000.00000000
2018-02-28 12:41:09,0.00000391,2116.00000000
2018-02-28 12:41:16,0.00000390,176521.00000000
2018-02-28 12:41:25,0.00000390,96.00000000
2018-02-28 12:41:37,0.00000390,208884.00000000
2018-02-28 12:41:38,0.00000390,500000.00000000
2018-02-28 12:41:39,0.00000390,29765.00000000
2018-02-28 12:41:39,0.00000390,2348.00000000
2018-02-28 12:41:52,0.00000391,83844.00000000
2018-02-28 12:41:53,0.00000391,11551.00000000
2018-02-28 12:42:01,0.00000390,1230.00000000
2018-02-28 12:42:04,0.00000390,170266.00000000
2018-02-28 12:42:04,0.00000391,121244.00000000
2018-02-28 12:42:22,0.00000391,2781.00000000
2018-02-28 12:42:22,0.00000391,194400.00000000
2018-02-28 12:42:24,0.00000391,4752.00000000
2018-02-28 12:42:24,0.00000391,1441.00000000
2018-02-28 12:42:24,0.00000391,300.00000000
2018-02-28 12:42:26,0.00000391,81991.00000000
2018-02-28 12:42:29,0.00000391,25955.00000000
2018-02-28 12:42:33,0.00000391,752.00000000
2018-02-28 12:42:34,0.00000391,20695.00000000
2018-02-28 12:42:36,0.00000392,2557.00000000
2018-02-28 12:42:37,0.00000391,331975.00000000
2018-02-28 12:42:44,0.00000391,4000.00000000
2018-02-28 12:42:46,0.00000390,12706.00000000
2018-02-28 12:42:55,0.00000391,300.00000000
2018-02-28 12:42:59,0.00000390,209780.00000000
2018-02-28 12:43:00,0.00000391,233.00000000
2018-02-28 12:43:04,0.00000391,15000.00000000
2018-02-28 12:43:05,0.00000391,443.00000000
2018-02-28 12:43:13,0.00000391,20449.00000000
2018-02-28 12:43:18,0.00000391,822.00000000
2018-02-28 12:43:26,0.00000392,162153.00000000
2018-02-28 12:43:33,0.00000391,77060.00000000
2018-02-28 12:43:35,0.00000392,10.00000000
2018-02-28 12:43:36,0.00000391,500.00000000
2018-02-28 12:43:42,0.00000391,125451.00000000
2018-02-28 12:43:42,0.00000391,29976.00000000
2018-02-28 12:43:45,0.00000392,9.00000000
2018-02-28 12:43:48,0.00000392,83887.00000000
2018-02-28 12:43:50,0.00000392,26863.00000000
2018-02-28 12:43:52,0.00000392,454.00000000
2018-02-28 12:43:55,0.00000392,386.00000000
2018-02-28 12:43:56,0.00000391,925.00000000
2018-02-28 12:43:56,0.00000391,1745.00000000
2018-02-28 12:43:56,0.00000391,5221.00000000
2018-02-28 12:43:56,0.00000391,2551.00000000
2018-02-28 12:43:56,0.00000391,546802.00000000
2018-02-28 12:44:00,0.00000391,5994.00000000
2018-02-28 12:44:01,0.00000392,5000.00000000
2018-02-28 12:44:06,0.00000392,3347.00000000
2018-02-28 12:44:10,0.00000391,10646.00000000
2018-02-28 12:44:19,0.00000392,9672.00000000
2018-02-28 12:44:22,0.00000391,30.00000000
2018-02-28 12:44:23,0.00000391,208724.00000000
2018-02-28 12:44:23,0.00000391,965.00000000
2018-02-28 12:44:36,0.00000392,5952.00000000
2018-02-28 12:44:36,0.00000392,1406.00000000
2018-02-28 12:44:36,0.00000392,5963.00000000
2018-02-28 12:44:36,0.00000391,94267.00000000
2018-02-28 12:44:37,0.00000392,30.00000000
2018-02-28 12:44:52,0.00000392,159774.00000000
2018-02-28 12:44:58,0.00000392,19452.00000000
2018-02-28 12:44:58,0.00000392,52883.00000000
2018-02-28 12:45:02,0.00000392,41944.00000000
2018-02-28 12:45:10,0.00000392,290.00000000
2018-02-28 12:45:21,0.00000391,1501.00000000
2018-02-28 12:45:23,0.00000391,146524.00000000
2018-02-28 12:45:27,0.00000392,592.00000000
2018-02-28 12:45:34,0.00000391,1518.00000000
2018-02-28 12:45:47,0.00000391,5000.00000000
2018-02-28 12:45:49,0.00000392,142905.00000000
2018-02-28 12:45:50,0.00000391,4.00000000
2018-02-28 12:45:59,0.00000391,1111.00000000
2018-02-28 12:46:10,0.00000391,54017.00000000
2018-02-28 12:46:17,0.00000391,26088.00000000
2018-02-28 12:46:19,0.00000392,129529.00000000
2018-02-28 12:46:23,0.00000392,14137.00000000
2018-02-28 12:46:27,0.00000392,2000.00000000
2018-02-28 12:46:27,0.00000392,3868.00000000
2018-02-28 12:46:30,0.00000391,47278.00000000
2018-02-28 12:46:36,0.00000392,1512.00000000
2018-02-28 12:46:39,0.00000391,446.00000000
2018-02-28 12:46:43,0.00000391,110670.00000000
2018-02-28 12:46:44,0.00000391,3700.00000000
2018-02-28 12:46:45,0.00000391,24047.00000000
2018-02-28 12:46:47,0.00000391,6709.00000000
2018-02-28 12:46:49,0.00000391,2997.00000000
2018-02-28 12:46:57,0.00000392,118915.00000000
2018-02-28 12:46:57,0.00000391,25000.00000000
2018-02-28 12:46:58,0.00000391,28702.00000000
2018-02-28 12:47:07,0.00000391,6786.00000000
2018-02-28 12:47:11,0.00000392,136361.00000000
2018-02-28 12:47:11,0.00000391,10000.00000000
2018-02-28 12:47:12,0.00000391,339.00000000
2018-02-28 12:47:19,0.00000391,299.00000000
2018-02-28 12:47:20,0.00000391,1139.00000000
2018-02-28 12:47:28,0.00000391,10.00000000
2018-02-28 12:47:31,0.00000391,12788.00000000
2018-02-28 12:47:34,0.00000392,2551.00000000
2018-02-28 12:47:34,0.00000392,5000.00000000
2018-02-28 12:47:34,0.00000391,12788.00000000
2018-02-28 12:47:36,0.00000391,111267.00000000
2018-02-28 12:47:37,0.00000391,12788.00000000
2018-02-28 12:47:41,0.00000391,12788.00000000
2018-02-28 12:47:44,0.00000391,3103.00000000
2018-02-28 12:47:44,0.00000391,12788.00000000
2018-02-28 12:47:44,0.00000391,53052.00000000
2018-02-28 12:47:46,0.00000391,12788.00000000
2018-02-28 12:47:48,0.00000391,1925.00000000
2018-02-28 12:47:51,0.00000391,12788.00000000
2018-02-28 12:47:53,0.00000392,1889.00000000
2018-02-28 12:47:54,0.00000391,12788.00000000
2018-02-28 12:47:56,0.00000391,12788.00000000
2018-02-28 12:47:59,0.00000391,12788.00000000
2018-02-28 12:48:01,0.00000391,12788.00000000
2018-02-28 12:48:02,0.00000391,148446.00000000
2018-02-28 12:48:03,0.00000392,8.00000000
2018-02-28 12:48:03,0.00000391,12788.00000000
2018-02-28 12:48:06,0.00000391,12788.00000000
2018-02-28 12:48:12,0.00000391,522.00000000
2018-02-28 12:48:12,0.00000391,23684.00000000
2018-02-28 12:48:12,0.00000391,23305.00000000
2018-02-28 12:48:12,0.00000391,579910.00000000
2018-02-28 12:48:13,0.00000391,12788.00000000
2018-02-28 12:48:14,0.00000391,700.00000000
2018-02-28 12:48:15,0.00000391,12788.00000000
2018-02-28 12:48:17,0.00000391,12788.00000000
2018-02-28 12:48:20,0.00000392,1792.00000000
2018-02-28 12:48:22,0.00000391,12788.00000000
2018-02-28 12:48:25,0.00000391,12788.00000000
2018-02-28 12:48:25,0.00000391,42419.00000000
2018-02-28 12:48:27,0.00000391,12788.00000000
2018-02-28 12:48:28,0.00000391,12788.00000000
2018-02-28 12:48:30,0.00000391,12788.00000000
2018-02-28 12:48:30,0.00000391,6900.00000000
2018-02-28 12:48:32,0.00000391,12788.00000000
2018-02-28 12:48:33,0.00000391,30182.00000000
2018-02-28 12:48:34,0.00000391,10631.00000000
2018-02-28 12:48:34,0.00000391,21209.00000000
2018-02-28 12:48:34,0.00000391,69492.00000000
2018-02-28 12:48:34,0.00000391,1060.00000000
2018-02-28 12:48:36,0.00000391,12788.00000000
2018-02-28 12:48:38,0.00000391,12788.00000000
2018-02-28 12:48:41,0.00000391,12788.00000000
2018-02-28 12:48:41,0.00000391,449.00000000
2018-02-28 12:48:43,0.00000391,12788.00000000
2018-02-28 12:48:44,0.00000391,8641.00000000
2018-02-28 12:48:44,0.00000391,25641.00000000
2018-02-28 12:48:44,0.00000391,32806.00000000
2018-02-28 12:48:45,0.00000391,102301.00000000
2018-02-28 12:48:46,0.00000391,25641.00000000
2018-02-28 12:48:46,0.00000391,34631.00000000
2018-02-28 12:48:46,0.00000391,183061.00000000
2018-02-28 12:48:48,0.00000391,12788.00000000
2018-02-28 12:48:49,0.00000391,69459.00000000
2018-02-28 12:48:52,0.00000391,17924.00000000
2018-02-28 12:48:58,0.00000391,400774.00000000
2018-02-28 12:48:59,0.00000391,968.00000000
2018-02-28 12:48:59,0.00000391,2549.00000000
2018-02-28 12:48:59,0.00000391,2551.00000000
2018-02-28 12:48:59,0.00000391,2551.00000000
2018-02-28 12:48:59,0.00000391,41381.00000000
2018-02-28 12:49:07,0.00000391,502.00000000
2018-02-28 12:49:07,0.00000391,2548.00000000
2018-02-28 12:49:07,0.00000391,2548.00000000
2018-02-28 12:49:07,0.00000391,29165.00000000
2018-02-28 12:49:11,0.00000391,2549.00000000
2018-02-28 12:49:11,0.00000391,6219.00000000
2018-02-28 12:49:11,0.00000391,2549.00000000
2018-02-28 12:49:11,0.00000391,2550.00000000
2018-02-28 12:49:11,0.00000390,2549.00000000
2018-02-28 12:49:11,0.00000391,2550.00000000
2018-02-28 12:49:12,0.00000391,2550.00000000
2018-02-28 12:49:12,0.00000390,2550.00000000
2018-02-28 12:49:12,0.00000391,2550.00000000
2018-02-28 12:49:12,0.00000391,556772.00000000
2018-02-28 12:49:12,0.00000392,421.00000000
2018-02-28 12:49:12,0.00000392,9480.00000000
2018-02-28 12:49:14,0.00000391,1633.00000000
2018-02-28 12:49:15,0.00000392,2181.00000000
2018-02-28 12:49:15,0.00000392,15003.00000000
2018-02-28 12:49:16,0.00000391,12792.00000000
2018-02-28 12:49:17,0.00000391,9717.00000000
2018-02-28 12:49:18,0.00000391,283.00000000
2018-02-28 12:49:20,0.00000391,5835.00000000
2018-02-28 12:49:20,0.00000391,452593.00000000
2018-02-28 12:49:23,0.00000391,10335.00000000
2018-02-28 12:49:27,0.00000391,10700.00000000
2018-02-28 12:49:28,0.00000391,20565.00000000
2018-02-28 12:49:28,0.00000391,30.00000000
2018-02-28 12:49:29,0.00000391,11359.00000000
2018-02-28 12:49:34,0.00000391,20891.00000000
2018-02-28 12:49:35,0.00000391,8699.00000000
2018-02-28 12:49:35,0.00000391,6412.00000000
2018-02-28 12:49:35,0.00000391,14.00000000
2018-02-28 12:49:36,0.00000391,4706.00000000
2018-02-28 12:49:38,0.00000390,4894.00000000
2018-02-28 12:49:38,0.00000390,151420.00000000
2018-02-28 12:49:48,0.00000390,10508.00000000
2018-02-28 12:49:48,0.00000391,67221.00000000
2018-02-28 12:49:49,0.00000391,4800.00000000
2018-02-28 12:49:55,0.00000391,736.00000000
2018-02-28 12:49:59,0.00000391,101335.00000000
2018-02-28 12:50:09,0.00000391,1473.00000000
2018-02-28 12:50:09,0.00000391,1472.00000000
2018-02-28 12:50:12,0.00000391,2550.00000000
2018-02-28 12:50:15,0.00000390,36835.00000000
2018-02-28 12:50:21,0.00000391,212995.00000000
2018-02-28 12:50:21,0.00000391,5148.00000000
2018-02-28 12:50:37,0.00000391,1770.00000000
2018-02-28 12:50:38,0.00000391,3407.00000000
2018-02-28 12:50:42,0.00000390,7.00000000
2018-02-28 12:50:43,0.00000391,387.00000000
2018-02-28 12:50:46,0.00000391,141966.00000000
2018-02-28 12:50:50,0.00000390,11252.00000000
2018-02-28 12:50:51,0.00000391,62523.00000000
2018-02-28 12:51:01,0.00000391,2073.00000000
2018-02-28 12:51:09,0.00000391,4804.00000000
2018-02-28 12:51:10,0.00000390,469826.00000000
2018-02-28 12:51:16,0.00000390,104713.00000000
2018-02-28 12:51:22,0.00000390,8077.00000000
2018-02-28 12:51:23,0.00000390,9462.00000000
2018-02-28 12:51:26,0.00000390,2982.00000000
2018-02-28 12:51:29,0.00000390,52296.00000000
2018-02-28 12:51:33,0.00000391,157304.00000000
2018-02-28 12:51:34,0.00000391,17000.00000000
2018-02-28 12:51:36,0.00000391,39853.00000000
2018-02-28 12:51:38,0.00000391,18200.00000000
2018-02-28 12:51:41,0.00000391,677.00000000
2018-02-28 12:51:43,0.00000391,500.00000000
2018-02-28 12:51:49,0.00000390,7126.00000000
2018-02-28 12:51:58,0.00000390,6122.00000000
2018-02-28 12:52:01,0.00000391,32560.00000000
2018-02-28 12:52:06,0.00000391,500.00000000
2018-02-28 12:52:07,0.00000392,200108.00000000
2018-02-28 12:52:12,0.00000392,1755.00000000
2018-02-28 12:52:13,0.00000392,5670.00000000
2018-02-28 12:52:14,0.00000391,245.00000000
2018-02-28 12:52:23,0.00000391,1500.00000000
2018-02-28 12:52:25,0.00000391,12788.00000000
2018-02-28 12:52:30,0.00000392,163078.00000000
2018-02-28 12:52:34,0.00000391,42420.00000000
2018-02-28 12:52:59,0.00000392,724.00000000
2018-02-28 12:53:00,0.00000391,87098.00000000
2018-02-28 12:53:00,0.00000391,1006.00000000
2018-02-28 12:53:01,0.00000391,54632.00000000
2018-02-28 12:53:01,0.00000391,8047.00000000
2018-02-28 12:53:02,0.00000392,4557.00000000
2018-02-28 12:53:03,0.00000391,50569.00000000
2018-02-28 12:53:09,0.00000391,1595.00000000
2018-02-28 12:53:17,0.00000391,3026.00000000
2018-02-28 12:53:20,0.00000391,500.00000000
2018-02-28 12:53:24,0.00000391,4916.00000000
2018-02-28 12:53:25,0.00000391,199813.00000000
2018-02-28 12:53:29,0.00000391,1000.00000000
2018-02-28 12:53:32,0.00000391,466.00000000
2018-02-28 12:53:34,0.00000391,4098.00000000
2018-02-28 12:53:36,0.00000391,5887.00000000
2018-02-28 12:53:42,0.00000392,3163.00000000
2018-02-28 12:53:48,0.00000392,18193.00000000
2018-02-28 12:53:50,0.00000391,7517.00000000
2018-02-28 12:53:50,0.00000391,197318.00000000
2018-02-28 12:53:51,0.00000391,322.00000000
2018-02-28 12:53:52,0.00000392,13.00000000
2018-02-28 12:53:58,0.00000391,3860.00000000
2018-02-28 12:54:01,0.00000392,8804.00000000
2018-02-28 12:54:11,0.00000391,1286.00000000
2018-02-28 12:54:12,0.00000391,500.00000000
2018-02-28 12:54:15,0.00000392,190772.00000000
2018-02-28 12:54:16,0.00000392,3502.00000000
2018-02-28 12:54:18,0.00000391,379.00000000
2018-02-28 12:54:19,0.00000392,3062.00000000
2018-02-28 12:54:30,0.00000392,669.00000000
2018-02-28 12:54:31,0.00000391,19181.00000000
2018-02-28 12:54:32,0.00000391,5178.00000000
2018-02-28 12:54:34,0.00000392,3354.00000000
2018-02-28 12:54:35,0.00000391,1166.00000000
2018-02-28 12:54:41,0.00000392,384.00000000
2018-02-28 12:54:41,0.00000391,199995.00000000
2018-02-28 12:54:47,0.00000391,5996.00000000
2018-02-28 12:54:49,0.00000391,2262.00000000
2018-02-28 12:54:51,0.00000391,8651.00000000
2018-02-28 12:54:53,0.00000392,70.00000000
2018-02-28 12:54:55,0.00000392,4080.00000000
2018-02-28 12:54:57,0.00000392,2500.00000000
2018-02-28 12:54:58,0.00000391,2998.00000000
2018-02-28 12:55:02,0.00000391,143680.00000000
2018-02-28 12:55:03,0.00000391,1435.00000000
2018-02-28 12:55:04,0.00000391,38738.00000000
2018-02-28 12:55:04,0.00000391,175441.00000000
2018-02-28 12:55:10,0.00000391,10301.00000000
2018-02-28 12:55:10,0.00000391,443.00000000
2018-02-28 12:55:11,0.00000391,10016.00000000
2018-02-28 12:55:12,0.00000391,422.00000000
2018-02-28 12:55:13,0.00000391,422.00000000
2018-02-28 12:55:14,0.00000391,422.00000000
2018-02-28 12:55:19,0.00000391,8658.00000000
2018-02-28 12:55:19,0.00000391,42675.00000000
2018-02-28 12:55:20,0.00000391,649.00000000
2018-02-28 12:55:22,0.00000391,280.00000000
2018-02-28 12:55:28,0.00000391,4417.00000000
2018-02-28 12:55:29,0.00000390,102877.00000000
2018-02-28 12:55:29,0.00000391,1273.00000000
2018-02-28 12:55:31,0.00000391,4000.00000000
2018-02-28 12:55:55,0.00000390,3000.00000000
2018-02-28 12:55:55,0.00000391,100443.00000000
2018-02-28 12:56:10,0.00000391,1363.00000000
2018-02-28 12:56:20,0.00000390,161389.00000000
2018-02-28 12:56:26,0.00000391,630.00000000
2018-02-28 12:56:38,0.00000391,6288.00000000
2018-02-28 12:56:40,0.00000391,2558.00000000
2018-02-28 12:56:41,0.00000391,189964.00000000
2018-02-28 12:56:43,0.00000391,4800.00000000
2018-02-28 12:56:43,0.00000391,36716.00000000
2018-02-28 12:56:44,0.00000391,29687.00000000
2018-02-28 12:56:47,0.00000391,23271.00000000
2018-02-28 12:56:51,0.00000390,247757.00000000
2018-02-28 12:56:58,0.00000390,10000.00000000
2018-02-28 12:57:03,0.00000390,127207.00000000
2018-02-28 12:57:03,0.00000390,14864.00000000
2018-02-28 12:57:04,0.00000391,3278.00000000
2018-02-28 12:57:04,0.00000391,992.00000000
2018-02-28 12:57:10,0.00000390,537962.00000000
2018-02-28 12:57:13,0.00000391,110110.00000000
2018-02-28 12:57:24,0.00000390,150000.00000000
2018-02-28 12:57:28,0.00000391,2300.00000000
2018-02-28 12:57:29,0.00000391,303.00000000
2018-02-28 12:57:31,0.00000391,333.00000000
2018-02-28 12:57:32,0.00000391,1000.00000000
2018-02-28 12:57:32,0.00000391,4557.00000000
2018-02-28 12:57:34,0.00000391,101441.00000000
2018-02-28 12:57:40,0.00000390,513.00000000
2018-02-28 12:57:41,0.00000390,4795.00000000
2018-02-28 12:57:43,0.00000390,166343.00000000
2018-02-28 12:57:46,0.00000390,4521.00000000
2018-02-28 12:57:47,0.00000391,1457.00000000
2018-02-28 12:57:48,0.00000391,2000.00000000
2018-02-28 12:57:58,0.00000390,167313.00000000
2018-02-28 12:58:01,0.00000391,10.00000000
2018-02-28 12:58:17,0.00000391,18240.00000000
2018-02-28 12:58:18,0.00000390,500.00000000
2018-02-28 12:58:23,0.00000391,211785.00000000
2018-02-28 12:58:31,0.00000391,13022.00000000
2018-02-28 12:58:33,0.00000391,860.00000000
2018-02-28 12:58:34,0.00000390,300.00000000
2018-02-28 12:58:46,0.00000391,2074.00000000
2018-02-28 12:58:46,0.00000391,50.00000000
2018-02-28 12:58:47,0.00000390,205883.00000000
2018-02-28 12:58:58,0.00000391,17000.00000000
2018-02-28 12:58:58,0.00000390,473.00000000
2018-02-28 12:59:00,0.00000391,1000.00000000
2018-02-28 12:59:00,0.00000391,3000.00000000
2018-02-28 12:59:04,0.00000391,144311.00000000
2018-02-28 12:59:05,0.00000391,10000.00000000
2018-02-28 12:59:07,0.00000390,116227.00000000
2018-02-28 12:59:13,0.00000390,53670.00000000
2018-02-28 12:59:15,0.00000391,1000.00000000
2018-02-28 12:59:17,0.00000390,1000.00000000
2018-02-28 12:59:17,0.00000391,18459.00000000
2018-02-28 12:59:21,0.00000390,56759.00000000
2018-02-28 12:59:24,0.00000391,1395.00000000
2018-02-28 12:59:25,0.00000390,32270.00000000
2018-02-28 12:59:29,0.00000390,21280.00000000
2018-02-28 12:59:33,0.00000391,300.00000000
2018-02-28 12:59:34,0.00000391,45000.00000000
2018-02-28 12:59:35,0.00000391,2558.00000000
2018-02-28 12:59:36,0.00000390,213212.00000000
2018-02-28 12:59:36,0.00000391,9.00000000
2018-02-28 12:59:36,0.00000391,18808.00000000
2018-02-28 12:59:38,0.00000391,2558.00000000
2018-02-28 12:59:42,0.00000391,144311.00000000
2018-02-28 12:59:44,0.00000391,35725.00000000
2018-02-28 12:59:59,0.00000391,1204.00000000
2018-02-28 12:59:59,0.00000391,300.00000000
