DATE,PRICE,VOLUME
2018-02-24 23:00:00,0.00000419,19805.00000000
2018-02-24 23:00:07,0.00000419,1334.00000000
2018-02-24 23:00:07,0.00000419,3634.00000000
2018-02-24 23:00:08,0.00000418,900.00000000
2018-02-24 23:00:14,0.00000419,629054.00000000
2018-02-24 23:00:16,0.00000419,72522.00000000
2018-02-24 23:00:17,0.00000419,346.00000000
2018-02-24 23:00:23,0.00000419,1391744.00000000
2018-02-24 23:00:24,0.00000419,9328.00000000
2018-02-24 23:00:26,0.00000419,40507.00000000
2018-02-24 23:00:26,0.00000419,53383.00000000
2018-02-24 23:00:34,0.00000419,38926.00000000
2018-02-24 23:00:35,0.00000419,11684.00000000
2018-02-24 23:00:39,0.00000419,1.00000000
2018-02-24 23:00:40,0.00000420,1122.00000000
2018-02-24 23:00:40,0.00000420,1630.00000000
2018-02-24 23:00:43,0.00000419,1705.00000000
2018-02-24 23:00:43,0.00000419,18999.00000000
2018-02-24 23:00:44,0.00000419,12138.00000000
2018-02-24 23:00:44,0.00000419,8838.00000000
2018-02-24 23:00:50,0.00000419,2559.00000000
2018-02-24 23:00:53,0.00000420,1735.00000000
2018-02-24 23:00:54,0.00000419,2559.00000000
2018-02-24 23:00:55,0.00000420,1.00000000
2018-02-24 23:00:58,0.00000420,573.00000000
2018-02-24 23:01:01,0.00000420,1172.00000000
2018-02-24 23:01:02,0.00000420,2171.00000000
2018-02-24 23:01:08,0.00000419,2583.00000000
2018-02-24 23:01:10,0.00000419,7831.00000000
2018-02-24 23:01:16,0.00000420,2189.00000000
2018-02-24 23:01:19,0.00000419,11552.00000000
2018-02-24 23:01:24,0.00000419,76823.00000000
2018-02-24 23:01:46,0.00000420,35.00000000
2018-02-24 23:01:46,0.00000420,519.00000000
2018-02-24 23:01:47,0.00000419,18999.00000000
2018-02-24 23:01:56,0.00000419,65237.00000000
2018-02-24 23:01:56,0.00000420,1861.00000000
2018-02-24 23:01:57,0.00000420,554.00000000
2018-02-24 23:02:04,0.00000419,1298.00000000
2018-02-24 23:02:08,0.00000420,1349.00000000
2018-02-24 23:02:13,0.00000420,107960.00000000
2018-02-24 23:02:13,0.00000420,2899.00000000
2018-02-24 23:02:13,0.00000420,10048.00000000
2018-02-24 23:02:27,0.00000420,61290.00000000
2018-02-24 23:02:30,0.00000420,2153.00000000
2018-02-24 23:02:35,0.00000420,644.00000000
2018-02-24 23:02:41,0.00000419,2037.00000000
2018-02-24 23:02:42,0.00000419,10.00000000
2018-02-24 23:02:50,0.00000419,5684.00000000
2018-02-24 23:02:52,0.00000419,18999.00000000
2018-02-24 23:02:52,0.00000420,7130.00000000
2018-02-24 23:02:56,0.00000420,511.00000000
2018-02-24 23:03:05,0.00000420,138329.00000000
2018-02-24 23:03:13,0.00000420,233000.00000000
2018-02-24 23:03:26,0.00000420,300.00000000
2018-02-24 23:03:27,0.00000420,502264.00000000
2018-02-24 23:03:36,0.00000419,1134.00000000
2018-02-24 23:03:43,0.00000419,5952.00000000
2018-02-24 23:03:46,0.00000420,5000.00000000
2018-02-24 23:03:52,0.00000419,52524.00000000
2018-02-24 23:03:57,0.00000419,9990.00000000
2018-02-24 23:04:08,0.00000420,554.00000000
2018-02-24 23:04:23,0.00000419,432.00000000
2018-02-24 23:04:23,0.00000419,4811.00000000
2018-02-24 23:04:23,0.00000419,50.00000000
2018-02-24 23:04:38,0.00000419,50000.00000000
2018-02-24 23:04:45,0.00000419,100797.00000000
2018-02-24 23:04:57,0.00000419,704.00000000
2018-02-24 23:05:00,0.00000420,220287.00000000
2018-02-24 23:05:02,0.00000419,1445.00000000
2018-02-24 23:05:03,0.00000420,16951.00000000
2018-02-24 23:05:05,0.00000420,2270.00000000
2018-02-24 23:05:06,0.00000420,1027.00000000
2018-02-24 23:05:06,0.00000420,531.00000000
2018-02-24 23:05:07,0.00000419,6000.00000000
2018-02-24 23:05:10,0.00000420,24974.00000000
2018-02-24 23:05:11,0.00000420,7492.00000000
2018-02-24 23:05:11,0.00000420,2497.00000000
2018-02-24 23:05:12,0.00000420,34311.00000000
2018-02-24 23:05:22,0.00000419,9999.00000000
2018-02-24 23:05:31,0.00000420,3254.00000000
2018-02-24 23:05:35,0.00000420,902.00000000
2018-02-24 23:05:40,0.00000420,8.00000000
2018-02-24 23:05:43,0.00000419,20374.00000000
2018-02-24 23:05:44,0.00000420,113747.00000000
2018-02-24 23:05:50,0.00000419,1.00000000
2018-02-24 23:05:55,0.00000420,9076.00000000
2018-02-24 23:06:03,0.00000420,600.00000000
2018-02-24 23:06:04,0.00000420,454027.00000000
2018-02-24 23:06:05,0.00000420,5000.00000000
2018-02-24 23:06:08,0.00000419,570.00000000
2018-02-24 23:06:08,0.00000420,480.00000000
2018-02-24 23:06:11,0.00000420,3457.00000000
2018-02-24 23:06:14,0.00000420,977.00000000
2018-02-24 23:06:15,0.00000419,14892.00000000
2018-02-24 23:06:15,0.00000419,46238.00000000
2018-02-24 23:06:17,0.00000419,1000.00000000
2018-02-24 23:06:21,0.00000420,976.00000000
2018-02-24 23:06:25,0.00000420,45050.00000000
2018-02-24 23:06:26,0.00000420,6982.00000000
2018-02-24 23:06:33,0.00000420,82461.00000000
2018-02-24 23:06:34,0.00000420,8813.00000000
2018-02-24 23:06:43,0.00000420,2454.00000000
2018-02-24 23:06:45,0.00000419,825.00000000
2018-02-24 23:06:47,0.00000419,85.00000000
2018-02-24 23:06:50,0.00000419,3596.00000000
2018-02-24 23:06:56,0.00000420,2000.00000000
2018-02-24 23:07:02,0.00000419,30000.00000000
2018-02-24 23:07:04,0.00000420,200.00000000
2018-02-24 23:07:07,0.00000419,343.00000000
2018-02-24 23:07:09,0.00000419,11511.00000000
2018-02-24 23:07:16,0.00000420,13276.00000000
2018-02-24 23:07:17,0.00000419,34929.00000000
2018-02-24 23:07:19,0.00000420,1251.00000000
2018-02-24 23:07:21,0.00000420,20000.00000000
2018-02-24 23:07:21,0.00000420,6873.00000000
2018-02-24 23:07:23,0.00000420,15320.00000000
2018-02-24 23:07:23,0.00000420,2292.00000000
2018-02-24 23:07:24,0.00000420,2500.00000000
2018-02-24 23:07:28,0.00000420,570.00000000
2018-02-24 23:07:31,0.00000420,55488.00000000
2018-02-24 23:07:32,0.00000419,60000.00000000
2018-02-24 23:07:38,0.00000419,3557.00000000
2018-02-24 23:07:39,0.00000419,1115.00000000
2018-02-24 23:07:49,0.00000420,8000.00000000
2018-02-24 23:07:53,0.00000419,16241.00000000
2018-02-24 23:07:56,0.00000419,1953.00000000
2018-02-24 23:07:59,0.00000419,1192.00000000
2018-02-24 23:08:00,0.00000420,80000.00000000
2018-02-24 23:08:00,0.00000419,2260.00000000
2018-02-24 23:08:02,0.00000419,197845.00000000
2018-02-24 23:08:04,0.00000419,1249.00000000
2018-02-24 23:08:06,0.00000419,435.00000000
2018-02-24 23:08:07,0.00000420,530.00000000
2018-02-24 23:08:08,0.00000420,2870.00000000
2018-02-24 23:08:10,0.00000420,1.00000000
2018-02-24 23:08:13,0.00000420,1008.00000000
2018-02-24 23:08:19,0.00000419,1.00000000
2018-02-24 23:08:19,0.00000420,5.00000000
2018-02-24 23:08:21,0.00000420,250.00000000
2018-02-24 23:08:23,0.00000420,161433.00000000
2018-02-24 23:08:24,0.00000419,9.00000000
2018-02-24 23:08:25,0.00000420,1.00000000
2018-02-24 23:08:27,0.00000419,463.00000000
2018-02-24 23:08:30,0.00000420,1.00000000
2018-02-24 23:08:36,0.00000420,2.00000000
2018-02-24 23:08:36,0.00000420,990.00000000
2018-02-24 23:08:40,0.00000420,2302.00000000
2018-02-24 23:08:42,0.00000420,16.00000000
2018-02-24 23:08:43,0.00000419,956.00000000
2018-02-24 23:08:46,0.00000419,831112.00000000
2018-02-24 23:08:48,0.00000420,2435.00000000
2018-02-24 23:08:55,0.00000419,1800.00000000
2018-02-24 23:08:57,0.00000420,10417.00000000
2018-02-24 23:09:01,0.00000420,4000.00000000
2018-02-24 23:09:03,0.00000419,23866.00000000
2018-02-24 23:09:03,0.00000420,70.00000000
2018-02-24 23:09:03,0.00000420,863.00000000
2018-02-24 23:09:05,0.00000419,13667.00000000
2018-02-24 23:09:09,0.00000420,867.00000000
2018-02-24 23:09:09,0.00000419,1.00000000
2018-02-24 23:09:09,0.00000419,89964.00000000
2018-02-24 23:09:11,0.00000419,2655.00000000
2018-02-24 23:09:13,0.00000420,291.00000000
2018-02-24 23:09:18,0.00000419,240.00000000
2018-02-24 23:09:22,0.00000419,19245.00000000
2018-02-24 23:09:25,0.00000419,14354.00000000
2018-02-24 23:09:34,0.00000419,2569.00000000
2018-02-24 23:09:37,0.00000419,7159.00000000
2018-02-24 23:09:37,0.00000419,7159.00000000
2018-02-24 23:09:37,0.00000419,7159.00000000
2018-02-24 23:09:37,0.00000419,7159.00000000
2018-02-24 23:09:37,0.00000419,4490.00000000
2018-02-24 23:09:38,0.00000419,5135.00000000
2018-02-24 23:09:42,0.00000419,839.00000000
2018-02-24 23:09:46,0.00000419,1085.00000000
2018-02-24 23:09:55,0.00000419,1.00000000
2018-02-24 23:09:55,0.00000419,80000.00000000
2018-02-24 23:09:56,0.00000419,4088.00000000
2018-02-24 23:10:00,0.00000420,24000.00000000
2018-02-24 23:10:03,0.00000420,951.00000000
2018-02-24 23:10:03,0.00000420,72981.00000000
2018-02-24 23:10:08,0.00000420,908.00000000
2018-02-24 23:10:10,0.00000419,1231.00000000
2018-02-24 23:10:18,0.00000419,197844.00000000
2018-02-24 23:10:19,0.00000419,822.00000000
2018-02-24 23:10:19,0.00000419,58264.00000000
2018-02-24 23:10:20,0.00000419,2387.00000000
2018-02-24 23:10:21,0.00000419,5117.00000000
2018-02-24 23:10:21,0.00000419,70.00000000
2018-02-24 23:10:36,0.00000418,823.00000000
2018-02-24 23:10:37,0.00000419,1774.00000000
2018-02-24 23:10:43,0.00000418,10000.00000000
2018-02-24 23:10:47,0.00000418,10000.00000000
2018-02-24 23:10:53,0.00000418,100000.00000000
2018-02-24 23:10:58,0.00000418,138053.00000000
2018-02-24 23:11:02,0.00000418,1512.00000000
2018-02-24 23:11:11,0.00000419,349554.00000000
2018-02-24 23:11:16,0.00000418,8.00000000
2018-02-24 23:11:19,0.00000419,83000.00000000
2018-02-24 23:11:19,0.00000418,1.00000000
2018-02-24 23:11:28,0.00000419,781.00000000
2018-02-24 23:11:30,0.00000419,18210.00000000
2018-02-24 23:11:31,0.00000418,9717.00000000
2018-02-24 23:11:35,0.00000420,2244.00000000
2018-02-24 23:11:41,0.00000420,2240.00000000
2018-02-24 23:11:43,0.00000420,15235.00000000
2018-02-24 23:11:43,0.00000419,302.00000000
2018-02-24 23:11:44,0.00000419,353.00000000
2018-02-24 23:11:45,0.00000420,8.00000000
2018-02-24 23:11:46,0.00000420,19493.00000000
2018-02-24 23:11:50,0.00000420,41998.00000000
2018-02-24 23:11:56,0.00000419,15983.00000000
2018-02-24 23:11:56,0.00000418,51778.00000000
2018-02-24 23:11:56,0.00000420,1046.00000000
2018-02-24 23:11:58,0.00000420,557938.00000000
2018-02-24 23:12:00,0.00000420,476.00000000
2018-02-24 23:12:00,0.00000419,1297.00000000
2018-02-24 23:12:01,0.00000419,23923.00000000
2018-02-24 23:12:01,0.00000419,11309.00000000
2018-02-24 23:12:01,0.00000419,13471.00000000
2018-02-24 23:12:01,0.00000420,126014.00000000
2018-02-24 23:12:04,0.00000420,46527.00000000
2018-02-24 23:12:08,0.00000420,3848.00000000
2018-02-24 23:12:12,0.00000419,2500.00000000
2018-02-24 23:12:14,0.00000420,1673.00000000
2018-02-24 23:12:17,0.00000419,681.00000000
2018-02-24 23:12:17,0.00000419,518.00000000
2018-02-24 23:12:17,0.00000419,1922.00000000
2018-02-24 23:12:20,0.00000420,3.00000000
2018-02-24 23:12:21,0.00000419,18.00000000
2018-02-24 23:12:21,0.00000419,479.00000000
2018-02-24 23:12:31,0.00000419,2724.00000000
2018-02-24 23:12:34,0.00000419,12000.00000000
2018-02-24 23:12:36,0.00000419,71010.00000000
2018-02-24 23:12:37,0.00000420,138487.00000000
2018-02-24 23:12:47,0.00000420,2500.00000000
2018-02-24 23:12:49,0.00000420,246.00000000
2018-02-24 23:12:53,0.00000420,58.00000000
2018-02-24 23:12:54,0.00000420,337.00000000
2018-02-24 23:12:59,0.00000420,1000.00000000
2018-02-24 23:13:00,0.00000419,1228.00000000
2018-02-24 23:13:01,0.00000419,2000.00000000
2018-02-24 23:13:08,0.00000419,1000.00000000
2018-02-24 23:13:14,0.00000419,1120.00000000
2018-02-24 23:13:14,0.00000420,500.00000000
2018-02-24 23:13:15,0.00000420,1000.00000000
2018-02-24 23:13:25,0.00000419,822.00000000
2018-02-24 23:13:26,0.00000419,25607.00000000
2018-02-24 23:13:31,0.00000419,3415.00000000
2018-02-24 23:13:34,0.00000420,97534.00000000
2018-02-24 23:13:52,0.00000420,121.00000000
2018-02-24 23:13:59,0.00000420,8.00000000
2018-02-24 23:14:07,0.00000420,2139.00000000
2018-02-24 23:14:17,0.00000419,1680.00000000
2018-02-24 23:14:19,0.00000419,1.00000000
2018-02-24 23:14:20,0.00000419,950.00000000
2018-02-24 23:14:27,0.00000420,20.00000000
2018-02-24 23:14:28,0.00000420,134207.00000000
2018-02-24 23:14:36,0.00000420,2743.00000000
2018-02-24 23:14:36,0.00000420,679.00000000
2018-02-24 23:14:40,0.00000420,11910.00000000
2018-02-24 23:14:41,0.00000420,311.00000000
2018-02-24 23:14:43,0.00000420,15.00000000
2018-02-24 23:14:48,0.00000420,400.00000000
2018-02-24 23:14:49,0.00000420,278.00000000
2018-02-24 23:14:53,0.00000419,1000.00000000
2018-02-24 23:14:56,0.00000419,17902.00000000
2018-02-24 23:15:11,0.00000419,130097.00000000
2018-02-24 23:15:11,0.00000419,2394.00000000
2018-02-24 23:15:14,0.00000419,247.00000000
2018-02-24 23:15:19,0.00000419,87658.00000000
2018-02-24 23:15:19,0.00000419,274.00000000
2018-02-24 23:15:26,0.00000419,14665.00000000
2018-02-24 23:15:43,0.00000419,5011.00000000
2018-02-24 23:15:47,0.00000420,190.00000000
2018-02-24 23:15:57,0.00000419,379.00000000
2018-02-24 23:15:59,0.00000420,39810.00000000
2018-02-24 23:16:04,0.00000420,5437.00000000
2018-02-24 23:16:25,0.00000420,8157.00000000
2018-02-24 23:16:31,0.00000420,100.00000000
2018-02-24 23:16:39,0.00000419,24038.00000000
2018-02-24 23:16:39,0.00000419,678.00000000
2018-02-24 23:16:39,0.00000419,1017.00000000
2018-02-24 23:16:40,0.00000419,24038.00000000
2018-02-24 23:16:41,0.00000419,18079.00000000
2018-02-24 23:16:41,0.00000419,4500.00000000
2018-02-24 23:16:42,0.00000419,2392.00000000
2018-02-24 23:16:43,0.00000419,2392.00000000
2018-02-24 23:16:45,0.00000419,1426.00000000
2018-02-24 23:16:50,0.00000419,1984.00000000
2018-02-24 23:16:51,0.00000419,117983.00000000
2018-02-24 23:16:58,0.00000420,12121.00000000
2018-02-24 23:17:22,0.00000419,100.00000000
2018-02-24 23:17:27,0.00000419,1147.00000000
2018-02-24 23:17:35,0.00000419,216.00000000
2018-02-24 23:17:41,0.00000419,89714.00000000
2018-02-24 23:17:54,0.00000419,2000.00000000
2018-02-24 23:17:57,0.00000420,913.00000000
2018-02-24 23:18:00,0.00000420,2608.00000000
2018-02-24 23:18:09,0.00000419,29591.00000000
2018-02-24 23:18:10,0.00000419,11962.00000000
2018-02-24 23:18:11,0.00000419,7699.00000000
2018-02-24 23:18:15,0.00000420,4.00000000
2018-02-24 23:18:20,0.00000419,5329.00000000
2018-02-24 23:18:20,0.00000419,1193.00000000
2018-02-24 23:18:25,0.00000419,130902.00000000
2018-02-24 23:18:25,0.00000419,33114.00000000
2018-02-24 23:18:26,0.00000419,23866.00000000
2018-02-24 23:18:26,0.00000419,9413.00000000
2018-02-24 23:18:29,0.00000419,1156.00000000
2018-02-24 23:18:39,0.00000419,289.00000000
2018-02-24 23:19:14,0.00000419,246.00000000
2018-02-24 23:19:15,0.00000419,197673.00000000
2018-02-24 23:19:19,0.00000420,146725.00000000
2018-02-24 23:19:21,0.00000419,404.00000000
2018-02-24 23:19:26,0.00000420,4394.00000000
2018-02-24 23:19:29,0.00000419,122949.00000000
2018-02-24 23:19:35,0.00000419,458.00000000
2018-02-24 23:19:36,0.00000419,388313.00000000
2018-02-24 23:19:42,0.00000420,261.00000000
2018-02-24 23:19:44,0.00000420,2076.00000000
2018-02-24 23:19:46,0.00000419,1015.00000000
2018-02-24 23:19:47,0.00000419,1886.00000000
2018-02-24 23:19:54,0.00000420,12000.00000000
2018-02-24 23:20:02,0.00000420,607.00000000
2018-02-24 23:20:03,0.00000420,13700.00000000
2018-02-24 23:20:09,0.00000419,2000.00000000
2018-02-24 23:20:27,0.00000419,500.00000000
2018-02-24 23:20:35,0.00000419,92553.00000000
2018-02-24 23:20:43,0.00000419,1122.00000000
2018-02-24 23:20:51,0.00000419,10299.00000000
2018-02-24 23:20:53,0.00000419,2000.00000000
2018-02-24 23:20:53,0.00000419,1248.00000000
2018-02-24 23:20:59,0.00000419,822.00000000
2018-02-24 23:21:09,0.00000419,10514.00000000
2018-02-24 23:21:12,0.00000419,4369.00000000
2018-02-24 23:21:21,0.00000419,133699.00000000
2018-02-24 23:21:21,0.00000420,82247.00000000
2018-02-24 23:21:30,0.00000420,1.00000000
2018-02-24 23:21:32,0.00000419,9218.00000000
2018-02-24 23:21:36,0.00000420,1.00000000
2018-02-24 23:21:40,0.00000420,1.00000000
2018-02-24 23:21:46,0.00000420,2.00000000
2018-02-24 23:21:48,0.00000419,50.00000000
2018-02-24 23:21:49,0.00000419,677.00000000
2018-02-24 23:21:50,0.00000420,3.00000000
2018-02-24 23:21:54,0.00000420,3.00000000
2018-02-24 23:21:55,0.00000419,30872.00000000
2018-02-24 23:21:58,0.00000419,1.00000000
2018-02-24 23:21:59,0.00000418,2000.00000000
2018-02-24 23:21:59,0.00000418,349205.00000000
2018-02-24 23:22:01,0.00000418,25788.00000000
2018-02-24 23:22:02,0.00000419,3.00000000
2018-02-24 23:22:06,0.00000419,1.00000000
2018-02-24 23:22:09,0.00000418,500.00000000
2018-02-24 23:22:10,0.00000418,11744.00000000
2018-02-24 23:22:12,0.00000419,143058.00000000
2018-02-24 23:22:14,0.00000419,933.00000000
2018-02-24 23:22:15,0.00000419,1.00000000
2018-02-24 23:22:16,0.00000419,5169.00000000
2018-02-24 23:22:16,0.00000420,106348.00000000
2018-02-24 23:22:19,0.00000420,212604.00000000
2018-02-24 23:22:20,0.00000418,8300.00000000
2018-02-24 23:22:22,0.00000419,10896.00000000
2018-02-24 23:22:22,0.00000420,83509.00000000
2018-02-24 23:22:23,0.00000419,5242.00000000
2018-02-24 23:22:31,0.00000419,35556.00000000
2018-02-24 23:22:37,0.00000419,78.00000000
2018-02-24 23:22:37,0.00000419,1400.00000000
2018-02-24 23:22:44,0.00000419,945.00000000
2018-02-24 23:22:57,0.00000420,250329.00000000
2018-02-24 23:22:58,0.00000419,477.00000000
2018-02-24 23:22:58,0.00000418,39688.00000000
2018-02-24 23:23:02,0.00000420,1771.00000000
2018-02-24 23:23:02,0.00000419,2100.00000000
2018-02-24 23:23:02,0.00000418,669.00000000
2018-02-24 23:23:07,0.00000419,695.00000000
2018-02-24 23:23:07,0.00000419,15512.00000000
2018-02-24 23:23:07,0.00000419,57352.00000000
2018-02-24 23:23:08,0.00000419,695.00000000
2018-02-24 23:23:09,0.00000419,1286.00000000
2018-02-24 23:23:13,0.00000419,55776.00000000
2018-02-24 23:23:20,0.00000419,19199.00000000
2018-02-24 23:23:23,0.00000420,81988.00000000
2018-02-24 23:23:23,0.00000420,35800.00000000
2018-02-24 23:23:24,0.00000420,20302.00000000
2018-02-24 23:23:26,0.00000420,6767.00000000
2018-02-24 23:23:39,0.00000420,487.00000000
2018-02-24 23:23:43,0.00000420,107155.00000000
2018-02-24 23:23:46,0.00000420,760.00000000
2018-02-24 23:23:47,0.00000420,2574.00000000
2018-02-24 23:23:50,0.00000420,6208.00000000
2018-02-24 23:23:58,0.00000419,124315.00000000
2018-02-24 23:24:15,0.00000419,287.00000000
2018-02-24 23:24:25,0.00000419,43980.00000000
2018-02-24 23:24:26,0.00000419,4909.00000000
2018-02-24 23:24:31,0.00000419,6809.00000000
2018-02-24 23:24:31,0.00000419,2628.00000000
2018-02-24 23:24:46,0.00000419,4732.00000000
2018-02-24 23:24:48,0.00000419,131620.00000000
2018-02-24 23:24:54,0.00000419,23866.00000000
2018-02-24 23:24:54,0.00000419,56156.00000000
2018-02-24 23:24:56,0.00000419,40501.00000000
2018-02-24 23:25:01,0.00000419,16054.00000000
2018-02-24 23:25:10,0.00000419,32534.00000000
2018-02-24 23:25:12,0.00000420,1000.00000000
2018-02-24 23:25:14,0.00000419,65.00000000
2018-02-24 23:25:14,0.00000419,6146.00000000
2018-02-24 23:25:18,0.00000419,65427.00000000
2018-02-24 23:25:19,0.00000419,13299.00000000
2018-02-24 23:25:19,0.00000419,3600.00000000
2018-02-24 23:25:22,0.00000419,961.00000000
2018-02-24 23:25:29,0.00000419,1211.00000000
2018-02-24 23:25:29,0.00000419,19903.00000000
2018-02-24 23:25:30,0.00000420,2386.00000000
2018-02-24 23:25:41,0.00000419,6310.00000000
2018-02-24 23:25:45,0.00000419,500.00000000
2018-02-24 23:25:45,0.00000419,17444.00000000
2018-02-24 23:25:49,0.00000419,35404.00000000
2018-02-24 23:25:54,0.00000419,2922.00000000
2018-02-24 23:26:01,0.00000419,8064.00000000
2018-02-24 23:26:09,0.00000418,501.00000000
2018-02-24 23:26:20,0.00000419,7425.00000000
2018-02-24 23:26:22,0.00000419,4539.00000000
2018-02-24 23:26:23,0.00000419,10826.00000000
2018-02-24 23:26:25,0.00000419,9.00000000
2018-02-24 23:26:41,0.00000419,2608.00000000
2018-02-24 23:26:44,0.00000418,5662.00000000
2018-02-24 23:26:46,0.00000418,141705.00000000
2018-02-24 23:26:47,0.00000419,636.00000000
2018-02-24 23:26:53,0.00000419,649.00000000
2018-02-24 23:26:56,0.00000418,2.00000000
2018-02-24 23:26:59,0.00000419,4443.00000000
2018-02-24 23:27:02,0.00000418,5884.00000000
2018-02-24 23:27:03,0.00000419,8478.00000000
2018-02-24 23:27:05,0.00000419,6763.00000000
2018-02-24 23:27:05,0.00000419,2666.00000000
2018-02-24 23:27:10,0.00000419,590.00000000
2018-02-24 23:27:11,0.00000419,23923.00000000
2018-02-24 23:27:11,0.00000419,14038.00000000
2018-02-24 23:27:12,0.00000419,8073.00000000
2018-02-24 23:27:13,0.00000419,17192.00000000
2018-02-24 23:27:14,0.00000419,378.00000000
2018-02-24 23:27:15,0.00000419,600.00000000
2018-02-24 23:27:18,0.00000419,300.00000000
2018-02-24 23:27:21,0.00000419,107155.00000000
2018-02-24 23:27:36,0.00000419,14557.00000000
2018-02-24 23:27:38,0.00000419,1800.00000000
2018-02-24 23:27:38,0.00000419,30645.00000000
2018-02-24 23:27:38,0.00000420,133653.00000000
2018-02-24 23:27:41,0.00000419,267.00000000
2018-02-24 23:27:44,0.00000419,2613.00000000
2018-02-24 23:27:49,0.00000419,482.00000000
2018-02-24 23:27:49,0.00000418,1508.00000000
2018-02-24 23:27:53,0.00000418,1.00000000
2018-02-24 23:28:00,0.00000419,27868.00000000
2018-02-24 23:28:02,0.00000418,15337.00000000
2018-02-24 23:28:04,0.00000418,355.00000000
2018-02-24 23:28:05,0.00000418,16975.00000000
2018-02-24 23:28:06,0.00000418,3504.00000000
2018-02-24 23:28:07,0.00000418,2485.00000000
2018-02-24 23:28:07,0.00000418,1.00000000
2018-02-24 23:28:14,0.00000418,2137.00000000
2018-02-24 23:28:14,0.00000418,81799.00000000
2018-02-24 23:28:15,0.00000418,750.00000000
2018-02-24 23:28:38,0.00000418,40967.00000000
2018-02-24 23:28:39,0.00000418,1000.00000000
2018-02-24 23:28:44,0.00000418,5000.00000000
2018-02-24 23:28:52,0.00000419,2400.00000000
2018-02-24 23:28:58,0.00000418,4133.00000000
2018-02-24 23:29:07,0.00000418,5.00000000
2018-02-24 23:29:10,0.00000418,20838.00000000
2018-02-24 23:29:16,0.00000419,39.00000000
2018-02-24 23:29:19,0.00000419,3184.00000000
2018-02-24 23:29:29,0.00000418,9417.00000000
2018-02-24 23:29:35,0.00000419,166210.00000000
2018-02-24 23:29:40,0.00000419,1074.00000000
2018-02-24 23:29:42,0.00000419,2000.00000000
2018-02-24 23:29:51,0.00000419,240.00000000
2018-02-24 23:29:57,0.00000419,28369.00000000
2018-02-24 23:30:01,0.00000419,10407.00000000
2018-02-24 23:30:02,0.00000418,1.00000000
2018-02-24 23:30:09,0.00000419,10000.00000000
2018-02-24 23:30:15,0.00000418,1.00000000
2018-02-24 23:30:18,0.00000418,1601.00000000
2018-02-24 23:30:21,0.00000418,1.00000000
2018-02-24 23:30:21,0.00000418,1.00000000
2018-02-24 23:30:26,0.00000418,1.00000000
2018-02-24 23:30:29,0.00000418,159577.00000000
2018-02-24 23:30:30,0.00000419,10718.00000000
2018-02-24 23:30:31,0.00000418,30430.00000000
2018-02-24 23:30:32,0.00000418,1.00000000
2018-02-24 23:30:32,0.00000418,4440.00000000
2018-02-24 23:30:34,0.00000419,287.00000000
2018-02-24 23:30:36,0.00000419,801.00000000
2018-02-24 23:30:37,0.00000418,894.00000000
2018-02-24 23:30:38,0.00000418,1.00000000
2018-02-24 23:30:44,0.00000418,26471.00000000
2018-02-24 23:30:45,0.00000419,637.00000000
2018-02-24 23:30:46,0.00000418,300.00000000
2018-02-24 23:30:47,0.00000418,15000.00000000
2018-02-24 23:30:50,0.00000418,1.00000000
2018-02-24 23:30:52,0.00000418,51356.00000000
2018-02-24 23:30:56,0.00000418,1.00000000
2018-02-24 23:31:05,0.00000418,3914.00000000
2018-02-24 23:31:05,0.00000418,1.00000000
2018-02-24 23:31:05,0.00000419,17561.00000000
2018-02-24 23:31:06,0.00000418,31783.00000000
2018-02-24 23:31:06,0.00000418,11746.00000000
2018-02-24 23:31:06,0.00000418,6024.00000000
2018-02-24 23:31:06,0.00000418,65039.00000000
2018-02-24 23:31:06,0.00000418,6721.00000000
2018-02-24 23:31:07,0.00000418,24858.00000000
2018-02-24 23:31:08,0.00000418,59278.00000000
2018-02-24 23:31:09,0.00000418,1914.00000000
2018-02-24 23:31:11,0.00000418,1.00000000
2018-02-24 23:31:13,0.00000418,26.00000000
2018-02-24 23:31:13,0.00000418,5231.00000000
2018-02-24 23:31:17,0.00000419,5798.00000000
2018-02-24 23:31:19,0.00000418,1.00000000
2018-02-24 23:31:24,0.00000418,58654.00000000
2018-02-24 23:31:25,0.00000418,11.00000000
2018-02-24 23:31:25,0.00000419,107890.00000000
2018-02-24 23:31:27,0.00000418,2336.00000000
2018-02-24 23:31:27,0.00000418,1.00000000
2018-02-24 23:31:28,0.00000419,575.00000000
2018-02-24 23:31:31,0.00000419,2443.00000000
2018-02-24 23:31:36,0.00000418,1.00000000
2018-02-24 23:31:40,0.00000418,1.00000000
2018-02-24 23:31:44,0.00000419,2590.00000000
2018-02-24 23:31:45,0.00000418,1.00000000
2018-02-24 23:31:50,0.00000419,24781.00000000
2018-02-24 23:31:50,0.00000418,1.00000000
2018-02-24 23:31:51,0.00000419,1136.00000000
2018-02-24 23:31:52,0.00000418,150000.00000000
2018-02-24 23:31:53,0.00000419,692.00000000
2018-02-24 23:31:54,0.00000418,1.00000000
2018-02-24 23:31:58,0.00000418,1.00000000
2018-02-24 23:31:58,0.00000418,2500.00000000
2018-02-24 23:32:01,0.00000418,1.00000000
2018-02-24 23:32:04,0.00000418,1.00000000
2018-02-24 23:32:07,0.00000418,1.00000000
2018-02-24 23:32:09,0.00000419,2147.00000000
2018-02-24 23:32:11,0.00000418,1.00000000
2018-02-24 23:32:13,0.00000418,30645.00000000
2018-02-24 23:32:15,0.00000418,162363.00000000
2018-02-24 23:32:15,0.00000418,1.00000000
2018-02-24 23:32:18,0.00000419,300.00000000
2018-02-24 23:32:19,0.00000418,1.00000000
2018-02-24 23:32:24,0.00000418,1.00000000
2018-02-24 23:32:27,0.00000418,300.00000000
2018-02-24 23:32:29,0.00000418,1.00000000
2018-02-24 23:32:34,0.00000418,1.00000000
2018-02-24 23:32:37,0.00000419,673.00000000
2018-02-24 23:32:38,0.00000418,1.00000000
2018-02-24 23:32:41,0.00000418,1.00000000
2018-02-24 23:32:45,0.00000418,1.00000000
2018-02-24 23:32:45,0.00000419,246.00000000
2018-02-24 23:32:58,0.00000419,8.00000000
2018-02-24 23:33:10,0.00000418,3.00000000
2018-02-24 23:33:13,0.00000419,60989.00000000
2018-02-24 23:33:24,0.00000418,1034.00000000
2018-02-24 23:33:29,0.00000419,12475.00000000
2018-02-24 23:33:33,0.00000419,2084.00000000
2018-02-24 23:33:33,0.00000418,3635.00000000
2018-02-24 23:33:42,0.00000419,102.00000000
2018-02-24 23:33:49,0.00000419,25000.00000000
2018-02-24 23:33:58,0.00000419,11816.00000000
2018-02-24 23:33:59,0.00000419,6516.00000000
2018-02-24 23:34:03,0.00000419,148735.00000000
2018-02-24 23:34:06,0.00000419,19215.00000000
2018-02-24 23:34:07,0.00000419,3350.00000000
2018-02-24 23:34:07,0.00000419,103142.00000000
2018-02-24 23:34:09,0.00000419,363.00000000
2018-02-24 23:34:09,0.00000418,3634.00000000
2018-02-24 23:34:10,0.00000418,1.00000000
2018-02-24 23:34:13,0.00000418,14859.00000000
2018-02-24 23:34:14,0.00000419,600.00000000
2018-02-24 23:34:16,0.00000419,25000.00000000
2018-02-24 23:34:18,0.00000418,4705.00000000
2018-02-24 23:34:22,0.00000418,1.00000000
2018-02-24 23:34:23,0.00000418,41270.00000000
2018-02-24 23:34:24,0.00000419,25000.00000000
2018-02-24 23:34:25,0.00000419,3828.00000000
2018-02-24 23:34:45,0.00000418,1.00000000
2018-02-24 23:34:47,0.00000418,10.00000000
2018-02-24 23:34:50,0.00000418,43579.00000000
2018-02-24 23:34:53,0.00000418,8.00000000
2018-02-24 23:34:54,0.00000418,140027.00000000
2018-02-24 23:34:56,0.00000419,95493.00000000
2018-02-24 23:34:58,0.00000418,3824.00000000
2018-02-24 23:34:59,0.00000418,10.00000000
2018-02-24 23:35:06,0.00000418,6155.00000000
2018-02-24 23:35:24,0.00000418,8860.00000000
2018-02-24 23:35:27,0.00000418,25000.00000000
2018-02-24 23:35:29,0.00000419,3327.00000000
2018-02-24 23:35:42,0.00000419,1309.00000000
2018-02-24 23:35:47,0.00000418,88223.00000000
2018-02-24 23:35:47,0.00000419,3949.00000000
2018-02-24 23:35:52,0.00000418,1084.00000000
2018-02-24 23:35:58,0.00000418,3120.00000000
2018-02-24 23:36:03,0.00000418,4121.00000000
2018-02-24 23:36:03,0.00000418,11091.00000000
2018-02-24 23:36:05,0.00000418,250.00000000
2018-02-24 23:36:08,0.00000418,1999.00000000
2018-02-24 23:36:09,0.00000418,92876.00000000
2018-02-24 23:36:37,0.00000418,137908.00000000
2018-02-24 23:36:45,0.00000418,6267.00000000
2018-02-24 23:36:52,0.00000418,599.00000000
2018-02-24 23:36:54,0.00000418,49945.00000000
2018-02-24 23:36:54,0.00000418,200.00000000
2018-02-24 23:37:02,0.00000418,970381.00000000
2018-02-24 23:37:04,0.00000418,799.00000000
2018-02-24 23:37:17,0.00000418,288.00000000
2018-02-24 23:37:22,0.00000419,567.00000000
2018-02-24 23:37:23,0.00000418,35967.00000000
2018-02-24 23:37:26,0.00000418,49332.00000000
2018-02-24 23:37:30,0.00000418,1457.00000000
2018-02-24 23:37:32,0.00000418,1689.00000000
2018-02-24 23:37:43,0.00000418,8908.00000000
2018-02-24 23:37:43,0.00000418,17362.00000000
2018-02-24 23:37:47,0.00000419,2108.00000000
2018-02-24 23:37:55,0.00000419,2842.00000000
2018-02-24 23:38:05,0.00000419,168526.00000000
2018-02-24 23:38:06,0.00000419,5759.00000000
2018-02-24 23:38:06,0.00000419,45514.00000000
2018-02-24 23:38:08,0.00000419,21000.00000000
2018-02-24 23:38:08,0.00000419,1000.00000000
2018-02-24 23:38:10,0.00000419,31248.00000000
2018-02-24 23:38:10,0.00000419,1315.00000000
2018-02-24 23:38:11,0.00000419,2016.00000000
2018-02-24 23:38:15,0.00000419,21000.00000000
2018-02-24 23:38:17,0.00000420,94694.00000000
2018-02-24 23:38:18,0.00000420,1429.00000000
2018-02-24 23:38:21,0.00000420,467.00000000
2018-02-24 23:38:22,0.00000419,635.00000000
2018-02-24 23:38:38,0.00000419,500.00000000
2018-02-24 23:38:39,0.00000420,1540.00000000
2018-02-24 23:38:42,0.00000419,15156.00000000
2018-02-24 23:38:53,0.00000420,500.00000000
2018-02-24 23:38:55,0.00000419,711.00000000
2018-02-24 23:38:58,0.00000419,21078.00000000
2018-02-24 23:39:01,0.00000420,48633.00000000
2018-02-24 23:39:01,0.00000420,22591.00000000
2018-02-24 23:39:04,0.00000419,851.00000000
2018-02-24 23:39:12,0.00000419,15291.00000000
2018-02-24 23:39:12,0.00000420,2184.00000000
2018-02-24 23:39:21,0.00000420,2338.00000000
2018-02-24 23:39:22,0.00000419,2133.00000000
2018-02-24 23:39:24,0.00000420,34520.00000000
2018-02-24 23:39:44,0.00000420,1782.00000000
2018-02-24 23:39:52,0.00000420,10961.00000000
2018-02-24 23:39:53,0.00000419,161078.00000000
2018-02-24 23:40:13,0.00000419,100196.00000000
2018-02-24 23:40:31,0.00000419,933.00000000
2018-02-24 23:40:41,0.00000420,97744.00000000
2018-02-24 23:40:45,0.00000419,5000.00000000
2018-02-24 23:40:58,0.00000420,11904.00000000
2018-02-24 23:41:05,0.00000420,96.00000000
2018-02-24 23:41:09,0.00000420,7000.00000000
2018-02-24 23:41:10,0.00000420,3970.00000000
2018-02-24 23:41:10,0.00000420,1.00000000
2018-02-24 23:41:11,0.00000419,500.00000000
2018-02-24 23:41:17,0.00000420,10000.00000000
2018-02-24 23:41:26,0.00000419,2000.00000000
2018-02-24 23:41:29,0.00000420,62384.00000000
2018-02-24 23:41:34,0.00000420,1000.00000000
2018-02-24 23:41:38,0.00000420,1.00000000
2018-02-24 23:41:40,0.00000420,510.00000000
2018-02-24 23:41:42,0.00000419,13000.00000000
2018-02-24 23:41:45,0.00000419,322.00000000
2018-02-24 23:41:54,0.00000419,13100.00000000
2018-02-24 23:42:03,0.00000419,250.00000000
2018-02-24 23:42:04,0.00000419,1293.00000000
2018-02-24 23:42:14,0.00000419,43084.00000000
2018-02-24 23:42:17,0.00000420,15.00000000
2018-02-24 23:42:23,0.00000420,599.00000000
2018-02-24 23:42:26,0.00000419,299.00000000
2018-02-24 23:42:39,0.00000419,143.00000000
2018-02-24 23:42:48,0.00000419,200.00000000
2018-02-24 23:42:51,0.00000419,5251.00000000
2018-02-24 23:42:51,0.00000420,4854.00000000
2018-02-24 23:42:53,0.00000419,100000.00000000
2018-02-24 23:42:57,0.00000420,126490.00000000
2018-02-24 23:43:02,0.00000420,5763.00000000
2018-02-24 23:43:15,0.00000419,11603.00000000
2018-02-24 23:43:18,0.00000419,1036.00000000
2018-02-24 23:43:20,0.00000420,3.00000000
2018-02-24 23:43:22,0.00000419,2000.00000000
2018-02-24 23:43:26,0.00000420,1050.00000000
2018-02-24 23:43:31,0.00000419,555.00000000
2018-02-24 23:43:34,0.00000419,2082.00000000
2018-02-24 23:43:37,0.00000419,662.00000000
2018-02-24 23:43:38,0.00000420,8000.00000000
2018-02-24 23:43:45,0.00000420,800.00000000
2018-02-24 23:43:45,0.00000420,12788.00000000
2018-02-24 23:43:46,0.00000419,100037.00000000
2018-02-24 23:43:55,0.00000419,5000.00000000
2018-02-24 23:44:02,0.00000420,1442.00000000
2018-02-24 23:44:04,0.00000419,3152.00000000
2018-02-24 23:44:05,0.00000420,357.00000000
2018-02-24 23:44:06,0.00000420,89.00000000
2018-02-24 23:44:08,0.00000420,30.00000000
2018-02-24 23:44:10,0.00000419,597.00000000
2018-02-24 23:44:12,0.00000419,19474.00000000
2018-02-24 23:44:33,0.00000420,86510.00000000
2018-02-24 23:44:37,0.00000420,2380.00000000
2018-02-24 23:44:41,0.00000420,25000.00000000
2018-02-24 23:44:42,0.00000419,11075.00000000
2018-02-24 23:45:01,0.00000420,6.00000000
2018-02-24 23:45:10,0.00000419,6244.00000000
2018-02-24 23:45:13,0.00000419,3806.00000000
2018-02-24 23:45:14,0.00000420,1000.00000000
2018-02-24 23:45:14,0.00000420,1207.00000000
2018-02-24 23:45:20,0.00000419,1035.00000000
2018-02-24 23:45:21,0.00000420,203.00000000
2018-02-24 23:45:29,0.00000420,170000.00000000
2018-02-24 23:45:32,0.00000419,98000.00000000
2018-02-24 23:45:33,0.00000420,2.00000000
2018-02-24 23:45:40,0.00000420,6.00000000
2018-02-24 23:45:44,0.00000420,761.00000000
2018-02-24 23:46:00,0.00000419,85615.00000000
2018-02-24 23:46:02,0.00000420,11.00000000
2018-02-24 23:46:08,0.00000420,500.00000000
2018-02-24 23:46:10,0.00000420,1444.00000000
2018-02-24 23:46:12,0.00000420,443.00000000
2018-02-24 23:46:21,0.00000420,40631.00000000
2018-02-24 23:46:25,0.00000420,2315.00000000
2018-02-24 23:46:28,0.00000419,20907.00000000
2018-02-24 23:46:33,0.00000420,39892.00000000
2018-02-24 23:46:34,0.00000420,1337.00000000
2018-02-24 23:46:36,0.00000420,9350.00000000
2018-02-24 23:46:49,0.00000420,17.00000000
2018-02-24 23:46:53,0.00000419,2430.00000000
2018-02-24 23:47:03,0.00000419,1227.00000000
2018-02-24 23:47:09,0.00000420,466.00000000
2018-02-24 23:47:11,0.00000419,5494.00000000
2018-02-24 23:47:13,0.00000420,116.00000000
2018-02-24 23:47:16,0.00000420,97586.00000000
2018-02-24 23:47:16,0.00000420,29.00000000
2018-02-24 23:47:18,0.00000419,7158.00000000
2018-02-24 23:47:18,0.00000419,7159.00000000
2018-02-24 23:47:18,0.00000419,7159.00000000
2018-02-24 23:47:18,0.00000419,17452.00000000
2018-02-24 23:47:18,0.00000420,7.00000000
2018-02-24 23:47:20,0.00000420,2.00000000
2018-02-24 23:47:37,0.00000420,11769.00000000
2018-02-24 23:47:38,0.00000420,1433.00000000
2018-02-24 23:47:39,0.00000419,3754.00000000
2018-02-24 23:47:49,0.00000419,8830.00000000
2018-02-24 23:47:58,0.00000420,6339.00000000
2018-02-24 23:48:05,0.00000420,4306.00000000
2018-02-24 23:48:07,0.00000420,1234.00000000
2018-02-24 23:48:10,0.00000419,948.00000000
2018-02-24 23:48:11,0.00000420,1190.00000000
2018-02-24 23:48:13,0.00000420,7778.00000000
2018-02-24 23:48:14,0.00000419,801.00000000
2018-02-24 23:48:14,0.00000419,25000.00000000
2018-02-24 23:48:17,0.00000419,160699.00000000
2018-02-24 23:48:19,0.00000419,6603.00000000
2018-02-24 23:48:24,0.00000420,18566.00000000
2018-02-24 23:48:30,0.00000419,16568.00000000
2018-02-24 23:48:34,0.00000420,335.00000000
2018-02-24 23:48:41,0.00000420,381.00000000
2018-02-24 23:48:42,0.00000419,100000.00000000
2018-02-24 23:48:43,0.00000420,126.00000000
2018-02-24 23:48:49,0.00000419,1185.00000000
2018-02-24 23:48:51,0.00000420,5937.00000000
2018-02-24 23:48:52,0.00000420,444.00000000
2018-02-24 23:48:52,0.00000420,83485.00000000
2018-02-24 23:48:54,0.00000420,422508.00000000
2018-02-24 23:48:56,0.00000420,4000.00000000
2018-02-24 23:48:58,0.00000420,1066.00000000
2018-02-24 23:49:02,0.00000420,477.00000000
2018-02-24 23:49:04,0.00000420,477.00000000
2018-02-24 23:49:05,0.00000421,2375.00000000
2018-02-24 23:49:07,0.00000421,1889.00000000
2018-02-24 23:49:08,0.00000421,28591.00000000
2018-02-24 23:49:12,0.00000420,2046.00000000
2018-02-24 23:49:12,0.00000420,47748.00000000
2018-02-24 23:49:14,0.00000420,11000.00000000
2018-02-24 23:49:14,0.00000420,11000.00000000
2018-02-24 23:49:21,0.00000421,324.00000000
2018-02-24 23:49:22,0.00000420,57124.00000000
2018-02-24 23:49:23,0.00000420,270.00000000
2018-02-24 23:49:28,0.00000420,25000.00000000
2018-02-24 23:49:30,0.00000420,23980.00000000
2018-02-24 23:49:36,0.00000420,491.00000000
2018-02-24 23:49:41,0.00000421,19.00000000
2018-02-24 23:49:49,0.00000421,2375.00000000
2018-02-24 23:49:50,0.00000421,5000.00000000
2018-02-24 23:49:52,0.00000420,2540.00000000
2018-02-24 23:49:52,0.00000420,1201.00000000
2018-02-24 23:49:54,0.00000421,8493.00000000
2018-02-24 23:49:56,0.00000421,2375.00000000
2018-02-24 23:49:58,0.00000420,2000.00000000
2018-02-24 23:49:59,0.00000421,655231.00000000
2018-02-24 23:50:03,0.00000420,120327.00000000
2018-02-24 23:50:03,0.00000421,7125.00000000
2018-02-24 23:50:07,0.00000420,3701.00000000
2018-02-24 23:50:10,0.00000421,1447.00000000
2018-02-24 23:50:10,0.00000420,1134.00000000
2018-02-24 23:50:12,0.00000420,6939.00000000
2018-02-24 23:50:18,0.00000421,250.00000000
2018-02-24 23:50:19,0.00000421,16364.00000000
2018-02-24 23:50:20,0.00000421,4909.00000000
2018-02-24 23:50:21,0.00000421,1636.00000000
2018-02-24 23:50:22,0.00000421,4667.00000000
2018-02-24 23:50:26,0.00000421,772.00000000
2018-02-24 23:50:28,0.00000420,1.00000000
2018-02-24 23:50:28,0.00000421,21058.00000000
2018-02-24 23:50:44,0.00000420,11557.00000000
2018-02-24 23:50:48,0.00000420,4534.00000000
2018-02-24 23:50:51,0.00000420,95838.00000000
2018-02-24 23:50:55,0.00000420,3872.00000000
2018-02-24 23:51:03,0.00000421,3464.00000000
2018-02-24 23:51:05,0.00000421,1754.00000000
2018-02-24 23:51:09,0.00000421,4507.00000000
2018-02-24 23:51:12,0.00000421,11.00000000
2018-02-24 23:51:18,0.00000421,12.00000000
2018-02-24 23:51:26,0.00000421,334.00000000
2018-02-24 23:51:35,0.00000420,37809.00000000
2018-02-24 23:51:37,0.00000420,19522.00000000
2018-02-24 23:51:40,0.00000421,110718.00000000
2018-02-24 23:51:41,0.00000420,4865.00000000
2018-02-24 23:51:43,0.00000421,2375.00000000
2018-02-24 23:51:50,0.00000421,4896.00000000
2018-02-24 23:52:01,0.00000420,274.00000000
2018-02-24 23:52:10,0.00000421,613.00000000
2018-02-24 23:52:16,0.00000420,14898.00000000
2018-02-24 23:52:18,0.00000420,1318.00000000
2018-02-24 23:52:22,0.00000420,2500.00000000
2018-02-24 23:52:24,0.00000421,86841.00000000
2018-02-24 23:52:30,0.00000420,105746.00000000
2018-02-24 23:52:46,0.00000420,1466.00000000
2018-02-24 23:52:52,0.00000420,1568.00000000
2018-02-24 23:53:03,0.00000421,382.00000000
2018-02-24 23:53:10,0.00000421,124693.00000000
2018-02-24 23:53:13,0.00000421,5466.00000000
2018-02-24 23:53:16,0.00000421,9923.00000000
2018-02-24 23:53:20,0.00000420,2497.00000000
2018-02-24 23:53:22,0.00000420,155797.00000000
2018-02-24 23:53:22,0.00000421,713.00000000
2018-02-24 23:53:27,0.00000421,37331.00000000
2018-02-24 23:53:31,0.00000421,17588.00000000
2018-02-24 23:53:45,0.00000420,1645.00000000
2018-02-24 23:53:50,0.00000421,2000.00000000
2018-02-24 23:53:52,0.00000421,490.00000000
2018-02-24 23:53:55,0.00000421,297.00000000
2018-02-24 23:54:00,0.00000421,16978.00000000
2018-02-24 23:54:09,0.00000421,20.00000000
2018-02-24 23:54:09,0.00000420,119242.00000000
2018-02-24 23:54:10,0.00000420,21728.00000000
2018-02-24 23:54:20,0.00000420,13000.00000000
2018-02-24 23:54:23,0.00000421,4493.00000000
2018-02-24 23:54:28,0.00000421,2121.00000000
2018-02-24 23:54:28,0.00000420,46413.00000000
2018-02-24 23:54:32,0.00000421,20.00000000
2018-02-24 23:54:34,0.00000420,1.00000000
2018-02-24 23:54:36,0.00000420,43982.00000000
2018-02-24 23:54:41,0.00000420,670.00000000
2018-02-24 23:54:41,0.00000420,8519.00000000
2018-02-24 23:54:51,0.00000421,120.00000000
2018-02-24 23:54:54,0.00000420,66110.00000000
2018-02-24 23:54:55,0.00000420,65360.00000000
2018-02-24 23:54:56,0.00000420,5972.00000000
2018-02-24 23:54:57,0.00000420,1363.00000000
2018-02-24 23:54:58,0.00000420,85758.00000000
2018-02-24 23:55:09,0.00000420,21112.00000000
2018-02-24 23:55:10,0.00000420,2842.00000000
2018-02-24 23:55:11,0.00000420,7500.00000000
2018-02-24 23:55:13,0.00000421,2375.00000000
2018-02-24 23:55:14,0.00000420,303.00000000
2018-02-24 23:55:16,0.00000420,39.00000000
2018-02-24 23:55:34,0.00000421,500.00000000
2018-02-24 23:55:59,0.00000421,129197.00000000
2018-02-24 23:56:06,0.00000421,12426.00000000
2018-02-24 23:56:10,0.00000421,6200.00000000
2018-02-24 23:56:28,0.00000421,1170.00000000
2018-02-24 23:56:31,0.00000420,18125.00000000
2018-02-24 23:56:37,0.00000421,33767.00000000
2018-02-24 23:56:39,0.00000420,1427.00000000
2018-02-24 23:56:41,0.00000421,25000.00000000
2018-02-24 23:56:43,0.00000421,37407.00000000
2018-02-24 23:56:43,0.00000421,12440.00000000
2018-02-24 23:56:44,0.00000420,2145.00000000
2018-02-24 23:56:45,0.00000421,1900.00000000
2018-02-24 23:57:02,0.00000421,1000.00000000
2018-02-24 23:57:05,0.00000420,1319.00000000
2018-02-24 23:57:07,0.00000420,475.00000000
2018-02-24 23:57:09,0.00000420,533.00000000
2018-02-24 23:57:10,0.00000420,34277.00000000
2018-02-24 23:57:11,0.00000420,639.00000000
2018-02-24 23:57:18,0.00000420,37000.00000000
2018-02-24 23:57:19,0.00000421,2375.00000000
2018-02-24 23:57:20,0.00000421,2437.00000000
2018-02-24 23:57:32,0.00000421,119.00000000
2018-02-24 23:57:33,0.00000420,1007.00000000
2018-02-24 23:57:33,0.00000420,500.00000000
2018-02-24 23:57:34,0.00000420,500.00000000
2018-02-24 23:57:42,0.00000420,16531.00000000
2018-02-24 23:57:43,0.00000420,20000.00000000
2018-02-24 23:57:44,0.00000420,2526.00000000
2018-02-24 23:57:45,0.00000420,88715.00000000
2018-02-24 23:57:45,0.00000421,884.00000000
2018-02-24 23:57:48,0.00000420,479.00000000
2018-02-24 23:57:56,0.00000420,23809.00000000
2018-02-24 23:57:56,0.00000420,48870.00000000
2018-02-24 23:57:57,0.00000420,880.00000000
2018-02-24 23:57:58,0.00000420,23809.00000000
2018-02-24 23:57:58,0.00000420,79964.00000000
2018-02-24 23:58:01,0.00000420,2704.00000000
2018-02-24 23:58:02,0.00000420,3460.00000000
2018-02-24 23:58:04,0.00000420,162350.00000000
2018-02-24 23:58:11,0.00000421,5420.00000000
2018-02-24 23:58:13,0.00000420,896.00000000
2018-02-24 23:58:26,0.00000421,19.00000000
2018-02-24 23:58:29,0.00000420,1000.00000000
2018-02-24 23:58:30,0.00000421,1171.00000000
2018-02-24 23:58:36,0.00000420,3582.00000000
2018-02-24 23:58:42,0.00000421,55006.00000000
2018-02-24 23:58:42,0.00000420,108891.00000000
2018-02-24 23:58:53,0.00000421,176.00000000
2018-02-24 23:58:56,0.00000420,8000.00000000
2018-02-24 23:59:17,0.00000420,276.00000000
2018-02-24 23:59:30,0.00000420,25000.00000000
2018-02-24 23:59:34,0.00000421,147560.00000000
2018-02-24 23:59:36,0.00000421,11030.00000000
2018-02-24 23:59:41,0.00000421,448.00000000
2018-02-24 23:59:41,0.00000421,9257.00000000
2018-02-24 23:59:46,0.00000420,4000.00000000
