DATE,PRICE,VOLUME
2018-03-01 06:00:06,0.00000416,117.00000000
2018-03-01 06:00:06,0.00000416,2539.00000000
2018-03-01 06:00:07,0.00000415,679.00000000
2018-03-01 06:00:08,0.00000415,114550.00000000
2018-03-01 06:00:08,0.00000415,1536.00000000
2018-03-01 06:00:08,0.00000415,1537.00000000
2018-03-01 06:00:08,0.00000415,2404.00000000
2018-03-01 06:00:08,0.00000415,2403.00000000
2018-03-01 06:00:08,0.00000415,2404.00000000
2018-03-01 06:00:08,0.00000415,855.00000000
2018-03-01 06:00:08,0.00000415,855.00000000
2018-03-01 06:00:08,0.00000414,1549.00000000
2018-03-01 06:00:08,0.00000415,679.00000000
2018-03-01 06:00:09,0.00000415,679.00000000
2018-03-01 06:00:10,0.00000415,679.00000000
2018-03-01 06:00:11,0.00000415,2415.00000000
2018-03-01 06:00:11,0.00000415,4477.00000000
2018-03-01 06:00:19,0.00000415,16985.00000000
2018-03-01 06:00:23,0.00000415,44958.00000000
2018-03-01 06:00:23,0.00000415,93985.00000000
2018-03-01 06:00:23,0.00000416,93985.00000000
2018-03-01 06:00:26,0.00000416,500.00000000
2018-03-01 06:00:26,0.00000415,535.00000000
2018-03-01 06:00:27,0.00000416,602.00000000
2018-03-01 06:00:27,0.00000415,962.00000000
2018-03-01 06:00:27,0.00000414,28472.00000000
2018-03-01 06:00:30,0.00000416,274.00000000
2018-03-01 06:00:31,0.00000415,3812.00000000
2018-03-01 06:00:31,0.00000414,8090.00000000
2018-03-01 06:00:34,0.00000415,2040.00000000
2018-03-01 06:00:34,0.00000415,375.00000000
2018-03-01 06:00:34,0.00000416,213226.00000000
2018-03-01 06:00:35,0.00000415,2236.00000000
2018-03-01 06:00:38,0.00000416,9753.00000000
2018-03-01 06:00:39,0.00000415,70.00000000
2018-03-01 06:00:39,0.00000415,1893.00000000
2018-03-01 06:00:39,0.00000415,7549.00000000
2018-03-01 06:00:39,0.00000414,9000.00000000
2018-03-01 06:00:43,0.00000415,952.00000000
2018-03-01 06:00:43,0.00000415,6634.00000000
2018-03-01 06:00:43,0.00000415,378561.00000000
2018-03-01 06:00:43,0.00000415,7586.00000000
2018-03-01 06:00:44,0.00000415,13000.00000000
2018-03-01 06:00:45,0.00000415,5014.00000000
2018-03-01 06:00:45,0.00000415,2910.00000000
2018-03-01 06:00:49,0.00000414,9497.00000000
2018-03-01 06:00:50,0.00000415,9800.00000000
2018-03-01 06:00:50,0.00000414,6329.00000000
2018-03-01 06:00:51,0.00000415,11888.00000000
2018-03-01 06:00:52,0.00000415,5582.00000000
2018-03-01 06:00:52,0.00000415,11888.00000000
2018-03-01 06:00:53,0.00000415,5355.00000000
2018-03-01 06:00:53,0.00000415,2462.00000000
2018-03-01 06:00:53,0.00000415,12055.00000000
2018-03-01 06:00:53,0.00000415,2592.00000000
2018-03-01 06:00:53,0.00000415,2585.00000000
2018-03-01 06:00:54,0.00000415,13611.00000000
2018-03-01 06:00:54,0.00000415,1957.00000000
2018-03-01 06:00:54,0.00000415,358.00000000
2018-03-01 06:00:56,0.00000415,9800.00000000
2018-03-01 06:00:56,0.00000415,1.00000000
2018-03-01 06:00:57,0.00000415,6651.00000000
2018-03-01 06:00:58,0.00000414,555.00000000
2018-03-01 06:01:01,0.00000415,16866.00000000
2018-03-01 06:01:06,0.00000415,1229.00000000
2018-03-01 06:01:07,0.00000415,4030.00000000
2018-03-01 06:01:07,0.00000415,655.00000000
2018-03-01 06:01:07,0.00000415,2409.00000000
2018-03-01 06:01:07,0.00000414,163611.00000000
2018-03-01 06:01:08,0.00000415,4345.00000000
2018-03-01 06:01:08,0.00000415,395.00000000
2018-03-01 06:01:08,0.00000415,2607.00000000
2018-03-01 06:01:08,0.00000415,2607.00000000
2018-03-01 06:01:09,0.00000415,1529.00000000
2018-03-01 06:01:09,0.00000415,10441.00000000
2018-03-01 06:01:17,0.00000415,4405.00000000
2018-03-01 06:01:19,0.00000415,2508.00000000
2018-03-01 06:01:20,0.00000415,2920.00000000
2018-03-01 06:01:31,0.00000415,102314.00000000
2018-03-01 06:01:32,0.00000415,8977.00000000
2018-03-01 06:01:36,0.00000415,6415.00000000
2018-03-01 06:01:43,0.00000415,520.00000000
2018-03-01 06:01:46,0.00000415,3685.00000000
2018-03-01 06:01:53,0.00000416,161303.00000000
2018-03-01 06:02:01,0.00000415,1509.00000000
2018-03-01 06:02:05,0.00000415,9585.00000000
2018-03-01 06:02:11,0.00000415,39760.00000000
2018-03-01 06:02:13,0.00000416,1161.00000000
2018-03-01 06:02:21,0.00000416,122688.00000000
2018-03-01 06:02:25,0.00000415,70000.00000000
2018-03-01 06:02:29,0.00000416,500.00000000
2018-03-01 06:02:34,0.00000416,1.00000000
2018-03-01 06:02:34,0.00000416,9062.00000000
2018-03-01 06:02:35,0.00000416,110973.00000000
2018-03-01 06:02:42,0.00000416,15553.00000000
2018-03-01 06:02:42,0.00000416,24628.00000000
2018-03-01 06:02:45,0.00000415,143788.00000000
2018-03-01 06:02:50,0.00000416,10.00000000
2018-03-01 06:02:51,0.00000415,77943.00000000
2018-03-01 06:02:52,0.00000416,1809.00000000
2018-03-01 06:02:53,0.00000415,13890.00000000
2018-03-01 06:03:08,0.00000415,5000.00000000
2018-03-01 06:03:13,0.00000415,175623.00000000
2018-03-01 06:03:24,0.00000416,24022.00000000
2018-03-01 06:03:25,0.00000415,27309.00000000
2018-03-01 06:03:30,0.00000416,33351.00000000
2018-03-01 06:03:30,0.00000415,2227.00000000
2018-03-01 06:03:32,0.00000416,158143.00000000
2018-03-01 06:03:39,0.00000415,800.00000000
2018-03-01 06:03:39,0.00000416,43215.00000000
2018-03-01 06:03:42,0.00000415,3644.00000000
2018-03-01 06:03:48,0.00000415,433.00000000
2018-03-01 06:03:51,0.00000415,1700.00000000
2018-03-01 06:03:58,0.00000415,133996.00000000
2018-03-01 06:04:00,0.00000416,121983.00000000
2018-03-01 06:04:00,0.00000415,20000.00000000
2018-03-01 06:04:02,0.00000415,2500.00000000
2018-03-01 06:04:02,0.00000415,2500.00000000
2018-03-01 06:04:03,0.00000415,2500.00000000
2018-03-01 06:04:04,0.00000415,2500.00000000
2018-03-01 06:04:05,0.00000415,2248.00000000
2018-03-01 06:04:05,0.00000415,2500.00000000
2018-03-01 06:04:06,0.00000415,2500.00000000
2018-03-01 06:04:07,0.00000415,2500.00000000
2018-03-01 06:04:07,0.00000415,1306.00000000
2018-03-01 06:04:08,0.00000415,2500.00000000
2018-03-01 06:04:09,0.00000415,15707.00000000
2018-03-01 06:04:09,0.00000415,2500.00000000
2018-03-01 06:04:10,0.00000415,2500.00000000
2018-03-01 06:04:11,0.00000415,2500.00000000
2018-03-01 06:04:12,0.00000415,2500.00000000
2018-03-01 06:04:13,0.00000415,240805.00000000
2018-03-01 06:04:13,0.00000415,2500.00000000
2018-03-01 06:04:14,0.00000415,2500.00000000
2018-03-01 06:04:15,0.00000415,2500.00000000
2018-03-01 06:04:16,0.00000415,2500.00000000
2018-03-01 06:04:17,0.00000415,2500.00000000
2018-03-01 06:04:18,0.00000415,2500.00000000
2018-03-01 06:04:19,0.00000415,2500.00000000
2018-03-01 06:04:20,0.00000415,2500.00000000
2018-03-01 06:04:21,0.00000415,2500.00000000
2018-03-01 06:04:22,0.00000415,2500.00000000
2018-03-01 06:04:23,0.00000415,200399.00000000
2018-03-01 06:04:23,0.00000415,2500.00000000
2018-03-01 06:04:24,0.00000415,2500.00000000
2018-03-01 06:04:25,0.00000416,148380.00000000
2018-03-01 06:04:25,0.00000415,2500.00000000
2018-03-01 06:04:26,0.00000415,2500.00000000
2018-03-01 06:04:26,0.00000415,687.00000000
2018-03-01 06:04:27,0.00000415,2500.00000000
2018-03-01 06:04:28,0.00000415,2500.00000000
2018-03-01 06:04:29,0.00000415,2500.00000000
2018-03-01 06:04:30,0.00000415,2500.00000000
2018-03-01 06:04:31,0.00000415,2500.00000000
2018-03-01 06:04:32,0.00000415,2500.00000000
2018-03-01 06:04:33,0.00000415,2500.00000000
2018-03-01 06:04:34,0.00000415,2500.00000000
2018-03-01 06:04:35,0.00000415,9800.00000000
2018-03-01 06:04:36,0.00000415,2500.00000000
2018-03-01 06:04:36,0.00000415,2500.00000000
2018-03-01 06:04:40,0.00000415,26498.00000000
2018-03-01 06:04:42,0.00000416,217.00000000
2018-03-01 06:04:43,0.00000415,2031.00000000
2018-03-01 06:04:50,0.00000415,9007.00000000
2018-03-01 06:04:52,0.00000415,581.00000000
2018-03-01 06:04:52,0.00000415,119524.00000000
2018-03-01 06:04:52,0.00000415,7607.00000000
2018-03-01 06:04:52,0.00000415,8261.00000000
2018-03-01 06:04:53,0.00000415,43299.00000000
2018-03-01 06:05:00,0.00000414,43972.00000000
2018-03-01 06:05:05,0.00000415,4.00000000
2018-03-01 06:05:05,0.00000414,23467.00000000
2018-03-01 06:05:07,0.00000415,244.00000000
2018-03-01 06:05:07,0.00000415,55164.00000000
2018-03-01 06:05:12,0.00000415,638742.00000000
2018-03-01 06:05:14,0.00000415,1590.00000000
2018-03-01 06:05:14,0.00000415,2724.00000000
2018-03-01 06:05:20,0.00000415,3003.00000000
2018-03-01 06:05:20,0.00000415,532028.00000000
2018-03-01 06:05:21,0.00000415,1503.00000000
2018-03-01 06:05:22,0.00000415,13683.00000000
2018-03-01 06:05:22,0.00000415,2403.00000000
2018-03-01 06:05:22,0.00000415,7741.00000000
2018-03-01 06:05:22,0.00000414,2403.00000000
2018-03-01 06:05:40,0.00000415,1000.00000000
2018-03-01 06:05:40,0.00000415,6204.00000000
2018-03-01 06:05:40,0.00000414,37425.00000000
2018-03-01 06:05:45,0.00000415,4588.00000000
2018-03-01 06:05:48,0.00000414,103309.00000000
2018-03-01 06:05:50,0.00000415,1039.00000000
2018-03-01 06:06:01,0.00000415,278778.00000000
2018-03-01 06:06:10,0.00000415,19394.00000000
2018-03-01 06:06:11,0.00000415,11.00000000
2018-03-01 06:06:15,0.00000414,179359.00000000
2018-03-01 06:06:19,0.00000415,1914.00000000
2018-03-01 06:06:20,0.00000414,4007.00000000
2018-03-01 06:06:25,0.00000414,3000.00000000
2018-03-01 06:06:26,0.00000414,94863.00000000
2018-03-01 06:06:29,0.00000414,7064.00000000
2018-03-01 06:06:30,0.00000414,9500.00000000
2018-03-01 06:06:36,0.00000414,111528.00000000
2018-03-01 06:06:37,0.00000414,8860.00000000
2018-03-01 06:06:39,0.00000414,26360.00000000
2018-03-01 06:06:42,0.00000414,6641.00000000
2018-03-01 06:06:43,0.00000415,204263.00000000
2018-03-01 06:06:47,0.00000414,646.00000000
2018-03-01 06:06:54,0.00000415,2366.00000000
2018-03-01 06:06:54,0.00000415,52813.00000000
2018-03-01 06:06:55,0.00000414,40315.00000000
2018-03-01 06:06:56,0.00000414,1233.00000000
2018-03-01 06:06:56,0.00000415,1960.00000000
2018-03-01 06:07:01,0.00000415,15510.00000000
2018-03-01 06:07:05,0.00000414,165495.00000000
2018-03-01 06:07:06,0.00000414,284.00000000
2018-03-01 06:07:07,0.00000415,4358.00000000
2018-03-01 06:07:09,0.00000415,666.00000000
2018-03-01 06:07:12,0.00000415,2497.00000000
2018-03-01 06:07:13,0.00000415,15.00000000
2018-03-01 06:07:17,0.00000415,3464.00000000
2018-03-01 06:07:22,0.00000414,2095.00000000
2018-03-01 06:07:24,0.00000415,17061.00000000
2018-03-01 06:07:24,0.00000415,1067.00000000
2018-03-01 06:07:26,0.00000414,1066323.00000000
2018-03-01 06:07:27,0.00000415,190436.00000000
2018-03-01 06:07:31,0.00000415,1.00000000
2018-03-01 06:07:32,0.00000415,1584.00000000
2018-03-01 06:07:43,0.00000414,8968.00000000
2018-03-01 06:07:47,0.00000415,55534.00000000
2018-03-01 06:07:52,0.00000415,1.00000000
2018-03-01 06:07:53,0.00000415,151742.00000000
2018-03-01 06:07:53,0.00000414,4387.00000000
2018-03-01 06:07:54,0.00000415,5688.00000000
2018-03-01 06:07:59,0.00000414,1000.00000000
2018-03-01 06:08:00,0.00000415,2248.00000000
2018-03-01 06:08:00,0.00000415,157340.00000000
2018-03-01 06:08:07,0.00000414,14406.00000000
2018-03-01 06:08:10,0.00000414,29551.00000000
2018-03-01 06:08:11,0.00000415,267592.00000000
2018-03-01 06:08:16,0.00000414,147411.00000000
2018-03-01 06:08:34,0.00000414,272.00000000
2018-03-01 06:08:36,0.00000414,10000.00000000
2018-03-01 06:08:38,0.00000414,6559.00000000
2018-03-01 06:08:39,0.00000415,487218.00000000
2018-03-01 06:08:43,0.00000414,10.00000000
2018-03-01 06:08:44,0.00000414,99836.00000000
2018-03-01 06:08:44,0.00000415,253935.00000000
2018-03-01 06:08:45,0.00000414,4707.00000000
2018-03-01 06:08:46,0.00000414,143234.00000000
2018-03-01 06:08:49,0.00000414,886.00000000
2018-03-01 06:08:49,0.00000414,1080.00000000
2018-03-01 06:08:50,0.00000415,6726.00000000
2018-03-01 06:08:52,0.00000414,250.00000000
2018-03-01 06:08:52,0.00000414,55764.00000000
2018-03-01 06:08:54,0.00000414,1203.00000000
2018-03-01 06:08:55,0.00000415,75145.00000000
2018-03-01 06:09:01,0.00000415,4000.00000000
2018-03-01 06:09:02,0.00000414,8.00000000
2018-03-01 06:09:03,0.00000414,3122.00000000
2018-03-01 06:09:07,0.00000415,49786.00000000
2018-03-01 06:09:12,0.00000414,118425.00000000
2018-03-01 06:09:15,0.00000415,37442.00000000
2018-03-01 06:09:17,0.00000414,1250.00000000
2018-03-01 06:09:18,0.00000415,2000.00000000
2018-03-01 06:09:26,0.00000415,6029.00000000
2018-03-01 06:09:26,0.00000415,31508.00000000
2018-03-01 06:09:26,0.00000414,298.00000000
2018-03-01 06:09:30,0.00000415,13729.00000000
2018-03-01 06:09:32,0.00000414,1008.00000000
2018-03-01 06:09:32,0.00000414,200.00000000
2018-03-01 06:09:35,0.00000414,866737.00000000
2018-03-01 06:09:39,0.00000415,89716.00000000
2018-03-01 06:09:39,0.00000415,3531.00000000
2018-03-01 06:09:42,0.00000415,2730.00000000
2018-03-01 06:09:44,0.00000415,258.00000000
2018-03-01 06:09:46,0.00000416,168073.00000000
2018-03-01 06:09:47,0.00000415,5682.00000000
2018-03-01 06:09:51,0.00000415,31997.00000000
2018-03-01 06:09:53,0.00000415,3750.00000000
2018-03-01 06:09:53,0.00000415,382.00000000
2018-03-01 06:10:02,0.00000416,1900.00000000
2018-03-01 06:10:09,0.00000416,560.00000000
2018-03-01 06:10:12,0.00000416,171007.00000000
2018-03-01 06:10:20,0.00000416,188499.00000000
2018-03-01 06:10:21,0.00000415,124221.00000000
2018-03-01 06:10:26,0.00000415,17035.00000000
2018-03-01 06:10:27,0.00000415,9174.00000000
2018-03-01 06:10:31,0.00000415,94274.00000000
2018-03-01 06:10:32,0.00000415,3.00000000
2018-03-01 06:10:36,0.00000415,3754.00000000
2018-03-01 06:10:36,0.00000414,148629.00000000
2018-03-01 06:10:37,0.00000415,5559.00000000
2018-03-01 06:10:39,0.00000415,1619.00000000
2018-03-01 06:10:42,0.00000414,279.00000000
2018-03-01 06:10:42,0.00000415,54153.00000000
2018-03-01 06:10:42,0.00000416,216.00000000
2018-03-01 06:10:48,0.00000416,3851.00000000
2018-03-01 06:10:49,0.00000416,373.00000000
2018-03-01 06:10:50,0.00000415,569.00000000
2018-03-01 06:10:53,0.00000415,398.00000000
2018-03-01 06:10:56,0.00000416,102035.00000000
2018-03-01 06:11:01,0.00000416,4027.00000000
2018-03-01 06:11:06,0.00000416,4960.00000000
2018-03-01 06:11:13,0.00000416,297.00000000
2018-03-01 06:11:13,0.00000416,564.00000000
2018-03-01 06:11:15,0.00000416,190936.00000000
2018-03-01 06:11:18,0.00000415,10000.00000000
2018-03-01 06:11:20,0.00000415,1273.00000000
2018-03-01 06:11:23,0.00000415,67271.00000000
2018-03-01 06:11:23,0.00000415,149367.00000000
2018-03-01 06:11:36,0.00000415,1000.00000000
2018-03-01 06:11:42,0.00000416,141335.00000000
2018-03-01 06:11:49,0.00000415,20720.00000000
2018-03-01 06:11:50,0.00000416,43804.00000000
2018-03-01 06:11:50,0.00000415,4104.00000000
2018-03-01 06:11:57,0.00000415,5000.00000000
2018-03-01 06:12:04,0.00000415,215158.00000000
2018-03-01 06:12:16,0.00000415,19277.00000000
2018-03-01 06:12:16,0.00000416,381.00000000
2018-03-01 06:12:21,0.00000416,180720.00000000
2018-03-01 06:12:33,0.00000416,2403.00000000
2018-03-01 06:12:34,0.00000416,952.00000000
2018-03-01 06:12:39,0.00000415,7893.00000000
2018-03-01 06:12:39,0.00000416,14418.00000000
2018-03-01 06:12:49,0.00000416,106158.00000000
2018-03-01 06:12:49,0.00000416,1616.00000000
2018-03-01 06:12:49,0.00000415,708.00000000
2018-03-01 06:12:56,0.00000415,690.00000000
2018-03-01 06:12:58,0.00000416,639.00000000
2018-03-01 06:13:03,0.00000416,2077.00000000
2018-03-01 06:13:05,0.00000415,253.00000000
2018-03-01 06:13:12,0.00000415,102051.00000000
2018-03-01 06:13:13,0.00000415,2698.00000000
2018-03-01 06:13:13,0.00000416,472.00000000
2018-03-01 06:13:17,0.00000415,2774.00000000
2018-03-01 06:13:25,0.00000415,864.00000000
2018-03-01 06:13:29,0.00000415,283.00000000
2018-03-01 06:13:34,0.00000415,2.00000000
2018-03-01 06:13:35,0.00000415,976.00000000
2018-03-01 06:13:36,0.00000415,24154.00000000
2018-03-01 06:13:36,0.00000415,23228.00000000
2018-03-01 06:13:37,0.00000415,3063.00000000
2018-03-01 06:13:37,0.00000415,3063.00000000
2018-03-01 06:13:37,0.00000415,112.00000000
2018-03-01 06:13:38,0.00000415,10622.00000000
2018-03-01 06:13:39,0.00000415,4276.00000000
2018-03-01 06:13:39,0.00000415,9100.00000000
2018-03-01 06:13:40,0.00000415,3510.00000000
2018-03-01 06:13:45,0.00000415,4113.00000000
2018-03-01 06:13:45,0.00000415,14004.00000000
2018-03-01 06:13:45,0.00000415,30829.00000000
2018-03-01 06:13:45,0.00000415,57723.00000000
2018-03-01 06:13:46,0.00000415,816.00000000
2018-03-01 06:13:49,0.00000416,17990.00000000
2018-03-01 06:13:50,0.00000415,4781.00000000
2018-03-01 06:13:58,0.00000416,4100.00000000
2018-03-01 06:14:03,0.00000415,1474.00000000
2018-03-01 06:14:08,0.00000416,689.00000000
2018-03-01 06:14:08,0.00000415,2000.00000000
2018-03-01 06:14:09,0.00000415,6263.00000000
2018-03-01 06:14:13,0.00000415,55838.00000000
2018-03-01 06:14:14,0.00000415,125554.00000000
2018-03-01 06:14:16,0.00000415,289.00000000
2018-03-01 06:14:18,0.00000415,499.00000000
2018-03-01 06:14:18,0.00000416,4699.00000000
2018-03-01 06:14:32,0.00000416,7675.00000000
2018-03-01 06:14:33,0.00000416,34895.00000000
2018-03-01 06:14:40,0.00000415,104338.00000000
2018-03-01 06:14:41,0.00000416,196696.00000000
2018-03-01 06:14:41,0.00000415,517.00000000
2018-03-01 06:14:43,0.00000415,139895.00000000
2018-03-01 06:14:44,0.00000415,11258.00000000
2018-03-01 06:14:45,0.00000416,8.00000000
2018-03-01 06:14:47,0.00000416,1057.00000000
2018-03-01 06:14:49,0.00000416,3330.00000000
2018-03-01 06:14:51,0.00000415,38284.00000000
2018-03-01 06:14:54,0.00000416,94540.00000000
2018-03-01 06:15:02,0.00000415,122939.00000000
2018-03-01 06:15:02,0.00000415,2500.00000000
2018-03-01 06:15:03,0.00000415,2500.00000000
2018-03-01 06:15:04,0.00000415,2500.00000000
2018-03-01 06:15:05,0.00000415,2500.00000000
2018-03-01 06:15:06,0.00000415,2500.00000000
2018-03-01 06:15:07,0.00000415,2500.00000000
2018-03-01 06:15:08,0.00000415,56619.00000000
2018-03-01 06:15:08,0.00000415,2500.00000000
2018-03-01 06:15:09,0.00000415,2500.00000000
2018-03-01 06:15:10,0.00000415,171970.00000000
2018-03-01 06:15:10,0.00000415,7895.00000000
2018-03-01 06:15:10,0.00000414,2500.00000000
2018-03-01 06:15:11,0.00000414,2500.00000000
2018-03-01 06:15:12,0.00000414,2500.00000000
2018-03-01 06:15:13,0.00000414,2500.00000000
2018-03-01 06:15:14,0.00000414,2500.00000000
2018-03-01 06:15:15,0.00000414,2500.00000000
2018-03-01 06:15:16,0.00000415,3981.00000000
2018-03-01 06:15:16,0.00000414,2500.00000000
2018-03-01 06:15:17,0.00000414,2500.00000000
2018-03-01 06:15:18,0.00000414,2500.00000000
2018-03-01 06:15:19,0.00000414,2500.00000000
2018-03-01 06:15:20,0.00000414,30904.00000000
2018-03-01 06:15:20,0.00000414,2500.00000000
2018-03-01 06:15:21,0.00000414,2500.00000000
2018-03-01 06:15:22,0.00000414,2500.00000000
2018-03-01 06:15:22,0.00000414,4022.00000000
2018-03-01 06:15:23,0.00000414,2500.00000000
2018-03-01 06:15:24,0.00000414,1070.00000000
2018-03-01 06:15:24,0.00000414,2500.00000000
2018-03-01 06:15:25,0.00000414,2500.00000000
2018-03-01 06:15:26,0.00000414,108648.00000000
2018-03-01 06:15:26,0.00000414,2500.00000000
2018-03-01 06:15:27,0.00000414,2500.00000000
2018-03-01 06:15:28,0.00000414,2500.00000000
2018-03-01 06:15:29,0.00000415,40.00000000
2018-03-01 06:15:31,0.00000414,952.00000000
2018-03-01 06:15:35,0.00000415,313.00000000
2018-03-01 06:15:40,0.00000415,68495.00000000
2018-03-01 06:15:42,0.00000415,461.00000000
2018-03-01 06:15:42,0.00000415,4218.00000000
2018-03-01 06:15:49,0.00000415,158979.00000000
2018-03-01 06:16:05,0.00000414,1250.00000000
2018-03-01 06:16:08,0.00000415,13712.00000000
2018-03-01 06:16:13,0.00000415,116025.00000000
2018-03-01 06:16:14,0.00000414,1875.00000000
2018-03-01 06:16:20,0.00000414,1406.00000000
2018-03-01 06:16:20,0.00000414,25670.00000000
2018-03-01 06:16:21,0.00000415,1999.00000000
2018-03-01 06:16:22,0.00000415,5000.00000000
2018-03-01 06:16:24,0.00000414,469.00000000
2018-03-01 06:16:31,0.00000414,138615.00000000
2018-03-01 06:16:37,0.00000414,2069.00000000
2018-03-01 06:16:37,0.00000414,300.00000000
2018-03-01 06:16:37,0.00000414,17497.00000000
2018-03-01 06:16:46,0.00000414,5668.00000000
2018-03-01 06:16:46,0.00000414,2100.00000000
2018-03-01 06:16:50,0.00000415,14189.00000000
2018-03-01 06:16:50,0.00000415,11839.00000000
2018-03-01 06:16:51,0.00000414,1765.00000000
2018-03-01 06:16:52,0.00000415,3908.00000000
2018-03-01 06:16:52,0.00000414,1352.00000000
2018-03-01 06:16:56,0.00000415,1721.00000000
2018-03-01 06:16:56,0.00000415,188697.00000000
2018-03-01 06:16:57,0.00000414,34859.00000000
2018-03-01 06:16:57,0.00000414,4937.00000000
2018-03-01 06:17:05,0.00000415,5000.00000000
2018-03-01 06:17:05,0.00000414,569.00000000
2018-03-01 06:17:05,0.00000414,4065.00000000
2018-03-01 06:17:05,0.00000414,518.00000000
2018-03-01 06:17:08,0.00000415,43882.00000000
2018-03-01 06:17:08,0.00000414,1550.00000000
2018-03-01 06:17:22,0.00000415,94.00000000
2018-03-01 06:17:23,0.00000414,5000.00000000
2018-03-01 06:17:24,0.00000415,100426.00000000
2018-03-01 06:17:28,0.00000415,471.00000000
2018-03-01 06:17:31,0.00000414,2989.00000000
2018-03-01 06:17:32,0.00000414,6061.00000000
2018-03-01 06:17:36,0.00000415,60876.00000000
2018-03-01 06:17:38,0.00000415,32954.00000000
2018-03-01 06:17:45,0.00000414,2848.00000000
2018-03-01 06:17:49,0.00000414,153575.00000000
2018-03-01 06:17:50,0.00000415,24716.00000000
2018-03-01 06:17:52,0.00000415,258.00000000
2018-03-01 06:17:53,0.00000414,43721.00000000
2018-03-01 06:17:53,0.00000414,55131.00000000
2018-03-01 06:17:53,0.00000415,2628.00000000
2018-03-01 06:18:07,0.00000414,597.00000000
2018-03-01 06:18:09,0.00000415,1288.00000000
2018-03-01 06:18:18,0.00000415,3076.00000000
2018-03-01 06:18:18,0.00000415,8255.00000000
2018-03-01 06:18:20,0.00000414,1288.00000000
2018-03-01 06:18:21,0.00000415,96804.00000000
2018-03-01 06:18:22,0.00000414,211370.00000000
2018-03-01 06:18:22,0.00000415,304.00000000
2018-03-01 06:18:28,0.00000415,607.00000000
2018-03-01 06:18:32,0.00000414,5927.00000000
2018-03-01 06:18:36,0.00000414,820.00000000
2018-03-01 06:18:37,0.00000415,4819.00000000
2018-03-01 06:18:37,0.00000414,75733.00000000
2018-03-01 06:18:38,0.00000415,285274.00000000
2018-03-01 06:18:39,0.00000415,581.00000000
2018-03-01 06:18:41,0.00000415,1828.00000000
2018-03-01 06:18:41,0.00000415,1003.00000000
2018-03-01 06:18:44,0.00000416,288.00000000
2018-03-01 06:18:45,0.00000415,589.00000000
2018-03-01 06:18:46,0.00000416,154910.00000000
2018-03-01 06:18:48,0.00000415,1696.00000000
2018-03-01 06:18:50,0.00000415,845.00000000
2018-03-01 06:19:01,0.00000415,478.00000000
2018-03-01 06:19:11,0.00000416,139414.00000000
2018-03-01 06:19:15,0.00000416,64641.00000000
2018-03-01 06:19:16,0.00000416,891.00000000
2018-03-01 06:19:19,0.00000416,5.00000000
2018-03-01 06:19:20,0.00000416,2777.00000000
2018-03-01 06:19:22,0.00000416,5269.00000000
2018-03-01 06:19:22,0.00000416,4653.00000000
2018-03-01 06:19:23,0.00000416,4780.00000000
2018-03-01 06:19:30,0.00000416,1849.00000000
2018-03-01 06:19:33,0.00000415,125369.00000000
2018-03-01 06:19:33,0.00000415,1622.00000000
2018-03-01 06:19:34,0.00000415,5630.00000000
2018-03-01 06:19:36,0.00000415,2492.00000000
2018-03-01 06:19:40,0.00000415,173705.00000000
2018-03-01 06:19:45,0.00000415,998.00000000
2018-03-01 06:19:49,0.00000415,19900.00000000
2018-03-01 06:19:49,0.00000415,4655.00000000
2018-03-01 06:19:49,0.00000415,23438.00000000
2018-03-01 06:19:51,0.00000415,5134.00000000
2018-03-01 06:19:54,0.00000415,165173.00000000
2018-03-01 06:19:54,0.00000415,57508.00000000
2018-03-01 06:19:54,0.00000415,1687.00000000
2018-03-01 06:19:58,0.00000415,545.00000000
2018-03-01 06:20:00,0.00000415,43191.00000000
2018-03-01 06:20:02,0.00000415,266.00000000
2018-03-01 06:20:02,0.00000415,2010.00000000
2018-03-01 06:20:05,0.00000414,57801.00000000
2018-03-01 06:20:07,0.00000415,12048.00000000
2018-03-01 06:20:13,0.00000415,12048.00000000
2018-03-01 06:20:14,0.00000415,12048.00000000
2018-03-01 06:20:15,0.00000415,600.00000000
2018-03-01 06:20:16,0.00000415,12048.00000000
2018-03-01 06:20:18,0.00000415,12048.00000000
2018-03-01 06:20:18,0.00000414,30081.00000000
2018-03-01 06:20:19,0.00000415,12048.00000000
2018-03-01 06:20:20,0.00000414,181270.00000000
2018-03-01 06:20:20,0.00000415,8385.00000000
2018-03-01 06:20:21,0.00000415,12048.00000000
2018-03-01 06:20:23,0.00000415,7913.00000000
2018-03-01 06:20:24,0.00000415,12048.00000000
2018-03-01 06:20:24,0.00000414,4833.00000000
2018-03-01 06:20:27,0.00000415,2320.00000000
2018-03-01 06:20:41,0.00000415,2409.00000000
2018-03-01 06:20:41,0.00000415,14212.00000000
2018-03-01 06:20:43,0.00000415,397.00000000
2018-03-01 06:20:45,0.00000415,6959.00000000
2018-03-01 06:20:45,0.00000415,2068.00000000
2018-03-01 06:20:45,0.00000415,2174.00000000
2018-03-01 06:20:46,0.00000415,12035.00000000
2018-03-01 06:20:46,0.00000415,9061.00000000
2018-03-01 06:20:46,0.00000415,6167.00000000
2018-03-01 06:20:47,0.00000414,192887.00000000
2018-03-01 06:20:47,0.00000415,358.00000000
2018-03-01 06:20:48,0.00000414,771.00000000
2018-03-01 06:20:49,0.00000415,21477.00000000
2018-03-01 06:20:50,0.00000415,2290.00000000
2018-03-01 06:20:53,0.00000414,6330.00000000
2018-03-01 06:20:54,0.00000414,3744.00000000
2018-03-01 06:21:02,0.00000415,1111.00000000
2018-03-01 06:21:06,0.00000415,2772.00000000
2018-03-01 06:21:08,0.00000414,7500.00000000
2018-03-01 06:21:09,0.00000415,694.00000000
2018-03-01 06:21:10,0.00000415,668.00000000
2018-03-01 06:21:11,0.00000414,177085.00000000
2018-03-01 06:21:11,0.00000415,230.00000000
2018-03-01 06:21:12,0.00000415,245.00000000
2018-03-01 06:21:15,0.00000414,13691.00000000
2018-03-01 06:21:15,0.00000414,760.00000000
2018-03-01 06:21:16,0.00000415,7490.00000000
2018-03-01 06:21:17,0.00000415,7708.00000000
2018-03-01 06:21:19,0.00000415,24074.00000000
2018-03-01 06:21:21,0.00000415,1991.00000000
2018-03-01 06:21:22,0.00000415,6172.00000000
2018-03-01 06:21:22,0.00000415,3604.00000000
2018-03-01 06:21:23,0.00000415,4403.00000000
2018-03-01 06:21:23,0.00000415,6918.00000000
2018-03-01 06:21:27,0.00000415,6911.00000000
2018-03-01 06:21:27,0.00000415,2711.00000000
2018-03-01 06:21:27,0.00000414,326.00000000
2018-03-01 06:21:33,0.00000415,2500.00000000
2018-03-01 06:21:34,0.00000414,5115.00000000
2018-03-01 06:21:38,0.00000414,172985.00000000
2018-03-01 06:21:39,0.00000414,13729.00000000
2018-03-01 06:21:46,0.00000414,1203.00000000
2018-03-01 06:21:52,0.00000414,6729.00000000
2018-03-01 06:21:53,0.00000415,74826.00000000
2018-03-01 06:21:57,0.00000415,5000.00000000
2018-03-01 06:22:00,0.00000414,181158.00000000
2018-03-01 06:22:06,0.00000415,2037.00000000
2018-03-01 06:22:06,0.00000415,341.00000000
2018-03-01 06:22:07,0.00000415,11352.00000000
2018-03-01 06:22:07,0.00000415,55050.00000000
2018-03-01 06:22:16,0.00000415,4062.00000000
2018-03-01 06:22:16,0.00000414,135903.00000000
2018-03-01 06:22:17,0.00000414,104771.00000000
2018-03-01 06:22:18,0.00000415,2212.00000000
2018-03-01 06:22:19,0.00000415,1500.00000000
2018-03-01 06:22:22,0.00000415,100000.00000000
2018-03-01 06:22:24,0.00000414,3332.00000000
2018-03-01 06:22:26,0.00000415,94832.00000000
2018-03-01 06:22:31,0.00000415,1558.00000000
2018-03-01 06:22:33,0.00000414,1748.00000000
2018-03-01 06:22:42,0.00000415,12048.00000000
2018-03-01 06:22:44,0.00000415,235745.00000000
2018-03-01 06:22:45,0.00000415,1873.00000000
2018-03-01 06:22:47,0.00000415,3789.00000000
2018-03-01 06:22:49,0.00000415,109826.00000000
2018-03-01 06:22:50,0.00000415,8438.00000000
2018-03-01 06:22:51,0.00000415,24154.00000000
2018-03-01 06:22:51,0.00000415,398.00000000
2018-03-01 06:22:59,0.00000415,1143.00000000
2018-03-01 06:23:03,0.00000415,4661.00000000
2018-03-01 06:23:04,0.00000414,338.00000000
2018-03-01 06:23:08,0.00000415,6014.00000000
2018-03-01 06:23:09,0.00000415,1466648.00000000
2018-03-01 06:23:09,0.00000415,1570.00000000
2018-03-01 06:23:10,0.00000415,39.00000000
2018-03-01 06:23:13,0.00000415,58.00000000
2018-03-01 06:23:14,0.00000415,71604.00000000
2018-03-01 06:23:14,0.00000415,21399.00000000
2018-03-01 06:23:17,0.00000414,1360.00000000
2018-03-01 06:23:20,0.00000414,9867.00000000
2018-03-01 06:23:22,0.00000415,130693.00000000
2018-03-01 06:23:24,0.00000415,3225.00000000
2018-03-01 06:23:24,0.00000415,9502.00000000
2018-03-01 06:23:25,0.00000414,499.00000000
2018-03-01 06:23:25,0.00000415,584.00000000
2018-03-01 06:23:27,0.00000415,921.00000000
2018-03-01 06:23:29,0.00000415,1000.00000000
2018-03-01 06:23:30,0.00000415,76561.00000000
2018-03-01 06:23:31,0.00000415,1580.00000000
2018-03-01 06:23:35,0.00000415,830.00000000
2018-03-01 06:23:37,0.00000414,16519.00000000
2018-03-01 06:23:40,0.00000415,7964.00000000
2018-03-01 06:23:41,0.00000415,8409.00000000
2018-03-01 06:23:41,0.00000414,215365.00000000
2018-03-01 06:23:43,0.00000415,102060.00000000
2018-03-01 06:23:49,0.00000415,108801.00000000
2018-03-01 06:24:14,0.00000416,141307.00000000
2018-03-01 06:24:14,0.00000415,12028.00000000
2018-03-01 06:24:28,0.00000415,405.00000000
2018-03-01 06:24:31,0.00000415,124890.00000000
2018-03-01 06:24:35,0.00000416,1000.00000000
2018-03-01 06:24:38,0.00000416,29250.00000000
2018-03-01 06:24:41,0.00000416,586.00000000
2018-03-01 06:24:41,0.00000415,288.00000000
2018-03-01 06:24:50,0.00000416,1011.00000000
2018-03-01 06:24:53,0.00000415,17269.00000000
2018-03-01 06:24:54,0.00000416,13561.00000000
2018-03-01 06:24:55,0.00000416,49426.00000000
2018-03-01 06:24:57,0.00000415,146983.00000000
2018-03-01 06:24:57,0.00000415,17520.00000000
2018-03-01 06:25:01,0.00000416,43622.00000000
2018-03-01 06:25:02,0.00000415,3119.00000000
2018-03-01 06:25:05,0.00000416,1166.00000000
2018-03-01 06:25:10,0.00000416,1611.00000000
2018-03-01 06:25:18,0.00000416,106239.00000000
2018-03-01 06:25:23,0.00000416,2699.00000000
2018-03-01 06:25:25,0.00000416,281.00000000
2018-03-01 06:25:25,0.00000415,57108.00000000
2018-03-01 06:25:31,0.00000416,1620.00000000
2018-03-01 06:25:32,0.00000416,1.00000000
2018-03-01 06:25:34,0.00000416,2972.00000000
2018-03-01 06:25:38,0.00000416,7781.00000000
2018-03-01 06:25:39,0.00000415,134723.00000000
2018-03-01 06:25:45,0.00000416,8468.00000000
2018-03-01 06:25:50,0.00000415,115736.00000000
2018-03-01 06:25:52,0.00000415,65552.00000000
2018-03-01 06:25:55,0.00000416,1.00000000
2018-03-01 06:26:02,0.00000415,181483.00000000
2018-03-01 06:26:05,0.00000415,43639.00000000
2018-03-01 06:26:06,0.00000416,2604.00000000
2018-03-01 06:26:08,0.00000416,11660.00000000
2018-03-01 06:26:09,0.00000416,24038.00000000
2018-03-01 06:26:15,0.00000416,1153.00000000
2018-03-01 06:26:15,0.00000416,4808.00000000
2018-03-01 06:26:15,0.00000416,22500.00000000
2018-03-01 06:26:17,0.00000415,207.00000000
2018-03-01 06:26:19,0.00000415,11413.00000000
2018-03-01 06:26:20,0.00000415,1014.00000000
2018-03-01 06:26:25,0.00000416,661.00000000
2018-03-01 06:26:25,0.00000415,2253.00000000
2018-03-01 06:26:28,0.00000415,6708.00000000
2018-03-01 06:26:30,0.00000415,46762.00000000
2018-03-01 06:26:31,0.00000416,107529.00000000
2018-03-01 06:26:34,0.00000416,300.00000000
2018-03-01 06:26:41,0.00000415,10000.00000000
2018-03-01 06:26:41,0.00000416,18136.00000000
2018-03-01 06:26:46,0.00000415,5435.00000000
2018-03-01 06:26:50,0.00000416,3.00000000
2018-03-01 06:26:56,0.00000416,575.00000000
2018-03-01 06:26:58,0.00000416,3381.00000000
2018-03-01 06:27:00,0.00000415,132546.00000000
2018-03-01 06:27:09,0.00000415,15000.00000000
2018-03-01 06:27:10,0.00000416,3915.00000000
2018-03-01 06:27:19,0.00000415,57612.00000000
2018-03-01 06:27:21,0.00000415,195984.00000000
2018-03-01 06:27:29,0.00000416,13034.00000000
2018-03-01 06:27:29,0.00000416,1123906.00000000
2018-03-01 06:27:30,0.00000416,680.00000000
2018-03-01 06:27:32,0.00000416,769.00000000
2018-03-01 06:27:32,0.00000416,769.00000000
2018-03-01 06:27:32,0.00000416,544.00000000
2018-03-01 06:27:32,0.00000416,535.00000000
2018-03-01 06:27:33,0.00000416,680.00000000
2018-03-01 06:27:35,0.00000416,680.00000000
2018-03-01 06:27:35,0.00000416,24170.00000000
2018-03-01 06:27:40,0.00000416,257.00000000
2018-03-01 06:27:40,0.00000416,535.00000000
2018-03-01 06:27:45,0.00000416,27259.00000000
2018-03-01 06:27:45,0.00000416,13905.00000000
2018-03-01 06:27:47,0.00000416,20006.00000000
2018-03-01 06:27:50,0.00000417,178520.00000000
2018-03-01 06:27:52,0.00000416,206.00000000
2018-03-01 06:27:54,0.00000416,38.00000000
2018-03-01 06:27:59,0.00000416,400.00000000
2018-03-01 06:28:00,0.00000416,3223.00000000
2018-03-01 06:28:02,0.00000416,24645.00000000
2018-03-01 06:28:09,0.00000416,2800.00000000
2018-03-01 06:28:11,0.00000416,10830.00000000
2018-03-01 06:28:13,0.00000416,9.00000000
2018-03-01 06:28:14,0.00000417,2.00000000
2018-03-01 06:28:14,0.00000416,185814.00000000
2018-03-01 06:28:14,0.00000416,6568.00000000
2018-03-01 06:28:17,0.00000417,2.00000000
2018-03-01 06:28:20,0.00000417,2115.00000000
2018-03-01 06:28:21,0.00000417,2.00000000
2018-03-01 06:28:27,0.00000416,132545.00000000
2018-03-01 06:28:27,0.00000417,173371.00000000
2018-03-01 06:28:27,0.00000417,36240.00000000
2018-03-01 06:28:27,0.00000416,1121.00000000
2018-03-01 06:28:28,0.00000417,3991.00000000
2018-03-01 06:28:28,0.00000416,75856.00000000
2018-03-01 06:28:31,0.00000417,6347.00000000
2018-03-01 06:28:33,0.00000416,1756.00000000
2018-03-01 06:28:41,0.00000417,212173.00000000
2018-03-01 06:28:44,0.00000416,1822.00000000
2018-03-01 06:28:44,0.00000417,206.00000000
2018-03-01 06:28:45,0.00000416,2281.00000000
2018-03-01 06:28:56,0.00000417,15569.00000000
2018-03-01 06:29:00,0.00000416,156573.00000000
2018-03-01 06:29:01,0.00000416,14689.00000000
2018-03-01 06:29:02,0.00000416,12048.00000000
2018-03-01 06:29:05,0.00000417,700.00000000
2018-03-01 06:29:13,0.00000417,1298.00000000
2018-03-01 06:29:17,0.00000417,6318.00000000
2018-03-01 06:29:17,0.00000417,2311.00000000
2018-03-01 06:29:24,0.00000417,2606.00000000
2018-03-01 06:29:28,0.00000416,13350.00000000
2018-03-01 06:29:32,0.00000416,104437.00000000
2018-03-01 06:29:33,0.00000416,435.00000000
2018-03-01 06:29:40,0.00000417,5927.00000000
2018-03-01 06:29:41,0.00000417,3400.00000000
2018-03-01 06:29:43,0.00000417,1684.00000000
2018-03-01 06:29:45,0.00000416,1202.00000000
2018-03-01 06:29:45,0.00000416,299.00000000
2018-03-01 06:29:51,0.00000416,226.00000000
2018-03-01 06:29:52,0.00000416,160566.00000000
2018-03-01 06:30:01,0.00000416,1000.00000000
2018-03-01 06:30:08,0.00000417,416.00000000
2018-03-01 06:30:09,0.00000416,206.00000000
2018-03-01 06:30:09,0.00000416,3984.00000000
2018-03-01 06:30:10,0.00000416,3051.00000000
2018-03-01 06:30:12,0.00000416,4132.00000000
2018-03-01 06:30:17,0.00000417,111241.00000000
2018-03-01 06:30:17,0.00000416,3391.00000000
2018-03-01 06:30:23,0.00000416,5301.00000000
2018-03-01 06:30:24,0.00000416,190936.00000000
2018-03-01 06:30:28,0.00000416,10000.00000000
2018-03-01 06:30:31,0.00000416,50616.00000000
2018-03-01 06:30:39,0.00000416,1048.00000000
2018-03-01 06:30:39,0.00000416,14493.00000000
2018-03-01 06:30:40,0.00000416,3750.00000000
2018-03-01 06:30:42,0.00000417,132870.00000000
2018-03-01 06:30:43,0.00000417,12.00000000
2018-03-01 06:30:43,0.00000416,174.00000000
2018-03-01 06:30:48,0.00000416,11490.00000000
2018-03-01 06:30:50,0.00000417,5900.00000000
2018-03-01 06:30:51,0.00000417,73158.00000000
2018-03-01 06:30:55,0.00000417,668.00000000
2018-03-01 06:30:56,0.00000416,38.00000000
2018-03-01 06:31:05,0.00000417,1001.00000000
2018-03-01 06:31:06,0.00000417,12341.00000000
2018-03-01 06:31:07,0.00000417,90256.00000000
2018-03-01 06:31:09,0.00000417,9366.00000000
2018-03-01 06:31:09,0.00000416,586.00000000
2018-03-01 06:31:12,0.00000417,1134.00000000
2018-03-01 06:31:13,0.00000417,7.00000000
2018-03-01 06:31:16,0.00000417,120221.00000000
2018-03-01 06:31:19,0.00000416,336.00000000
2018-03-01 06:31:19,0.00000417,205.00000000
2018-03-01 06:31:21,0.00000417,1036.00000000
2018-03-01 06:31:24,0.00000417,540.00000000
2018-03-01 06:31:35,0.00000416,213446.00000000
2018-03-01 06:31:40,0.00000416,5001.00000000
2018-03-01 06:31:46,0.00000416,4133.00000000
2018-03-01 06:31:53,0.00000416,30673.00000000
2018-03-01 06:31:54,0.00000417,10025.00000000
2018-03-01 06:31:55,0.00000417,2255.00000000
2018-03-01 06:31:56,0.00000416,278.00000000
2018-03-01 06:32:02,0.00000417,211428.00000000
2018-03-01 06:32:06,0.00000417,3802.00000000
2018-03-01 06:32:07,0.00000417,418.00000000
2018-03-01 06:32:08,0.00000417,156231.00000000
2018-03-01 06:32:08,0.00000417,47482.00000000
2018-03-01 06:32:11,0.00000416,8962.00000000
2018-03-01 06:32:16,0.00000416,22667.00000000
2018-03-01 06:32:24,0.00000417,581.00000000
2018-03-01 06:32:24,0.00000417,1982.00000000
2018-03-01 06:32:25,0.00000416,115998.00000000
2018-03-01 06:32:30,0.00000416,268.00000000
2018-03-01 06:32:39,0.00000416,524.00000000
2018-03-01 06:32:44,0.00000416,18.00000000
2018-03-01 06:32:50,0.00000417,5960.00000000
2018-03-01 06:32:50,0.00000416,190568.00000000
2018-03-01 06:32:50,0.00000417,2463.00000000
2018-03-01 06:33:06,0.00000417,21859.00000000
2018-03-01 06:33:12,0.00000417,10000.00000000
2018-03-01 06:33:18,0.00000416,186650.00000000
2018-03-01 06:33:19,0.00000416,25000.00000000
2018-03-01 06:33:23,0.00000416,25638.00000000
2018-03-01 06:33:24,0.00000417,4163.00000000
2018-03-01 06:33:24,0.00000417,7.00000000
2018-03-01 06:33:31,0.00000417,783280.00000000
2018-03-01 06:33:31,0.00000417,19981.00000000
2018-03-01 06:33:31,0.00000417,10722.00000000
2018-03-01 06:33:31,0.00000416,9259.00000000
2018-03-01 06:33:31,0.00000418,7366.00000000
2018-03-01 06:33:31,0.00000416,4509.00000000
2018-03-01 06:33:35,0.00000416,5.00000000
2018-03-01 06:33:36,0.00000416,5181.00000000
2018-03-01 06:33:37,0.00000416,3029.00000000
2018-03-01 06:33:47,0.00000417,998.00000000
2018-03-01 06:33:49,0.00000417,1200.00000000
2018-03-01 06:33:51,0.00000416,1.00000000
2018-03-01 06:33:52,0.00000417,121258.00000000
2018-03-01 06:33:54,0.00000417,299.00000000
2018-03-01 06:33:57,0.00000417,1023.00000000
2018-03-01 06:34:00,0.00000417,2162.00000000
2018-03-01 06:34:00,0.00000417,1.00000000
2018-03-01 06:34:00,0.00000416,2162.00000000
2018-03-01 06:34:00,0.00000417,764.00000000
2018-03-01 06:34:01,0.00000417,766.00000000
2018-03-01 06:34:01,0.00000417,1245.00000000
2018-03-01 06:34:01,0.00000416,765.00000000
2018-03-01 06:34:02,0.00000417,765.00000000
2018-03-01 06:34:02,0.00000417,268.00000000
2018-03-01 06:34:02,0.00000417,2398.00000000
2018-03-01 06:34:02,0.00000417,5753.00000000
2018-03-01 06:34:02,0.00000417,11583.00000000
2018-03-01 06:34:02,0.00000417,3845.00000000
2018-03-01 06:34:02,0.00000417,4246.00000000
2018-03-01 06:34:03,0.00000417,8145.00000000
2018-03-01 06:34:03,0.00000417,11723.00000000
2018-03-01 06:34:03,0.00000416,1000.00000000
2018-03-01 06:34:06,0.00000417,505.00000000
2018-03-01 06:34:06,0.00000418,452.00000000
2018-03-01 06:34:10,0.00000417,498.00000000
2018-03-01 06:34:10,0.00000416,498.00000000
2018-03-01 06:34:10,0.00000416,497.00000000
2018-03-01 06:34:10,0.00000417,484.00000000
2018-03-01 06:34:10,0.00000417,240.00000000
2018-03-01 06:34:12,0.00000417,159268.00000000
2018-03-01 06:34:12,0.00000417,2357.00000000
2018-03-01 06:34:12,0.00000417,2397.00000000
2018-03-01 06:34:12,0.00000417,1302.00000000
2018-03-01 06:34:12,0.00000417,2397.00000000
2018-03-01 06:34:12,0.00000417,66.00000000
2018-03-01 06:34:12,0.00000417,20986.00000000
2018-03-01 06:34:12,0.00000417,15178.00000000
2018-03-01 06:34:13,0.00000417,262.00000000
2018-03-01 06:34:14,0.00000417,2398.00000000
2018-03-01 06:34:14,0.00000417,2397.00000000
2018-03-01 06:34:14,0.00000417,261.00000000
2018-03-01 06:34:14,0.00000417,15140.00000000
2018-03-01 06:34:14,0.00000417,2397.00000000
2018-03-01 06:34:15,0.00000417,965.00000000
2018-03-01 06:34:15,0.00000418,397.00000000
2018-03-01 06:34:20,0.00000417,967.00000000
2018-03-01 06:34:21,0.00000417,1592.00000000
2018-03-01 06:34:21,0.00000417,6465.00000000
2018-03-01 06:34:22,0.00000417,11825.00000000
2018-03-01 06:34:22,0.00000417,11825.00000000
2018-03-01 06:34:27,0.00000417,2403.00000000
2018-03-01 06:34:30,0.00000417,12376.00000000
2018-03-01 06:34:31,0.00000417,16103.00000000
2018-03-01 06:34:33,0.00000417,21.00000000
2018-03-01 06:34:33,0.00000417,15915.00000000
2018-03-01 06:34:35,0.00000417,44331.00000000
2018-03-01 06:34:37,0.00000417,9855.00000000
2018-03-01 06:34:38,0.00000417,106314.00000000
2018-03-01 06:34:39,0.00000417,259.00000000
2018-03-01 06:34:43,0.00000417,2439.00000000
2018-03-01 06:34:43,0.00000417,585.00000000
2018-03-01 06:34:50,0.00000417,5000.00000000
2018-03-01 06:34:51,0.00000416,2642.00000000
2018-03-01 06:34:52,0.00000416,7359.00000000
2018-03-01 06:34:53,0.00000417,500.00000000
2018-03-01 06:34:54,0.00000416,44136.00000000
2018-03-01 06:34:55,0.00000417,108371.00000000
2018-03-01 06:35:02,0.00000417,210015.00000000
2018-03-01 06:35:04,0.00000417,10189.00000000
2018-03-01 06:35:04,0.00000417,2272.00000000
2018-03-01 06:35:04,0.00000417,3670.00000000
2018-03-01 06:35:11,0.00000417,1630.00000000
2018-03-01 06:35:13,0.00000418,951.00000000
2018-03-01 06:35:16,0.00000418,394.00000000
2018-03-01 06:35:23,0.00000418,194184.00000000
2018-03-01 06:35:26,0.00000417,576.00000000
2018-03-01 06:35:26,0.00000418,20451.00000000
2018-03-01 06:35:28,0.00000418,11275.00000000
2018-03-01 06:35:28,0.00000418,2945.00000000
2018-03-01 06:35:35,0.00000417,1200.00000000
2018-03-01 06:35:37,0.00000417,1577.00000000
2018-03-01 06:35:38,0.00000417,2401.00000000
2018-03-01 06:35:39,0.00000418,35894.00000000
2018-03-01 06:35:40,0.00000418,29884.00000000
2018-03-01 06:35:41,0.00000418,12705.00000000
2018-03-01 06:35:45,0.00000418,18046.00000000
2018-03-01 06:35:45,0.00000418,187742.00000000
2018-03-01 06:35:46,0.00000418,100.00000000
2018-03-01 06:35:49,0.00000417,1920.00000000
2018-03-01 06:35:49,0.00000417,51835.00000000
2018-03-01 06:35:49,0.00000417,4872.00000000
2018-03-01 06:35:49,0.00000417,68572.00000000
2018-03-01 06:35:50,0.00000417,14698.00000000
2018-03-01 06:35:50,0.00000417,955.00000000
2018-03-01 06:35:50,0.00000417,14214.00000000
2018-03-01 06:35:50,0.00000417,2843.00000000
2018-03-01 06:35:50,0.00000418,15991.00000000
2018-03-01 06:35:51,0.00000417,974.00000000
2018-03-01 06:35:51,0.00000417,995.00000000
2018-03-01 06:35:51,0.00000417,569.00000000
2018-03-01 06:35:52,0.00000417,2397.00000000
2018-03-01 06:35:52,0.00000417,2398.00000000
2018-03-01 06:35:52,0.00000417,45921.00000000
2018-03-01 06:35:52,0.00000417,2948.00000000
2018-03-01 06:35:53,0.00000418,20164.00000000
2018-03-01 06:35:53,0.00000417,71761.00000000
2018-03-01 06:35:54,0.00000417,4800.00000000
2018-03-01 06:35:54,0.00000417,179777.00000000
2018-03-01 06:35:54,0.00000417,1200.00000000
2018-03-01 06:35:55,0.00000417,2400.00000000
2018-03-01 06:35:56,0.00000418,4049.00000000
2018-03-01 06:35:57,0.00000417,1577.00000000
2018-03-01 06:35:59,0.00000418,7704.00000000
2018-03-01 06:35:59,0.00000418,34590.00000000
2018-03-01 06:36:00,0.00000418,20031.00000000
2018-03-01 06:36:01,0.00000417,6368.00000000
2018-03-01 06:36:02,0.00000418,2741.00000000
2018-03-01 06:36:02,0.00000417,1031.00000000
2018-03-01 06:36:03,0.00000417,32306.00000000
2018-03-01 06:36:04,0.00000417,1657.00000000
2018-03-01 06:36:04,0.00000418,1594.00000000
2018-03-01 06:36:04,0.00000418,71225.00000000
2018-03-01 06:36:05,0.00000418,527.00000000
2018-03-01 06:36:06,0.00000418,14155.00000000
2018-03-01 06:36:09,0.00000418,3.00000000
2018-03-01 06:36:11,0.00000417,127095.00000000
2018-03-01 06:36:12,0.00000417,3143.00000000
2018-03-01 06:36:13,0.00000417,2382.00000000
2018-03-01 06:36:14,0.00000417,1922.00000000
2018-03-01 06:36:20,0.00000418,207169.00000000
2018-03-01 06:36:22,0.00000418,24110.00000000
2018-03-01 06:36:28,0.00000418,12.00000000
2018-03-01 06:36:28,0.00000418,17225.00000000
2018-03-01 06:36:31,0.00000418,470076.00000000
2018-03-01 06:36:34,0.00000418,21869.00000000
2018-03-01 06:36:37,0.00000418,5222.00000000
2018-03-01 06:36:38,0.00000418,29949.00000000
2018-03-01 06:36:38,0.00000417,2391.00000000
2018-03-01 06:36:38,0.00000418,1196.00000000
2018-03-01 06:36:38,0.00000418,1420.00000000
2018-03-01 06:36:38,0.00000418,4955.00000000
2018-03-01 06:36:38,0.00000418,2391.00000000
2018-03-01 06:36:38,0.00000418,6322.00000000
2018-03-01 06:36:38,0.00000418,2391.00000000
2018-03-01 06:36:38,0.00000418,2392.00000000
2018-03-01 06:36:38,0.00000418,34910.00000000
2018-03-01 06:36:39,0.00000417,2391.00000000
2018-03-01 06:36:39,0.00000417,4000.00000000
2018-03-01 06:36:42,0.00000417,15038.00000000
2018-03-01 06:36:42,0.00000417,10722.00000000
2018-03-01 06:36:47,0.00000418,208864.00000000
2018-03-01 06:36:48,0.00000418,352.00000000
2018-03-01 06:36:49,0.00000418,12923.00000000
2018-03-01 06:36:49,0.00000418,2391.00000000
2018-03-01 06:36:49,0.00000418,2391.00000000
2018-03-01 06:36:49,0.00000418,37106.00000000
2018-03-01 06:36:49,0.00000417,2391.00000000
2018-03-01 06:36:51,0.00000418,137048.00000000
2018-03-01 06:36:53,0.00000418,647.00000000
2018-03-01 06:36:53,0.00000418,33270.00000000
2018-03-01 06:36:53,0.00000418,57187.00000000
2018-03-01 06:36:56,0.00000418,15011.00000000
2018-03-01 06:37:02,0.00000418,71737.00000000
2018-03-01 06:37:02,0.00000418,516.00000000
2018-03-01 06:37:02,0.00000418,64796.00000000
2018-03-01 06:37:02,0.00000417,516.00000000
2018-03-01 06:37:03,0.00000418,3059.00000000
2018-03-01 06:37:03,0.00000418,1472.00000000
2018-03-01 06:37:03,0.00000417,103938.00000000
2018-03-01 06:37:03,0.00000418,483.00000000
2018-03-01 06:37:03,0.00000418,862.00000000
2018-03-01 06:37:03,0.00000418,51.00000000
2018-03-01 06:37:03,0.00000418,22278.00000000
2018-03-01 06:37:07,0.00000418,100655.00000000
2018-03-01 06:37:13,0.00000418,478.00000000
2018-03-01 06:37:14,0.00000418,12208.00000000
2018-03-01 06:37:14,0.00000418,27830.00000000
2018-03-01 06:37:14,0.00000417,9296.00000000
2018-03-01 06:37:14,0.00000417,4541.00000000
2018-03-01 06:37:15,0.00000417,29291.00000000
2018-03-01 06:37:15,0.00000418,483.00000000
2018-03-01 06:37:15,0.00000418,425158.00000000
2018-03-01 06:37:15,0.00000418,483.00000000
2018-03-01 06:37:15,0.00000417,482.00000000
2018-03-01 06:37:16,0.00000418,483.00000000
2018-03-01 06:37:16,0.00000418,2392.00000000
2018-03-01 06:37:16,0.00000418,3815.00000000
2018-03-01 06:37:16,0.00000418,2391.00000000
2018-03-01 06:37:16,0.00000418,19436.00000000
2018-03-01 06:37:16,0.00000418,306.00000000
2018-03-01 06:37:17,0.00000418,2205.00000000
2018-03-01 06:37:17,0.00000418,397.00000000
2018-03-01 06:37:17,0.00000418,2953.00000000
2018-03-01 06:37:18,0.00000418,23923.00000000
2018-03-01 06:37:18,0.00000418,3722.00000000
2018-03-01 06:37:18,0.00000418,802.00000000
2018-03-01 06:37:18,0.00000418,2391.00000000
2018-03-01 06:37:18,0.00000418,2391.00000000
2018-03-01 06:37:18,0.00000418,2391.00000000
2018-03-01 06:37:18,0.00000418,2391.00000000
2018-03-01 06:37:18,0.00000418,1000.00000000
2018-03-01 06:37:18,0.00000418,2391.00000000
2018-03-01 06:37:19,0.00000418,23923.00000000
2018-03-01 06:37:19,0.00000418,35192.00000000
2018-03-01 06:37:19,0.00000418,805.00000000
2018-03-01 06:37:19,0.00000418,805.00000000
2018-03-01 06:37:20,0.00000418,3552.00000000
2018-03-01 06:37:21,0.00000418,1012.00000000
2018-03-01 06:37:22,0.00000418,5452.00000000
2018-03-01 06:37:22,0.00000418,1289.00000000
2018-03-01 06:37:23,0.00000418,13912.00000000
2018-03-01 06:37:24,0.00000418,5555.00000000
2018-03-01 06:37:28,0.00000419,400.00000000
2018-03-01 06:37:28,0.00000419,94293.00000000
2018-03-01 06:37:32,0.00000418,10609.00000000
2018-03-01 06:37:32,0.00000418,79396.00000000
2018-03-01 06:37:32,0.00000418,1232.00000000
2018-03-01 06:37:33,0.00000418,1460.00000000
2018-03-01 06:37:33,0.00000419,22185.00000000
2018-03-01 06:37:36,0.00000418,7000.00000000
2018-03-01 06:37:37,0.00000418,16150.00000000
2018-03-01 06:37:38,0.00000418,1000.00000000
2018-03-01 06:37:42,0.00000419,400.00000000
2018-03-01 06:37:43,0.00000419,1333.00000000
2018-03-01 06:37:43,0.00000418,200528.00000000
2018-03-01 06:37:44,0.00000418,1626.00000000
2018-03-01 06:37:53,0.00000418,251.00000000
2018-03-01 06:37:53,0.00000418,1626.00000000
2018-03-01 06:37:53,0.00000418,889.00000000
2018-03-01 06:37:53,0.00000419,22.00000000
2018-03-01 06:37:54,0.00000418,19997.00000000
2018-03-01 06:37:54,0.00000418,17634.00000000
2018-03-01 06:37:55,0.00000418,1862.00000000
2018-03-01 06:37:58,0.00000418,7777.00000000
2018-03-01 06:37:58,0.00000418,70211.00000000
2018-03-01 06:37:59,0.00000418,5764.00000000
2018-03-01 06:38:00,0.00000418,829788.00000000
2018-03-01 06:38:00,0.00000418,1.00000000
2018-03-01 06:38:02,0.00000418,33800.00000000
2018-03-01 06:38:02,0.00000418,116028.00000000
2018-03-01 06:38:03,0.00000418,102612.00000000
2018-03-01 06:38:03,0.00000419,110978.00000000
2018-03-01 06:38:04,0.00000418,1626.00000000
2018-03-01 06:38:04,0.00000418,813.00000000
2018-03-01 06:38:04,0.00000418,656.00000000
2018-03-01 06:38:04,0.00000418,51554.00000000
2018-03-01 06:38:05,0.00000418,11700.00000000
2018-03-01 06:38:09,0.00000418,1675.00000000
2018-03-01 06:38:12,0.00000418,5863.00000000
2018-03-01 06:38:12,0.00000417,1475.00000000
2018-03-01 06:38:13,0.00000418,5010.00000000
2018-03-01 06:38:17,0.00000417,29302.00000000
2018-03-01 06:38:19,0.00000418,13402.00000000
2018-03-01 06:38:22,0.00000418,11276.00000000
2018-03-01 06:38:22,0.00000418,578.00000000
2018-03-01 06:38:22,0.00000418,18217.00000000
2018-03-01 06:38:30,0.00000418,875.00000000
2018-03-01 06:38:31,0.00000418,1500.00000000
2018-03-01 06:38:33,0.00000418,189419.00000000
2018-03-01 06:38:38,0.00000417,2343.00000000
2018-03-01 06:38:38,0.00000418,8102.00000000
2018-03-01 06:38:45,0.00000418,3645.00000000
2018-03-01 06:38:45,0.00000419,27603.00000000
2018-03-01 06:38:47,0.00000418,23980.00000000
2018-03-01 06:38:48,0.00000418,396.00000000
2018-03-01 06:38:48,0.00000418,4047.00000000
2018-03-01 06:38:48,0.00000417,7972.00000000
2018-03-01 06:38:48,0.00000419,7744.00000000
2018-03-01 06:38:50,0.00000419,2581.00000000
2018-03-01 06:38:51,0.00000418,2972.00000000
2018-03-01 06:38:52,0.00000418,16702.00000000
2018-03-01 06:38:53,0.00000418,7561.00000000
2018-03-01 06:38:56,0.00000418,2289.00000000
2018-03-01 06:38:56,0.00000419,2389.00000000
2018-03-01 06:38:57,0.00000418,544249.00000000
2018-03-01 06:39:01,0.00000418,16250.00000000
2018-03-01 06:39:01,0.00000418,5972.00000000
2018-03-01 06:39:02,0.00000418,4775.00000000
2018-03-01 06:39:02,0.00000418,396.00000000
2018-03-01 06:39:03,0.00000418,12391.00000000
2018-03-01 06:39:09,0.00000419,330.00000000
2018-03-01 06:39:10,0.00000418,20824.00000000
2018-03-01 06:39:17,0.00000418,4582.00000000
2018-03-01 06:39:25,0.00000419,174866.00000000
2018-03-01 06:39:27,0.00000419,12398.00000000
2018-03-01 06:39:29,0.00000419,13907.00000000
2018-03-01 06:39:29,0.00000418,10321.00000000
2018-03-01 06:39:30,0.00000419,473.00000000
2018-03-01 06:39:31,0.00000419,89054.00000000
2018-03-01 06:39:32,0.00000418,43190.00000000
2018-03-01 06:39:35,0.00000419,500.00000000
2018-03-01 06:39:36,0.00000418,6744.00000000
2018-03-01 06:39:36,0.00000418,29648.00000000
2018-03-01 06:39:36,0.00000418,6541.00000000
2018-03-01 06:39:37,0.00000418,475.00000000
2018-03-01 06:39:40,0.00000419,35365.00000000
2018-03-01 06:39:44,0.00000419,215866.00000000
2018-03-01 06:39:46,0.00000419,21404.00000000
2018-03-01 06:39:46,0.00000419,4.00000000
2018-03-01 06:39:48,0.00000418,1176.00000000
2018-03-01 06:39:50,0.00000419,97886.00000000
2018-03-01 06:39:51,0.00000419,858.00000000
2018-03-01 06:39:52,0.00000418,566.00000000
2018-03-01 06:39:53,0.00000419,15616.00000000
2018-03-01 06:39:54,0.00000418,18199.00000000
2018-03-01 06:39:55,0.00000418,3129.00000000
2018-03-01 06:39:58,0.00000419,6639.00000000
2018-03-01 06:40:00,0.00000418,2712.00000000
2018-03-01 06:40:02,0.00000419,16531.00000000
2018-03-01 06:40:02,0.00000419,30026.00000000
2018-03-01 06:40:03,0.00000419,217856.00000000
2018-03-01 06:40:05,0.00000418,11.00000000
2018-03-01 06:40:05,0.00000419,7908.00000000
2018-03-01 06:40:05,0.00000419,6749.00000000
2018-03-01 06:40:06,0.00000419,909.00000000
2018-03-01 06:40:06,0.00000419,89296.00000000
2018-03-01 06:40:06,0.00000419,5495.00000000
2018-03-01 06:40:08,0.00000419,27064.00000000
2018-03-01 06:40:10,0.00000419,146510.00000000
2018-03-01 06:40:11,0.00000419,1193.00000000
2018-03-01 06:40:11,0.00000419,30772.00000000
2018-03-01 06:40:13,0.00000419,2950.00000000
2018-03-01 06:40:15,0.00000419,500.00000000
2018-03-01 06:40:15,0.00000419,12481.00000000
2018-03-01 06:40:17,0.00000419,521.00000000
2018-03-01 06:40:18,0.00000418,8339.00000000
2018-03-01 06:40:19,0.00000418,416.00000000
2018-03-01 06:40:19,0.00000418,1188.00000000
2018-03-01 06:40:19,0.00000418,11525.00000000
2018-03-01 06:40:19,0.00000419,8277.00000000
2018-03-01 06:40:21,0.00000418,416.00000000
2018-03-01 06:40:21,0.00000418,416.00000000
2018-03-01 06:40:21,0.00000419,2148.00000000
2018-03-01 06:40:21,0.00000419,7908.00000000
2018-03-01 06:40:22,0.00000418,6022.00000000
2018-03-01 06:40:22,0.00000418,403.00000000
2018-03-01 06:40:22,0.00000419,50000.00000000
2018-03-01 06:40:24,0.00000418,1037.00000000
2018-03-01 06:40:24,0.00000419,30118.00000000
2018-03-01 06:40:24,0.00000419,5000.00000000
2018-03-01 06:40:24,0.00000419,5253.00000000
2018-03-01 06:40:24,0.00000419,11384.00000000
2018-03-01 06:40:24,0.00000418,11384.00000000
2018-03-01 06:40:24,0.00000418,6545.00000000
2018-03-01 06:40:25,0.00000419,262.00000000
2018-03-01 06:40:26,0.00000418,151535.00000000
2018-03-01 06:40:27,0.00000419,9108.00000000
2018-03-01 06:40:27,0.00000419,3414.00000000
2018-03-01 06:40:32,0.00000418,10008.00000000
2018-03-01 06:40:33,0.00000418,1048.00000000
2018-03-01 06:40:33,0.00000418,499.00000000
2018-03-01 06:40:41,0.00000418,10550.00000000
2018-03-01 06:40:42,0.00000418,1626.00000000
2018-03-01 06:40:42,0.00000418,934.00000000
2018-03-01 06:40:44,0.00000418,18021.00000000
2018-03-01 06:40:44,0.00000418,813.00000000
2018-03-01 06:40:44,0.00000418,23176.00000000
2018-03-01 06:40:44,0.00000418,11606.00000000
2018-03-01 06:40:45,0.00000418,7777.00000000
2018-03-01 06:40:45,0.00000419,1535.00000000
2018-03-01 06:40:48,0.00000418,646.00000000
2018-03-01 06:40:51,0.00000419,40448.00000000
2018-03-01 06:40:51,0.00000418,2196.00000000
2018-03-01 06:40:52,0.00000418,1196.00000000
2018-03-01 06:40:54,0.00000418,1393.00000000
2018-03-01 06:40:55,0.00000418,2398.00000000
2018-03-01 06:40:55,0.00000419,79915.00000000
2018-03-01 06:40:55,0.00000419,69302.00000000
2018-03-01 06:40:56,0.00000419,213584.00000000
2018-03-01 06:40:58,0.00000419,10929.00000000
2018-03-01 06:40:58,0.00000419,4131.00000000
2018-03-01 06:40:58,0.00000419,869.00000000
2018-03-01 06:40:59,0.00000419,1720.00000000
2018-03-01 06:40:59,0.00000420,4745.00000000
2018-03-01 06:41:00,0.00000419,1502.00000000
2018-03-01 06:41:00,0.00000419,2372.00000000
2018-03-01 06:41:00,0.00000419,1.00000000
2018-03-01 06:41:00,0.00000418,786.00000000
2018-03-01 06:41:00,0.00000419,972.00000000
2018-03-01 06:41:00,0.00000419,544.00000000
2018-03-01 06:41:00,0.00000419,805.00000000
2018-03-01 06:41:00,0.00000419,294.00000000
2018-03-01 06:41:01,0.00000419,860.00000000
2018-03-01 06:41:01,0.00000418,140.00000000
2018-03-01 06:41:01,0.00000419,5138.00000000
2018-03-01 06:41:02,0.00000420,17016.00000000
2018-03-01 06:41:02,0.00000419,4545.00000000
2018-03-01 06:41:02,0.00000419,2389.00000000
2018-03-01 06:41:05,0.00000419,11882.00000000
2018-03-01 06:41:07,0.00000420,23866.00000000
2018-03-01 06:41:07,0.00000419,11882.00000000
2018-03-01 06:41:07,0.00000420,1607.00000000
2018-03-01 06:41:09,0.00000419,858.00000000
2018-03-01 06:41:09,0.00000419,500.00000000
2018-03-01 06:41:09,0.00000420,531.00000000
2018-03-01 06:41:10,0.00000419,14599.00000000
2018-03-01 06:41:14,0.00000419,24338.00000000
2018-03-01 06:41:16,0.00000419,68770.00000000
2018-03-01 06:41:16,0.00000418,662.00000000
2018-03-01 06:41:17,0.00000419,532.00000000
2018-03-01 06:41:17,0.00000420,9307.00000000
2018-03-01 06:41:19,0.00000418,242.00000000
2018-03-01 06:41:20,0.00000419,1626.00000000
2018-03-01 06:41:21,0.00000419,394.00000000
2018-03-01 06:41:21,0.00000419,3991.00000000
2018-03-01 06:41:22,0.00000419,2211.00000000
2018-03-01 06:41:22,0.00000418,1065.00000000
2018-03-01 06:41:25,0.00000419,208291.00000000
2018-03-01 06:41:25,0.00000419,30379.00000000
2018-03-01 06:41:26,0.00000418,31427.00000000
2018-03-01 06:41:26,0.00000418,19057.00000000
2018-03-01 06:41:28,0.00000419,71375.00000000
2018-03-01 06:41:28,0.00000420,8464.00000000
2018-03-01 06:41:28,0.00000420,7540.00000000
2018-03-01 06:41:33,0.00000419,6343.00000000
2018-03-01 06:41:33,0.00000419,5094.00000000
2018-03-01 06:41:39,0.00000419,1311.00000000
2018-03-01 06:41:40,0.00000419,5494.00000000
2018-03-01 06:41:40,0.00000419,4074.00000000
2018-03-01 06:41:41,0.00000420,3682.00000000
2018-03-01 06:41:41,0.00000419,753.00000000
2018-03-01 06:41:42,0.00000419,1000.00000000
2018-03-01 06:41:42,0.00000419,3338.00000000
2018-03-01 06:41:44,0.00000419,1877.00000000
2018-03-01 06:41:44,0.00000419,21110.00000000
2018-03-01 06:41:45,0.00000419,15459.00000000
2018-03-01 06:41:45,0.00000419,23825.00000000
2018-03-01 06:41:45,0.00000420,11863.00000000
2018-03-01 06:41:49,0.00000419,33697.00000000
2018-03-01 06:41:49,0.00000420,1920.00000000
2018-03-01 06:41:52,0.00000420,139027.00000000
2018-03-01 06:41:52,0.00000419,14970.00000000
2018-03-01 06:41:53,0.00000419,512.00000000
2018-03-01 06:41:55,0.00000420,861.00000000
2018-03-01 06:41:57,0.00000419,283.00000000
2018-03-01 06:42:00,0.00000420,3910.00000000
2018-03-01 06:42:00,0.00000420,4643.00000000
2018-03-01 06:42:02,0.00000420,492.00000000
2018-03-01 06:42:03,0.00000419,11881.00000000
2018-03-01 06:42:03,0.00000420,2029.00000000
2018-03-01 06:42:05,0.00000420,7487.00000000
2018-03-01 06:42:09,0.00000420,4527.00000000
2018-03-01 06:42:10,0.00000420,9904.00000000
2018-03-01 06:42:10,0.00000419,140094.00000000
2018-03-01 06:42:11,0.00000420,11908.00000000
2018-03-01 06:42:14,0.00000420,1089.00000000
2018-03-01 06:42:15,0.00000420,3802.00000000
2018-03-01 06:42:18,0.00000420,2000.00000000
2018-03-01 06:42:19,0.00000420,20452.00000000
2018-03-01 06:42:19,0.00000419,2001.00000000
2018-03-01 06:42:20,0.00000419,12090.00000000
2018-03-01 06:42:21,0.00000419,1396.00000000
2018-03-01 06:42:21,0.00000420,57950.00000000
2018-03-01 06:42:21,0.00000420,71775.00000000
2018-03-01 06:42:21,0.00000419,1000.00000000
2018-03-01 06:42:22,0.00000420,131816.00000000
2018-03-01 06:42:22,0.00000420,475.00000000
2018-03-01 06:42:23,0.00000419,581.00000000
2018-03-01 06:42:23,0.00000419,550.00000000
2018-03-01 06:42:23,0.00000420,12049.00000000
2018-03-01 06:42:25,0.00000419,63808.00000000
2018-03-01 06:42:27,0.00000420,5957.00000000
2018-03-01 06:42:28,0.00000420,294.00000000
2018-03-01 06:42:30,0.00000419,1194.00000000
2018-03-01 06:42:30,0.00000419,11962.00000000
2018-03-01 06:42:31,0.00000420,41130.00000000
2018-03-01 06:42:32,0.00000420,9213.00000000
2018-03-01 06:42:34,0.00000420,1950.00000000
2018-03-01 06:42:35,0.00000419,1912.00000000
2018-03-01 06:42:36,0.00000419,313.00000000
2018-03-01 06:42:36,0.00000420,2164.00000000
2018-03-01 06:42:37,0.00000420,38175.00000000
2018-03-01 06:42:37,0.00000420,5233.00000000
2018-03-01 06:42:38,0.00000420,1190476.00000000
2018-03-01 06:42:39,0.00000419,2000.00000000
2018-03-01 06:42:40,0.00000420,67819.00000000
2018-03-01 06:42:40,0.00000419,1195.00000000
2018-03-01 06:42:41,0.00000419,3918.00000000
2018-03-01 06:42:41,0.00000419,1195.00000000
2018-03-01 06:42:41,0.00000420,53410.00000000
2018-03-01 06:42:41,0.00000420,5961.00000000
2018-03-01 06:42:41,0.00000420,4254.00000000
2018-03-01 06:42:41,0.00000420,2379.00000000
2018-03-01 06:42:41,0.00000420,3573.00000000
2018-03-01 06:42:42,0.00000420,2379.00000000
2018-03-01 06:42:42,0.00000420,2380.00000000
2018-03-01 06:42:42,0.00000420,1546.00000000
2018-03-01 06:42:42,0.00000420,2379.00000000
2018-03-01 06:42:42,0.00000420,2446.00000000
2018-03-01 06:42:42,0.00000420,2130.00000000
2018-03-01 06:42:42,0.00000420,66607.00000000
2018-03-01 06:42:42,0.00000420,18917.00000000
2018-03-01 06:42:42,0.00000420,4963.00000000
2018-03-01 06:42:42,0.00000420,22000.00000000
2018-03-01 06:42:42,0.00000420,1713.00000000
2018-03-01 06:42:42,0.00000420,3881.00000000
2018-03-01 06:42:42,0.00000420,425.00000000
2018-03-01 06:42:42,0.00000420,30000.00000000
2018-03-01 06:42:43,0.00000420,5000.00000000
2018-03-01 06:42:43,0.00000420,13852.00000000
2018-03-01 06:42:43,0.00000420,1171.00000000
2018-03-01 06:42:43,0.00000420,2000.00000000
2018-03-01 06:42:43,0.00000421,168086.00000000
2018-03-01 06:42:43,0.00000420,945.00000000
2018-03-01 06:42:44,0.00000420,20591.00000000
2018-03-01 06:42:44,0.00000420,3000.00000000
2018-03-01 06:42:45,0.00000420,2500.00000000
2018-03-01 06:42:45,0.00000420,17371.00000000
2018-03-01 06:42:45,0.00000420,1000.00000000
2018-03-01 06:42:45,0.00000420,10089.00000000
2018-03-01 06:42:46,0.00000421,668289.00000000
2018-03-01 06:42:47,0.00000420,1594.00000000
2018-03-01 06:42:47,0.00000420,530.00000000
2018-03-01 06:42:47,0.00000420,496.00000000
2018-03-01 06:42:47,0.00000420,972.00000000
2018-03-01 06:42:47,0.00000420,1099.00000000
2018-03-01 06:42:47,0.00000420,18016.00000000
2018-03-01 06:42:47,0.00000420,778.00000000
2018-03-01 06:42:47,0.00000420,1099.00000000
2018-03-01 06:42:47,0.00000420,972.00000000
2018-03-01 06:42:48,0.00000420,5053.00000000
2018-03-01 06:42:48,0.00000420,860.00000000
2018-03-01 06:42:49,0.00000420,10000.00000000
2018-03-01 06:42:51,0.00000420,59666.00000000
2018-03-01 06:42:51,0.00000420,5053.00000000
2018-03-01 06:42:51,0.00000420,12937.00000000
2018-03-01 06:42:51,0.00000421,26303.00000000
2018-03-01 06:42:54,0.00000420,2528.00000000
2018-03-01 06:42:54,0.00000421,1501.00000000
2018-03-01 06:42:55,0.00000421,148816.00000000
2018-03-01 06:42:55,0.00000421,9337.00000000
2018-03-01 06:42:55,0.00000421,8132.00000000
2018-03-01 06:42:55,0.00000421,37094.00000000
2018-03-01 06:42:55,0.00000421,328.00000000
2018-03-01 06:42:55,0.00000421,6908.00000000
2018-03-01 06:42:55,0.00000421,2375.00000000
2018-03-01 06:42:55,0.00000421,35414.00000000
2018-03-01 06:42:55,0.00000421,4873.00000000
2018-03-01 06:42:55,0.00000421,787.00000000
2018-03-01 06:42:55,0.00000421,787.00000000
2018-03-01 06:42:56,0.00000421,4569.00000000
2018-03-01 06:42:56,0.00000420,7336.00000000
2018-03-01 06:42:56,0.00000420,370.00000000
2018-03-01 06:42:56,0.00000420,239.00000000
2018-03-01 06:42:57,0.00000421,7042.00000000
2018-03-01 06:42:57,0.00000421,1094.00000000
2018-03-01 06:42:57,0.00000421,595232.00000000
2018-03-01 06:42:57,0.00000421,2381.00000000
2018-03-01 06:42:58,0.00000421,612.00000000
2018-03-01 06:42:59,0.00000421,1500.00000000
2018-03-01 06:42:59,0.00000421,1616.00000000
2018-03-01 06:43:00,0.00000421,1408.00000000
2018-03-01 06:43:00,0.00000422,31536.00000000
2018-03-01 06:43:00,0.00000421,6160.00000000
2018-03-01 06:43:00,0.00000421,2381.00000000
2018-03-01 06:43:00,0.00000421,239.00000000
2018-03-01 06:43:01,0.00000421,1611.00000000
2018-03-01 06:43:01,0.00000421,9800.00000000
2018-03-01 06:43:01,0.00000421,556.00000000
2018-03-01 06:43:02,0.00000421,3000.00000000
2018-03-01 06:43:02,0.00000421,11905.00000000
2018-03-01 06:43:02,0.00000421,11575.00000000
2018-03-01 06:43:02,0.00000421,21684.00000000
2018-03-01 06:43:04,0.00000420,5012.00000000
2018-03-01 06:43:04,0.00000421,6930.00000000
2018-03-01 06:43:04,0.00000421,10485.00000000
2018-03-01 06:43:04,0.00000421,468.00000000
2018-03-01 06:43:05,0.00000421,7828.00000000
2018-03-01 06:43:06,0.00000420,17844.00000000
2018-03-01 06:43:07,0.00000420,2376.00000000
2018-03-01 06:43:07,0.00000421,1423.00000000
2018-03-01 06:43:07,0.00000421,22029.00000000
2018-03-01 06:43:07,0.00000420,2000.00000000
2018-03-01 06:43:09,0.00000421,2466.00000000
2018-03-01 06:43:09,0.00000421,1260.00000000
2018-03-01 06:43:09,0.00000421,28762.00000000
2018-03-01 06:43:09,0.00000421,1115.00000000
2018-03-01 06:43:12,0.00000420,146.00000000
2018-03-01 06:43:12,0.00000421,1957.00000000
2018-03-01 06:43:18,0.00000421,2417.00000000
2018-03-01 06:43:18,0.00000421,456.00000000
2018-03-01 06:43:18,0.00000420,3000.00000000
2018-03-01 06:43:19,0.00000421,475059.00000000
2018-03-01 06:43:21,0.00000420,2380.00000000
2018-03-01 06:43:21,0.00000421,2035.00000000
2018-03-01 06:43:23,0.00000421,28902.00000000
2018-03-01 06:43:23,0.00000421,2750.00000000
2018-03-01 06:43:23,0.00000421,13304.00000000
2018-03-01 06:43:24,0.00000421,22074.00000000
2018-03-01 06:43:25,0.00000421,151457.00000000
2018-03-01 06:43:25,0.00000420,240.00000000
2018-03-01 06:43:29,0.00000421,617.00000000
2018-03-01 06:43:29,0.00000421,149922.00000000
2018-03-01 06:43:34,0.00000421,4129.00000000
2018-03-01 06:43:36,0.00000420,13320.00000000
2018-03-01 06:43:37,0.00000421,47494.00000000
2018-03-01 06:43:39,0.00000421,470.00000000
2018-03-01 06:43:41,0.00000421,9042.00000000
2018-03-01 06:43:41,0.00000421,1020.00000000
2018-03-01 06:43:41,0.00000421,10573.00000000
2018-03-01 06:43:41,0.00000421,387.00000000
2018-03-01 06:43:42,0.00000421,186752.00000000
2018-03-01 06:43:42,0.00000421,10900.00000000
2018-03-01 06:43:44,0.00000421,6888.00000000
2018-03-01 06:43:45,0.00000421,29716.00000000
2018-03-01 06:43:45,0.00000421,16503.00000000
2018-03-01 06:43:46,0.00000421,15270.00000000
2018-03-01 06:43:47,0.00000421,51825.00000000
2018-03-01 06:43:48,0.00000421,128677.00000000
2018-03-01 06:43:52,0.00000421,77180.00000000
2018-03-01 06:43:52,0.00000421,21940.00000000
2018-03-01 06:43:54,0.00000421,7579.00000000
2018-03-01 06:43:55,0.00000421,3520.00000000
2018-03-01 06:43:55,0.00000421,51623.00000000
2018-03-01 06:43:56,0.00000421,76375.00000000
2018-03-01 06:43:56,0.00000421,7174.00000000
2018-03-01 06:43:57,0.00000421,471.00000000
2018-03-01 06:43:57,0.00000420,489435.00000000
2018-03-01 06:43:58,0.00000421,8892.00000000
2018-03-01 06:43:58,0.00000421,1685.00000000
2018-03-01 06:43:59,0.00000421,51650.00000000
2018-03-01 06:44:00,0.00000421,82153.00000000
2018-03-01 06:44:01,0.00000421,16760.00000000
2018-03-01 06:44:02,0.00000421,445.00000000
2018-03-01 06:44:02,0.00000421,102003.00000000
2018-03-01 06:44:02,0.00000421,3179.00000000
2018-03-01 06:44:04,0.00000421,7905.00000000
2018-03-01 06:44:04,0.00000421,2781.00000000
2018-03-01 06:44:04,0.00000421,4298.00000000
2018-03-01 06:44:06,0.00000421,130910.00000000
2018-03-01 06:44:06,0.00000421,10055.00000000
2018-03-01 06:44:07,0.00000421,306.00000000
2018-03-01 06:44:10,0.00000421,62565.00000000
2018-03-01 06:44:10,0.00000421,12003.00000000
2018-03-01 06:44:14,0.00000421,3044.00000000
2018-03-01 06:44:15,0.00000421,8550.00000000
2018-03-01 06:44:15,0.00000421,123882.00000000
2018-03-01 06:44:15,0.00000421,38405.00000000
2018-03-01 06:44:16,0.00000421,410.00000000
2018-03-01 06:44:17,0.00000421,6029.00000000
2018-03-01 06:44:18,0.00000421,123384.00000000
2018-03-01 06:44:22,0.00000422,25000.00000000
2018-03-01 06:44:25,0.00000422,20000.00000000
2018-03-01 06:44:25,0.00000422,4791.00000000
2018-03-01 06:44:28,0.00000421,525.00000000
2018-03-01 06:44:29,0.00000422,19577.00000000
2018-03-01 06:44:30,0.00000421,475.00000000
2018-03-01 06:44:32,0.00000421,62917.00000000
2018-03-01 06:44:33,0.00000422,5849.00000000
2018-03-01 06:44:34,0.00000421,7340.00000000
2018-03-01 06:44:34,0.00000421,481.00000000
2018-03-01 06:44:36,0.00000421,23848.00000000
2018-03-01 06:44:36,0.00000422,2454.00000000
2018-03-01 06:44:38,0.00000421,7144.00000000
2018-03-01 06:44:40,0.00000421,299.00000000
2018-03-01 06:44:41,0.00000421,27415.00000000
2018-03-01 06:44:41,0.00000422,459.00000000
2018-03-01 06:44:42,0.00000422,402211.00000000
2018-03-01 06:44:44,0.00000422,56494.00000000
2018-03-01 06:44:44,0.00000422,449138.00000000
2018-03-01 06:44:44,0.00000422,90564.00000000
2018-03-01 06:44:44,0.00000422,126845.00000000
2018-03-01 06:44:44,0.00000422,1019.00000000
2018-03-01 06:44:44,0.00000422,37713.00000000
2018-03-01 06:44:45,0.00000422,4156.00000000
2018-03-01 06:44:45,0.00000422,11811.00000000
2018-03-01 06:44:45,0.00000422,12410.00000000
2018-03-01 06:44:45,0.00000422,7621.00000000
2018-03-01 06:44:46,0.00000422,8019.00000000
2018-03-01 06:44:46,0.00000422,1219.00000000
2018-03-01 06:44:46,0.00000422,11811.00000000
2018-03-01 06:44:47,0.00000422,392.00000000
2018-03-01 06:44:47,0.00000423,195.00000000
2018-03-01 06:44:48,0.00000422,11848.00000000
2018-03-01 06:44:48,0.00000422,392.00000000
2018-03-01 06:44:48,0.00000423,13.00000000
2018-03-01 06:44:48,0.00000423,2924.00000000
2018-03-01 06:44:49,0.00000422,392.00000000
2018-03-01 06:44:49,0.00000422,11848.00000000
2018-03-01 06:44:50,0.00000422,960.00000000
2018-03-01 06:44:50,0.00000422,11811.00000000
2018-03-01 06:44:51,0.00000423,251412.00000000
2018-03-01 06:44:51,0.00000422,392.00000000
2018-03-01 06:44:51,0.00000422,3048.00000000
2018-03-01 06:44:51,0.00000423,2363.00000000
2018-03-01 06:44:51,0.00000423,76027.00000000
2018-03-01 06:44:51,0.00000423,9830.00000000
2018-03-01 06:44:52,0.00000422,11811.00000000
2018-03-01 06:44:52,0.00000422,392.00000000
2018-03-01 06:44:52,0.00000423,28429.00000000
2018-03-01 06:44:53,0.00000422,3529.00000000
2018-03-01 06:44:53,0.00000422,11811.00000000
2018-03-01 06:44:53,0.00000423,3834.00000000
2018-03-01 06:44:53,0.00000422,5000.00000000
2018-03-01 06:44:54,0.00000422,1207.00000000
2018-03-01 06:44:54,0.00000422,9995.00000000
2018-03-01 06:44:54,0.00000422,11811.00000000
2018-03-01 06:44:55,0.00000423,17786.00000000
2018-03-01 06:44:55,0.00000422,392.00000000
2018-03-01 06:44:55,0.00000422,5973.00000000
2018-03-01 06:44:55,0.00000423,129640.00000000
2018-03-01 06:44:56,0.00000423,193012.00000000
2018-03-01 06:44:56,0.00000422,392.00000000
2018-03-01 06:44:56,0.00000422,11848.00000000
2018-03-01 06:44:56,0.00000423,3300.00000000
2018-03-01 06:44:57,0.00000422,60007.00000000
2018-03-01 06:44:57,0.00000423,261567.00000000
2018-03-01 06:44:57,0.00000422,407.00000000
2018-03-01 06:44:57,0.00000422,1500.00000000
2018-03-01 06:44:57,0.00000422,11848.00000000
2018-03-01 06:44:57,0.00000423,468.00000000
2018-03-01 06:44:58,0.00000423,71.00000000
2018-03-01 06:44:58,0.00000422,19450.00000000
2018-03-01 06:44:58,0.00000422,950.00000000
2018-03-01 06:44:58,0.00000423,1043.00000000
2018-03-01 06:44:58,0.00000422,11811.00000000
2018-03-01 06:44:59,0.00000422,392.00000000
2018-03-01 06:44:59,0.00000422,37776.00000000
2018-03-01 06:44:59,0.00000423,71812.00000000
2018-03-01 06:44:59,0.00000422,1000.00000000
2018-03-01 06:45:00,0.00000422,11811.00000000
2018-03-01 06:45:00,0.00000422,392.00000000
2018-03-01 06:45:01,0.00000423,12727.00000000
2018-03-01 06:45:01,0.00000422,11848.00000000
2018-03-01 06:45:02,0.00000422,9237.00000000
2018-03-01 06:45:02,0.00000423,137540.00000000
2018-03-01 06:45:02,0.00000423,43800.00000000
2018-03-01 06:45:03,0.00000424,261.00000000
2018-03-01 06:45:03,0.00000424,124705.00000000
2018-03-01 06:45:03,0.00000423,2039.00000000
2018-03-01 06:45:03,0.00000423,3836.00000000
2018-03-01 06:45:03,0.00000422,1915.00000000
2018-03-01 06:45:03,0.00000422,3513.00000000
2018-03-01 06:45:03,0.00000422,3294.00000000
2018-03-01 06:45:03,0.00000423,477.00000000
2018-03-01 06:45:03,0.00000423,197.00000000
2018-03-01 06:45:03,0.00000423,1033.00000000
2018-03-01 06:45:03,0.00000422,881.00000000
2018-03-01 06:45:03,0.00000422,1033.00000000
2018-03-01 06:45:03,0.00000422,1033.00000000
2018-03-01 06:45:03,0.00000423,1033.00000000
2018-03-01 06:45:03,0.00000423,55.00000000
2018-03-01 06:45:03,0.00000423,152.00000000
2018-03-01 06:45:04,0.00000423,79674.00000000
2018-03-01 06:45:04,0.00000422,4705.00000000
2018-03-01 06:45:04,0.00000423,68192.00000000
2018-03-01 06:45:04,0.00000423,4705.00000000
2018-03-01 06:45:04,0.00000423,75176.00000000
2018-03-01 06:45:04,0.00000422,4978.00000000
2018-03-01 06:45:04,0.00000423,3516.00000000
2018-03-01 06:45:05,0.00000422,3513.00000000
2018-03-01 06:45:05,0.00000422,23952.00000000
2018-03-01 06:45:05,0.00000423,86.00000000
2018-03-01 06:45:05,0.00000422,1103.00000000
2018-03-01 06:45:06,0.00000422,40296.00000000
2018-03-01 06:45:06,0.00000422,3513.00000000
2018-03-01 06:45:06,0.00000422,7748.00000000
2018-03-01 06:45:07,0.00000422,3513.00000000
2018-03-01 06:45:07,0.00000423,668.00000000
2018-03-01 06:45:07,0.00000423,3981.00000000
2018-03-01 06:45:07,0.00000422,2630.00000000
2018-03-01 06:45:08,0.00000423,247.00000000
2018-03-01 06:45:08,0.00000422,3513.00000000
2018-03-01 06:45:08,0.00000422,31988.00000000
2018-03-01 06:45:09,0.00000422,2590.00000000
2018-03-01 06:45:09,0.00000423,908.00000000
2018-03-01 06:45:10,0.00000422,1000.00000000
2018-03-01 06:45:10,0.00000422,7748.00000000
2018-03-01 06:45:10,0.00000422,7417.00000000
2018-03-01 06:45:11,0.00000422,400.00000000
2018-03-01 06:45:11,0.00000423,54839.00000000
2018-03-01 06:45:12,0.00000423,70613.00000000
2018-03-01 06:45:13,0.00000423,17407.00000000
2018-03-01 06:45:13,0.00000423,3983.00000000
2018-03-01 06:45:14,0.00000423,478.00000000
2018-03-01 06:45:14,0.00000423,1975.00000000
2018-03-01 06:45:16,0.00000423,6391.00000000
2018-03-01 06:45:16,0.00000423,49686.00000000
2018-03-01 06:45:18,0.00000423,32100.00000000
2018-03-01 06:45:19,0.00000423,5441.00000000
2018-03-01 06:45:19,0.00000422,1500.00000000
2018-03-01 06:45:19,0.00000423,4932.00000000
2018-03-01 06:45:19,0.00000423,100.00000000
2018-03-01 06:45:21,0.00000423,17004.00000000
2018-03-01 06:45:21,0.00000422,1500.00000000
2018-03-01 06:45:25,0.00000423,13372.00000000
2018-03-01 06:45:26,0.00000422,7000.00000000
2018-03-01 06:45:27,0.00000422,135424.00000000
2018-03-01 06:45:27,0.00000423,2602.00000000
2018-03-01 06:45:27,0.00000423,827113.00000000
2018-03-01 06:45:30,0.00000422,1000.00000000
2018-03-01 06:45:31,0.00000423,19536.00000000
2018-03-01 06:45:32,0.00000423,1741.00000000
2018-03-01 06:45:33,0.00000423,3646.00000000
2018-03-01 06:45:33,0.00000423,23282.00000000
2018-03-01 06:45:33,0.00000423,8945.00000000
2018-03-01 06:45:34,0.00000423,117398.00000000
2018-03-01 06:45:34,0.00000423,7295.00000000
2018-03-01 06:45:36,0.00000423,528.00000000
2018-03-01 06:45:36,0.00000423,134620.00000000
2018-03-01 06:45:36,0.00000423,2906.00000000
2018-03-01 06:45:37,0.00000423,13077.00000000
2018-03-01 06:45:39,0.00000423,2930.00000000
2018-03-01 06:45:39,0.00000423,7344.00000000
2018-03-01 06:45:40,0.00000423,15802.00000000
2018-03-01 06:45:41,0.00000423,45335.00000000
2018-03-01 06:45:41,0.00000423,34927.00000000
2018-03-01 06:45:42,0.00000423,5017.00000000
2018-03-01 06:45:43,0.00000423,79170.00000000
2018-03-01 06:45:44,0.00000422,1026.00000000
2018-03-01 06:45:44,0.00000423,146166.00000000
2018-03-01 06:45:44,0.00000422,2848.00000000
2018-03-01 06:45:45,0.00000423,59637.00000000
2018-03-01 06:45:45,0.00000422,1914.00000000
2018-03-01 06:45:45,0.00000423,128038.00000000
2018-03-01 06:45:46,0.00000422,27064.00000000
2018-03-01 06:45:46,0.00000423,405.00000000
2018-03-01 06:45:46,0.00000422,290.00000000
2018-03-01 06:45:46,0.00000422,76027.00000000
2018-03-01 06:45:46,0.00000422,613858.00000000
2018-03-01 06:45:47,0.00000422,2426.00000000
2018-03-01 06:45:47,0.00000422,21300.00000000
2018-03-01 06:45:47,0.00000422,6775.00000000
2018-03-01 06:45:47,0.00000422,10905.00000000
2018-03-01 06:45:47,0.00000423,61319.00000000
2018-03-01 06:45:48,0.00000423,148.00000000
2018-03-01 06:45:50,0.00000423,27591.00000000
2018-03-01 06:45:50,0.00000422,478.00000000
2018-03-01 06:45:50,0.00000421,572.00000000
2018-03-01 06:45:51,0.00000422,953.00000000
2018-03-01 06:45:51,0.00000423,109229.00000000
2018-03-01 06:45:52,0.00000423,2468.00000000
2018-03-01 06:45:52,0.00000422,12.00000000
2018-03-01 06:45:53,0.00000422,12.00000000
2018-03-01 06:45:53,0.00000422,10512.00000000
2018-03-01 06:45:54,0.00000422,16577.00000000
2018-03-01 06:45:55,0.00000422,12.00000000
2018-03-01 06:45:55,0.00000422,54201.00000000
2018-03-01 06:45:55,0.00000423,1832.00000000
2018-03-01 06:45:55,0.00000422,37913.00000000
2018-03-01 06:45:56,0.00000421,12.00000000
2018-03-01 06:45:57,0.00000422,391.00000000
2018-03-01 06:45:57,0.00000421,175474.00000000
2018-03-01 06:45:58,0.00000422,21541.00000000
2018-03-01 06:45:58,0.00000422,42574.00000000
2018-03-01 06:45:58,0.00000422,44105.00000000
2018-03-01 06:45:58,0.00000421,92896.00000000
2018-03-01 06:45:59,0.00000422,2925.00000000
2018-03-01 06:45:59,0.00000422,252.00000000
2018-03-01 06:46:02,0.00000422,938.00000000
2018-03-01 06:46:02,0.00000422,175303.00000000
2018-03-01 06:46:02,0.00000422,40079.00000000
2018-03-01 06:46:02,0.00000422,3467.00000000
2018-03-01 06:46:03,0.00000422,400.00000000
2018-03-01 06:46:03,0.00000423,13809.00000000
2018-03-01 06:46:03,0.00000422,50074.00000000
2018-03-01 06:46:04,0.00000422,6095.00000000
2018-03-01 06:46:05,0.00000422,11905.00000000
2018-03-01 06:46:05,0.00000422,12627.00000000
2018-03-01 06:46:06,0.00000422,10000.00000000
2018-03-01 06:46:06,0.00000422,851.00000000
2018-03-01 06:46:08,0.00000422,1000.00000000
2018-03-01 06:46:11,0.00000422,28565.00000000
2018-03-01 06:46:12,0.00000422,342.00000000
2018-03-01 06:46:14,0.00000423,770.00000000
2018-03-01 06:46:15,0.00000423,332748.00000000
2018-03-01 06:46:16,0.00000423,483.00000000
2018-03-01 06:46:16,0.00000422,98374.00000000
2018-03-01 06:46:17,0.00000423,2593.00000000
2018-03-01 06:46:19,0.00000422,7233.00000000
2018-03-01 06:46:19,0.00000422,50.00000000
2018-03-01 06:46:21,0.00000423,192890.00000000
2018-03-01 06:46:21,0.00000423,248587.00000000
2018-03-01 06:46:26,0.00000422,11354.00000000
2018-03-01 06:46:27,0.00000422,1000.00000000
2018-03-01 06:46:35,0.00000423,326947.00000000
2018-03-01 06:46:35,0.00000423,25189.00000000
2018-03-01 06:46:36,0.00000423,310596.00000000
2018-03-01 06:46:41,0.00000423,100.00000000
2018-03-01 06:46:42,0.00000423,410.00000000
2018-03-01 06:46:42,0.00000423,1000.00000000
2018-03-01 06:46:43,0.00000423,2131.00000000
2018-03-01 06:46:44,0.00000424,475.00000000
2018-03-01 06:46:46,0.00000424,1388.00000000
2018-03-01 06:46:48,0.00000423,11921.00000000
2018-03-01 06:46:49,0.00000424,1290.00000000
2018-03-01 06:46:50,0.00000423,1000.00000000
2018-03-01 06:46:50,0.00000423,129614.00000000
2018-03-01 06:46:51,0.00000424,4550.00000000
2018-03-01 06:46:51,0.00000424,6.00000000
2018-03-01 06:46:52,0.00000424,770.00000000
2018-03-01 06:46:52,0.00000423,7662.00000000
2018-03-01 06:46:53,0.00000424,1498.00000000
2018-03-01 06:46:53,0.00000423,108435.00000000
2018-03-01 06:46:54,0.00000423,4647.00000000
2018-03-01 06:46:54,0.00000423,13192.00000000
2018-03-01 06:46:55,0.00000424,167742.00000000
2018-03-01 06:46:58,0.00000423,387.00000000
2018-03-01 06:46:59,0.00000423,476.00000000
2018-03-01 06:46:59,0.00000424,52496.00000000
2018-03-01 06:47:00,0.00000424,167440.00000000
2018-03-01 06:47:01,0.00000423,19500.00000000
2018-03-01 06:47:01,0.00000423,432.00000000
2018-03-01 06:47:02,0.00000423,20996.00000000
2018-03-01 06:47:02,0.00000424,693.00000000
2018-03-01 06:47:03,0.00000423,2137.00000000
2018-03-01 06:47:04,0.00000424,457.00000000
2018-03-01 06:47:04,0.00000424,2358.00000000
2018-03-01 06:47:07,0.00000424,588.00000000
2018-03-01 06:47:08,0.00000424,845.00000000
2018-03-01 06:47:09,0.00000424,34997.00000000
2018-03-01 06:47:11,0.00000424,249.00000000
2018-03-01 06:47:12,0.00000424,664.00000000
2018-03-01 06:47:13,0.00000424,19918.00000000
2018-03-01 06:47:13,0.00000423,7659.00000000
2018-03-01 06:47:14,0.00000424,38802.00000000
2018-03-01 06:47:14,0.00000424,100.00000000
2018-03-01 06:47:16,0.00000423,10850.00000000
2018-03-01 06:47:17,0.00000423,722.00000000
2018-03-01 06:47:17,0.00000424,13562.00000000
2018-03-01 06:47:18,0.00000424,165225.00000000
2018-03-01 06:47:18,0.00000423,475.00000000
2018-03-01 06:47:19,0.00000423,483.00000000
2018-03-01 06:47:20,0.00000423,1000.00000000
2018-03-01 06:47:21,0.00000424,2812.00000000
2018-03-01 06:47:23,0.00000423,2500.00000000
2018-03-01 06:47:23,0.00000423,2240.00000000
2018-03-01 06:47:23,0.00000424,262.00000000
2018-03-01 06:47:24,0.00000423,1295.00000000
2018-03-01 06:47:25,0.00000424,8743.00000000
2018-03-01 06:47:29,0.00000423,684.00000000
2018-03-01 06:47:29,0.00000424,5000.00000000
2018-03-01 06:47:31,0.00000424,2302.00000000
2018-03-01 06:47:32,0.00000424,2415.00000000
2018-03-01 06:47:33,0.00000424,4067.00000000
2018-03-01 06:47:34,0.00000423,10000.00000000
2018-03-01 06:47:35,0.00000424,5000.00000000
2018-03-01 06:47:37,0.00000424,806.00000000
2018-03-01 06:47:37,0.00000424,402.00000000
2018-03-01 06:47:38,0.00000424,3800.00000000
2018-03-01 06:47:38,0.00000423,10000.00000000
2018-03-01 06:47:39,0.00000424,31334.00000000
2018-03-01 06:47:40,0.00000423,7500.00000000
2018-03-01 06:47:40,0.00000423,3879.00000000
2018-03-01 06:47:40,0.00000424,459.00000000
2018-03-01 06:47:43,0.00000423,109499.00000000
2018-03-01 06:47:44,0.00000424,700.00000000
2018-03-01 06:47:49,0.00000424,75153.00000000
2018-03-01 06:47:50,0.00000423,1499.00000000
2018-03-01 06:47:51,0.00000424,4943.00000000
2018-03-01 06:47:52,0.00000424,1900.00000000
2018-03-01 06:47:55,0.00000424,2356.00000000
2018-03-01 06:47:56,0.00000424,62572.00000000
2018-03-01 06:47:56,0.00000423,401720.00000000
2018-03-01 06:47:58,0.00000424,23640.00000000
2018-03-01 06:47:58,0.00000424,39922.00000000
2018-03-01 06:47:58,0.00000423,75777.00000000
2018-03-01 06:48:00,0.00000423,10850.00000000
2018-03-01 06:48:00,0.00000423,69975.00000000
2018-03-01 06:48:00,0.00000423,27599.00000000
2018-03-01 06:48:00,0.00000423,62579.00000000
2018-03-01 06:48:00,0.00000424,62579.00000000
2018-03-01 06:48:01,0.00000423,9574.00000000
2018-03-01 06:48:01,0.00000423,2.00000000
2018-03-01 06:48:01,0.00000423,9576.00000000
2018-03-01 06:48:01,0.00000423,60337.00000000
2018-03-01 06:48:01,0.00000423,60331.00000000
2018-03-01 06:48:01,0.00000423,215255.00000000
2018-03-01 06:48:01,0.00000423,25515.00000000
2018-03-01 06:48:01,0.00000423,215255.00000000
2018-03-01 06:48:01,0.00000423,2358.00000000
2018-03-01 06:48:01,0.00000423,103419.00000000
2018-03-01 06:48:01,0.00000423,2349.00000000
2018-03-01 06:48:01,0.00000423,79721.00000000
2018-03-01 06:48:01,0.00000424,649.00000000
2018-03-01 06:48:02,0.00000423,1193.00000000
2018-03-01 06:48:02,0.00000423,287.00000000
2018-03-01 06:48:04,0.00000424,1186275.00000000
2018-03-01 06:48:05,0.00000423,340501.00000000
2018-03-01 06:48:06,0.00000423,18611.00000000
2018-03-01 06:48:08,0.00000424,10929.00000000
2018-03-01 06:48:10,0.00000424,27050.00000000
2018-03-01 06:48:10,0.00000424,2135.00000000
2018-03-01 06:48:10,0.00000424,996.00000000
2018-03-01 06:48:10,0.00000424,999.00000000
2018-03-01 06:48:10,0.00000424,15810.00000000
2018-03-01 06:48:10,0.00000424,996.00000000
2018-03-01 06:48:11,0.00000424,2461.00000000
2018-03-01 06:48:11,0.00000423,2779.00000000
2018-03-01 06:48:12,0.00000423,301.00000000
2018-03-01 06:48:14,0.00000423,2363.00000000
2018-03-01 06:48:14,0.00000423,37654.00000000
2018-03-01 06:48:14,0.00000424,4855.00000000
2018-03-01 06:48:16,0.00000424,423.00000000
2018-03-01 06:48:17,0.00000423,1268.00000000
2018-03-01 06:48:18,0.00000423,522.00000000
2018-03-01 06:48:20,0.00000424,15323.00000000
2018-03-01 06:48:20,0.00000424,861.00000000
2018-03-01 06:48:20,0.00000424,1119.00000000
2018-03-01 06:48:20,0.00000424,2037.00000000
2018-03-01 06:48:21,0.00000424,660.00000000
2018-03-01 06:48:21,0.00000424,1113.00000000
2018-03-01 06:48:21,0.00000424,982.00000000
2018-03-01 06:48:22,0.00000424,4266.00000000
2018-03-01 06:48:22,0.00000424,660.00000000
2018-03-01 06:48:22,0.00000424,1978.00000000
2018-03-01 06:48:23,0.00000424,20000.00000000
2018-03-01 06:48:23,0.00000425,27.00000000
2018-03-01 06:48:23,0.00000424,6626.00000000
2018-03-01 06:48:23,0.00000424,3509.00000000
2018-03-01 06:48:24,0.00000424,13203.00000000
2018-03-01 06:48:24,0.00000425,19115.00000000
2018-03-01 06:48:26,0.00000424,589.00000000
2018-03-01 06:48:26,0.00000425,18614.00000000
2018-03-01 06:48:26,0.00000425,1553.00000000
2018-03-01 06:48:26,0.00000425,13302.00000000
2018-03-01 06:48:27,0.00000425,10568.00000000
2018-03-01 06:48:27,0.00000424,750.00000000
2018-03-01 06:48:27,0.00000424,766.00000000
2018-03-01 06:48:28,0.00000424,4439.00000000
2018-03-01 06:48:29,0.00000424,1775.00000000
2018-03-01 06:48:29,0.00000425,1454.00000000
2018-03-01 06:48:29,0.00000424,957.00000000
2018-03-01 06:48:30,0.00000424,12260.00000000
2018-03-01 06:48:30,0.00000424,94963.00000000
2018-03-01 06:48:31,0.00000424,1500.00000000
2018-03-01 06:48:32,0.00000424,47798.00000000
2018-03-01 06:48:32,0.00000424,3509.00000000
2018-03-01 06:48:32,0.00000424,360.00000000
2018-03-01 06:48:33,0.00000424,14066.00000000
2018-03-01 06:48:33,0.00000424,1500.00000000
2018-03-01 06:48:33,0.00000425,169561.00000000
2018-03-01 06:48:35,0.00000425,1947.00000000
2018-03-01 06:48:35,0.00000424,5079.00000000
2018-03-01 06:48:35,0.00000424,1814.00000000
2018-03-01 06:48:35,0.00000425,4173.00000000
2018-03-01 06:48:36,0.00000424,366.00000000
2018-03-01 06:48:37,0.00000425,7360.00000000
2018-03-01 06:48:37,0.00000425,276.00000000
2018-03-01 06:48:37,0.00000424,690.00000000
2018-03-01 06:48:38,0.00000424,1940.00000000
2018-03-01 06:48:39,0.00000425,2450.00000000
2018-03-01 06:48:39,0.00000425,6653.00000000
2018-03-01 06:48:41,0.00000425,35375.00000000
2018-03-01 06:48:41,0.00000425,48.00000000
2018-03-01 06:48:42,0.00000425,12963.00000000
2018-03-01 06:48:43,0.00000425,13127.00000000
2018-03-01 06:48:45,0.00000424,2008.00000000
2018-03-01 06:48:46,0.00000424,473.00000000
2018-03-01 06:48:46,0.00000424,1000.00000000
2018-03-01 06:48:46,0.00000424,48189.00000000
2018-03-01 06:48:48,0.00000424,28140.00000000
2018-03-01 06:48:51,0.00000425,59128.00000000
2018-03-01 06:48:53,0.00000425,3105.00000000
2018-03-01 06:48:54,0.00000425,1829.00000000
2018-03-01 06:48:55,0.00000425,10000.00000000
2018-03-01 06:48:56,0.00000425,1228.00000000
2018-03-01 06:48:56,0.00000425,507.00000000
2018-03-01 06:48:57,0.00000425,385.00000000
2018-03-01 06:48:58,0.00000425,500.00000000
2018-03-01 06:48:59,0.00000425,8943.00000000
2018-03-01 06:48:59,0.00000424,10000.00000000
2018-03-01 06:48:59,0.00000425,167303.00000000
2018-03-01 06:49:00,0.00000424,67848.00000000
2018-03-01 06:49:02,0.00000424,83818.00000000
2018-03-01 06:49:03,0.00000425,2.00000000
2018-03-01 06:49:03,0.00000425,1199.00000000
2018-03-01 06:49:04,0.00000424,131318.00000000
2018-03-01 06:49:10,0.00000424,1000.00000000
2018-03-01 06:49:14,0.00000424,260037.00000000
2018-03-01 06:49:14,0.00000424,68452.00000000
2018-03-01 06:49:14,0.00000424,3381.00000000
2018-03-01 06:49:15,0.00000424,20451.00000000
2018-03-01 06:49:16,0.00000425,13.00000000
2018-03-01 06:49:16,0.00000424,612.00000000
2018-03-01 06:49:17,0.00000425,16462.00000000
2018-03-01 06:49:19,0.00000425,8916.00000000
2018-03-01 06:49:20,0.00000424,12509.00000000
2018-03-01 06:49:20,0.00000424,699.00000000
2018-03-01 06:49:20,0.00000424,183638.00000000
2018-03-01 06:49:21,0.00000424,32247.00000000
2018-03-01 06:49:21,0.00000424,4087.00000000
2018-03-01 06:49:22,0.00000423,56437.00000000
2018-03-01 06:49:22,0.00000423,124547.00000000
2018-03-01 06:49:22,0.00000424,8888.00000000
2018-03-01 06:49:22,0.00000424,4331.00000000
2018-03-01 06:49:24,0.00000424,833.00000000
2018-03-01 06:49:24,0.00000424,194444.00000000
2018-03-01 06:49:25,0.00000423,931.00000000
2018-03-01 06:49:26,0.00000423,2936.00000000
2018-03-01 06:49:27,0.00000424,625.00000000
2018-03-01 06:49:28,0.00000424,16005.00000000
2018-03-01 06:49:28,0.00000423,12527.00000000
2018-03-01 06:49:30,0.00000424,6772.00000000
2018-03-01 06:49:33,0.00000423,8094.00000000
2018-03-01 06:49:33,0.00000423,31103.00000000
2018-03-01 06:49:33,0.00000424,247.00000000
2018-03-01 06:49:34,0.00000423,28902.00000000
2018-03-01 06:49:35,0.00000423,27208.00000000
2018-03-01 06:49:36,0.00000423,23204.00000000
2018-03-01 06:49:36,0.00000422,55887.00000000
2018-03-01 06:49:36,0.00000423,543.00000000
2018-03-01 06:49:37,0.00000424,25000.00000000
2018-03-01 06:49:38,0.00000423,3914.00000000
2018-03-01 06:49:38,0.00000423,12663.00000000
2018-03-01 06:49:38,0.00000423,4750.00000000
2018-03-01 06:49:39,0.00000423,12826.00000000
2018-03-01 06:49:39,0.00000422,40480.00000000
2018-03-01 06:49:39,0.00000424,4625.00000000
2018-03-01 06:49:40,0.00000423,1667.00000000
2018-03-01 06:49:41,0.00000424,23696.00000000
2018-03-01 06:49:41,0.00000424,36442.00000000
2018-03-01 06:49:42,0.00000422,1124.00000000
2018-03-01 06:49:42,0.00000422,266.00000000
2018-03-01 06:49:43,0.00000423,8238.00000000
2018-03-01 06:49:43,0.00000423,2357.00000000
2018-03-01 06:49:43,0.00000423,4365.00000000
2018-03-01 06:49:43,0.00000423,310.00000000
2018-03-01 06:49:43,0.00000423,4375.00000000
2018-03-01 06:49:43,0.00000423,57475.00000000
2018-03-01 06:49:44,0.00000423,241.00000000
2018-03-01 06:49:44,0.00000423,10443.00000000
2018-03-01 06:49:44,0.00000423,3450.00000000
2018-03-01 06:49:44,0.00000424,195113.00000000
2018-03-01 06:49:46,0.00000422,1916.00000000
2018-03-01 06:49:46,0.00000422,286.00000000
2018-03-01 06:49:47,0.00000422,479.00000000
2018-03-01 06:49:48,0.00000423,17990.00000000
2018-03-01 06:49:49,0.00000423,1186.00000000
2018-03-01 06:49:50,0.00000423,26775.00000000
2018-03-01 06:49:51,0.00000422,2154.00000000
2018-03-01 06:49:55,0.00000423,402.00000000
2018-03-01 06:49:56,0.00000422,5005.00000000
2018-03-01 06:49:56,0.00000423,9727.00000000
2018-03-01 06:49:56,0.00000422,11876.00000000
2018-03-01 06:49:56,0.00000422,459836.00000000
2018-03-01 06:49:56,0.00000422,2770.00000000
2018-03-01 06:49:56,0.00000422,31159.00000000
2018-03-01 06:49:56,0.00000422,207978.00000000
2018-03-01 06:49:56,0.00000422,2268.00000000
2018-03-01 06:49:56,0.00000422,2267.00000000
2018-03-01 06:49:56,0.00000422,438.00000000
2018-03-01 06:49:56,0.00000422,25959.00000000
2018-03-01 06:49:56,0.00000422,765.00000000
2018-03-01 06:49:57,0.00000422,11820.00000000
2018-03-01 06:49:57,0.00000422,134.00000000
2018-03-01 06:49:57,0.00000422,23752.00000000
2018-03-01 06:49:57,0.00000422,4957.00000000
2018-03-01 06:49:57,0.00000422,5138.00000000
2018-03-01 06:49:57,0.00000421,7215.00000000
2018-03-01 06:49:58,0.00000422,530.00000000
2018-03-01 06:49:59,0.00000422,7000.00000000
2018-03-01 06:49:59,0.00000422,11848.00000000
2018-03-01 06:50:00,0.00000422,8807.00000000
2018-03-01 06:50:00,0.00000422,4879.00000000
2018-03-01 06:50:00,0.00000421,886.00000000
2018-03-01 06:50:01,0.00000422,1143.00000000
2018-03-01 06:50:01,0.00000422,4020.00000000
2018-03-01 06:50:01,0.00000422,11848.00000000
2018-03-01 06:50:01,0.00000422,9800.00000000
2018-03-01 06:50:01,0.00000421,1202.00000000
2018-03-01 06:50:01,0.00000421,853.00000000
2018-03-01 06:50:02,0.00000422,3000.00000000
2018-03-01 06:50:02,0.00000422,46236.00000000
2018-03-01 06:50:02,0.00000422,11848.00000000
2018-03-01 06:50:03,0.00000421,69913.00000000
2018-03-01 06:50:03,0.00000421,1453.00000000
2018-03-01 06:50:03,0.00000422,26420.00000000
2018-03-01 06:50:03,0.00000422,2370.00000000
2018-03-01 06:50:04,0.00000421,58490.00000000
2018-03-01 06:50:04,0.00000422,247.00000000
2018-03-01 06:50:04,0.00000421,1418.00000000
2018-03-01 06:50:05,0.00000421,2414.00000000
2018-03-01 06:50:05,0.00000421,1706.00000000
2018-03-01 06:50:08,0.00000422,290.00000000
2018-03-01 06:50:09,0.00000422,6077.00000000
2018-03-01 06:50:09,0.00000422,66141.00000000
2018-03-01 06:50:10,0.00000422,12963.00000000
2018-03-01 06:50:18,0.00000421,160770.00000000
2018-03-01 06:50:18,0.00000421,54811.00000000
2018-03-01 06:50:19,0.00000422,191013.00000000
2018-03-01 06:50:19,0.00000422,603.00000000
2018-03-01 06:50:19,0.00000422,9237.00000000
2018-03-01 06:50:20,0.00000421,5018.00000000
2018-03-01 06:50:20,0.00000422,6013.00000000
2018-03-01 06:50:21,0.00000422,1.00000000
2018-03-01 06:50:21,0.00000421,67.00000000
2018-03-01 06:50:22,0.00000421,851.00000000
2018-03-01 06:50:24,0.00000421,8705.00000000
2018-03-01 06:50:25,0.00000421,35227.00000000
2018-03-01 06:50:25,0.00000422,756.00000000
2018-03-01 06:50:27,0.00000421,9366.00000000
2018-03-01 06:50:28,0.00000421,14954.00000000
2018-03-01 06:50:30,0.00000421,9726.00000000
2018-03-01 06:50:31,0.00000422,621.00000000
2018-03-01 06:50:33,0.00000421,439518.00000000
2018-03-01 06:50:34,0.00000421,402.00000000
2018-03-01 06:50:34,0.00000421,230345.00000000
2018-03-01 06:50:35,0.00000420,524.00000000
2018-03-01 06:50:35,0.00000420,26206.00000000
2018-03-01 06:50:35,0.00000420,1567.00000000
2018-03-01 06:50:35,0.00000420,490.00000000
2018-03-01 06:50:36,0.00000420,1387.00000000
2018-03-01 06:50:36,0.00000421,2375.00000000
2018-03-01 06:50:37,0.00000421,2375.00000000
2018-03-01 06:50:39,0.00000421,2375.00000000
2018-03-01 06:50:39,0.00000421,6057.00000000
2018-03-01 06:50:40,0.00000421,129.00000000
2018-03-01 06:50:40,0.00000421,2375.00000000
2018-03-01 06:50:40,0.00000421,498.00000000
2018-03-01 06:50:43,0.00000420,473.00000000
2018-03-01 06:50:43,0.00000421,254.00000000
2018-03-01 06:50:44,0.00000421,167672.00000000
2018-03-01 06:50:45,0.00000420,2421.00000000
2018-03-01 06:50:45,0.00000420,1389.00000000
2018-03-01 06:50:45,0.00000420,2433.00000000
2018-03-01 06:50:46,0.00000421,10615.00000000
2018-03-01 06:50:47,0.00000420,2421.00000000
2018-03-01 06:50:47,0.00000420,2433.00000000
2018-03-01 06:50:47,0.00000420,2421.00000000
2018-03-01 06:50:47,0.00000420,1295.00000000
2018-03-01 06:50:48,0.00000420,11921.00000000
2018-03-01 06:50:49,0.00000421,600.00000000
2018-03-01 06:50:50,0.00000420,2740.00000000
2018-03-01 06:50:51,0.00000420,14028.00000000
2018-03-01 06:50:51,0.00000421,1250.00000000
2018-03-01 06:50:51,0.00000421,2635.00000000
2018-03-01 06:50:51,0.00000420,63176.00000000
2018-03-01 06:50:51,0.00000421,9186.00000000
2018-03-01 06:50:53,0.00000421,2625.00000000
2018-03-01 06:50:53,0.00000421,870.00000000
2018-03-01 06:50:53,0.00000420,9894.00000000
2018-03-01 06:50:55,0.00000420,20144.00000000
2018-03-01 06:50:56,0.00000421,690.00000000
2018-03-01 06:50:57,0.00000420,439.00000000
2018-03-01 06:50:59,0.00000420,48001.00000000
2018-03-01 06:51:01,0.00000421,1003.00000000
2018-03-01 06:51:01,0.00000420,6790.00000000
2018-03-01 06:51:02,0.00000421,253.00000000
2018-03-01 06:51:02,0.00000420,353.00000000
2018-03-01 06:51:02,0.00000420,384.00000000
2018-03-01 06:51:03,0.00000420,5.00000000
2018-03-01 06:51:04,0.00000421,3515.00000000
2018-03-01 06:51:05,0.00000420,3371.00000000
2018-03-01 06:51:07,0.00000420,2000.00000000
2018-03-01 06:51:08,0.00000421,14083.00000000
2018-03-01 06:51:08,0.00000421,209487.00000000
2018-03-01 06:51:08,0.00000421,10186.00000000
2018-03-01 06:51:08,0.00000421,3167.00000000
2018-03-01 06:51:09,0.00000420,4169.00000000
2018-03-01 06:51:10,0.00000421,50468.00000000
2018-03-01 06:51:10,0.00000421,538662.00000000
2018-03-01 06:51:11,0.00000421,1003.00000000
2018-03-01 06:51:11,0.00000421,301.00000000
2018-03-01 06:51:12,0.00000421,19898.00000000
2018-03-01 06:51:13,0.00000421,29647.00000000
2018-03-01 06:51:13,0.00000421,104696.00000000
2018-03-01 06:51:13,0.00000421,18001.00000000
2018-03-01 06:51:20,0.00000421,11888.00000000
2018-03-01 06:51:22,0.00000422,27064.00000000
2018-03-01 06:51:24,0.00000422,2397.00000000
2018-03-01 06:51:29,0.00000422,2943.00000000
2018-03-01 06:51:30,0.00000422,215699.00000000
2018-03-01 06:51:30,0.00000421,12708.00000000
2018-03-01 06:51:31,0.00000422,20029.00000000
2018-03-01 06:51:31,0.00000422,67844.00000000
2018-03-01 06:51:32,0.00000422,12506.00000000
2018-03-01 06:51:32,0.00000421,42283.00000000
2018-03-01 06:51:32,0.00000422,228758.00000000
2018-03-01 06:51:32,0.00000422,5810.00000000
2018-03-01 06:51:32,0.00000421,20599.00000000
2018-03-01 06:51:33,0.00000422,10815.00000000
2018-03-01 06:51:33,0.00000422,2254.00000000
2018-03-01 06:51:34,0.00000422,195154.00000000
2018-03-01 06:51:34,0.00000422,25000.00000000
2018-03-01 06:51:34,0.00000422,4935.00000000
2018-03-01 06:51:34,0.00000422,25213.00000000
2018-03-01 06:51:34,0.00000422,4712.00000000
2018-03-01 06:51:34,0.00000422,28015.00000000
2018-03-01 06:51:34,0.00000421,121508.00000000
2018-03-01 06:51:35,0.00000422,34751.00000000
2018-03-01 06:51:35,0.00000421,34751.00000000
2018-03-01 06:51:35,0.00000421,4452.00000000
2018-03-01 06:51:36,0.00000422,26385.00000000
2018-03-01 06:51:41,0.00000422,19705.00000000
2018-03-01 06:51:41,0.00000423,7621.00000000
2018-03-01 06:51:41,0.00000422,50000.00000000
2018-03-01 06:51:43,0.00000422,180.00000000
2018-03-01 06:51:44,0.00000422,18142.00000000
2018-03-01 06:51:45,0.00000423,3643.00000000
2018-03-01 06:51:46,0.00000422,288594.00000000
2018-03-01 06:51:46,0.00000422,71406.00000000
2018-03-01 06:51:48,0.00000423,144452.00000000
2018-03-01 06:51:49,0.00000422,538.00000000
2018-03-01 06:51:50,0.00000423,3911.00000000
2018-03-01 06:51:50,0.00000422,4938.00000000
2018-03-01 06:51:50,0.00000423,1916.00000000
2018-03-01 06:51:51,0.00000423,162.00000000
2018-03-01 06:51:52,0.00000423,97402.00000000
2018-03-01 06:51:53,0.00000422,14720.00000000
2018-03-01 06:51:53,0.00000422,2000.00000000
2018-03-01 06:51:55,0.00000422,423.00000000
2018-03-01 06:51:56,0.00000422,4813.00000000
2018-03-01 06:51:56,0.00000422,3586.00000000
2018-03-01 06:51:56,0.00000422,4.00000000
2018-03-01 06:52:00,0.00000423,10509.00000000
2018-03-01 06:52:01,0.00000422,7478.00000000
2018-03-01 06:52:05,0.00000422,165329.00000000
2018-03-01 06:52:05,0.00000422,28733.00000000
2018-03-01 06:52:07,0.00000422,120461.00000000
2018-03-01 06:52:07,0.00000423,12025.00000000
2018-03-01 06:52:08,0.00000422,2000.00000000
2018-03-01 06:52:09,0.00000423,2603.00000000
2018-03-01 06:52:09,0.00000422,201540.00000000
2018-03-01 06:52:11,0.00000422,2254.00000000
2018-03-01 06:52:14,0.00000423,652.00000000
2018-03-01 06:52:15,0.00000423,293.00000000
2018-03-01 06:52:15,0.00000422,51736.00000000
2018-03-01 06:52:16,0.00000422,938.00000000
2018-03-01 06:52:17,0.00000423,2985.00000000
2018-03-01 06:52:18,0.00000422,23795.00000000
2018-03-01 06:52:19,0.00000422,1307.00000000
2018-03-01 06:52:19,0.00000422,161.00000000
2018-03-01 06:52:20,0.00000422,988.00000000
2018-03-01 06:52:21,0.00000422,9322.00000000
2018-03-01 06:52:21,0.00000422,2370.00000000
2018-03-01 06:52:22,0.00000422,2630.00000000
2018-03-01 06:52:22,0.00000422,2370.00000000
2018-03-01 06:52:23,0.00000422,55.00000000
2018-03-01 06:52:23,0.00000422,1904.00000000
2018-03-01 06:52:23,0.00000422,389580.00000000
2018-03-01 06:52:24,0.00000422,2370.00000000
2018-03-01 06:52:24,0.00000421,155259.00000000
2018-03-01 06:52:24,0.00000422,9.00000000
2018-03-01 06:52:25,0.00000422,2370.00000000
2018-03-01 06:52:25,0.00000422,644.00000000
2018-03-01 06:52:26,0.00000421,610657.00000000
2018-03-01 06:52:26,0.00000421,2333.00000000
2018-03-01 06:52:26,0.00000421,1082.00000000
2018-03-01 06:52:26,0.00000421,1277.00000000
2018-03-01 06:52:26,0.00000421,2370.00000000
2018-03-01 06:52:28,0.00000421,72488.00000000
2018-03-01 06:52:28,0.00000421,516.00000000
2018-03-01 06:52:28,0.00000421,497.00000000
2018-03-01 06:52:30,0.00000421,2027.00000000
2018-03-01 06:52:31,0.00000421,71.00000000
2018-03-01 06:52:35,0.00000421,168.00000000
2018-03-01 06:52:35,0.00000420,540777.00000000
2018-03-01 06:52:35,0.00000420,36127.00000000
2018-03-01 06:52:35,0.00000420,2375.00000000
2018-03-01 06:52:36,0.00000420,7000.00000000
2018-03-01 06:52:37,0.00000420,1000.00000000
2018-03-01 06:52:37,0.00000419,1095.00000000
2018-03-01 06:52:37,0.00000419,4814.00000000
2018-03-01 06:52:37,0.00000419,477.00000000
2018-03-01 06:52:37,0.00000420,9180.00000000
2018-03-01 06:52:37,0.00000419,1112.00000000
2018-03-01 06:52:37,0.00000419,1230.00000000
2018-03-01 06:52:37,0.00000420,3672.00000000
2018-03-01 06:52:37,0.00000420,1837.00000000
2018-03-01 06:52:37,0.00000419,1567.00000000
2018-03-01 06:52:39,0.00000420,7711.00000000
2018-03-01 06:52:39,0.00000421,2381.00000000
2018-03-01 06:52:39,0.00000421,108.00000000
2018-03-01 06:52:41,0.00000419,400.00000000
2018-03-01 06:52:41,0.00000421,8696.00000000
2018-03-01 06:52:43,0.00000420,2381.00000000
2018-03-01 06:52:45,0.00000420,2381.00000000
2018-03-01 06:52:45,0.00000420,2169.00000000
2018-03-01 06:52:46,0.00000420,2381.00000000
2018-03-01 06:52:49,0.00000420,13748.00000000
2018-03-01 06:52:50,0.00000420,84408.00000000
2018-03-01 06:52:50,0.00000420,19278.00000000
2018-03-01 06:52:52,0.00000420,49313.00000000
2018-03-01 06:52:54,0.00000420,18595.00000000
2018-03-01 06:52:54,0.00000420,2427.00000000
2018-03-01 06:52:55,0.00000420,798.00000000
2018-03-01 06:52:56,0.00000420,15159.00000000
2018-03-01 06:52:56,0.00000421,4533.00000000
2018-03-01 06:52:56,0.00000420,8688.00000000
2018-03-01 06:52:57,0.00000420,1749.00000000
2018-03-01 06:52:57,0.00000420,2921.00000000
2018-03-01 06:52:58,0.00000421,250.00000000
2018-03-01 06:53:00,0.00000420,17154.00000000
2018-03-01 06:53:06,0.00000420,27912.00000000
2018-03-01 06:53:08,0.00000421,129953.00000000
2018-03-01 06:53:10,0.00000420,17768.00000000
2018-03-01 06:53:10,0.00000420,3461.00000000
2018-03-01 06:53:13,0.00000420,471.00000000
2018-03-01 06:53:15,0.00000420,80000.00000000
2018-03-01 06:53:19,0.00000421,927.00000000
