DATE,PRICE,VOLUME
2018-02-24 20:00:00,0.00000417,44560.00000000
2018-02-24 20:00:07,0.00000417,63419.00000000
2018-02-24 20:00:07,0.00000416,5324.00000000
2018-02-24 20:00:07,0.00000416,902.00000000
2018-02-24 20:00:07,0.00000416,837.00000000
2018-02-24 20:00:12,0.00000417,2773.00000000
2018-02-24 20:00:12,0.00000417,195260.00000000
2018-02-24 20:00:16,0.00000417,2773.00000000
2018-02-24 20:00:18,0.00000417,19231.00000000
2018-02-24 20:00:22,0.00000417,2076.00000000
2018-02-24 20:00:22,0.00000417,86585.00000000
2018-02-24 20:00:23,0.00000417,18317.00000000
2018-02-24 20:00:24,0.00000417,30410.00000000
2018-02-24 20:00:25,0.00000417,4671.00000000
2018-02-24 20:00:34,0.00000417,45717.00000000
2018-02-24 20:00:38,0.00000417,1417.00000000
2018-02-24 20:00:46,0.00000416,2518.00000000
2018-02-24 20:00:47,0.00000417,8739.00000000
2018-02-24 20:00:59,0.00000417,2528.00000000
2018-02-24 20:01:01,0.00000417,3001.00000000
2018-02-24 20:01:03,0.00000417,2446.00000000
2018-02-24 20:01:04,0.00000417,411.00000000
2018-02-24 20:01:04,0.00000417,348.00000000
2018-02-24 20:01:04,0.00000416,92490.00000000
2018-02-24 20:01:07,0.00000416,6310.00000000
2018-02-24 20:01:07,0.00000416,1500.00000000
2018-02-24 20:01:07,0.00000417,3312.00000000
2018-02-24 20:01:09,0.00000417,2444.00000000
2018-02-24 20:01:09,0.00000417,10000.00000000
2018-02-24 20:01:15,0.00000417,4957.00000000
2018-02-24 20:01:19,0.00000416,476.00000000
2018-02-24 20:01:30,0.00000416,18485.00000000
2018-02-24 20:01:31,0.00000417,26300.00000000
2018-02-24 20:01:40,0.00000417,2529.00000000
2018-02-24 20:01:40,0.00000417,895.00000000
2018-02-24 20:01:44,0.00000416,3815.00000000
2018-02-24 20:01:48,0.00000416,72688.00000000
2018-02-24 20:01:54,0.00000417,534.00000000
2018-02-24 20:01:56,0.00000416,18486.00000000
2018-02-24 20:01:58,0.00000417,12743.00000000
2018-02-24 20:02:05,0.00000416,2000.00000000
2018-02-24 20:02:12,0.00000416,3513.00000000
2018-02-24 20:02:17,0.00000416,11947.00000000
2018-02-24 20:02:35,0.00000416,119633.00000000
2018-02-24 20:02:37,0.00000416,59998.00000000
2018-02-24 20:02:39,0.00000416,4083.00000000
2018-02-24 20:02:41,0.00000416,1000.00000000
2018-02-24 20:02:42,0.00000416,260.00000000
2018-02-24 20:02:45,0.00000417,918.00000000
2018-02-24 20:02:45,0.00000417,4710.00000000
2018-02-24 20:02:45,0.00000416,29511.00000000
2018-02-24 20:02:47,0.00000417,406.00000000
2018-02-24 20:02:47,0.00000417,1829.00000000
2018-02-24 20:02:48,0.00000417,410.00000000
2018-02-24 20:02:52,0.00000416,481.00000000
2018-02-24 20:02:52,0.00000416,246.00000000
2018-02-24 20:02:58,0.00000416,15782.00000000
2018-02-24 20:03:11,0.00000416,3631.00000000
2018-02-24 20:03:12,0.00000417,735.00000000
2018-02-24 20:03:14,0.00000416,688.00000000
2018-02-24 20:03:18,0.00000416,19635.00000000
2018-02-24 20:03:27,0.00000416,79522.00000000
2018-02-24 20:03:28,0.00000417,2398.00000000
2018-02-24 20:03:29,0.00000417,16172.00000000
2018-02-24 20:03:31,0.00000417,1218.00000000
2018-02-24 20:03:44,0.00000417,2.00000000
2018-02-24 20:03:49,0.00000417,843.00000000
2018-02-24 20:03:50,0.00000417,452.00000000
2018-02-24 20:03:51,0.00000417,2032.00000000
2018-02-24 20:04:00,0.00000416,3284.00000000
2018-02-24 20:04:03,0.00000417,2347.00000000
2018-02-24 20:04:05,0.00000417,5.00000000
2018-02-24 20:04:06,0.00000417,886.00000000
2018-02-24 20:04:10,0.00000417,1866.00000000
2018-02-24 20:04:10,0.00000417,2033.00000000
2018-02-24 20:04:10,0.00000417,2398.00000000
2018-02-24 20:04:13,0.00000416,97900.00000000
2018-02-24 20:04:21,0.00000416,500.00000000
2018-02-24 20:04:24,0.00000416,68393.00000000
2018-02-24 20:04:25,0.00000417,20781.00000000
2018-02-24 20:04:27,0.00000416,819.00000000
2018-02-24 20:04:28,0.00000417,492.00000000
2018-02-24 20:04:30,0.00000416,99951.00000000
2018-02-24 20:04:30,0.00000416,65313.00000000
2018-02-24 20:04:30,0.00000416,299.00000000
2018-02-24 20:04:33,0.00000417,2613.00000000
2018-02-24 20:04:33,0.00000417,40937.00000000
2018-02-24 20:04:48,0.00000417,2104.00000000
2018-02-24 20:04:50,0.00000416,100.00000000
2018-02-24 20:04:50,0.00000416,1272.00000000
2018-02-24 20:04:51,0.00000417,913.00000000
2018-02-24 20:05:02,0.00000416,61205.00000000
2018-02-24 20:05:04,0.00000417,967.00000000
2018-02-24 20:05:06,0.00000416,999.00000000
2018-02-24 20:05:07,0.00000416,3698.00000000
2018-02-24 20:05:08,0.00000417,2927.00000000
2018-02-24 20:05:12,0.00000417,2704.00000000
2018-02-24 20:05:12,0.00000417,2704.00000000
2018-02-24 20:05:17,0.00000417,13639.00000000
2018-02-24 20:05:23,0.00000417,2596.00000000
2018-02-24 20:05:27,0.00000416,501.00000000
2018-02-24 20:05:29,0.00000417,10142.00000000
2018-02-24 20:05:36,0.00000417,35000.00000000
2018-02-24 20:05:37,0.00000417,485.00000000
2018-02-24 20:05:41,0.00000417,504.00000000
2018-02-24 20:05:44,0.00000417,433.00000000
2018-02-24 20:05:51,0.00000416,7667.00000000
2018-02-24 20:05:51,0.00000416,2007.00000000
2018-02-24 20:05:53,0.00000417,89375.00000000
2018-02-24 20:06:02,0.00000417,82.00000000
2018-02-24 20:06:16,0.00000416,886.00000000
2018-02-24 20:06:24,0.00000417,400.00000000
2018-02-24 20:06:32,0.00000417,22.00000000
2018-02-24 20:06:40,0.00000417,1174.00000000
2018-02-24 20:06:41,0.00000416,153283.00000000
2018-02-24 20:06:42,0.00000417,5000.00000000
2018-02-24 20:06:45,0.00000417,566.00000000
2018-02-24 20:06:45,0.00000417,566.00000000
2018-02-24 20:06:49,0.00000416,1000.00000000
2018-02-24 20:07:03,0.00000416,4483.00000000
2018-02-24 20:07:04,0.00000417,105.00000000
2018-02-24 20:07:05,0.00000417,6384.00000000
2018-02-24 20:07:05,0.00000416,184472.00000000
2018-02-24 20:07:06,0.00000417,24038.00000000
2018-02-24 20:07:06,0.00000417,230191.00000000
2018-02-24 20:07:07,0.00000417,17598.00000000
2018-02-24 20:07:09,0.00000417,31853.00000000
2018-02-24 20:07:13,0.00000417,35806.00000000
2018-02-24 20:07:13,0.00000416,2359.00000000
2018-02-24 20:07:21,0.00000416,7322.00000000
2018-02-24 20:07:23,0.00000417,78073.00000000
2018-02-24 20:07:23,0.00000417,20.00000000
2018-02-24 20:07:24,0.00000416,73.00000000
2018-02-24 20:07:24,0.00000417,1616.00000000
2018-02-24 20:07:24,0.00000417,1616.00000000
2018-02-24 20:07:26,0.00000417,8000.00000000
2018-02-24 20:07:35,0.00000417,551.00000000
2018-02-24 20:07:36,0.00000417,9.00000000
2018-02-24 20:07:36,0.00000416,129512.00000000
2018-02-24 20:07:39,0.00000417,9414.00000000
2018-02-24 20:07:40,0.00000417,5687.00000000
2018-02-24 20:07:42,0.00000417,11990.00000000
2018-02-24 20:07:44,0.00000417,12.00000000
2018-02-24 20:07:49,0.00000417,3500.00000000
2018-02-24 20:07:53,0.00000416,10448.00000000
2018-02-24 20:07:54,0.00000417,2452.00000000
2018-02-24 20:07:56,0.00000417,240.00000000
2018-02-24 20:08:01,0.00000416,1114577.00000000
2018-02-24 20:08:02,0.00000417,8.00000000
2018-02-24 20:08:03,0.00000417,2058.00000000
2018-02-24 20:08:03,0.00000417,432.00000000
2018-02-24 20:08:04,0.00000417,329.00000000
2018-02-24 20:08:05,0.00000417,2059.00000000
2018-02-24 20:08:05,0.00000417,18.00000000
2018-02-24 20:08:06,0.00000417,4119.00000000
2018-02-24 20:08:06,0.00000417,1298.00000000
2018-02-24 20:08:07,0.00000417,10717.00000000
2018-02-24 20:08:07,0.00000417,305.00000000
2018-02-24 20:08:08,0.00000417,24038.00000000
2018-02-24 20:08:08,0.00000417,60463.00000000
2018-02-24 20:08:09,0.00000417,275.00000000
2018-02-24 20:08:10,0.00000416,200.00000000
2018-02-24 20:08:13,0.00000416,64262.00000000
2018-02-24 20:08:14,0.00000417,150000.00000000
2018-02-24 20:08:14,0.00000416,1937.00000000
2018-02-24 20:08:20,0.00000417,3409.00000000
2018-02-24 20:08:23,0.00000417,3660.00000000
2018-02-24 20:08:24,0.00000417,8173.00000000
2018-02-24 20:08:26,0.00000416,4000.00000000
2018-02-24 20:08:28,0.00000417,500.00000000
2018-02-24 20:08:30,0.00000416,45967.00000000
2018-02-24 20:08:33,0.00000416,1835.00000000
2018-02-24 20:08:33,0.00000417,35404.00000000
2018-02-24 20:08:33,0.00000417,750.00000000
2018-02-24 20:08:35,0.00000416,596.00000000
2018-02-24 20:08:37,0.00000416,40.00000000
2018-02-24 20:08:41,0.00000417,8787.00000000
2018-02-24 20:08:45,0.00000416,50000.00000000
2018-02-24 20:08:46,0.00000416,156206.00000000
2018-02-24 20:08:46,0.00000417,2175.00000000
2018-02-24 20:08:48,0.00000416,1242116.00000000
2018-02-24 20:08:50,0.00000417,544.00000000
2018-02-24 20:08:50,0.00000416,831487.00000000
2018-02-24 20:08:50,0.00000416,24038.00000000
2018-02-24 20:08:50,0.00000416,100809.00000000
2018-02-24 20:08:50,0.00000416,73139.00000000
2018-02-24 20:08:50,0.00000416,24464.00000000
2018-02-24 20:08:50,0.00000416,23423.00000000
2018-02-24 20:08:50,0.00000416,73139.00000000
2018-02-24 20:08:50,0.00000416,49101.00000000
2018-02-24 20:08:50,0.00000416,35849.00000000
2018-02-24 20:08:51,0.00000416,1661.00000000
2018-02-24 20:08:51,0.00000416,4000.00000000
2018-02-24 20:08:52,0.00000416,2999.00000000
2018-02-24 20:08:53,0.00000416,1000.00000000
2018-02-24 20:08:54,0.00000416,529.00000000
2018-02-24 20:08:54,0.00000416,22610.00000000
2018-02-24 20:08:56,0.00000416,182.00000000
2018-02-24 20:08:59,0.00000416,55.00000000
2018-02-24 20:09:00,0.00000415,73139.00000000
2018-02-24 20:09:00,0.00000415,1070.00000000
2018-02-24 20:09:00,0.00000415,16030.00000000
2018-02-24 20:09:00,0.00000416,34500.00000000
2018-02-24 20:09:03,0.00000415,38000.00000000
2018-02-24 20:09:03,0.00000416,213511.00000000
2018-02-24 20:09:04,0.00000415,1487.00000000
2018-02-24 20:09:05,0.00000416,3513.00000000
2018-02-24 20:09:06,0.00000415,12626.00000000
2018-02-24 20:09:09,0.00000416,5492.00000000
2018-02-24 20:09:10,0.00000416,4850.00000000
2018-02-24 20:09:15,0.00000416,34395.00000000
2018-02-24 20:09:17,0.00000417,1426.00000000
2018-02-24 20:09:18,0.00000416,4796.00000000
2018-02-24 20:09:18,0.00000417,810.00000000
2018-02-24 20:09:18,0.00000417,320.00000000
2018-02-24 20:09:20,0.00000417,311.00000000
2018-02-24 20:09:21,0.00000416,2088.00000000
2018-02-24 20:09:22,0.00000416,614.00000000
2018-02-24 20:09:28,0.00000416,10382.00000000
2018-02-24 20:09:29,0.00000417,100432.00000000
2018-02-24 20:09:34,0.00000416,7080.00000000
2018-02-24 20:09:39,0.00000417,3.00000000
2018-02-24 20:09:40,0.00000417,975.00000000
2018-02-24 20:09:53,0.00000416,6134.00000000
2018-02-24 20:09:54,0.00000416,1018.00000000
2018-02-24 20:09:58,0.00000417,6051.00000000
2018-02-24 20:10:00,0.00000416,3374.00000000
2018-02-24 20:10:11,0.00000416,51047.00000000
2018-02-24 20:10:13,0.00000416,19299.00000000
2018-02-24 20:10:19,0.00000416,4488.00000000
2018-02-24 20:10:21,0.00000416,10007.00000000
2018-02-24 20:10:22,0.00000417,19.00000000
2018-02-24 20:10:26,0.00000416,5314.00000000
2018-02-24 20:10:26,0.00000417,161806.00000000
2018-02-24 20:10:37,0.00000416,1931.00000000
2018-02-24 20:10:47,0.00000416,2210.00000000
2018-02-24 20:10:53,0.00000416,100395.00000000
2018-02-24 20:10:54,0.00000417,7211.00000000
2018-02-24 20:10:55,0.00000416,6650.00000000
2018-02-24 20:10:56,0.00000416,74714.00000000
2018-02-24 20:10:57,0.00000417,8342.00000000
2018-02-24 20:10:57,0.00000416,74277.00000000
2018-02-24 20:11:00,0.00000417,8342.00000000
2018-02-24 20:11:04,0.00000416,5000.00000000
2018-02-24 20:11:11,0.00000416,36935.00000000
2018-02-24 20:11:13,0.00000416,33812.00000000
2018-02-24 20:11:13,0.00000416,79399.00000000
2018-02-24 20:11:15,0.00000416,1960.00000000
2018-02-24 20:11:17,0.00000416,4000.00000000
2018-02-24 20:11:20,0.00000417,148331.00000000
2018-02-24 20:11:28,0.00000417,2673.00000000
2018-02-24 20:11:31,0.00000417,2263.00000000
2018-02-24 20:11:35,0.00000417,1079017.00000000
2018-02-24 20:11:35,0.00000416,1700.00000000
2018-02-24 20:11:45,0.00000418,248.00000000
2018-02-24 20:11:47,0.00000417,2138.00000000
2018-02-24 20:11:47,0.00000417,6862.00000000
2018-02-24 20:11:51,0.00000417,5537.00000000
2018-02-24 20:11:52,0.00000417,350.00000000
2018-02-24 20:11:56,0.00000418,1220.00000000
2018-02-24 20:11:56,0.00000417,2250.00000000
2018-02-24 20:12:02,0.00000417,1763.00000000
2018-02-24 20:12:04,0.00000417,100455.00000000
2018-02-24 20:12:05,0.00000417,7220.00000000
2018-02-24 20:12:06,0.00000418,16928.00000000
2018-02-24 20:12:08,0.00000417,521.00000000
2018-02-24 20:12:12,0.00000417,5000.00000000
2018-02-24 20:12:14,0.00000417,3000.00000000
2018-02-24 20:12:14,0.00000417,5000.00000000
2018-02-24 20:12:16,0.00000417,113871.00000000
2018-02-24 20:12:17,0.00000416,139396.00000000
2018-02-24 20:12:17,0.00000416,6000.00000000
2018-02-24 20:12:20,0.00000417,15921.00000000
2018-02-24 20:12:21,0.00000416,124118.00000000
2018-02-24 20:12:21,0.00000417,688.00000000
2018-02-24 20:12:24,0.00000417,2000.00000000
2018-02-24 20:12:29,0.00000417,18.00000000
2018-02-24 20:12:34,0.00000417,721.00000000
2018-02-24 20:12:44,0.00000416,50956.00000000
2018-02-24 20:12:48,0.00000416,4500.00000000
2018-02-24 20:12:50,0.00000417,2.00000000
2018-02-24 20:12:55,0.00000417,3663.00000000
2018-02-24 20:12:57,0.00000417,562.00000000
2018-02-24 20:13:06,0.00000417,5800.00000000
2018-02-24 20:13:06,0.00000417,116053.00000000
2018-02-24 20:13:07,0.00000417,69736.00000000
2018-02-24 20:13:08,0.00000416,35938.00000000
2018-02-24 20:13:09,0.00000416,2153.00000000
2018-02-24 20:13:13,0.00000416,17282.00000000
2018-02-24 20:13:21,0.00000417,6090.00000000
2018-02-24 20:13:24,0.00000416,832.00000000
2018-02-24 20:13:27,0.00000416,12251.00000000
2018-02-24 20:13:30,0.00000417,1000.00000000
2018-02-24 20:13:31,0.00000416,10991.00000000
2018-02-24 20:13:33,0.00000416,666216.00000000
2018-02-24 20:13:44,0.00000417,12.00000000
2018-02-24 20:13:44,0.00000417,10.00000000
2018-02-24 20:13:53,0.00000417,40.00000000
2018-02-24 20:14:00,0.00000416,966.00000000
2018-02-24 20:14:03,0.00000416,110847.00000000
2018-02-24 20:14:09,0.00000416,480.00000000
2018-02-24 20:14:34,0.00000416,835505.00000000
2018-02-24 20:14:39,0.00000417,346.00000000
2018-02-24 20:14:46,0.00000417,14804.00000000
2018-02-24 20:14:51,0.00000416,12996.00000000
2018-02-24 20:14:52,0.00000416,17765.00000000
2018-02-24 20:14:53,0.00000417,291.00000000
2018-02-24 20:14:54,0.00000416,160079.00000000
2018-02-24 20:14:57,0.00000417,179.00000000
2018-02-24 20:15:08,0.00000416,6460.00000000
2018-02-24 20:15:11,0.00000417,968.00000000
2018-02-24 20:15:11,0.00000417,426.00000000
2018-02-24 20:15:11,0.00000417,5100.00000000
2018-02-24 20:15:12,0.00000417,2040.00000000
2018-02-24 20:15:13,0.00000417,412.00000000
2018-02-24 20:15:14,0.00000417,16316.00000000
2018-02-24 20:15:14,0.00000417,562.00000000
2018-02-24 20:15:17,0.00000417,1003.00000000
2018-02-24 20:15:18,0.00000416,3793.00000000
2018-02-24 20:15:18,0.00000417,1842.00000000
2018-02-24 20:15:18,0.00000417,14819.00000000
2018-02-24 20:15:18,0.00000416,1842.00000000
2018-02-24 20:15:19,0.00000417,1357.00000000
2018-02-24 20:15:20,0.00000417,1566.00000000
2018-02-24 20:15:21,0.00000417,412.00000000
2018-02-24 20:15:22,0.00000417,2040.00000000
2018-02-24 20:15:23,0.00000417,23479.00000000
2018-02-24 20:15:24,0.00000417,412.00000000
2018-02-24 20:15:26,0.00000417,2040.00000000
2018-02-24 20:15:27,0.00000417,8678.00000000
2018-02-24 20:15:28,0.00000417,51481.00000000
2018-02-24 20:15:31,0.00000417,24038.00000000
2018-02-24 20:15:31,0.00000417,62749.00000000
2018-02-24 20:15:37,0.00000417,7185.00000000
2018-02-24 20:15:37,0.00000417,7186.00000000
2018-02-24 20:15:37,0.00000417,7186.00000000
2018-02-24 20:15:37,0.00000417,1835.00000000
2018-02-24 20:15:37,0.00000417,3562.00000000
2018-02-24 20:15:39,0.00000417,24038.00000000
2018-02-24 20:15:39,0.00000417,74252.00000000
2018-02-24 20:15:42,0.00000417,1519.00000000
2018-02-24 20:15:42,0.00000416,36043.00000000
2018-02-24 20:15:43,0.00000417,25755.00000000
2018-02-24 20:15:44,0.00000417,128051.00000000
2018-02-24 20:15:55,0.00000417,1074.00000000
2018-02-24 20:16:00,0.00000416,1721.00000000
2018-02-24 20:16:04,0.00000416,604.00000000
2018-02-24 20:16:13,0.00000417,22.00000000
2018-02-24 20:16:16,0.00000416,35409.00000000
2018-02-24 20:16:21,0.00000416,73054.00000000
2018-02-24 20:16:25,0.00000416,2341.00000000
2018-02-24 20:16:30,0.00000416,132083.00000000
2018-02-24 20:16:33,0.00000416,4695.00000000
2018-02-24 20:16:39,0.00000417,112675.00000000
2018-02-24 20:16:44,0.00000416,482.00000000
2018-02-24 20:16:50,0.00000416,20743.00000000
2018-02-24 20:16:56,0.00000417,2105.00000000
2018-02-24 20:16:57,0.00000416,22.00000000
2018-02-24 20:16:58,0.00000416,14555.00000000
2018-02-24 20:17:09,0.00000416,21786.00000000
2018-02-24 20:17:11,0.00000416,4798.00000000
2018-02-24 20:17:11,0.00000417,22.00000000
2018-02-24 20:17:17,0.00000417,112707.00000000
2018-02-24 20:17:19,0.00000416,1530.00000000
2018-02-24 20:17:21,0.00000417,5826.00000000
2018-02-24 20:17:27,0.00000417,17823.00000000
2018-02-24 20:17:30,0.00000416,22.00000000
2018-02-24 20:17:31,0.00000417,150.00000000
2018-02-24 20:17:40,0.00000417,1859.00000000
2018-02-24 20:17:41,0.00000417,5222.00000000
2018-02-24 20:17:45,0.00000416,5613.00000000
2018-02-24 20:17:45,0.00000417,392.00000000
2018-02-24 20:17:48,0.00000417,288.00000000
2018-02-24 20:17:56,0.00000417,2.00000000
2018-02-24 20:17:58,0.00000416,15.00000000
2018-02-24 20:18:01,0.00000416,81463.00000000
2018-02-24 20:18:03,0.00000417,288.00000000
2018-02-24 20:18:05,0.00000417,124420.00000000
2018-02-24 20:18:06,0.00000416,10035.00000000
2018-02-24 20:18:09,0.00000416,7.00000000
2018-02-24 20:18:11,0.00000417,288.00000000
2018-02-24 20:18:12,0.00000417,13038.00000000
2018-02-24 20:18:15,0.00000416,2000.00000000
2018-02-24 20:18:23,0.00000416,19994.00000000
2018-02-24 20:18:26,0.00000416,7600.00000000
2018-02-24 20:18:37,0.00000416,52001.00000000
2018-02-24 20:18:49,0.00000416,600.00000000
2018-02-24 20:18:49,0.00000416,3339.00000000
2018-02-24 20:18:53,0.00000417,8.00000000
2018-02-24 20:18:53,0.00000417,2647.00000000
2018-02-24 20:18:53,0.00000417,2647.00000000
2018-02-24 20:18:56,0.00000416,728.00000000
2018-02-24 20:18:58,0.00000416,1546.00000000
2018-02-24 20:18:59,0.00000417,288.00000000
2018-02-24 20:19:00,0.00000416,97601.00000000
2018-02-24 20:19:00,0.00000416,1894.00000000
2018-02-24 20:19:02,0.00000417,288.00000000
2018-02-24 20:19:05,0.00000417,288.00000000
2018-02-24 20:19:07,0.00000417,2398.00000000
2018-02-24 20:19:07,0.00000417,7892.00000000
2018-02-24 20:19:09,0.00000417,1702.00000000
2018-02-24 20:19:10,0.00000417,4599.00000000
2018-02-24 20:19:11,0.00000417,288.00000000
2018-02-24 20:19:12,0.00000416,885.00000000
2018-02-24 20:19:14,0.00000417,288.00000000
2018-02-24 20:19:14,0.00000417,254.00000000
2018-02-24 20:19:15,0.00000417,500.00000000
2018-02-24 20:19:18,0.00000417,288.00000000
2018-02-24 20:19:20,0.00000417,2517.00000000
2018-02-24 20:19:22,0.00000416,499.00000000
2018-02-24 20:19:29,0.00000416,2177.00000000
2018-02-24 20:19:37,0.00000417,21.00000000
2018-02-24 20:19:43,0.00000416,35229.00000000
2018-02-24 20:19:46,0.00000417,9.00000000
2018-02-24 20:19:49,0.00000416,21.00000000
2018-02-24 20:19:54,0.00000416,5806.00000000
2018-02-24 20:19:55,0.00000417,288.00000000
2018-02-24 20:19:58,0.00000417,288.00000000
2018-02-24 20:20:01,0.00000417,288.00000000
2018-02-24 20:20:03,0.00000417,1000.00000000
2018-02-24 20:20:06,0.00000417,5000.00000000
2018-02-24 20:20:07,0.00000416,167.00000000
2018-02-24 20:20:12,0.00000417,21.00000000
2018-02-24 20:20:19,0.00000417,2207.00000000
2018-02-24 20:20:20,0.00000416,1499.00000000
2018-02-24 20:20:26,0.00000416,21.00000000
2018-02-24 20:20:27,0.00000417,400.00000000
2018-02-24 20:20:31,0.00000417,2205.00000000
2018-02-24 20:20:31,0.00000417,1233.00000000
2018-02-24 20:20:36,0.00000416,128952.00000000
2018-02-24 20:20:38,0.00000417,11165.00000000
2018-02-24 20:20:43,0.00000417,532.00000000
2018-02-24 20:20:45,0.00000416,3.00000000
2018-02-24 20:20:53,0.00000417,21.00000000
2018-02-24 20:20:54,0.00000417,9385.00000000
2018-02-24 20:20:56,0.00000416,18001.00000000
2018-02-24 20:21:02,0.00000416,21458.00000000
2018-02-24 20:21:08,0.00000416,1644.00000000
2018-02-24 20:21:21,0.00000416,154278.00000000
2018-02-24 20:21:23,0.00000417,24038.00000000
2018-02-24 20:21:23,0.00000417,9262.00000000
2018-02-24 20:21:24,0.00000417,24038.00000000
2018-02-24 20:21:24,0.00000417,9794.00000000
2018-02-24 20:21:25,0.00000417,500.00000000
2018-02-24 20:21:29,0.00000416,21.00000000
2018-02-24 20:21:32,0.00000417,121763.00000000
2018-02-24 20:21:47,0.00000417,5.00000000
2018-02-24 20:21:57,0.00000416,1999.00000000
2018-02-24 20:21:57,0.00000416,41980.00000000
2018-02-24 20:21:57,0.00000416,3687.00000000
2018-02-24 20:21:57,0.00000416,609.00000000
2018-02-24 20:21:57,0.00000416,3078.00000000
2018-02-24 20:21:57,0.00000416,5000.00000000
2018-02-24 20:21:57,0.00000416,4999.00000000
2018-02-24 20:21:58,0.00000416,7201.00000000
2018-02-24 20:21:58,0.00000415,609.00000000
2018-02-24 20:21:58,0.00000415,4999.00000000
2018-02-24 20:21:58,0.00000416,4006.00000000
2018-02-24 20:21:58,0.00000415,3078.00000000
2018-02-24 20:21:58,0.00000416,4006.00000000
2018-02-24 20:21:58,0.00000416,17651.00000000
2018-02-24 20:21:59,0.00000416,2500.00000000
2018-02-24 20:22:02,0.00000416,2403.00000000
2018-02-24 20:22:05,0.00000416,10255.00000000
2018-02-24 20:22:10,0.00000415,2506.00000000
2018-02-24 20:22:14,0.00000416,686.00000000
2018-02-24 20:22:14,0.00000416,19653.00000000
2018-02-24 20:22:15,0.00000416,6341.00000000
2018-02-24 20:22:16,0.00000416,1280.00000000
2018-02-24 20:22:17,0.00000416,1940.00000000
2018-02-24 20:22:26,0.00000416,6530.00000000
2018-02-24 20:22:27,0.00000416,81276.00000000
2018-02-24 20:22:28,0.00000416,15908.00000000
2018-02-24 20:22:30,0.00000415,38689.00000000
2018-02-24 20:22:37,0.00000416,2403.00000000
2018-02-24 20:22:40,0.00000415,2932.00000000
2018-02-24 20:22:46,0.00000416,1126.00000000
2018-02-24 20:22:48,0.00000415,5287.00000000
2018-02-24 20:23:05,0.00000416,999.00000000
2018-02-24 20:23:06,0.00000415,20000.00000000
2018-02-24 20:23:08,0.00000415,6760.00000000
2018-02-24 20:23:12,0.00000416,1728.00000000
2018-02-24 20:23:13,0.00000415,103.00000000
2018-02-24 20:23:15,0.00000415,91038.00000000
2018-02-24 20:23:15,0.00000416,578.00000000
2018-02-24 20:23:20,0.00000415,10905.00000000
2018-02-24 20:23:29,0.00000415,500.00000000
2018-02-24 20:23:33,0.00000416,260.00000000
2018-02-24 20:23:37,0.00000416,100.00000000
2018-02-24 20:23:41,0.00000416,962.00000000
2018-02-24 20:23:44,0.00000416,29231.00000000
2018-02-24 20:23:46,0.00000415,100000.00000000
2018-02-24 20:23:47,0.00000416,6828.00000000
2018-02-24 20:23:51,0.00000416,693.00000000
2018-02-24 20:23:53,0.00000416,447.00000000
2018-02-24 20:23:54,0.00000415,999.00000000
2018-02-24 20:23:54,0.00000415,2912.00000000
2018-02-24 20:24:00,0.00000415,9907.00000000
2018-02-24 20:24:04,0.00000415,118604.00000000
2018-02-24 20:24:11,0.00000416,90630.00000000
2018-02-24 20:24:14,0.00000415,4529.00000000
2018-02-24 20:24:21,0.00000416,83558.00000000
2018-02-24 20:24:27,0.00000417,100.00000000
2018-02-24 20:24:28,0.00000416,4500.00000000
2018-02-24 20:24:35,0.00000416,3357.00000000
2018-02-24 20:24:38,0.00000416,9761.00000000
2018-02-24 20:24:39,0.00000416,1350.00000000
2018-02-24 20:24:46,0.00000415,55834.00000000
2018-02-24 20:24:51,0.00000415,161206.00000000
2018-02-24 20:25:26,0.00000416,21.00000000
2018-02-24 20:25:33,0.00000415,8711.00000000
2018-02-24 20:25:34,0.00000415,1550.00000000
2018-02-24 20:25:38,0.00000415,1303.00000000
2018-02-24 20:25:41,0.00000415,5005.00000000
2018-02-24 20:25:45,0.00000415,25000.00000000
2018-02-24 20:25:49,0.00000416,17863.00000000
2018-02-24 20:25:50,0.00000415,190767.00000000
2018-02-24 20:25:51,0.00000416,126393.00000000
2018-02-24 20:25:56,0.00000416,16579.00000000
2018-02-24 20:25:56,0.00000415,14868.00000000
2018-02-24 20:25:58,0.00000415,801.00000000
2018-02-24 20:25:58,0.00000415,18453.00000000
2018-02-24 20:26:00,0.00000416,721.00000000
2018-02-24 20:26:08,0.00000415,300.00000000
2018-02-24 20:26:09,0.00000415,35000.00000000
2018-02-24 20:26:10,0.00000416,5414.00000000
2018-02-24 20:26:17,0.00000416,604.00000000
2018-02-24 20:26:20,0.00000416,14872.00000000
2018-02-24 20:26:20,0.00000416,890.00000000
2018-02-24 20:26:26,0.00000415,500.00000000
2018-02-24 20:26:30,0.00000416,8562.00000000
2018-02-24 20:26:38,0.00000416,2640.00000000
2018-02-24 20:26:43,0.00000416,11013.00000000
2018-02-24 20:26:43,0.00000416,5846.00000000
2018-02-24 20:26:47,0.00000415,1886.00000000
2018-02-24 20:26:47,0.00000416,3318.00000000
2018-02-24 20:26:48,0.00000416,80436.00000000
2018-02-24 20:26:52,0.00000415,71.00000000
2018-02-24 20:26:53,0.00000416,3175.00000000
2018-02-24 20:27:01,0.00000415,241.00000000
2018-02-24 20:27:09,0.00000416,8438.00000000
2018-02-24 20:27:12,0.00000416,2066.00000000
2018-02-24 20:27:12,0.00000415,1998.00000000
2018-02-24 20:27:13,0.00000416,475.00000000
2018-02-24 20:27:13,0.00000415,13977.00000000
2018-02-24 20:27:17,0.00000416,2788.00000000
2018-02-24 20:27:17,0.00000416,814.00000000
2018-02-24 20:27:33,0.00000415,65784.00000000
2018-02-24 20:27:35,0.00000415,29986.00000000
2018-02-24 20:27:35,0.00000416,63709.00000000
2018-02-24 20:27:35,0.00000415,2935.00000000
2018-02-24 20:27:37,0.00000416,7280.00000000
2018-02-24 20:27:41,0.00000416,1003.00000000
2018-02-24 20:27:42,0.00000415,2096.00000000
2018-02-24 20:27:45,0.00000415,464447.00000000
2018-02-24 20:27:48,0.00000415,8162.00000000
2018-02-24 20:27:49,0.00000416,509.00000000
2018-02-24 20:27:51,0.00000416,3.00000000
2018-02-24 20:27:52,0.00000416,4802.00000000
2018-02-24 20:28:00,0.00000416,94604.00000000
2018-02-24 20:28:04,0.00000415,5604.00000000
2018-02-24 20:28:05,0.00000416,1300.00000000
2018-02-24 20:28:07,0.00000415,29.00000000
2018-02-24 20:28:12,0.00000415,5070.00000000
2018-02-24 20:28:12,0.00000416,289.00000000
2018-02-24 20:28:16,0.00000415,27244.00000000
2018-02-24 20:28:16,0.00000415,1300.00000000
2018-02-24 20:28:18,0.00000416,289.00000000
2018-02-24 20:28:23,0.00000416,50990.00000000
2018-02-24 20:28:29,0.00000415,241.00000000
2018-02-24 20:28:29,0.00000416,5.00000000
2018-02-24 20:28:29,0.00000416,226.00000000
2018-02-24 20:28:33,0.00000416,598.00000000
2018-02-24 20:28:34,0.00000415,290.00000000
2018-02-24 20:28:39,0.00000416,23015.00000000
2018-02-24 20:28:42,0.00000416,12019.00000000
2018-02-24 20:28:53,0.00000416,27940.00000000
2018-02-24 20:28:54,0.00000415,572.00000000
2018-02-24 20:28:56,0.00000416,1297.00000000
2018-02-24 20:29:00,0.00000415,515.00000000
2018-02-24 20:29:08,0.00000415,17.00000000
2018-02-24 20:29:08,0.00000416,2629.00000000
2018-02-24 20:29:10,0.00000416,4.00000000
2018-02-24 20:29:10,0.00000416,69011.00000000
2018-02-24 20:29:11,0.00000416,2500.00000000
2018-02-24 20:29:14,0.00000416,413.00000000
2018-02-24 20:29:15,0.00000416,41303.00000000
2018-02-24 20:29:15,0.00000416,413.00000000
2018-02-24 20:29:21,0.00000416,848.00000000
2018-02-24 20:29:27,0.00000415,4.00000000
2018-02-24 20:29:31,0.00000416,100.00000000
2018-02-24 20:29:39,0.00000415,486.00000000
2018-02-24 20:29:45,0.00000416,5628.00000000
2018-02-24 20:29:49,0.00000416,50000.00000000
2018-02-24 20:29:49,0.00000416,485.00000000
2018-02-24 20:29:55,0.00000416,1053.00000000
2018-02-24 20:30:00,0.00000416,161102.00000000
2018-02-24 20:30:03,0.00000416,18657.00000000
2018-02-24 20:30:04,0.00000415,82933.00000000
2018-02-24 20:30:05,0.00000416,34156.00000000
2018-02-24 20:30:07,0.00000416,5136.00000000
2018-02-24 20:30:08,0.00000416,6379.00000000
2018-02-24 20:30:09,0.00000417,3.00000000
2018-02-24 20:30:23,0.00000416,294.00000000
2018-02-24 20:30:23,0.00000415,243.00000000
2018-02-24 20:30:37,0.00000417,3.00000000
2018-02-24 20:30:48,0.00000416,841.00000000
2018-02-24 20:30:59,0.00000416,2828.00000000
2018-02-24 20:31:01,0.00000416,2403.00000000
2018-02-24 20:31:04,0.00000415,14447.00000000
2018-02-24 20:31:05,0.00000415,110137.00000000
2018-02-24 20:31:05,0.00000415,82184.00000000
2018-02-24 20:31:06,0.00000415,3750.00000000
2018-02-24 20:31:10,0.00000416,5565.00000000
2018-02-24 20:31:16,0.00000415,25000.00000000
2018-02-24 20:31:20,0.00000416,10000.00000000
2018-02-24 20:31:24,0.00000415,200000.00000000
2018-02-24 20:31:39,0.00000415,946.00000000
2018-02-24 20:31:54,0.00000415,3037.00000000
2018-02-24 20:31:58,0.00000416,127496.00000000
2018-02-24 20:32:00,0.00000415,698.00000000
2018-02-24 20:32:01,0.00000416,3.00000000
2018-02-24 20:32:09,0.00000416,10.00000000
2018-02-24 20:32:11,0.00000416,11565.00000000
2018-02-24 20:32:11,0.00000416,61290.00000000
2018-02-24 20:32:30,0.00000416,250.00000000
2018-02-24 20:32:30,0.00000416,2983.00000000
2018-02-24 20:32:40,0.00000415,4000.00000000
2018-02-24 20:32:47,0.00000416,50521.00000000
2018-02-24 20:32:48,0.00000415,9708.00000000
2018-02-24 20:32:48,0.00000416,721.00000000
2018-02-24 20:32:49,0.00000415,82756.00000000
2018-02-24 20:32:53,0.00000415,686.00000000
2018-02-24 20:32:58,0.00000415,52015.00000000
2018-02-24 20:33:00,0.00000415,4498.00000000
2018-02-24 20:33:02,0.00000416,91036.00000000
2018-02-24 20:33:07,0.00000415,2.00000000
2018-02-24 20:33:07,0.00000415,4914.00000000
2018-02-24 20:33:09,0.00000416,707.00000000
2018-02-24 20:33:10,0.00000415,6083.00000000
2018-02-24 20:33:11,0.00000415,500.00000000
2018-02-24 20:33:15,0.00000415,3656.00000000
2018-02-24 20:33:21,0.00000416,2187.00000000
2018-02-24 20:33:22,0.00000415,1992.00000000
2018-02-24 20:33:24,0.00000415,10229.00000000
2018-02-24 20:33:32,0.00000415,365.00000000
2018-02-24 20:33:35,0.00000415,58824.00000000
2018-02-24 20:33:37,0.00000415,4473.00000000
2018-02-24 20:33:39,0.00000416,61364.00000000
2018-02-24 20:33:39,0.00000416,14122.00000000
2018-02-24 20:33:42,0.00000416,6470.00000000
2018-02-24 20:33:43,0.00000415,965.00000000
2018-02-24 20:33:51,0.00000415,2084.00000000
2018-02-24 20:33:54,0.00000415,9198.00000000
2018-02-24 20:34:01,0.00000416,7900.00000000
2018-02-24 20:34:03,0.00000415,35240.00000000
2018-02-24 20:34:08,0.00000415,8468.00000000
2018-02-24 20:34:13,0.00000415,778.00000000
2018-02-24 20:34:13,0.00000415,70966.00000000
2018-02-24 20:34:30,0.00000415,14988.00000000
2018-02-24 20:34:33,0.00000415,50126.00000000
2018-02-24 20:34:47,0.00000416,6.00000000
2018-02-24 20:34:48,0.00000416,2602.00000000
2018-02-24 20:34:48,0.00000415,1924.00000000
2018-02-24 20:34:49,0.00000416,57.00000000
2018-02-24 20:34:59,0.00000416,1791.00000000
2018-02-24 20:35:15,0.00000415,7553.00000000
2018-02-24 20:35:17,0.00000416,455.00000000
2018-02-24 20:35:17,0.00000415,67150.00000000
2018-02-24 20:35:19,0.00000416,22154.00000000
2018-02-24 20:35:20,0.00000416,49361.00000000
2018-02-24 20:35:22,0.00000416,349.00000000
2018-02-24 20:35:24,0.00000416,12019.00000000
2018-02-24 20:35:24,0.00000416,4500.00000000
2018-02-24 20:35:33,0.00000416,258.00000000
2018-02-24 20:35:40,0.00000415,3000.00000000
2018-02-24 20:35:52,0.00000415,10.00000000
2018-02-24 20:35:53,0.00000415,4001.00000000
2018-02-24 20:35:55,0.00000415,4039.00000000
2018-02-24 20:35:56,0.00000416,2500.00000000
2018-02-24 20:35:58,0.00000416,10.00000000
2018-02-24 20:36:01,0.00000415,10.00000000
2018-02-24 20:36:01,0.00000416,18859.00000000
2018-02-24 20:36:04,0.00000416,98385.00000000
2018-02-24 20:36:05,0.00000416,7.00000000
2018-02-24 20:36:05,0.00000415,2326.00000000
2018-02-24 20:36:08,0.00000415,5.00000000
2018-02-24 20:36:09,0.00000416,10162.00000000
2018-02-24 20:36:09,0.00000415,13450.00000000
2018-02-24 20:36:12,0.00000415,23075.00000000
2018-02-24 20:36:15,0.00000416,23000.00000000
2018-02-24 20:36:15,0.00000416,8.00000000
2018-02-24 20:36:23,0.00000415,16854.00000000
2018-02-24 20:36:30,0.00000416,19.00000000
2018-02-24 20:36:32,0.00000416,120.00000000
2018-02-24 20:36:34,0.00000415,1100.00000000
2018-02-24 20:36:44,0.00000416,171393.00000000
2018-02-24 20:36:46,0.00000415,8375.00000000
2018-02-24 20:36:46,0.00000415,11361.00000000
2018-02-24 20:36:47,0.00000415,2000.00000000
2018-02-24 20:36:53,0.00000416,164296.00000000
2018-02-24 20:36:54,0.00000415,462.00000000
2018-02-24 20:36:59,0.00000415,1377.00000000
2018-02-24 20:37:05,0.00000415,2000.00000000
2018-02-24 20:37:06,0.00000416,744.00000000
2018-02-24 20:37:12,0.00000416,515.00000000
2018-02-24 20:37:13,0.00000415,17527.00000000
2018-02-24 20:37:14,0.00000415,10.00000000
2018-02-24 20:37:17,0.00000416,60.00000000
2018-02-24 20:37:23,0.00000415,8702.00000000
2018-02-24 20:37:24,0.00000416,212403.00000000
2018-02-24 20:37:25,0.00000416,1192.00000000
2018-02-24 20:37:29,0.00000416,1711.00000000
2018-02-24 20:37:30,0.00000415,41.00000000
2018-02-24 20:37:45,0.00000415,1250.00000000
2018-02-24 20:37:45,0.00000415,116717.00000000
2018-02-24 20:37:45,0.00000415,10000.00000000
2018-02-24 20:37:47,0.00000415,3866.00000000
2018-02-24 20:37:50,0.00000415,5000.00000000
2018-02-24 20:37:55,0.00000415,24.00000000
2018-02-24 20:37:56,0.00000415,7253.00000000
2018-02-24 20:38:07,0.00000415,121963.00000000
2018-02-24 20:38:08,0.00000415,20080.00000000
2018-02-24 20:38:10,0.00000415,15992.00000000
2018-02-24 20:38:12,0.00000416,24096.00000000
2018-02-24 20:38:12,0.00000416,25605.00000000
2018-02-24 20:38:14,0.00000416,4202.00000000
2018-02-24 20:38:19,0.00000415,2826.00000000
2018-02-24 20:38:20,0.00000416,2011.00000000
2018-02-24 20:38:23,0.00000416,20.00000000
2018-02-24 20:38:25,0.00000415,1146.00000000
2018-02-24 20:38:27,0.00000416,58.00000000
2018-02-24 20:38:29,0.00000416,8365.00000000
2018-02-24 20:38:30,0.00000416,985.00000000
2018-02-24 20:38:34,0.00000416,4.00000000
2018-02-24 20:38:36,0.00000416,469.00000000
2018-02-24 20:38:39,0.00000416,162833.00000000
2018-02-24 20:38:43,0.00000415,100000.00000000
2018-02-24 20:38:43,0.00000416,423.00000000
2018-02-24 20:38:44,0.00000416,2232.00000000
2018-02-24 20:38:44,0.00000416,660.00000000
2018-02-24 20:38:51,0.00000416,500.00000000
2018-02-24 20:38:53,0.00000416,13245.00000000
2018-02-24 20:39:03,0.00000415,11817.00000000
2018-02-24 20:39:07,0.00000415,10381.00000000
2018-02-24 20:39:17,0.00000415,14600.00000000
2018-02-24 20:39:19,0.00000415,339.00000000
2018-02-24 20:39:26,0.00000416,25.00000000
2018-02-24 20:39:28,0.00000416,121156.00000000
2018-02-24 20:39:41,0.00000415,489978.00000000
2018-02-24 20:39:42,0.00000415,178.00000000
2018-02-24 20:39:50,0.00000415,907.00000000
2018-02-24 20:39:52,0.00000415,7500.00000000
2018-02-24 20:39:56,0.00000416,5810.00000000
2018-02-24 20:39:57,0.00000415,20064.00000000
2018-02-24 20:40:01,0.00000416,44696.00000000
2018-02-24 20:40:07,0.00000416,7312.00000000
2018-02-24 20:40:09,0.00000415,5095.00000000
2018-02-24 20:40:12,0.00000415,31189.00000000
2018-02-24 20:40:13,0.00000416,2960.00000000
2018-02-24 20:40:19,0.00000415,120662.00000000
2018-02-24 20:40:19,0.00000416,2838.00000000
2018-02-24 20:40:20,0.00000416,3.00000000
2018-02-24 20:40:28,0.00000415,1875.00000000
2018-02-24 20:40:29,0.00000416,1374.00000000
2018-02-24 20:40:29,0.00000415,3647.00000000
2018-02-24 20:40:33,0.00000416,10883.00000000
2018-02-24 20:40:40,0.00000416,2016.00000000
2018-02-24 20:40:51,0.00000416,144722.00000000
2018-02-24 20:40:52,0.00000415,1000.00000000
2018-02-24 20:40:53,0.00000415,1323.00000000
2018-02-24 20:41:00,0.00000416,1059.00000000
2018-02-24 20:41:04,0.00000416,297.00000000
2018-02-24 20:41:06,0.00000415,688.00000000
2018-02-24 20:41:10,0.00000416,70513.00000000
2018-02-24 20:41:14,0.00000416,21500.00000000
2018-02-24 20:41:16,0.00000416,65.00000000
2018-02-24 20:41:21,0.00000416,2454.00000000
2018-02-24 20:41:29,0.00000415,9000.00000000
2018-02-24 20:41:31,0.00000416,6097.00000000
2018-02-24 20:41:34,0.00000416,1700.00000000
2018-02-24 20:41:37,0.00000416,300.00000000
2018-02-24 20:41:40,0.00000415,301.00000000
2018-02-24 20:41:43,0.00000415,718.00000000
2018-02-24 20:41:47,0.00000415,1763.00000000
2018-02-24 20:41:48,0.00000415,1000.00000000
2018-02-24 20:41:59,0.00000416,70.00000000
2018-02-24 20:42:01,0.00000415,1000.00000000
2018-02-24 20:42:02,0.00000415,28.00000000
2018-02-24 20:42:02,0.00000415,20623.00000000
2018-02-24 20:42:05,0.00000416,87975.00000000
2018-02-24 20:42:10,0.00000415,2477.00000000
2018-02-24 20:42:10,0.00000415,421.00000000
2018-02-24 20:42:11,0.00000415,3275.00000000
2018-02-24 20:42:16,0.00000415,458.00000000
2018-02-24 20:42:16,0.00000415,18100.00000000
2018-02-24 20:42:19,0.00000415,2403.00000000
2018-02-24 20:42:20,0.00000416,4985.00000000
2018-02-24 20:42:31,0.00000416,2235.00000000
2018-02-24 20:42:36,0.00000415,10206.00000000
2018-02-24 20:42:48,0.00000416,571.00000000
2018-02-24 20:42:52,0.00000415,94847.00000000
2018-02-24 20:42:57,0.00000416,1000.00000000
2018-02-24 20:43:07,0.00000416,5696.00000000
2018-02-24 20:43:08,0.00000416,416831.00000000
2018-02-24 20:43:19,0.00000416,11.00000000
2018-02-24 20:43:33,0.00000416,10000.00000000
2018-02-24 20:43:35,0.00000416,1548.00000000
2018-02-24 20:43:40,0.00000416,20000.00000000
2018-02-24 20:43:41,0.00000415,50174.00000000
2018-02-24 20:43:42,0.00000416,25817.00000000
2018-02-24 20:43:43,0.00000416,57977.00000000
2018-02-24 20:43:50,0.00000416,679.00000000
2018-02-24 20:43:54,0.00000416,4092.00000000
2018-02-24 20:43:55,0.00000416,2000.00000000
2018-02-24 20:44:01,0.00000415,256.00000000
2018-02-24 20:44:02,0.00000416,11115.00000000
2018-02-24 20:44:07,0.00000416,100455.00000000
2018-02-24 20:44:13,0.00000416,6920.00000000
2018-02-24 20:44:13,0.00000416,7.00000000
2018-02-24 20:44:13,0.00000415,760.00000000
2018-02-24 20:44:21,0.00000416,4500.00000000
2018-02-24 20:44:24,0.00000416,2597.00000000
2018-02-24 20:44:28,0.00000416,4500.00000000
2018-02-24 20:44:29,0.00000415,5000.00000000
2018-02-24 20:44:29,0.00000416,8032.00000000
2018-02-24 20:44:30,0.00000416,2095.00000000
2018-02-24 20:44:31,0.00000416,7241.00000000
2018-02-24 20:44:38,0.00000416,92647.00000000
2018-02-24 20:44:39,0.00000416,1586.00000000
2018-02-24 20:44:41,0.00000415,50000.00000000
2018-02-24 20:44:42,0.00000416,133.00000000
2018-02-24 20:44:43,0.00000415,91857.00000000
2018-02-24 20:44:43,0.00000415,9558.00000000
2018-02-24 20:44:45,0.00000416,25000.00000000
2018-02-24 20:44:47,0.00000416,12019.00000000
2018-02-24 20:44:49,0.00000415,26173.00000000
2018-02-24 20:44:50,0.00000415,21543.00000000
2018-02-24 20:44:51,0.00000415,2000.00000000
2018-02-24 20:44:57,0.00000415,497.00000000
2018-02-24 20:44:59,0.00000415,2250.00000000
2018-02-24 20:45:03,0.00000416,5000.00000000
2018-02-24 20:45:05,0.00000415,9053.00000000
2018-02-24 20:45:05,0.00000416,9749.00000000
2018-02-24 20:45:07,0.00000416,1559.00000000
2018-02-24 20:45:13,0.00000415,6107.00000000
2018-02-24 20:45:15,0.00000416,1301.00000000
2018-02-24 20:45:15,0.00000415,2537.00000000
2018-02-24 20:45:20,0.00000415,1003.00000000
2018-02-24 20:45:23,0.00000415,1110.00000000
2018-02-24 20:45:25,0.00000415,3364.00000000
2018-02-24 20:45:36,0.00000416,2404.00000000
2018-02-24 20:45:38,0.00000416,489.00000000
2018-02-24 20:45:39,0.00000415,5804.00000000
2018-02-24 20:45:41,0.00000416,49964.00000000
2018-02-24 20:45:50,0.00000416,979.00000000
2018-02-24 20:45:52,0.00000416,29597.00000000
2018-02-24 20:45:54,0.00000416,9057.00000000
2018-02-24 20:45:55,0.00000415,184674.00000000
2018-02-24 20:45:57,0.00000416,79305.00000000
2018-02-24 20:45:59,0.00000415,620.00000000
2018-02-24 20:46:00,0.00000416,912.00000000
2018-02-24 20:46:01,0.00000416,995.00000000
2018-02-24 20:46:04,0.00000416,8704.00000000
2018-02-24 20:46:08,0.00000415,19159.00000000
2018-02-24 20:46:11,0.00000415,8156.00000000
2018-02-24 20:46:20,0.00000415,11325.00000000
2018-02-24 20:46:21,0.00000415,2109.00000000
2018-02-24 20:46:32,0.00000416,2398.00000000
2018-02-24 20:46:38,0.00000416,506.00000000
2018-02-24 20:46:39,0.00000416,58446.00000000
2018-02-24 20:46:39,0.00000416,23343.00000000
2018-02-24 20:46:40,0.00000415,3564.00000000
2018-02-24 20:46:44,0.00000415,500.00000000
2018-02-24 20:46:45,0.00000415,20704.00000000
2018-02-24 20:46:48,0.00000416,14000.00000000
2018-02-24 20:46:49,0.00000415,1000.00000000
2018-02-24 20:46:53,0.00000415,13594.00000000
2018-02-24 20:46:58,0.00000416,14044.00000000
2018-02-24 20:47:01,0.00000416,53854.00000000
2018-02-24 20:47:10,0.00000416,127.00000000
2018-02-24 20:47:11,0.00000416,18361.00000000
2018-02-24 20:47:21,0.00000416,2641.00000000
2018-02-24 20:47:22,0.00000416,335.00000000
2018-02-24 20:47:31,0.00000415,35858.00000000
2018-02-24 20:47:32,0.00000415,16169.00000000
2018-02-24 20:47:33,0.00000416,5529.00000000
2018-02-24 20:47:34,0.00000415,77965.00000000
2018-02-24 20:47:34,0.00000416,51224.00000000
2018-02-24 20:47:36,0.00000415,2615.00000000
2018-02-24 20:47:41,0.00000416,807.00000000
2018-02-24 20:47:46,0.00000416,7356.00000000
2018-02-24 20:47:50,0.00000415,750.00000000
2018-02-24 20:47:56,0.00000416,4000.00000000
2018-02-24 20:48:00,0.00000416,29203.00000000
2018-02-24 20:48:01,0.00000415,4040.00000000
2018-02-24 20:48:10,0.00000415,306.00000000
2018-02-24 20:48:12,0.00000416,958.00000000
2018-02-24 20:48:17,0.00000415,57570.00000000
2018-02-24 20:48:19,0.00000415,4381.00000000
2018-02-24 20:48:26,0.00000415,91572.00000000
2018-02-24 20:48:33,0.00000415,42982.00000000
2018-02-24 20:48:33,0.00000415,11477.00000000
2018-02-24 20:48:43,0.00000416,250.00000000
2018-02-24 20:48:48,0.00000416,12.00000000
2018-02-24 20:48:51,0.00000416,49850.00000000
2018-02-24 20:48:51,0.00000416,32229.00000000
2018-02-24 20:48:58,0.00000416,7571.00000000
2018-02-24 20:49:03,0.00000415,630.00000000
2018-02-24 20:49:07,0.00000415,8146.00000000
2018-02-24 20:49:12,0.00000415,5323.00000000
2018-02-24 20:49:13,0.00000415,3000.00000000
2018-02-24 20:49:14,0.00000416,975.00000000
2018-02-24 20:49:18,0.00000415,146686.00000000
2018-02-24 20:49:23,0.00000416,10800.00000000
2018-02-24 20:49:23,0.00000415,411.00000000
2018-02-24 20:49:25,0.00000416,2676.00000000
2018-02-24 20:49:27,0.00000416,2369.00000000
2018-02-24 20:49:28,0.00000416,480.00000000
2018-02-24 20:49:42,0.00000416,14970.00000000
2018-02-24 20:49:47,0.00000415,2251.00000000
2018-02-24 20:49:56,0.00000416,300.00000000
2018-02-24 20:50:00,0.00000415,1670.00000000
2018-02-24 20:50:00,0.00000415,659.00000000
2018-02-24 20:50:05,0.00000416,7153.00000000
2018-02-24 20:50:07,0.00000416,1051.00000000
2018-02-24 20:50:09,0.00000415,66002.00000000
2018-02-24 20:50:27,0.00000415,335.00000000
2018-02-24 20:50:28,0.00000415,384.00000000
2018-02-24 20:50:35,0.00000415,5000.00000000
2018-02-24 20:50:37,0.00000415,828.00000000
2018-02-24 20:50:40,0.00000416,6120.00000000
2018-02-24 20:50:42,0.00000415,3500.00000000
2018-02-24 20:50:43,0.00000415,7333.00000000
2018-02-24 20:50:43,0.00000415,8676.00000000
2018-02-24 20:50:47,0.00000415,24096.00000000
2018-02-24 20:50:47,0.00000415,5424.00000000
2018-02-24 20:50:50,0.00000416,1000.00000000
2018-02-24 20:50:51,0.00000415,4612.00000000
2018-02-24 20:50:54,0.00000416,1.00000000
2018-02-24 20:50:54,0.00000415,148808.00000000
2018-02-24 20:50:56,0.00000415,15524.00000000
2018-02-24 20:50:58,0.00000416,10230.00000000
2018-02-24 20:50:59,0.00000416,28346.00000000
2018-02-24 20:51:09,0.00000416,8031.00000000
2018-02-24 20:51:31,0.00000416,60825.00000000
2018-02-24 20:51:33,0.00000415,9993.00000000
2018-02-24 20:51:44,0.00000416,33263.00000000
2018-02-24 20:51:46,0.00000415,40951.00000000
2018-02-24 20:51:52,0.00000415,1927.00000000
2018-02-24 20:51:54,0.00000416,11.00000000
2018-02-24 20:51:57,0.00000415,100.00000000
2018-02-24 20:52:00,0.00000415,131866.00000000
2018-02-24 20:52:14,0.00000415,4.00000000
2018-02-24 20:52:20,0.00000415,179898.00000000
2018-02-24 20:52:25,0.00000416,47030.00000000
2018-02-24 20:52:31,0.00000416,21902.00000000
2018-02-24 20:52:36,0.00000416,739.00000000
2018-02-24 20:52:43,0.00000416,151159.00000000
2018-02-24 20:52:47,0.00000416,1500.00000000
2018-02-24 20:52:55,0.00000415,2250.00000000
2018-02-24 20:52:59,0.00000416,64860.00000000
2018-02-24 20:53:01,0.00000416,905.00000000
2018-02-24 20:53:01,0.00000416,1.00000000
2018-02-24 20:53:01,0.00000415,6.00000000
2018-02-24 20:53:01,0.00000415,100.00000000
2018-02-24 20:53:18,0.00000416,5000.00000000
2018-02-24 20:53:19,0.00000416,476748.00000000
2018-02-24 20:53:29,0.00000416,3307.00000000
2018-02-24 20:53:31,0.00000416,100.00000000
2018-02-24 20:53:35,0.00000415,648.00000000
2018-02-24 20:53:40,0.00000415,1198.00000000
2018-02-24 20:53:45,0.00000415,2875.00000000
2018-02-24 20:53:57,0.00000415,28915.00000000
2018-02-24 20:53:57,0.00000416,7000.00000000
2018-02-24 20:53:58,0.00000416,20000.00000000
2018-02-24 20:53:58,0.00000416,1.00000000
2018-02-24 20:53:59,0.00000415,14030.00000000
2018-02-24 20:54:02,0.00000416,1704.00000000
2018-02-24 20:54:05,0.00000416,8114.00000000
2018-02-24 20:54:08,0.00000415,975.00000000
2018-02-24 20:54:14,0.00000416,13494.00000000
2018-02-24 20:54:14,0.00000416,104369.00000000
2018-02-24 20:54:18,0.00000416,4455.00000000
2018-02-24 20:54:24,0.00000416,11443.00000000
2018-02-24 20:54:26,0.00000416,4807.00000000
2018-02-24 20:54:31,0.00000416,600.00000000
2018-02-24 20:54:34,0.00000415,135033.00000000
2018-02-24 20:54:46,0.00000416,10888.00000000
2018-02-24 20:54:48,0.00000415,1.00000000
2018-02-24 20:54:48,0.00000415,6213.00000000
2018-02-24 20:54:50,0.00000415,7154.00000000
2018-02-24 20:54:52,0.00000415,391605.00000000
2018-02-24 20:54:55,0.00000415,8000.00000000
2018-02-24 20:54:58,0.00000415,1849.00000000
2018-02-24 20:54:58,0.00000416,7308.00000000
2018-02-24 20:54:59,0.00000415,5000.00000000
2018-02-24 20:55:05,0.00000415,1538.00000000
2018-02-24 20:55:09,0.00000415,120985.00000000
2018-02-24 20:55:14,0.00000415,360.00000000
2018-02-24 20:55:37,0.00000415,22788.00000000
2018-02-24 20:55:38,0.00000415,5000.00000000
2018-02-24 20:55:55,0.00000416,2959.00000000
2018-02-24 20:55:58,0.00000416,250.00000000
2018-02-24 20:55:59,0.00000415,142890.00000000
2018-02-24 20:56:00,0.00000416,9.00000000
2018-02-24 20:56:20,0.00000416,83.00000000
2018-02-24 20:56:21,0.00000416,162102.00000000
2018-02-24 20:56:23,0.00000415,2204.00000000
2018-02-24 20:56:30,0.00000415,23431.00000000
2018-02-24 20:56:35,0.00000415,50151.00000000
2018-02-24 20:56:37,0.00000415,2737.00000000
2018-02-24 20:56:37,0.00000416,12.00000000
2018-02-24 20:56:49,0.00000415,11892.00000000
2018-02-24 20:56:50,0.00000415,9989.00000000
2018-02-24 20:56:53,0.00000416,122719.00000000
2018-02-24 20:56:57,0.00000416,1668.00000000
2018-02-24 20:57:30,0.00000416,4000.00000000
2018-02-24 20:57:46,0.00000415,63172.00000000
2018-02-24 20:57:50,0.00000416,4841.00000000
2018-02-24 20:57:52,0.00000415,718.00000000
2018-02-24 20:58:00,0.00000416,6.00000000
2018-02-24 20:58:07,0.00000416,3688.00000000
2018-02-24 20:58:07,0.00000415,500.00000000
2018-02-24 20:58:07,0.00000416,644.00000000
2018-02-24 20:58:18,0.00000416,903.00000000
2018-02-24 20:58:29,0.00000415,73594.00000000
2018-02-24 20:58:33,0.00000415,8000.00000000
2018-02-24 20:58:38,0.00000416,23.00000000
2018-02-24 20:58:39,0.00000415,33000.00000000
2018-02-24 20:58:40,0.00000416,134594.00000000
2018-02-24 20:58:53,0.00000415,4935.00000000
2018-02-24 20:58:54,0.00000416,21513.00000000
2018-02-24 20:58:58,0.00000415,3000.00000000
2018-02-24 20:59:08,0.00000416,795.00000000
2018-02-24 20:59:11,0.00000415,934.00000000
2018-02-24 20:59:11,0.00000416,1827.00000000
2018-02-24 20:59:12,0.00000415,3000.00000000
2018-02-24 20:59:14,0.00000416,3200.00000000
2018-02-24 20:59:19,0.00000416,3.00000000
2018-02-24 20:59:22,0.00000415,2147.00000000
2018-02-24 20:59:25,0.00000416,50000.00000000
2018-02-24 20:59:29,0.00000416,17866.00000000
2018-02-24 20:59:32,0.00000415,91492.00000000
2018-02-24 20:59:34,0.00000416,3332.00000000
2018-02-24 20:59:37,0.00000416,1.00000000
2018-02-24 20:59:38,0.00000416,991.00000000
2018-02-24 20:59:39,0.00000415,8969.00000000
2018-02-24 20:59:40,0.00000416,330.00000000
2018-02-24 20:59:42,0.00000415,22358.00000000
2018-02-24 20:59:43,0.00000415,3899.00000000
2018-02-24 20:59:51,0.00000415,419.00000000
