DATE,PRICE,VOLUME
2018-02-24 06:00:02,0.00000425,2539.00000000
2018-02-24 06:00:02,0.00000424,4235.00000000
2018-02-24 06:00:08,0.00000424,470.00000000
2018-02-24 06:00:11,0.00000424,1704.00000000
2018-02-24 06:00:12,0.00000424,1196.00000000
2018-02-24 06:00:15,0.00000424,636.00000000
2018-02-24 06:00:16,0.00000424,6946.00000000
2018-02-24 06:00:19,0.00000424,28538.00000000
2018-02-24 06:00:23,0.00000424,30232.00000000
2018-02-24 06:00:24,0.00000424,47345.00000000
2018-02-24 06:00:28,0.00000425,692.00000000
2018-02-24 06:00:37,0.00000425,68792.00000000
2018-02-24 06:00:38,0.00000425,117630.00000000
2018-02-24 06:00:39,0.00000424,6939.00000000
2018-02-24 06:00:41,0.00000425,63577.00000000
2018-02-24 06:00:41,0.00000424,78730.00000000
2018-02-24 06:00:47,0.00000424,14029.00000000
2018-02-24 06:00:48,0.00000424,592.00000000
2018-02-24 06:00:57,0.00000425,1300.00000000
2018-02-24 06:00:59,0.00000425,15.00000000
2018-02-24 06:01:00,0.00000425,77111.00000000
2018-02-24 06:01:03,0.00000425,344.00000000
2018-02-24 06:01:04,0.00000424,6753.00000000
2018-02-24 06:01:15,0.00000424,17529.00000000
2018-02-24 06:01:17,0.00000424,606.00000000
2018-02-24 06:01:19,0.00000424,435871.00000000
2018-02-24 06:01:20,0.00000425,46511.00000000
2018-02-24 06:01:23,0.00000424,2032479.00000000
2018-02-24 06:01:23,0.00000424,27454.00000000
2018-02-24 06:01:23,0.00000424,35500.00000000
2018-02-24 06:01:25,0.00000424,30710.00000000
2018-02-24 06:01:27,0.00000424,10.00000000
2018-02-24 06:01:27,0.00000424,10330.00000000
2018-02-24 06:01:29,0.00000425,2023.00000000
2018-02-24 06:01:29,0.00000424,63930.00000000
2018-02-24 06:01:34,0.00000424,921.00000000
2018-02-24 06:01:35,0.00000424,37652.00000000
2018-02-24 06:01:36,0.00000424,58198.00000000
2018-02-24 06:01:39,0.00000425,3449.00000000
2018-02-24 06:01:44,0.00000424,523.00000000
2018-02-24 06:01:48,0.00000424,4483.00000000
2018-02-24 06:01:49,0.00000424,658393.00000000
2018-02-24 06:01:49,0.00000423,949983.00000000
2018-02-24 06:01:49,0.00000422,402702.00000000
2018-02-24 06:01:49,0.00000423,19883.00000000
2018-02-24 06:01:49,0.00000422,45079.00000000
2018-02-24 06:01:52,0.00000425,13022.00000000
2018-02-24 06:01:54,0.00000424,6688.00000000
2018-02-24 06:01:56,0.00000423,1849.00000000
2018-02-24 06:01:56,0.00000423,1040.00000000
2018-02-24 06:01:59,0.00000424,7071.00000000
2018-02-24 06:01:59,0.00000423,5000.00000000
2018-02-24 06:01:59,0.00000424,7071.00000000
2018-02-24 06:02:06,0.00000423,16000.00000000
2018-02-24 06:02:06,0.00000423,7074.00000000
2018-02-24 06:02:06,0.00000423,79428.00000000
2018-02-24 06:02:06,0.00000423,9627.00000000
2018-02-24 06:02:07,0.00000422,474.00000000
2018-02-24 06:02:15,0.00000423,100475.00000000
2018-02-24 06:02:15,0.00000422,1130.00000000
2018-02-24 06:02:17,0.00000423,377.00000000
2018-02-24 06:02:19,0.00000423,100.00000000
2018-02-24 06:02:21,0.00000423,1000.00000000
2018-02-24 06:02:23,0.00000422,1186.00000000
2018-02-24 06:02:23,0.00000423,562.00000000
2018-02-24 06:02:24,0.00000423,2496.00000000
2018-02-24 06:02:25,0.00000423,2787.00000000
2018-02-24 06:02:26,0.00000423,5300.00000000
2018-02-24 06:02:26,0.00000423,23020.00000000
2018-02-24 06:02:27,0.00000423,2500.00000000
2018-02-24 06:02:28,0.00000423,25845.00000000
2018-02-24 06:02:29,0.00000423,10000.00000000
2018-02-24 06:02:29,0.00000423,1923.00000000
2018-02-24 06:02:31,0.00000423,14517.00000000
2018-02-24 06:02:32,0.00000422,9676.00000000
2018-02-24 06:02:33,0.00000423,21350.00000000
2018-02-24 06:02:39,0.00000423,1670.00000000
2018-02-24 06:02:46,0.00000423,87489.00000000
2018-02-24 06:02:48,0.00000422,43737.00000000
2018-02-24 06:02:49,0.00000423,255024.00000000
2018-02-24 06:02:53,0.00000423,7092.00000000
2018-02-24 06:02:53,0.00000423,7092.00000000
2018-02-24 06:02:54,0.00000423,223.00000000
2018-02-24 06:02:54,0.00000423,6643.00000000
2018-02-24 06:03:01,0.00000423,18153.00000000
2018-02-24 06:03:05,0.00000423,1664.00000000
2018-02-24 06:03:06,0.00000424,74025.00000000
2018-02-24 06:03:08,0.00000424,598.00000000
2018-02-24 06:03:09,0.00000424,112.00000000
2018-02-24 06:03:10,0.00000423,25000.00000000
2018-02-24 06:03:12,0.00000423,7262.00000000
2018-02-24 06:03:13,0.00000423,45979.00000000
2018-02-24 06:03:20,0.00000422,35208.00000000
2018-02-24 06:03:21,0.00000423,9181.00000000
2018-02-24 06:03:23,0.00000423,1676.00000000
2018-02-24 06:03:27,0.00000422,12112.00000000
2018-02-24 06:03:32,0.00000423,72.00000000
2018-02-24 06:03:41,0.00000422,164324.00000000
2018-02-24 06:03:48,0.00000422,59571.00000000
2018-02-24 06:03:49,0.00000422,3079.00000000
2018-02-24 06:04:00,0.00000422,88355.00000000
2018-02-24 06:04:07,0.00000422,30233.00000000
2018-02-24 06:04:08,0.00000423,248.00000000
2018-02-24 06:04:10,0.00000422,12812.00000000
2018-02-24 06:04:11,0.00000423,2259.00000000
2018-02-24 06:04:13,0.00000422,4000.00000000
2018-02-24 06:04:26,0.00000422,59540.00000000
2018-02-24 06:04:27,0.00000422,20133.00000000
2018-02-24 06:04:29,0.00000422,670.00000000
2018-02-24 06:04:29,0.00000422,9957.00000000
2018-02-24 06:04:35,0.00000422,5000.00000000
2018-02-24 06:04:35,0.00000422,118170.00000000
2018-02-24 06:04:35,0.00000421,1409355.00000000
2018-02-24 06:04:39,0.00000422,3974.00000000
2018-02-24 06:04:39,0.00000422,4818.00000000
2018-02-24 06:04:39,0.00000422,4818.00000000
2018-02-24 06:04:39,0.00000422,4818.00000000
2018-02-24 06:04:39,0.00000422,4818.00000000
2018-02-24 06:04:39,0.00000422,1786.00000000
2018-02-24 06:04:39,0.00000422,4818.00000000
2018-02-24 06:04:39,0.00000422,7102.00000000
2018-02-24 06:04:39,0.00000421,4818.00000000
2018-02-24 06:04:40,0.00000422,7103.00000000
2018-02-24 06:04:40,0.00000421,4818.00000000
2018-02-24 06:04:40,0.00000422,7103.00000000
2018-02-24 06:04:40,0.00000422,3345.00000000
2018-02-24 06:04:40,0.00000422,2388.00000000
2018-02-24 06:04:40,0.00000421,7103.00000000
2018-02-24 06:04:40,0.00000422,7104.00000000
2018-02-24 06:04:40,0.00000422,7103.00000000
2018-02-24 06:04:41,0.00000422,370.00000000
2018-02-24 06:04:41,0.00000422,84311.00000000
2018-02-24 06:04:41,0.00000421,475.00000000
2018-02-24 06:04:41,0.00000422,913.00000000
2018-02-24 06:04:42,0.00000422,8051.00000000
2018-02-24 06:04:42,0.00000422,35452.00000000
2018-02-24 06:04:42,0.00000422,954.00000000
2018-02-24 06:04:42,0.00000422,955.00000000
2018-02-24 06:04:42,0.00000422,8293.00000000
2018-02-24 06:04:42,0.00000422,954.00000000
2018-02-24 06:04:42,0.00000422,6151.00000000
2018-02-24 06:04:43,0.00000422,9744.00000000
2018-02-24 06:04:43,0.00000422,1621.00000000
2018-02-24 06:04:45,0.00000422,683.00000000
2018-02-24 06:04:49,0.00000422,1949.00000000
2018-02-24 06:04:51,0.00000422,25814.00000000
2018-02-24 06:04:51,0.00000421,5000.00000000
2018-02-24 06:04:52,0.00000422,85565.00000000
2018-02-24 06:04:53,0.00000421,4790.00000000
2018-02-24 06:04:54,0.00000422,1968.00000000
2018-02-24 06:05:00,0.00000422,1266.00000000
2018-02-24 06:05:02,0.00000422,2370.00000000
2018-02-24 06:05:04,0.00000422,4724.00000000
2018-02-24 06:05:06,0.00000422,2369.00000000
2018-02-24 06:05:07,0.00000421,42264.00000000
2018-02-24 06:05:12,0.00000421,6022.00000000
2018-02-24 06:05:18,0.00000421,20318.00000000
2018-02-24 06:05:19,0.00000422,433.00000000
2018-02-24 06:05:27,0.00000422,1791.00000000
2018-02-24 06:05:27,0.00000422,4634.00000000
2018-02-24 06:05:30,0.00000422,292.00000000
2018-02-24 06:05:33,0.00000422,211351.00000000
2018-02-24 06:05:34,0.00000422,2800.00000000
2018-02-24 06:05:34,0.00000422,7108.00000000
2018-02-24 06:05:35,0.00000422,10000.00000000
2018-02-24 06:05:35,0.00000422,11252.00000000
2018-02-24 06:05:35,0.00000422,7109.00000000
2018-02-24 06:05:42,0.00000422,500.00000000
2018-02-24 06:05:44,0.00000423,47890.00000000
2018-02-24 06:05:45,0.00000422,1439.00000000
2018-02-24 06:05:48,0.00000422,83457.00000000
2018-02-24 06:05:49,0.00000422,7109.00000000
2018-02-24 06:05:49,0.00000422,7109.00000000
2018-02-24 06:05:49,0.00000422,7109.00000000
2018-02-24 06:05:50,0.00000422,7109.00000000
2018-02-24 06:05:51,0.00000423,1182.00000000
2018-02-24 06:05:52,0.00000422,16017.00000000
2018-02-24 06:05:52,0.00000422,7108.00000000
2018-02-24 06:05:52,0.00000422,23125.00000000
2018-02-24 06:05:54,0.00000422,18193.00000000
2018-02-24 06:06:01,0.00000422,5000.00000000
2018-02-24 06:06:03,0.00000422,406.00000000
2018-02-24 06:06:08,0.00000423,11305.00000000
2018-02-24 06:06:11,0.00000423,4055.00000000
2018-02-24 06:06:13,0.00000422,1185.00000000
2018-02-24 06:06:16,0.00000422,30148.00000000
2018-02-24 06:06:17,0.00000422,25000.00000000
2018-02-24 06:06:18,0.00000422,4995.00000000
2018-02-24 06:06:19,0.00000422,9150.00000000
2018-02-24 06:06:26,0.00000422,1785.00000000
2018-02-24 06:06:28,0.00000422,2000.00000000
2018-02-24 06:06:29,0.00000422,69586.00000000
2018-02-24 06:06:33,0.00000422,1028.00000000
2018-02-24 06:06:42,0.00000422,7109.00000000
2018-02-24 06:06:42,0.00000422,7108.00000000
2018-02-24 06:06:45,0.00000422,7109.00000000
2018-02-24 06:06:45,0.00000422,26531.00000000
2018-02-24 06:06:45,0.00000422,7108.00000000
2018-02-24 06:06:45,0.00000422,7109.00000000
2018-02-24 06:06:46,0.00000423,17.00000000
2018-02-24 06:06:47,0.00000422,1673.00000000
2018-02-24 06:06:50,0.00000422,7225.00000000
2018-02-24 06:06:50,0.00000422,7108.00000000
2018-02-24 06:06:51,0.00000422,4110.00000000
2018-02-24 06:06:51,0.00000421,1004.00000000
2018-02-24 06:06:53,0.00000422,4500.00000000
2018-02-24 06:06:53,0.00000422,14667.00000000
2018-02-24 06:06:53,0.00000423,250.00000000
2018-02-24 06:06:55,0.00000422,1369.00000000
2018-02-24 06:06:56,0.00000422,4126.00000000
2018-02-24 06:07:01,0.00000422,2362.00000000
2018-02-24 06:07:01,0.00000422,413.00000000
2018-02-24 06:07:02,0.00000422,1968.00000000
2018-02-24 06:07:04,0.00000422,2000.00000000
2018-02-24 06:07:15,0.00000422,599.00000000
2018-02-24 06:07:15,0.00000423,9.00000000
2018-02-24 06:07:15,0.00000422,61122.00000000
2018-02-24 06:07:16,0.00000422,424.00000000
2018-02-24 06:07:20,0.00000422,10.00000000
2018-02-24 06:07:22,0.00000422,782.00000000
2018-02-24 06:07:24,0.00000422,573.00000000
2018-02-24 06:07:27,0.00000422,2742.00000000
2018-02-24 06:07:29,0.00000422,24890.00000000
2018-02-24 06:07:48,0.00000422,10000.00000000
2018-02-24 06:07:48,0.00000422,7333.00000000
2018-02-24 06:07:49,0.00000422,106029.00000000
2018-02-24 06:07:52,0.00000422,43500.00000000
2018-02-24 06:07:52,0.00000422,8279.00000000
2018-02-24 06:07:59,0.00000422,466.00000000
2018-02-24 06:08:04,0.00000422,16853.00000000
2018-02-24 06:08:04,0.00000423,87114.00000000
2018-02-24 06:08:11,0.00000422,219.00000000
2018-02-24 06:08:13,0.00000422,3162.00000000
2018-02-24 06:08:14,0.00000422,891.00000000
2018-02-24 06:08:14,0.00000421,3160.00000000
2018-02-24 06:08:16,0.00000422,478.00000000
2018-02-24 06:08:23,0.00000421,236237.00000000
2018-02-24 06:08:26,0.00000422,465.00000000
2018-02-24 06:08:28,0.00000422,35.00000000
2018-02-24 06:08:33,0.00000422,6156.00000000
2018-02-24 06:08:34,0.00000422,6000.00000000
2018-02-24 06:08:36,0.00000422,7109.00000000
2018-02-24 06:08:37,0.00000422,7109.00000000
2018-02-24 06:08:43,0.00000422,5000.00000000
2018-02-24 06:08:43,0.00000422,3377.00000000
2018-02-24 06:08:45,0.00000422,7055.00000000
2018-02-24 06:08:45,0.00000422,3937.00000000
2018-02-24 06:08:45,0.00000422,1974.00000000
2018-02-24 06:08:46,0.00000422,60875.00000000
2018-02-24 06:08:46,0.00000422,22213.00000000
2018-02-24 06:08:47,0.00000422,16292.00000000
2018-02-24 06:08:50,0.00000422,1752.00000000
2018-02-24 06:08:54,0.00000422,23696.00000000
2018-02-24 06:08:54,0.00000422,7899.00000000
2018-02-24 06:08:58,0.00000422,21902.00000000
2018-02-24 06:09:00,0.00000422,20000.00000000
2018-02-24 06:09:04,0.00000422,11840.00000000
2018-02-24 06:09:04,0.00000421,64514.00000000
2018-02-24 06:09:05,0.00000422,2370.00000000
2018-02-24 06:09:06,0.00000422,4046.00000000
2018-02-24 06:09:06,0.00000422,2000.00000000
2018-02-24 06:09:07,0.00000422,2951.00000000
2018-02-24 06:09:09,0.00000422,2370.00000000
2018-02-24 06:09:13,0.00000422,600.00000000
2018-02-24 06:09:14,0.00000422,11848.00000000
2018-02-24 06:09:16,0.00000422,11848.00000000
2018-02-24 06:09:18,0.00000421,25200.00000000
2018-02-24 06:09:18,0.00000422,500.00000000
2018-02-24 06:09:23,0.00000421,9617.00000000
2018-02-24 06:09:24,0.00000421,32069.00000000
2018-02-24 06:09:34,0.00000421,300.00000000
2018-02-24 06:09:40,0.00000421,30.00000000
2018-02-24 06:09:45,0.00000422,100.00000000
2018-02-24 06:09:50,0.00000421,1000.00000000
2018-02-24 06:09:52,0.00000422,2049.00000000
2018-02-24 06:09:52,0.00000422,2049.00000000
2018-02-24 06:09:54,0.00000422,99262.00000000
2018-02-24 06:09:54,0.00000422,249.00000000
2018-02-24 06:09:56,0.00000422,2142.00000000
2018-02-24 06:10:01,0.00000421,20590.00000000
2018-02-24 06:10:05,0.00000421,246.00000000
2018-02-24 06:10:06,0.00000422,23884.00000000
2018-02-24 06:10:11,0.00000422,362.00000000
2018-02-24 06:10:11,0.00000421,1000.00000000
2018-02-24 06:10:12,0.00000422,220160.00000000
2018-02-24 06:10:15,0.00000422,177.00000000
2018-02-24 06:10:23,0.00000422,1.00000000
2018-02-24 06:10:23,0.00000422,250.00000000
2018-02-24 06:10:28,0.00000421,75000.00000000
2018-02-24 06:10:36,0.00000422,4.00000000
2018-02-24 06:10:42,0.00000422,11546.00000000
2018-02-24 06:10:44,0.00000421,651773.00000000
2018-02-24 06:10:45,0.00000422,133064.00000000
2018-02-24 06:10:46,0.00000421,2149.00000000
2018-02-24 06:10:50,0.00000421,1000.00000000
2018-02-24 06:10:57,0.00000421,150379.00000000
2018-02-24 06:11:00,0.00000421,5965.00000000
2018-02-24 06:11:02,0.00000422,374.00000000
2018-02-24 06:11:04,0.00000422,5915.00000000
2018-02-24 06:11:06,0.00000422,7842.00000000
2018-02-24 06:11:07,0.00000421,3867.00000000
2018-02-24 06:11:13,0.00000421,5967.00000000
2018-02-24 06:11:21,0.00000422,4.00000000
2018-02-24 06:11:27,0.00000421,5412.00000000
2018-02-24 06:11:30,0.00000421,26556.00000000
2018-02-24 06:11:31,0.00000421,66198.00000000
2018-02-24 06:11:32,0.00000422,463573.00000000
2018-02-24 06:11:33,0.00000422,7108.00000000
2018-02-24 06:11:33,0.00000422,3233.00000000
2018-02-24 06:11:33,0.00000422,7108.00000000
2018-02-24 06:11:33,0.00000422,23098.00000000
2018-02-24 06:11:33,0.00000422,2055.00000000
2018-02-24 06:11:33,0.00000422,7109.00000000
2018-02-24 06:11:33,0.00000422,7108.00000000
2018-02-24 06:11:33,0.00000422,4057.00000000
2018-02-24 06:11:33,0.00000422,6783.00000000
2018-02-24 06:11:36,0.00000423,1182.00000000
2018-02-24 06:11:40,0.00000422,6465.00000000
2018-02-24 06:11:40,0.00000422,4754.00000000
2018-02-24 06:11:40,0.00000422,29714.00000000
2018-02-24 06:11:40,0.00000422,7108.00000000
2018-02-24 06:11:40,0.00000422,7109.00000000
2018-02-24 06:11:40,0.00000422,7108.00000000
2018-02-24 06:11:40,0.00000422,7109.00000000
2018-02-24 06:11:43,0.00000422,300.00000000
2018-02-24 06:11:44,0.00000422,25724.00000000
2018-02-24 06:11:45,0.00000422,21559.00000000
2018-02-24 06:11:47,0.00000422,13587.00000000
2018-02-24 06:11:49,0.00000422,700.00000000
2018-02-24 06:11:49,0.00000422,7109.00000000
2018-02-24 06:11:49,0.00000422,7109.00000000
2018-02-24 06:11:50,0.00000422,934.00000000
2018-02-24 06:11:51,0.00000422,3359.00000000
2018-02-24 06:11:59,0.00000422,1000.00000000
2018-02-24 06:12:00,0.00000423,5888.00000000
2018-02-24 06:12:05,0.00000422,7094.00000000
2018-02-24 06:12:06,0.00000422,50000.00000000
2018-02-24 06:12:10,0.00000422,6442.00000000
2018-02-24 06:12:11,0.00000422,2383.00000000
2018-02-24 06:12:11,0.00000422,1970.00000000
2018-02-24 06:12:12,0.00000422,1970.00000000
2018-02-24 06:12:13,0.00000422,3674.00000000
2018-02-24 06:12:13,0.00000422,1970.00000000
2018-02-24 06:12:13,0.00000422,47990.00000000
2018-02-24 06:12:14,0.00000422,1319.00000000
2018-02-24 06:12:14,0.00000422,4472.00000000
2018-02-24 06:12:16,0.00000422,7109.00000000
2018-02-24 06:12:17,0.00000422,8963.00000000
2018-02-24 06:12:17,0.00000422,7108.00000000
2018-02-24 06:12:17,0.00000422,17448.00000000
2018-02-24 06:12:18,0.00000422,23696.00000000
2018-02-24 06:12:18,0.00000422,7108.00000000
2018-02-24 06:12:18,0.00000422,8609.00000000
2018-02-24 06:12:18,0.00000422,7109.00000000
2018-02-24 06:12:18,0.00000422,47583.00000000
2018-02-24 06:12:18,0.00000422,7109.00000000
2018-02-24 06:12:18,0.00000422,6224.00000000
2018-02-24 06:12:18,0.00000422,7108.00000000
2018-02-24 06:12:18,0.00000422,7109.00000000
2018-02-24 06:12:19,0.00000422,7109.00000000
2018-02-24 06:12:19,0.00000422,1950.00000000
2018-02-24 06:12:19,0.00000422,7108.00000000
2018-02-24 06:12:19,0.00000422,7108.00000000
2018-02-24 06:12:19,0.00000422,7109.00000000
2018-02-24 06:12:19,0.00000422,4812.00000000
2018-02-24 06:12:19,0.00000422,7109.00000000
2018-02-24 06:12:19,0.00000422,7108.00000000
2018-02-24 06:12:19,0.00000422,7109.00000000
2018-02-24 06:12:19,0.00000422,7108.00000000
2018-02-24 06:12:20,0.00000422,7108.00000000
2018-02-24 06:12:20,0.00000422,1832.00000000
2018-02-24 06:12:20,0.00000422,7109.00000000
2018-02-24 06:12:20,0.00000422,7109.00000000
2018-02-24 06:12:20,0.00000422,7108.00000000
2018-02-24 06:12:20,0.00000422,725.00000000
2018-02-24 06:12:20,0.00000422,7108.00000000
2018-02-24 06:12:21,0.00000422,1201.00000000
2018-02-24 06:12:21,0.00000422,3641.00000000
2018-02-24 06:12:21,0.00000422,1045.00000000
2018-02-24 06:12:23,0.00000422,748.00000000
2018-02-24 06:12:25,0.00000422,4141.00000000
2018-02-24 06:12:25,0.00000422,453.00000000
2018-02-24 06:12:25,0.00000422,6372.00000000
2018-02-24 06:12:25,0.00000422,751.00000000
2018-02-24 06:12:25,0.00000422,4520.00000000
2018-02-24 06:12:26,0.00000422,7624.00000000
2018-02-24 06:12:27,0.00000422,1950.00000000
2018-02-24 06:12:27,0.00000422,1962.00000000
2018-02-24 06:12:27,0.00000422,93996.00000000
2018-02-24 06:12:28,0.00000422,2561.00000000
2018-02-24 06:12:28,0.00000422,3999.00000000
2018-02-24 06:12:29,0.00000422,4767.00000000
2018-02-24 06:12:29,0.00000422,47411.00000000
2018-02-24 06:12:30,0.00000422,7109.00000000
2018-02-24 06:12:30,0.00000422,1684.00000000
2018-02-24 06:12:31,0.00000422,2370.00000000
2018-02-24 06:12:31,0.00000422,1636.00000000
2018-02-24 06:12:32,0.00000422,3558.00000000
2018-02-24 06:12:32,0.00000422,431.00000000
2018-02-24 06:12:33,0.00000422,12300.00000000
2018-02-24 06:12:33,0.00000422,2554.00000000
2018-02-24 06:12:40,0.00000422,27226.00000000
2018-02-24 06:12:40,0.00000423,3.00000000
2018-02-24 06:12:41,0.00000422,48000.00000000
2018-02-24 06:12:41,0.00000422,3556.00000000
2018-02-24 06:12:41,0.00000422,5852.00000000
2018-02-24 06:12:42,0.00000422,9578.00000000
2018-02-24 06:12:42,0.00000422,2960.00000000
2018-02-24 06:12:45,0.00000422,1177.00000000
2018-02-24 06:12:46,0.00000422,11416.00000000
2018-02-24 06:12:46,0.00000422,35310.00000000
2018-02-24 06:12:46,0.00000422,93406.00000000
2018-02-24 06:12:48,0.00000422,11058.00000000
2018-02-24 06:12:56,0.00000422,11057.00000000
2018-02-24 06:12:58,0.00000422,7334.00000000
2018-02-24 06:13:01,0.00000422,11004.00000000
2018-02-24 06:13:01,0.00000422,1200.00000000
2018-02-24 06:13:01,0.00000422,1500.00000000
2018-02-24 06:13:05,0.00000422,602.00000000
2018-02-24 06:13:05,0.00000422,270.00000000
2018-02-24 06:13:07,0.00000422,1200.00000000
2018-02-24 06:13:07,0.00000422,2370.00000000
2018-02-24 06:13:08,0.00000421,1066.00000000
2018-02-24 06:13:12,0.00000422,113186.00000000
2018-02-24 06:13:27,0.00000422,4917.00000000
2018-02-24 06:13:43,0.00000422,500.00000000
2018-02-24 06:13:51,0.00000422,4841.00000000
2018-02-24 06:13:52,0.00000423,7345.00000000
2018-02-24 06:13:56,0.00000422,29990.00000000
2018-02-24 06:14:03,0.00000422,25201.00000000
2018-02-24 06:14:04,0.00000422,735.00000000
2018-02-24 06:14:04,0.00000422,5570.00000000
2018-02-24 06:14:04,0.00000422,5570.00000000
2018-02-24 06:14:04,0.00000422,942.00000000
2018-02-24 06:14:04,0.00000421,5570.00000000
2018-02-24 06:14:07,0.00000423,91571.00000000
2018-02-24 06:14:08,0.00000422,2168.00000000
2018-02-24 06:14:08,0.00000421,3337.00000000
2018-02-24 06:14:10,0.00000422,478.00000000
2018-02-24 06:14:19,0.00000422,4657.00000000
2018-02-24 06:14:22,0.00000422,3362.00000000
2018-02-24 06:14:29,0.00000422,965.00000000
2018-02-24 06:14:29,0.00000422,10300.00000000
2018-02-24 06:14:29,0.00000422,10661.00000000
2018-02-24 06:14:30,0.00000421,7109.00000000
2018-02-24 06:14:31,0.00000422,797.00000000
2018-02-24 06:14:34,0.00000422,214.00000000
2018-02-24 06:14:34,0.00000421,2836.00000000
2018-02-24 06:14:39,0.00000422,2370.00000000
2018-02-24 06:14:41,0.00000422,2370.00000000
2018-02-24 06:14:41,0.00000422,3958.00000000
2018-02-24 06:14:41,0.00000422,1619.00000000
2018-02-24 06:14:43,0.00000422,7534.00000000
2018-02-24 06:14:46,0.00000422,393.00000000
2018-02-24 06:14:48,0.00000423,1072439.00000000
2018-02-24 06:14:49,0.00000422,399.00000000
2018-02-24 06:14:55,0.00000423,3.00000000
2018-02-24 06:14:56,0.00000423,4.00000000
2018-02-24 06:14:57,0.00000422,25035.00000000
2018-02-24 06:14:58,0.00000422,11183.00000000
2018-02-24 06:14:58,0.00000421,290377.00000000
2018-02-24 06:15:04,0.00000422,70034.00000000
2018-02-24 06:15:09,0.00000422,251.00000000
2018-02-24 06:15:20,0.00000422,349.00000000
2018-02-24 06:15:28,0.00000422,1397.00000000
2018-02-24 06:15:29,0.00000422,2967.00000000
2018-02-24 06:15:32,0.00000423,69688.00000000
2018-02-24 06:15:33,0.00000422,6415.00000000
2018-02-24 06:15:33,0.00000422,213.00000000
2018-02-24 06:15:35,0.00000422,1000.00000000
2018-02-24 06:15:49,0.00000422,1339.00000000
2018-02-24 06:15:54,0.00000422,128275.00000000
2018-02-24 06:15:56,0.00000422,4029.00000000
2018-02-24 06:16:00,0.00000422,3859.00000000
2018-02-24 06:16:02,0.00000423,9212.00000000
2018-02-24 06:16:02,0.00000423,44683.00000000
2018-02-24 06:16:09,0.00000423,6397.00000000
2018-02-24 06:16:09,0.00000423,6397.00000000
2018-02-24 06:16:09,0.00000422,6397.00000000
2018-02-24 06:16:12,0.00000423,2500.00000000
2018-02-24 06:16:15,0.00000422,769.00000000
2018-02-24 06:16:20,0.00000423,9303.00000000
2018-02-24 06:16:22,0.00000423,1370.00000000
2018-02-24 06:16:24,0.00000423,67.00000000
2018-02-24 06:16:38,0.00000423,11558.00000000
2018-02-24 06:16:42,0.00000423,2365.00000000
2018-02-24 06:16:42,0.00000423,2366.00000000
2018-02-24 06:16:43,0.00000423,35912.00000000
2018-02-24 06:16:43,0.00000423,3955.00000000
2018-02-24 06:16:44,0.00000423,3954.00000000
2018-02-24 06:16:49,0.00000423,237.00000000
2018-02-24 06:16:52,0.00000423,520.00000000
2018-02-24 06:16:52,0.00000422,6671.00000000
2018-02-24 06:16:52,0.00000423,19000.00000000
2018-02-24 06:16:54,0.00000423,33643.00000000
2018-02-24 06:16:55,0.00000423,4023.00000000
2018-02-24 06:16:59,0.00000423,7068.00000000
2018-02-24 06:16:59,0.00000422,34965.00000000
2018-02-24 06:17:05,0.00000422,284.00000000
2018-02-24 06:17:07,0.00000423,21157.00000000
2018-02-24 06:17:11,0.00000423,47731.00000000
2018-02-24 06:17:15,0.00000423,1337.00000000
2018-02-24 06:17:16,0.00000423,5133.00000000
2018-02-24 06:17:28,0.00000423,1182.00000000
2018-02-24 06:17:28,0.00000422,7730.00000000
2018-02-24 06:17:28,0.00000422,3179.00000000
2018-02-24 06:17:29,0.00000423,500.00000000
2018-02-24 06:17:29,0.00000423,59104.00000000
2018-02-24 06:17:34,0.00000423,15375.00000000
2018-02-24 06:17:44,0.00000422,36499.00000000
2018-02-24 06:17:47,0.00000423,708.00000000
2018-02-24 06:17:49,0.00000423,3903.00000000
2018-02-24 06:17:55,0.00000422,42855.00000000
2018-02-24 06:17:58,0.00000423,30000.00000000
2018-02-24 06:18:10,0.00000423,4001.00000000
2018-02-24 06:18:12,0.00000423,1000.00000000
2018-02-24 06:18:13,0.00000423,7086.00000000
2018-02-24 06:18:13,0.00000423,7087.00000000
2018-02-24 06:18:13,0.00000422,6184.00000000
2018-02-24 06:18:15,0.00000423,941.00000000
2018-02-24 06:18:15,0.00000423,2240.00000000
2018-02-24 06:18:15,0.00000423,2274.00000000
2018-02-24 06:18:15,0.00000422,2240.00000000
2018-02-24 06:18:15,0.00000423,4189.00000000
2018-02-24 06:18:25,0.00000423,152.00000000
2018-02-24 06:18:27,0.00000423,27307.00000000
2018-02-24 06:18:29,0.00000423,1118.00000000
2018-02-24 06:18:34,0.00000423,2500.00000000
2018-02-24 06:18:36,0.00000423,77974.00000000
2018-02-24 06:18:38,0.00000423,3687.00000000
2018-02-24 06:18:43,0.00000423,830.00000000
2018-02-24 06:18:44,0.00000423,1935.00000000
2018-02-24 06:18:51,0.00000423,52008.00000000
2018-02-24 06:18:55,0.00000423,1470.00000000
2018-02-24 06:18:56,0.00000424,1.00000000
2018-02-24 06:19:01,0.00000423,1563.00000000
2018-02-24 06:19:12,0.00000423,18532.00000000
2018-02-24 06:19:16,0.00000423,496.00000000
2018-02-24 06:19:22,0.00000424,1395.00000000
2018-02-24 06:19:28,0.00000424,5971.00000000
2018-02-24 06:19:28,0.00000423,5000.00000000
2018-02-24 06:19:30,0.00000424,33513.00000000
2018-02-24 06:19:34,0.00000424,6353.00000000
2018-02-24 06:19:35,0.00000423,382.00000000
2018-02-24 06:19:43,0.00000424,1637.00000000
2018-02-24 06:19:57,0.00000423,12287.00000000
2018-02-24 06:19:59,0.00000423,26239.00000000
2018-02-24 06:20:00,0.00000424,1800.00000000
2018-02-24 06:20:02,0.00000424,18754.00000000
2018-02-24 06:20:05,0.00000423,558.00000000
2018-02-24 06:20:14,0.00000424,589834.00000000
2018-02-24 06:20:16,0.00000424,2254.00000000
2018-02-24 06:20:17,0.00000423,98855.00000000
2018-02-24 06:20:21,0.00000423,13013.00000000
2018-02-24 06:20:22,0.00000424,12014.00000000
2018-02-24 06:20:24,0.00000423,10919.00000000
2018-02-24 06:20:25,0.00000424,66453.00000000
2018-02-24 06:20:25,0.00000423,7520.00000000
2018-02-24 06:20:25,0.00000424,529.00000000
2018-02-24 06:20:27,0.00000423,1759.00000000
2018-02-24 06:20:28,0.00000424,4119.00000000
2018-02-24 06:20:29,0.00000424,689.00000000
2018-02-24 06:20:37,0.00000424,10.00000000
2018-02-24 06:20:37,0.00000424,4714.00000000
2018-02-24 06:20:39,0.00000424,217.00000000
2018-02-24 06:20:40,0.00000424,7940.00000000
2018-02-24 06:20:45,0.00000424,787.00000000
2018-02-24 06:20:45,0.00000424,14.00000000
2018-02-24 06:20:51,0.00000424,81837.00000000
2018-02-24 06:20:51,0.00000425,108163.00000000
2018-02-24 06:20:52,0.00000424,476.00000000
2018-02-24 06:21:00,0.00000423,476.00000000
2018-02-24 06:21:05,0.00000423,113792.00000000
2018-02-24 06:21:06,0.00000423,1631.00000000
2018-02-24 06:21:11,0.00000424,476.00000000
2018-02-24 06:21:11,0.00000424,523.00000000
2018-02-24 06:21:12,0.00000424,5845.00000000
2018-02-24 06:21:15,0.00000425,2852.00000000
2018-02-24 06:21:19,0.00000424,3241.00000000
2018-02-24 06:21:19,0.00000424,7074.00000000
2018-02-24 06:21:21,0.00000424,166.00000000
2018-02-24 06:21:23,0.00000425,1285.00000000
2018-02-24 06:21:25,0.00000424,647.00000000
2018-02-24 06:21:25,0.00000424,7075.00000000
2018-02-24 06:21:26,0.00000424,1527.00000000
2018-02-24 06:21:28,0.00000424,677.00000000
2018-02-24 06:21:31,0.00000424,7074.00000000
2018-02-24 06:21:31,0.00000424,7075.00000000
2018-02-24 06:21:31,0.00000424,5561.00000000
2018-02-24 06:21:40,0.00000424,22766.00000000
2018-02-24 06:21:45,0.00000424,1508.00000000
2018-02-24 06:21:50,0.00000424,3163.00000000
2018-02-24 06:21:53,0.00000423,953.00000000
2018-02-24 06:22:03,0.00000423,3535.00000000
2018-02-24 06:22:05,0.00000424,103251.00000000
2018-02-24 06:22:10,0.00000424,17010.00000000
2018-02-24 06:22:13,0.00000424,2907.00000000
2018-02-24 06:22:13,0.00000424,13421.00000000
2018-02-24 06:22:13,0.00000424,5596.00000000
2018-02-24 06:22:16,0.00000423,4474.00000000
2018-02-24 06:22:17,0.00000424,4943.00000000
2018-02-24 06:22:19,0.00000423,1494.00000000
2018-02-24 06:22:22,0.00000424,287274.00000000
2018-02-24 06:22:31,0.00000423,1499.00000000
2018-02-24 06:22:36,0.00000424,691.00000000
2018-02-24 06:22:36,0.00000424,1981.00000000
2018-02-24 06:22:52,0.00000424,87865.00000000
2018-02-24 06:22:57,0.00000424,625.00000000
2018-02-24 06:23:07,0.00000423,2984.00000000
2018-02-24 06:23:11,0.00000423,323287.00000000
2018-02-24 06:23:13,0.00000424,2540.00000000
2018-02-24 06:23:23,0.00000423,4075.00000000
2018-02-24 06:23:24,0.00000423,8491.00000000
2018-02-24 06:23:27,0.00000424,1401.00000000
2018-02-24 06:23:28,0.00000424,9110.00000000
2018-02-24 06:23:29,0.00000423,4414.00000000
2018-02-24 06:23:34,0.00000424,3.00000000
2018-02-24 06:23:35,0.00000423,1543.00000000
2018-02-24 06:23:36,0.00000423,598.00000000
2018-02-24 06:23:36,0.00000423,5105.00000000
2018-02-24 06:23:47,0.00000424,800.00000000
2018-02-24 06:23:47,0.00000423,11019.00000000
2018-02-24 06:23:49,0.00000423,30164.00000000
2018-02-24 06:23:49,0.00000423,5500.00000000
2018-02-24 06:23:50,0.00000423,56848.00000000
2018-02-24 06:23:57,0.00000424,745.00000000
2018-02-24 06:23:58,0.00000423,32.00000000
2018-02-24 06:24:00,0.00000423,500.00000000
2018-02-24 06:24:02,0.00000423,7092.00000000
2018-02-24 06:24:02,0.00000423,23640.00000000
2018-02-24 06:24:02,0.00000423,6874.00000000
2018-02-24 06:24:02,0.00000423,1622.00000000
2018-02-24 06:24:02,0.00000422,6862.00000000
2018-02-24 06:24:03,0.00000423,1841.00000000
2018-02-24 06:24:04,0.00000423,642.00000000
2018-02-24 06:24:06,0.00000422,1908.00000000
2018-02-24 06:24:14,0.00000423,514.00000000
2018-02-24 06:24:23,0.00000423,26936.00000000
2018-02-24 06:24:25,0.00000423,10396.00000000
2018-02-24 06:24:25,0.00000423,7092.00000000
2018-02-24 06:24:25,0.00000423,1201.00000000
2018-02-24 06:24:25,0.00000423,3402.00000000
2018-02-24 06:24:26,0.00000423,1182.00000000
2018-02-24 06:24:26,0.00000424,67.00000000
2018-02-24 06:24:26,0.00000423,524.00000000
2018-02-24 06:24:32,0.00000423,5297.00000000
2018-02-24 06:24:33,0.00000423,1061.00000000
2018-02-24 06:24:35,0.00000423,6350.00000000
2018-02-24 06:24:35,0.00000423,1234.00000000
2018-02-24 06:24:36,0.00000423,29741.00000000
2018-02-24 06:24:37,0.00000422,16570.00000000
2018-02-24 06:24:38,0.00000422,3549.00000000
2018-02-24 06:24:38,0.00000422,189810.00000000
2018-02-24 06:24:38,0.00000423,52313.00000000
2018-02-24 06:24:38,0.00000423,104981.00000000
2018-02-24 06:24:39,0.00000423,2366.00000000
2018-02-24 06:24:40,0.00000423,34959.00000000
2018-02-24 06:24:41,0.00000423,12134.00000000
2018-02-24 06:24:44,0.00000423,69149.00000000
2018-02-24 06:24:45,0.00000423,1835.00000000
2018-02-24 06:24:53,0.00000423,139728.00000000
2018-02-24 06:24:54,0.00000423,29837.00000000
2018-02-24 06:24:54,0.00000422,45855.00000000
2018-02-24 06:24:58,0.00000423,47299.00000000
2018-02-24 06:25:03,0.00000423,289.00000000
2018-02-24 06:25:12,0.00000423,269.00000000
2018-02-24 06:25:20,0.00000423,45797.00000000
2018-02-24 06:25:20,0.00000423,654.00000000
2018-02-24 06:25:21,0.00000423,981.00000000
2018-02-24 06:25:28,0.00000423,52994.00000000
2018-02-24 06:25:28,0.00000423,3819.00000000
2018-02-24 06:25:29,0.00000423,56122.00000000
2018-02-24 06:25:29,0.00000423,7092.00000000
2018-02-24 06:25:29,0.00000423,2287.00000000
2018-02-24 06:25:29,0.00000423,7092.00000000
2018-02-24 06:25:29,0.00000423,1264.00000000
2018-02-24 06:25:29,0.00000423,363.00000000
2018-02-24 06:25:29,0.00000423,47868.00000000
2018-02-24 06:25:29,0.00000422,78122.00000000
2018-02-24 06:25:37,0.00000423,240.00000000
2018-02-24 06:25:47,0.00000423,10000.00000000
2018-02-24 06:25:48,0.00000423,1000.00000000
2018-02-24 06:25:49,0.00000423,390.00000000
2018-02-24 06:25:55,0.00000423,5433.00000000
2018-02-24 06:25:55,0.00000423,502.00000000
2018-02-24 06:25:59,0.00000423,855.00000000
2018-02-24 06:26:10,0.00000423,267841.00000000
2018-02-24 06:26:13,0.00000423,7205.00000000
2018-02-24 06:26:18,0.00000423,130148.00000000
2018-02-24 06:26:20,0.00000424,3.00000000
2018-02-24 06:26:24,0.00000423,135290.00000000
2018-02-24 06:26:28,0.00000423,2270.00000000
2018-02-24 06:26:36,0.00000423,1500.00000000
2018-02-24 06:26:39,0.00000423,910.00000000
2018-02-24 06:26:44,0.00000423,43555.00000000
2018-02-24 06:26:45,0.00000423,2575.00000000
2018-02-24 06:26:45,0.00000423,6544.00000000
2018-02-24 06:26:45,0.00000423,7088.00000000
2018-02-24 06:26:45,0.00000423,167.00000000
2018-02-24 06:26:48,0.00000423,2041.00000000
2018-02-24 06:26:48,0.00000423,7087.00000000
2018-02-24 06:26:48,0.00000423,7088.00000000
2018-02-24 06:26:49,0.00000423,1977.00000000
2018-02-24 06:26:51,0.00000424,553.00000000
2018-02-24 06:26:54,0.00000424,125.00000000
2018-02-24 06:26:58,0.00000424,7071.00000000
2018-02-24 06:26:58,0.00000424,7071.00000000
2018-02-24 06:26:58,0.00000424,1858.00000000
2018-02-24 06:26:59,0.00000423,1297.00000000
2018-02-24 06:27:01,0.00000423,884.00000000
2018-02-24 06:27:03,0.00000423,116.00000000
2018-02-24 06:27:07,0.00000424,335.00000000
2018-02-24 06:27:07,0.00000423,503.00000000
2018-02-24 06:27:09,0.00000423,1774.00000000
2018-02-24 06:27:14,0.00000424,6000.00000000
2018-02-24 06:27:16,0.00000424,91169.00000000
2018-02-24 06:27:19,0.00000423,7766.00000000
2018-02-24 06:27:19,0.00000422,3166.00000000
2018-02-24 06:27:20,0.00000423,7081.00000000
2018-02-24 06:27:20,0.00000423,7529.00000000
2018-02-24 06:27:21,0.00000423,5794.00000000
2018-02-24 06:27:23,0.00000423,700.00000000
2018-02-24 06:27:24,0.00000423,15923.00000000
2018-02-24 06:27:28,0.00000424,2903.00000000
2018-02-24 06:27:28,0.00000424,5602.00000000
2018-02-24 06:27:28,0.00000424,72.00000000
2018-02-24 06:27:39,0.00000423,108897.00000000
2018-02-24 06:27:43,0.00000424,706.00000000
2018-02-24 06:27:43,0.00000424,16425.00000000
2018-02-24 06:27:45,0.00000424,791.00000000
2018-02-24 06:27:52,0.00000424,1853.00000000
2018-02-24 06:28:08,0.00000423,19506.00000000
2018-02-24 06:28:08,0.00000423,500.00000000
2018-02-24 06:28:14,0.00000424,7.00000000
2018-02-24 06:28:17,0.00000423,764.00000000
2018-02-24 06:28:19,0.00000424,91452.00000000
2018-02-24 06:28:23,0.00000423,49749.00000000
2018-02-24 06:28:23,0.00000423,16103.00000000
2018-02-24 06:28:29,0.00000423,500.00000000
2018-02-24 06:28:35,0.00000423,529.00000000
2018-02-24 06:28:39,0.00000423,10780.00000000
2018-02-24 06:28:40,0.00000424,158.00000000
2018-02-24 06:28:40,0.00000424,9249.00000000
2018-02-24 06:28:40,0.00000423,500.00000000
2018-02-24 06:28:45,0.00000424,39.00000000
2018-02-24 06:28:49,0.00000424,10.00000000
2018-02-24 06:28:53,0.00000424,25000.00000000
2018-02-24 06:28:57,0.00000423,8820.00000000
2018-02-24 06:29:00,0.00000423,3208.00000000
2018-02-24 06:29:01,0.00000424,105474.00000000
2018-02-24 06:29:07,0.00000423,2000.00000000
2018-02-24 06:29:10,0.00000423,1000.00000000
2018-02-24 06:29:13,0.00000423,422.00000000
2018-02-24 06:29:15,0.00000423,7990.00000000
2018-02-24 06:29:27,0.00000423,4938.00000000
2018-02-24 06:29:28,0.00000424,18203.00000000
2018-02-24 06:29:31,0.00000423,3540.00000000
2018-02-24 06:29:35,0.00000423,2140.00000000
2018-02-24 06:29:41,0.00000423,936.00000000
2018-02-24 06:29:53,0.00000423,35370.00000000
2018-02-24 06:30:02,0.00000424,339.00000000
2018-02-24 06:30:03,0.00000423,5512.00000000
2018-02-24 06:30:12,0.00000423,48996.00000000
2018-02-24 06:30:20,0.00000423,1843.00000000
2018-02-24 06:30:27,0.00000423,4277.00000000
2018-02-24 06:30:27,0.00000423,350.00000000
2018-02-24 06:30:33,0.00000423,156126.00000000
2018-02-24 06:30:34,0.00000424,2885.00000000
2018-02-24 06:30:34,0.00000423,7750.00000000
2018-02-24 06:30:44,0.00000423,46922.00000000
2018-02-24 06:30:50,0.00000423,810.00000000
2018-02-24 06:30:58,0.00000424,4328.00000000
2018-02-24 06:31:06,0.00000423,589.00000000
2018-02-24 06:31:10,0.00000423,3687.00000000
2018-02-24 06:31:23,0.00000423,11650.00000000
2018-02-24 06:31:28,0.00000423,21083.00000000
2018-02-24 06:31:38,0.00000423,88733.00000000
2018-02-24 06:32:01,0.00000423,18429.00000000
2018-02-24 06:32:08,0.00000423,400.00000000
2018-02-24 06:32:09,0.00000423,862.00000000
2018-02-24 06:32:16,0.00000423,4000.00000000
2018-02-24 06:32:21,0.00000423,884.00000000
2018-02-24 06:32:23,0.00000423,76506.00000000
2018-02-24 06:32:31,0.00000424,29500.00000000
2018-02-24 06:32:34,0.00000424,38.00000000
2018-02-24 06:32:47,0.00000424,344.00000000
2018-02-24 06:32:51,0.00000423,43216.00000000
2018-02-24 06:32:56,0.00000423,274.00000000
2018-02-24 06:33:01,0.00000424,11792.00000000
2018-02-24 06:33:02,0.00000423,154452.00000000
2018-02-24 06:33:02,0.00000424,23992.00000000
2018-02-24 06:33:12,0.00000424,103223.00000000
2018-02-24 06:33:15,0.00000424,11792.00000000
2018-02-24 06:33:16,0.00000423,10562.00000000
2018-02-24 06:33:18,0.00000424,18662.00000000
2018-02-24 06:33:19,0.00000424,11792.00000000
2018-02-24 06:33:20,0.00000423,14282.00000000
2018-02-24 06:33:23,0.00000424,33877.00000000
2018-02-24 06:33:26,0.00000424,11792.00000000
2018-02-24 06:33:28,0.00000423,1667.00000000
2018-02-24 06:33:29,0.00000423,5635.00000000
2018-02-24 06:33:31,0.00000423,149835.00000000
2018-02-24 06:33:33,0.00000423,10307.00000000
2018-02-24 06:33:33,0.00000423,32147.00000000
2018-02-24 06:33:51,0.00000423,11206.00000000
2018-02-24 06:34:00,0.00000424,1.00000000
2018-02-24 06:34:02,0.00000424,112418.00000000
2018-02-24 06:34:04,0.00000423,20024.00000000
2018-02-24 06:34:08,0.00000424,243.00000000
2018-02-24 06:34:09,0.00000424,279.00000000
2018-02-24 06:34:15,0.00000423,50994.00000000
2018-02-24 06:34:15,0.00000423,304.00000000
2018-02-24 06:34:23,0.00000423,3000.00000000
2018-02-24 06:34:27,0.00000423,562.00000000
2018-02-24 06:34:29,0.00000424,3999.00000000
2018-02-24 06:34:29,0.00000423,10784.00000000
2018-02-24 06:34:35,0.00000424,8230.00000000
2018-02-24 06:34:40,0.00000423,1301.00000000
2018-02-24 06:34:41,0.00000423,3200.00000000
2018-02-24 06:34:44,0.00000424,2280.00000000
2018-02-24 06:34:50,0.00000423,4709.00000000
2018-02-24 06:34:52,0.00000424,124957.00000000
2018-02-24 06:34:52,0.00000424,70621.00000000
2018-02-24 06:34:53,0.00000423,249.00000000
2018-02-24 06:34:58,0.00000423,8408.00000000
2018-02-24 06:35:05,0.00000424,250.00000000
2018-02-24 06:35:08,0.00000423,401762.00000000
2018-02-24 06:35:11,0.00000423,2535.00000000
2018-02-24 06:35:12,0.00000423,4137.00000000
2018-02-24 06:35:19,0.00000423,229596.00000000
2018-02-24 06:35:19,0.00000423,33843.00000000
2018-02-24 06:35:23,0.00000423,2228.00000000
2018-02-24 06:35:30,0.00000423,91544.00000000
2018-02-24 06:35:34,0.00000423,71110.00000000
2018-02-24 06:35:34,0.00000423,728.00000000
2018-02-24 06:35:35,0.00000423,182.00000000
2018-02-24 06:35:41,0.00000424,1604.00000000
2018-02-24 06:35:47,0.00000424,100851.00000000
2018-02-24 06:35:53,0.00000424,85696.00000000
2018-02-24 06:35:55,0.00000424,74110.00000000
2018-02-24 06:35:57,0.00000423,4821.00000000
2018-02-24 06:36:03,0.00000423,563.00000000
2018-02-24 06:36:06,0.00000423,7940.00000000
2018-02-24 06:36:06,0.00000423,15829.00000000
2018-02-24 06:36:07,0.00000423,115610.00000000
2018-02-24 06:36:08,0.00000423,1476.00000000
2018-02-24 06:36:11,0.00000422,433.00000000
2018-02-24 06:36:16,0.00000422,180837.00000000
2018-02-24 06:36:16,0.00000423,4456.00000000
2018-02-24 06:36:16,0.00000422,401763.00000000
2018-02-24 06:36:17,0.00000422,23807.00000000
2018-02-24 06:36:20,0.00000422,1322.00000000
2018-02-24 06:36:20,0.00000422,1323.00000000
2018-02-24 06:36:20,0.00000421,1323.00000000
2018-02-24 06:36:22,0.00000422,3137.00000000
2018-02-24 06:36:22,0.00000422,3144.00000000
2018-02-24 06:36:22,0.00000422,5218.00000000
2018-02-24 06:36:22,0.00000422,5217.00000000
2018-02-24 06:36:22,0.00000422,927.00000000
2018-02-24 06:36:22,0.00000421,3136.00000000
2018-02-24 06:36:23,0.00000422,435.00000000
2018-02-24 06:36:25,0.00000422,7101.00000000
2018-02-24 06:36:25,0.00000422,9457.00000000
2018-02-24 06:36:25,0.00000422,2843.00000000
2018-02-24 06:36:25,0.00000422,7101.00000000
2018-02-24 06:36:25,0.00000422,7096.00000000
2018-02-24 06:36:25,0.00000422,60842.00000000
2018-02-24 06:36:25,0.00000422,7101.00000000
2018-02-24 06:36:25,0.00000422,4632.00000000
2018-02-24 06:36:25,0.00000422,7093.00000000
2018-02-24 06:36:25,0.00000422,7093.00000000
2018-02-24 06:36:26,0.00000422,7093.00000000
2018-02-24 06:36:26,0.00000422,15419.00000000
2018-02-24 06:36:26,0.00000422,5652.00000000
2018-02-24 06:36:26,0.00000422,2448.00000000
2018-02-24 06:36:27,0.00000422,1517.00000000
2018-02-24 06:36:27,0.00000422,2725.00000000
2018-02-24 06:36:27,0.00000422,5581.00000000
2018-02-24 06:36:27,0.00000422,7098.00000000
2018-02-24 06:36:27,0.00000422,2281.00000000
2018-02-24 06:36:27,0.00000422,2281.00000000
2018-02-24 06:36:27,0.00000422,4821.00000000
2018-02-24 06:36:28,0.00000422,3753.00000000
2018-02-24 06:36:29,0.00000422,22159.00000000
2018-02-24 06:36:29,0.00000422,2341.00000000
2018-02-24 06:36:30,0.00000422,986.00000000
2018-02-24 06:36:31,0.00000422,7013.00000000
2018-02-24 06:36:31,0.00000422,44091.00000000
2018-02-24 06:36:32,0.00000422,20043.00000000
2018-02-24 06:36:32,0.00000422,22257.00000000
2018-02-24 06:36:32,0.00000422,5395.00000000
2018-02-24 06:36:33,0.00000422,20419.00000000
2018-02-24 06:36:33,0.00000422,2470.00000000
2018-02-24 06:36:35,0.00000422,3970.00000000
2018-02-24 06:36:37,0.00000422,540.00000000
2018-02-24 06:36:37,0.00000422,2349.00000000
2018-02-24 06:36:38,0.00000422,6711.00000000
2018-02-24 06:36:41,0.00000422,1904.00000000
2018-02-24 06:36:43,0.00000422,131501.00000000
2018-02-24 06:36:44,0.00000422,4569.00000000
2018-02-24 06:36:44,0.00000422,7613.00000000
2018-02-24 06:36:44,0.00000422,587.00000000
2018-02-24 06:36:44,0.00000422,4337.00000000
2018-02-24 06:36:45,0.00000422,500.00000000
2018-02-24 06:36:45,0.00000422,475.00000000
2018-02-24 06:36:46,0.00000422,33464.00000000
2018-02-24 06:36:49,0.00000422,2.00000000
2018-02-24 06:36:50,0.00000422,4209.00000000
2018-02-24 06:36:52,0.00000422,732.00000000
2018-02-24 06:36:54,0.00000422,500.00000000
2018-02-24 06:36:56,0.00000422,9846.00000000
2018-02-24 06:36:56,0.00000422,33452.00000000
2018-02-24 06:37:01,0.00000423,1.00000000
2018-02-24 06:37:02,0.00000422,1507.00000000
2018-02-24 06:37:02,0.00000422,13599.00000000
2018-02-24 06:37:04,0.00000422,3435.00000000
2018-02-24 06:37:06,0.00000422,73962.00000000
2018-02-24 06:37:06,0.00000422,9851.00000000
2018-02-24 06:37:13,0.00000421,72265.00000000
2018-02-24 06:37:13,0.00000422,4970.00000000
2018-02-24 06:37:19,0.00000422,1246.00000000
2018-02-24 06:37:19,0.00000422,924.00000000
2018-02-24 06:37:20,0.00000422,2618.00000000
2018-02-24 06:37:24,0.00000423,472.00000000
2018-02-24 06:37:25,0.00000422,250.00000000
2018-02-24 06:37:26,0.00000422,1090.00000000
2018-02-24 06:37:29,0.00000422,21899.00000000
2018-02-24 06:37:29,0.00000422,19093.00000000
2018-02-24 06:37:31,0.00000422,1331.00000000
2018-02-24 06:37:31,0.00000422,1331.00000000
2018-02-24 06:37:31,0.00000422,1331.00000000
2018-02-24 06:37:31,0.00000422,7105.00000000
2018-02-24 06:37:31,0.00000422,70840.00000000
2018-02-24 06:37:32,0.00000422,20270.00000000
2018-02-24 06:37:32,0.00000422,9852.00000000
2018-02-24 06:37:35,0.00000422,9597.00000000
2018-02-24 06:37:38,0.00000422,71716.00000000
2018-02-24 06:37:38,0.00000421,87780.00000000
2018-02-24 06:37:41,0.00000422,2369.00000000
2018-02-24 06:37:46,0.00000422,2614.00000000
2018-02-24 06:37:52,0.00000421,32790.00000000
2018-02-24 06:37:52,0.00000422,9831.00000000
2018-02-24 06:37:53,0.00000422,250.00000000
2018-02-24 06:37:56,0.00000422,15843.00000000
2018-02-24 06:38:02,0.00000422,11848.00000000
2018-02-24 06:38:03,0.00000422,686.00000000
2018-02-24 06:38:03,0.00000422,1640.00000000
2018-02-24 06:38:04,0.00000422,374.00000000
2018-02-24 06:38:06,0.00000422,11848.00000000
2018-02-24 06:38:08,0.00000422,25639.00000000
2018-02-24 06:38:13,0.00000421,41.00000000
2018-02-24 06:38:14,0.00000422,131158.00000000
2018-02-24 06:38:16,0.00000422,11811.00000000
2018-02-24 06:38:17,0.00000421,105510.00000000
2018-02-24 06:38:18,0.00000422,1102.00000000
2018-02-24 06:38:21,0.00000422,6880.00000000
2018-02-24 06:38:24,0.00000422,1000.00000000
2018-02-24 06:38:26,0.00000422,5000.00000000
2018-02-24 06:38:27,0.00000422,650.00000000
2018-02-24 06:38:27,0.00000422,652.00000000
2018-02-24 06:38:27,0.00000422,583.00000000
2018-02-24 06:38:28,0.00000422,650.00000000
2018-02-24 06:38:29,0.00000422,50285.00000000
2018-02-24 06:38:29,0.00000422,1917.00000000
2018-02-24 06:38:33,0.00000422,23463.00000000
2018-02-24 06:38:33,0.00000422,281.00000000
2018-02-24 06:38:33,0.00000422,800.00000000
2018-02-24 06:38:37,0.00000422,16201.00000000
2018-02-24 06:38:37,0.00000421,468.00000000
2018-02-24 06:38:49,0.00000421,41290.00000000
2018-02-24 06:38:54,0.00000421,1392145.00000000
2018-02-24 06:38:54,0.00000421,1973.00000000
2018-02-24 06:38:54,0.00000421,2000.00000000
2018-02-24 06:38:54,0.00000421,3629.00000000
2018-02-24 06:38:54,0.00000421,214990.00000000
2018-02-24 06:38:54,0.00000421,214990.00000000
2018-02-24 06:38:54,0.00000421,7112.00000000
2018-02-24 06:38:54,0.00000421,73625.00000000
2018-02-24 06:38:55,0.00000422,2375.00000000
2018-02-24 06:38:57,0.00000420,378833.00000000
2018-02-24 06:38:57,0.00000420,32871.00000000
2018-02-24 06:38:57,0.00000420,44106.00000000
2018-02-24 06:38:57,0.00000420,844.00000000
2018-02-24 06:38:57,0.00000420,26058.00000000
2018-02-24 06:38:57,0.00000420,5603.00000000
2018-02-24 06:38:57,0.00000420,527.00000000
2018-02-24 06:38:57,0.00000420,1050.00000000
2018-02-24 06:38:57,0.00000420,300.00000000
2018-02-24 06:38:57,0.00000420,429.00000000
2018-02-24 06:38:57,0.00000420,46346.00000000
2018-02-24 06:38:57,0.00000420,897.00000000
2018-02-24 06:38:57,0.00000420,4000.00000000
2018-02-24 06:38:57,0.00000420,3899.00000000
2018-02-24 06:38:57,0.00000421,55.00000000
2018-02-24 06:38:58,0.00000421,2375.00000000
2018-02-24 06:38:59,0.00000421,1903.00000000
2018-02-24 06:38:59,0.00000421,2.00000000
2018-02-24 06:39:00,0.00000421,1000.00000000
2018-02-24 06:39:01,0.00000421,2179.00000000
2018-02-24 06:39:01,0.00000421,5700.00000000
2018-02-24 06:39:01,0.00000421,1693.00000000
2018-02-24 06:39:02,0.00000421,22278.00000000
2018-02-24 06:39:02,0.00000422,1090.00000000
2018-02-24 06:39:02,0.00000422,2375.00000000
2018-02-24 06:39:04,0.00000420,3184.00000000
2018-02-24 06:39:04,0.00000420,4088.00000000
2018-02-24 06:39:04,0.00000421,22089.00000000
2018-02-24 06:39:07,0.00000421,3212.00000000
2018-02-24 06:39:08,0.00000421,69398.00000000
2018-02-24 06:39:09,0.00000421,4631.00000000
2018-02-24 06:39:10,0.00000420,5099.00000000
2018-02-24 06:39:11,0.00000420,16121.00000000
2018-02-24 06:39:11,0.00000420,3629.00000000
2018-02-24 06:39:12,0.00000420,73625.00000000
2018-02-24 06:39:12,0.00000421,11876.00000000
2018-02-24 06:39:13,0.00000421,3189.00000000
2018-02-24 06:39:14,0.00000421,11876.00000000
2018-02-24 06:39:14,0.00000420,213413.00000000
2018-02-24 06:39:15,0.00000420,15827.00000000
2018-02-24 06:39:16,0.00000421,4751.00000000
2018-02-24 06:39:18,0.00000421,56475.00000000
2018-02-24 06:39:20,0.00000421,4238.00000000
2018-02-24 06:39:20,0.00000421,300.00000000
2018-02-24 06:39:22,0.00000420,42338.00000000
2018-02-24 06:39:25,0.00000421,2734.00000000
2018-02-24 06:39:25,0.00000421,10000.00000000
2018-02-24 06:39:25,0.00000421,311.00000000
2018-02-24 06:39:26,0.00000420,101705.00000000
2018-02-24 06:39:28,0.00000421,2375.00000000
2018-02-24 06:39:29,0.00000420,13680.00000000
2018-02-24 06:39:29,0.00000421,1000.00000000
2018-02-24 06:39:29,0.00000420,7842.00000000
2018-02-24 06:39:32,0.00000420,19875.00000000
2018-02-24 06:39:32,0.00000421,4278.00000000
2018-02-24 06:39:33,0.00000421,1000.00000000
2018-02-24 06:39:34,0.00000421,3000.00000000
2018-02-24 06:39:34,0.00000421,6000.00000000
2018-02-24 06:39:34,0.00000420,374.00000000
2018-02-24 06:39:35,0.00000421,1000.00000000
2018-02-24 06:39:38,0.00000421,1126.00000000
2018-02-24 06:39:39,0.00000421,1000.00000000
2018-02-24 06:39:42,0.00000421,701.00000000
2018-02-24 06:39:43,0.00000421,6414.00000000
2018-02-24 06:39:45,0.00000420,64.00000000
2018-02-24 06:39:46,0.00000420,14738.00000000
2018-02-24 06:39:47,0.00000421,1230.00000000
2018-02-24 06:39:48,0.00000421,56000.00000000
2018-02-24 06:39:50,0.00000421,976.00000000
2018-02-24 06:39:55,0.00000420,12216.00000000
2018-02-24 06:39:59,0.00000421,2000.00000000
2018-02-24 06:40:02,0.00000420,1104.00000000
2018-02-24 06:40:03,0.00000421,10780.00000000
2018-02-24 06:40:04,0.00000421,8005.00000000
2018-02-24 06:40:13,0.00000421,25301.00000000
2018-02-24 06:40:15,0.00000420,85921.00000000
2018-02-24 06:40:17,0.00000420,9529.00000000
2018-02-24 06:40:21,0.00000420,411.00000000
2018-02-24 06:40:26,0.00000421,80958.00000000
2018-02-24 06:40:27,0.00000421,1250.00000000
2018-02-24 06:40:27,0.00000420,2392.00000000
2018-02-24 06:40:30,0.00000420,6073.00000000
2018-02-24 06:40:30,0.00000421,2436.00000000
2018-02-24 06:40:31,0.00000421,623679.00000000
2018-02-24 06:40:35,0.00000421,5786.00000000
2018-02-24 06:40:35,0.00000421,32236.00000000
2018-02-24 06:40:35,0.00000421,54092.00000000
2018-02-24 06:40:36,0.00000421,663.00000000
2018-02-24 06:40:40,0.00000422,587.00000000
2018-02-24 06:40:41,0.00000422,2370.00000000
2018-02-24 06:40:45,0.00000421,15404.00000000
2018-02-24 06:40:45,0.00000421,7117.00000000
2018-02-24 06:40:45,0.00000421,7125.00000000
2018-02-24 06:40:45,0.00000421,7125.00000000
2018-02-24 06:40:48,0.00000421,1168.00000000
2018-02-24 06:40:50,0.00000422,20119.00000000
2018-02-24 06:41:00,0.00000421,10000.00000000
2018-02-24 06:41:00,0.00000422,117916.00000000
2018-02-24 06:41:04,0.00000422,6826.00000000
2018-02-24 06:41:11,0.00000422,454.00000000
2018-02-24 06:41:12,0.00000421,1346.00000000
2018-02-24 06:41:12,0.00000422,1160.00000000
2018-02-24 06:41:22,0.00000421,7125.00000000
2018-02-24 06:41:23,0.00000421,3179.00000000
2018-02-24 06:41:24,0.00000421,10417.00000000
2018-02-24 06:41:24,0.00000421,13388.00000000
2018-02-24 06:41:24,0.00000422,12644.00000000
2018-02-24 06:41:26,0.00000421,69859.00000000
2018-02-24 06:41:27,0.00000421,1840.00000000
2018-02-24 06:41:27,0.00000422,5370.00000000
2018-02-24 06:41:29,0.00000422,495.00000000
2018-02-24 06:41:29,0.00000421,1193.00000000
2018-02-24 06:41:33,0.00000421,118861.00000000
2018-02-24 06:41:34,0.00000422,1184.00000000
2018-02-24 06:41:50,0.00000422,24305.00000000
2018-02-24 06:41:52,0.00000422,69400.00000000
2018-02-24 06:41:53,0.00000421,1256.00000000
2018-02-24 06:41:59,0.00000422,515.00000000
2018-02-24 06:42:02,0.00000421,167465.00000000
2018-02-24 06:42:18,0.00000421,24884.00000000
2018-02-24 06:42:18,0.00000421,4.00000000
2018-02-24 06:42:20,0.00000421,1900.00000000
2018-02-24 06:42:22,0.00000421,1568.00000000
2018-02-24 06:42:22,0.00000421,1909.00000000
2018-02-24 06:42:22,0.00000421,1.00000000
2018-02-24 06:42:24,0.00000421,2422.00000000
2018-02-24 06:42:24,0.00000422,4.00000000
2018-02-24 06:42:26,0.00000422,32030.00000000
2018-02-24 06:42:27,0.00000421,4294.00000000
2018-02-24 06:42:27,0.00000421,2592.00000000
2018-02-24 06:42:27,0.00000421,7125.00000000
2018-02-24 06:42:27,0.00000421,5746.00000000
2018-02-24 06:42:29,0.00000421,166.00000000
2018-02-24 06:42:30,0.00000421,7125.00000000
2018-02-24 06:42:31,0.00000421,300.00000000
2018-02-24 06:42:37,0.00000421,3322.00000000
2018-02-24 06:42:37,0.00000421,3209.00000000
2018-02-24 06:42:38,0.00000422,2369.00000000
2018-02-24 06:42:43,0.00000422,7037.00000000
2018-02-24 06:42:43,0.00000421,129461.00000000
2018-02-24 06:42:44,0.00000421,562045.00000000
2018-02-24 06:42:53,0.00000421,737.00000000
2018-02-24 06:42:56,0.00000421,36431.00000000
2018-02-24 06:42:58,0.00000421,17882.00000000
2018-02-24 06:42:58,0.00000421,800.00000000
2018-02-24 06:43:03,0.00000422,220.00000000
2018-02-24 06:43:05,0.00000421,13946.00000000
2018-02-24 06:43:09,0.00000421,546.00000000
2018-02-24 06:43:11,0.00000421,91337.00000000
2018-02-24 06:43:12,0.00000421,244022.00000000
2018-02-24 06:43:13,0.00000421,113555.00000000
2018-02-24 06:43:14,0.00000421,542201.00000000
2018-02-24 06:43:14,0.00000421,6609.00000000
2018-02-24 06:43:21,0.00000420,1336.00000000
2018-02-24 06:43:22,0.00000421,568.00000000
2018-02-24 06:43:22,0.00000421,1080.00000000
2018-02-24 06:43:25,0.00000420,124.00000000
2018-02-24 06:43:29,0.00000421,1704.00000000
2018-02-24 06:43:35,0.00000421,1873.00000000
2018-02-24 06:43:39,0.00000420,110789.00000000
2018-02-24 06:43:40,0.00000421,608.00000000
2018-02-24 06:43:41,0.00000420,205222.00000000
2018-02-24 06:43:46,0.00000421,900.00000000
2018-02-24 06:43:46,0.00000421,1998.00000000
2018-02-24 06:43:48,0.00000420,23452.00000000
2018-02-24 06:43:51,0.00000420,17495.00000000
2018-02-24 06:43:56,0.00000420,6743.00000000
2018-02-24 06:44:02,0.00000421,7122.00000000
2018-02-24 06:44:02,0.00000421,2590.00000000
2018-02-24 06:44:02,0.00000420,500.00000000
2018-02-24 06:44:03,0.00000420,4700.00000000
2018-02-24 06:44:06,0.00000421,9887.00000000
2018-02-24 06:44:06,0.00000420,4409.00000000
2018-02-24 06:44:09,0.00000421,2187.00000000
2018-02-24 06:44:11,0.00000421,5799.00000000
2018-02-24 06:44:12,0.00000421,7121.00000000
2018-02-24 06:44:12,0.00000421,949.00000000
2018-02-24 06:44:13,0.00000421,949.00000000
2018-02-24 06:44:13,0.00000421,7118.00000000
2018-02-24 06:44:13,0.00000421,7119.00000000
2018-02-24 06:44:13,0.00000421,1394.00000000
2018-02-24 06:44:13,0.00000421,7119.00000000
2018-02-24 06:44:14,0.00000421,7118.00000000
2018-02-24 06:44:14,0.00000421,1685.00000000
2018-02-24 06:44:14,0.00000421,23454.00000000
2018-02-24 06:44:14,0.00000420,7118.00000000
2018-02-24 06:44:14,0.00000421,1684.00000000
2018-02-24 06:44:14,0.00000421,1927.00000000
2018-02-24 06:44:14,0.00000421,5439.00000000
2018-02-24 06:44:15,0.00000421,494.00000000
2018-02-24 06:44:15,0.00000421,494.00000000
2018-02-24 06:44:15,0.00000421,24322.00000000
2018-02-24 06:44:16,0.00000421,3502.00000000
2018-02-24 06:44:17,0.00000420,3053.00000000
2018-02-24 06:44:17,0.00000421,564992.00000000
2018-02-24 06:44:25,0.00000421,15154.00000000
2018-02-24 06:44:26,0.00000421,104085.00000000
2018-02-24 06:44:26,0.00000420,2113641.00000000
2018-02-24 06:44:33,0.00000421,9707.00000000
2018-02-24 06:44:35,0.00000421,2259.00000000
2018-02-24 06:44:37,0.00000421,18298.00000000
2018-02-24 06:44:37,0.00000421,536.00000000
2018-02-24 06:44:37,0.00000421,1964.00000000
2018-02-24 06:44:37,0.00000421,7121.00000000
2018-02-24 06:44:37,0.00000421,7121.00000000
2018-02-24 06:44:37,0.00000421,7121.00000000
2018-02-24 06:44:37,0.00000421,7121.00000000
2018-02-24 06:44:38,0.00000421,7121.00000000
2018-02-24 06:44:38,0.00000421,19817.00000000
2018-02-24 06:44:41,0.00000421,5136.00000000
2018-02-24 06:44:41,0.00000421,5000.00000000
2018-02-24 06:44:43,0.00000420,97087.00000000
2018-02-24 06:44:43,0.00000421,3840.00000000
2018-02-24 06:44:45,0.00000421,18515.00000000
2018-02-24 06:44:46,0.00000421,115700.00000000
2018-02-24 06:45:07,0.00000421,65641.00000000
2018-02-24 06:45:11,0.00000421,1065.00000000
2018-02-24 06:45:18,0.00000420,700000.00000000
2018-02-24 06:45:22,0.00000421,673.00000000
2018-02-24 06:45:22,0.00000420,6007.00000000
2018-02-24 06:45:26,0.00000420,25056.00000000
2018-02-24 06:45:26,0.00000420,210452.00000000
2018-02-24 06:45:27,0.00000420,13609.00000000
2018-02-24 06:45:29,0.00000420,1460.00000000
2018-02-24 06:45:29,0.00000420,99449.00000000
2018-02-24 06:45:29,0.00000420,70262.00000000
2018-02-24 06:45:30,0.00000420,1805.00000000
2018-02-24 06:45:37,0.00000420,127440.00000000
2018-02-24 06:45:44,0.00000420,78730.00000000
2018-02-24 06:45:47,0.00000420,5059.00000000
2018-02-24 06:45:47,0.00000421,1051.00000000
2018-02-24 06:45:48,0.00000420,12969.00000000
2018-02-24 06:45:51,0.00000420,150588.00000000
2018-02-24 06:45:54,0.00000420,17406.00000000
2018-02-24 06:45:58,0.00000420,9312.00000000
2018-02-24 06:46:01,0.00000420,31190.00000000
2018-02-24 06:46:02,0.00000420,2338.00000000
2018-02-24 06:46:05,0.00000420,99055.00000000
2018-02-24 06:46:06,0.00000421,1776.00000000
2018-02-24 06:46:10,0.00000420,17477.00000000
2018-02-24 06:46:11,0.00000421,571.00000000
2018-02-24 06:46:12,0.00000420,12233.00000000
2018-02-24 06:46:30,0.00000420,1868.00000000
2018-02-24 06:46:33,0.00000421,2375.00000000
2018-02-24 06:46:33,0.00000420,79205.00000000
2018-02-24 06:46:38,0.00000421,2375.00000000
2018-02-24 06:46:39,0.00000421,500.00000000
2018-02-24 06:46:43,0.00000421,403.00000000
2018-02-24 06:46:43,0.00000420,1612.00000000
2018-02-24 06:46:48,0.00000421,3581.00000000
2018-02-24 06:47:00,0.00000420,2777.00000000
2018-02-24 06:47:01,0.00000420,21483.00000000
2018-02-24 06:47:03,0.00000421,3645.00000000
2018-02-24 06:47:06,0.00000421,752789.00000000
2018-02-24 06:47:08,0.00000421,71485.00000000
2018-02-24 06:47:10,0.00000421,182.00000000
2018-02-24 06:47:19,0.00000420,23809.00000000
2018-02-24 06:47:21,0.00000421,11809.00000000
2018-02-24 06:47:21,0.00000420,47605.00000000
2018-02-24 06:47:25,0.00000421,6.00000000
2018-02-24 06:47:25,0.00000420,204.00000000
2018-02-24 06:47:26,0.00000421,25351.00000000
2018-02-24 06:47:27,0.00000420,370.00000000
2018-02-24 06:47:29,0.00000421,3404.00000000
2018-02-24 06:47:31,0.00000421,475.00000000
2018-02-24 06:47:37,0.00000420,6.00000000
2018-02-24 06:47:40,0.00000421,51523.00000000
2018-02-24 06:47:44,0.00000420,7974.00000000
2018-02-24 06:47:44,0.00000420,2672.00000000
2018-02-24 06:47:45,0.00000420,4277.00000000
2018-02-24 06:47:49,0.00000420,4168.00000000
2018-02-24 06:47:52,0.00000420,5741.00000000
2018-02-24 06:47:57,0.00000420,23809.00000000
2018-02-24 06:47:57,0.00000420,6190.00000000
2018-02-24 06:47:58,0.00000420,2715.00000000
2018-02-24 06:47:58,0.00000420,7142.00000000
2018-02-24 06:47:58,0.00000420,5142.00000000
2018-02-24 06:47:58,0.00000420,1521.00000000
2018-02-24 06:47:59,0.00000421,2672.00000000
2018-02-24 06:47:59,0.00000420,20574.00000000
2018-02-24 06:48:00,0.00000421,2000.00000000
2018-02-24 06:48:01,0.00000421,4749.00000000
2018-02-24 06:48:02,0.00000420,4599.00000000
2018-02-24 06:48:02,0.00000420,1902.00000000
2018-02-24 06:48:02,0.00000421,660.00000000
2018-02-24 06:48:03,0.00000420,27162.00000000
2018-02-24 06:48:03,0.00000420,157627.00000000
2018-02-24 06:48:03,0.00000420,7129.00000000
2018-02-24 06:48:04,0.00000420,2497.00000000
2018-02-24 06:48:06,0.00000421,712.00000000
2018-02-24 06:48:06,0.00000420,3194.00000000
2018-02-24 06:48:07,0.00000420,1806.00000000
2018-02-24 06:48:08,0.00000420,16400.00000000
2018-02-24 06:48:08,0.00000420,2704.00000000
2018-02-24 06:48:09,0.00000420,5932.00000000
2018-02-24 06:48:09,0.00000420,7141.00000000
2018-02-24 06:48:09,0.00000420,5820.00000000
2018-02-24 06:48:10,0.00000421,5128.00000000
2018-02-24 06:48:11,0.00000420,7142.00000000
2018-02-24 06:48:11,0.00000420,7142.00000000
2018-02-24 06:48:11,0.00000420,19619.00000000
2018-02-24 06:48:12,0.00000420,614.00000000
2018-02-24 06:48:12,0.00000421,483.00000000
2018-02-24 06:48:13,0.00000420,4397.00000000
2018-02-24 06:48:13,0.00000420,5268.00000000
2018-02-24 06:48:15,0.00000420,23809.00000000
2018-02-24 06:48:16,0.00000421,1001.00000000
2018-02-24 06:48:17,0.00000420,2500.00000000
2018-02-24 06:48:17,0.00000420,8249.00000000
2018-02-24 06:48:18,0.00000420,18772.00000000
2018-02-24 06:48:18,0.00000420,11416.00000000
2018-02-24 06:48:18,0.00000420,122413.00000000
2018-02-24 06:48:18,0.00000420,13464.00000000
2018-02-24 06:48:21,0.00000420,13000.00000000
2018-02-24 06:48:22,0.00000421,86735.00000000
2018-02-24 06:48:25,0.00000420,1064.00000000
2018-02-24 06:48:26,0.00000420,7141.00000000
2018-02-24 06:48:26,0.00000420,7142.00000000
2018-02-24 06:48:27,0.00000420,6361.00000000
2018-02-24 06:48:30,0.00000420,7141.00000000
2018-02-24 06:48:30,0.00000420,7141.00000000
2018-02-24 06:48:30,0.00000420,7142.00000000
2018-02-24 06:48:31,0.00000420,4792.00000000
2018-02-24 06:48:31,0.00000420,8684.00000000
2018-02-24 06:48:32,0.00000420,178621.00000000
2018-02-24 06:48:32,0.00000420,4763.00000000
2018-02-24 06:48:32,0.00000420,6813.00000000
2018-02-24 06:48:32,0.00000420,610.00000000
2018-02-24 06:48:35,0.00000420,2500.00000000
2018-02-24 06:48:37,0.00000421,593.00000000
2018-02-24 06:48:37,0.00000420,340.00000000
2018-02-24 06:48:40,0.00000420,841.00000000
2018-02-24 06:48:45,0.00000420,652159.00000000
2018-02-24 06:48:48,0.00000421,475.00000000
2018-02-24 06:48:50,0.00000420,25628.00000000
2018-02-24 06:48:51,0.00000420,941.00000000
2018-02-24 06:48:52,0.00000421,2523.00000000
2018-02-24 06:48:52,0.00000420,41584.00000000
2018-02-24 06:48:53,0.00000420,23809.00000000
2018-02-24 06:48:53,0.00000420,125813.00000000
2018-02-24 06:49:02,0.00000420,26581.00000000
2018-02-24 06:49:03,0.00000420,90319.00000000
2018-02-24 06:49:03,0.00000421,200.00000000
2018-02-24 06:49:04,0.00000420,20908.00000000
2018-02-24 06:49:09,0.00000420,51310.00000000
2018-02-24 06:49:12,0.00000420,26421.00000000
2018-02-24 06:49:14,0.00000420,9168.00000000
2018-02-24 06:49:14,0.00000421,58503.00000000
2018-02-24 06:49:17,0.00000420,23809.00000000
2018-02-24 06:49:17,0.00000420,15776.00000000
2018-02-24 06:49:21,0.00000421,475.00000000
2018-02-24 06:49:22,0.00000420,10471.00000000
2018-02-24 06:49:22,0.00000420,2562.00000000
2018-02-24 06:49:23,0.00000420,116982.00000000
2018-02-24 06:49:26,0.00000420,2298.00000000
2018-02-24 06:49:27,0.00000420,2790.00000000
2018-02-24 06:49:29,0.00000420,1057.00000000
2018-02-24 06:49:31,0.00000421,17231.00000000
2018-02-24 06:49:38,0.00000420,25658.00000000
2018-02-24 06:49:39,0.00000420,323.00000000
2018-02-24 06:49:47,0.00000420,749.00000000
2018-02-24 06:49:49,0.00000420,33605.00000000
2018-02-24 06:49:50,0.00000420,3365.00000000
2018-02-24 06:49:50,0.00000419,1364.00000000
2018-02-24 06:49:50,0.00000419,20000.00000000
2018-02-24 06:49:50,0.00000419,114826.00000000
2018-02-24 06:49:50,0.00000419,10000.00000000
2018-02-24 06:49:50,0.00000419,191759.00000000
2018-02-24 06:49:50,0.00000419,136542.00000000
2018-02-24 06:49:50,0.00000419,6637.00000000
2018-02-24 06:49:50,0.00000419,239076.00000000
2018-02-24 06:49:51,0.00000420,11641.00000000
2018-02-24 06:49:51,0.00000420,811.00000000
2018-02-24 06:49:51,0.00000419,642.00000000
2018-02-24 06:49:51,0.00000420,4409.00000000
2018-02-24 06:49:52,0.00000420,2058.00000000
2018-02-24 06:49:52,0.00000420,395.00000000
2018-02-24 06:49:53,0.00000420,500.00000000
2018-02-24 06:49:56,0.00000420,1172.00000000
2018-02-24 06:50:01,0.00000420,391.00000000
2018-02-24 06:50:05,0.00000420,11097.00000000
2018-02-24 06:50:05,0.00000420,680.00000000
2018-02-24 06:50:07,0.00000420,103831.00000000
2018-02-24 06:50:14,0.00000420,2775.00000000
2018-02-24 06:50:14,0.00000420,35579.00000000
2018-02-24 06:50:15,0.00000420,5439.00000000
2018-02-24 06:50:21,0.00000420,2196.00000000
2018-02-24 06:50:24,0.00000420,6578.00000000
2018-02-24 06:50:25,0.00000420,5000.00000000
2018-02-24 06:50:26,0.00000420,21408.00000000
2018-02-24 06:50:30,0.00000420,21419.00000000
2018-02-24 06:50:31,0.00000420,2380.00000000
2018-02-24 06:50:32,0.00000420,73350.00000000
2018-02-24 06:50:32,0.00000420,219624.00000000
2018-02-24 06:50:38,0.00000419,471528.00000000
2018-02-24 06:50:41,0.00000419,4619.00000000
2018-02-24 06:50:44,0.00000420,2.00000000
2018-02-24 06:50:49,0.00000420,2380.00000000
2018-02-24 06:50:50,0.00000420,5000.00000000
2018-02-24 06:50:51,0.00000420,19032.00000000
2018-02-24 06:50:51,0.00000420,2834.00000000
2018-02-24 06:50:52,0.00000420,86362.00000000
2018-02-24 06:50:54,0.00000419,14551.00000000
2018-02-24 06:50:59,0.00000420,244.00000000
2018-02-24 06:51:07,0.00000419,2386.00000000
2018-02-24 06:51:13,0.00000420,351.00000000
2018-02-24 06:51:16,0.00000419,8352.00000000
2018-02-24 06:51:20,0.00000420,24891.00000000
2018-02-24 06:51:21,0.00000420,17.00000000
2018-02-24 06:51:24,0.00000419,2.00000000
2018-02-24 06:51:28,0.00000420,790.00000000
2018-02-24 06:51:29,0.00000419,5350.00000000
2018-02-24 06:51:35,0.00000419,5954.00000000
2018-02-24 06:51:35,0.00000419,112.00000000
2018-02-24 06:51:36,0.00000420,648.00000000
2018-02-24 06:51:36,0.00000420,4103.00000000
2018-02-24 06:51:37,0.00000419,3503.00000000
2018-02-24 06:51:38,0.00000419,230491.00000000
2018-02-24 06:51:40,0.00000420,59313.00000000
2018-02-24 06:51:42,0.00000420,1190.00000000
2018-02-24 06:51:44,0.00000419,9098.00000000
2018-02-24 06:51:46,0.00000420,1442.00000000
2018-02-24 06:51:50,0.00000420,5652.00000000
2018-02-24 06:51:52,0.00000420,7134.00000000
2018-02-24 06:51:52,0.00000420,1067.00000000
2018-02-24 06:51:52,0.00000420,4198.00000000
2018-02-24 06:51:54,0.00000419,42882.00000000
2018-02-24 06:51:57,0.00000420,3.00000000
2018-02-24 06:51:59,0.00000420,1460.00000000
2018-02-24 06:52:02,0.00000420,1.00000000
2018-02-24 06:52:18,0.00000420,5934.00000000
2018-02-24 06:52:20,0.00000419,100470.00000000
2018-02-24 06:52:22,0.00000420,4661.00000000
2018-02-24 06:52:29,0.00000419,24593.00000000
2018-02-24 06:52:38,0.00000420,94607.00000000
2018-02-24 06:52:39,0.00000419,2500.00000000
2018-02-24 06:52:40,0.00000419,29991.00000000
2018-02-24 06:52:42,0.00000419,79132.00000000
2018-02-24 06:52:45,0.00000419,1800.00000000
2018-02-24 06:52:46,0.00000419,5741.00000000
2018-02-24 06:52:55,0.00000420,2.00000000
2018-02-24 06:52:56,0.00000420,11416.00000000
2018-02-24 06:52:56,0.00000420,7129.00000000
2018-02-24 06:52:56,0.00000420,7128.00000000
2018-02-24 06:52:56,0.00000420,23554.00000000
2018-02-24 06:52:56,0.00000420,9523.00000000
2018-02-24 06:52:56,0.00000419,6938.00000000
2018-02-24 06:52:56,0.00000420,7139.00000000
2018-02-24 06:52:56,0.00000420,2819.00000000
2018-02-24 06:53:05,0.00000420,10000.00000000
2018-02-24 06:53:08,0.00000420,26590.00000000
2018-02-24 06:53:20,0.00000420,300.00000000
2018-02-24 06:53:21,0.00000419,13776.00000000
2018-02-24 06:53:28,0.00000419,141000.00000000
2018-02-24 06:53:30,0.00000419,23215.00000000
2018-02-24 06:53:34,0.00000419,41428.00000000
2018-02-24 06:53:35,0.00000420,4500.00000000
2018-02-24 06:53:36,0.00000420,14826.00000000
2018-02-24 06:53:38,0.00000420,476.00000000
2018-02-24 06:53:42,0.00000420,450.00000000
2018-02-24 06:53:42,0.00000419,2786.00000000
2018-02-24 06:53:44,0.00000420,9706.00000000
2018-02-24 06:53:50,0.00000420,2267.00000000
2018-02-24 06:53:51,0.00000420,5952.00000000
2018-02-24 06:53:51,0.00000420,5953.00000000
2018-02-24 06:53:52,0.00000420,88080.00000000
2018-02-24 06:53:52,0.00000419,5953.00000000
2018-02-24 06:53:52,0.00000420,2487.00000000
2018-02-24 06:53:55,0.00000419,2490.00000000
2018-02-24 06:53:55,0.00000420,3474.00000000
2018-02-24 06:53:55,0.00000420,595.00000000
2018-02-24 06:53:55,0.00000420,3474.00000000
2018-02-24 06:53:55,0.00000420,3474.00000000
2018-02-24 06:53:55,0.00000420,3474.00000000
2018-02-24 06:53:55,0.00000420,772.00000000
2018-02-24 06:53:55,0.00000420,281477.00000000
2018-02-24 06:54:00,0.00000420,2131.00000000
2018-02-24 06:54:03,0.00000420,78137.00000000
2018-02-24 06:54:03,0.00000421,2187.00000000
2018-02-24 06:54:07,0.00000421,425.00000000
2018-02-24 06:54:08,0.00000421,712.00000000
2018-02-24 06:54:09,0.00000421,1216.00000000
2018-02-24 06:54:12,0.00000420,9036.00000000
2018-02-24 06:54:20,0.00000420,91620.00000000
2018-02-24 06:54:23,0.00000421,40000.00000000
2018-02-24 06:54:25,0.00000420,694.00000000
2018-02-24 06:54:31,0.00000420,1192.00000000
2018-02-24 06:54:44,0.00000420,4369.00000000
2018-02-24 06:54:44,0.00000420,5534.00000000
2018-02-24 06:54:44,0.00000420,7142.00000000
2018-02-24 06:54:44,0.00000420,5057.00000000
2018-02-24 06:54:45,0.00000420,5780.00000000
2018-02-24 06:54:46,0.00000420,5300.00000000
2018-02-24 06:54:46,0.00000420,6236.00000000
2018-02-24 06:54:46,0.00000420,5689.00000000
2018-02-24 06:54:53,0.00000420,3396.00000000
2018-02-24 06:54:53,0.00000420,1423.00000000
2018-02-24 06:54:55,0.00000420,15522.00000000
2018-02-24 06:54:55,0.00000420,26778.00000000
2018-02-24 06:54:59,0.00000420,36000.00000000
2018-02-24 06:55:00,0.00000420,5439.00000000
2018-02-24 06:55:00,0.00000420,7817.00000000
2018-02-24 06:55:00,0.00000420,4806.00000000
2018-02-24 06:55:00,0.00000420,7024.00000000
2018-02-24 06:55:02,0.00000420,971.00000000
2018-02-24 06:55:02,0.00000420,2500.00000000
2018-02-24 06:55:06,0.00000420,1316.00000000
2018-02-24 06:55:09,0.00000421,110061.00000000
2018-02-24 06:55:10,0.00000420,10347.00000000
2018-02-24 06:55:11,0.00000421,1927.00000000
2018-02-24 06:55:15,0.00000421,80454.00000000
2018-02-24 06:55:18,0.00000421,7.00000000
2018-02-24 06:55:22,0.00000420,132.00000000
2018-02-24 06:55:30,0.00000420,3917.00000000
2018-02-24 06:55:44,0.00000420,9957.00000000
2018-02-24 06:55:48,0.00000421,14673.00000000
2018-02-24 06:55:52,0.00000421,131165.00000000
2018-02-24 06:55:55,0.00000420,2600.00000000
2018-02-24 06:56:00,0.00000420,83264.00000000
2018-02-24 06:56:04,0.00000420,12996.00000000
2018-02-24 06:56:06,0.00000420,3562.00000000
2018-02-24 06:56:06,0.00000421,9157.00000000
2018-02-24 06:56:08,0.00000420,251.00000000
2018-02-24 06:56:10,0.00000420,10000.00000000
2018-02-24 06:56:10,0.00000420,4233.00000000
2018-02-24 06:56:19,0.00000420,4454.00000000
2018-02-24 06:56:19,0.00000420,411360.00000000
2018-02-24 06:56:22,0.00000420,1790.00000000
2018-02-24 06:56:26,0.00000420,559.00000000
2018-02-24 06:56:30,0.00000420,4000.00000000
2018-02-24 06:56:31,0.00000421,38000.00000000
2018-02-24 06:56:33,0.00000420,1000.00000000
2018-02-24 06:56:34,0.00000420,3106.00000000
2018-02-24 06:56:34,0.00000420,11304.00000000
2018-02-24 06:56:35,0.00000420,1966.00000000
2018-02-24 06:56:35,0.00000420,378142.00000000
2018-02-24 06:56:35,0.00000419,525327.00000000
2018-02-24 06:56:37,0.00000420,1263.00000000
2018-02-24 06:56:39,0.00000421,8596.00000000
2018-02-24 06:56:40,0.00000420,185.00000000
2018-02-24 06:56:41,0.00000420,20550.00000000
2018-02-24 06:56:41,0.00000421,41596.00000000
2018-02-24 06:56:52,0.00000421,7430.00000000
2018-02-24 06:56:53,0.00000420,176391.00000000
2018-02-24 06:57:00,0.00000420,4000.00000000
2018-02-24 06:57:10,0.00000420,3995.00000000
2018-02-24 06:57:11,0.00000421,61.00000000
2018-02-24 06:57:20,0.00000421,712.00000000
2018-02-24 06:57:30,0.00000420,28502.00000000
2018-02-24 06:57:32,0.00000420,7466.00000000
2018-02-24 06:57:34,0.00000420,15990.00000000
2018-02-24 06:57:38,0.00000421,76803.00000000
2018-02-24 06:57:43,0.00000420,58975.00000000
2018-02-24 06:57:44,0.00000420,8041.00000000
2018-02-24 06:57:45,0.00000421,6.00000000
2018-02-24 06:57:46,0.00000421,8490.00000000
2018-02-24 06:57:49,0.00000421,398.00000000
2018-02-24 06:57:55,0.00000421,491.00000000
2018-02-24 06:58:02,0.00000421,17075.00000000
2018-02-24 06:58:04,0.00000421,5692.00000000
2018-02-24 06:58:04,0.00000420,10968.00000000
2018-02-24 06:58:22,0.00000420,2748.00000000
2018-02-24 06:58:23,0.00000420,129782.00000000
2018-02-24 06:58:23,0.00000420,2950.00000000
2018-02-24 06:58:57,0.00000420,54033.00000000
2018-02-24 06:58:58,0.00000420,94669.00000000
2018-02-24 06:59:01,0.00000420,2611.00000000
2018-02-24 06:59:03,0.00000420,301.00000000
2018-02-24 06:59:03,0.00000420,1352.00000000
2018-02-24 06:59:18,0.00000420,4917.00000000
2018-02-24 06:59:18,0.00000421,53405.00000000
2018-02-24 06:59:24,0.00000420,6235.00000000
2018-02-24 06:59:28,0.00000420,23583.00000000
2018-02-24 06:59:30,0.00000420,396.00000000
2018-02-24 06:59:30,0.00000420,881.00000000
2018-02-24 06:59:30,0.00000419,656.00000000
2018-02-24 06:59:40,0.00000420,263.00000000
2018-02-24 06:59:45,0.00000420,16404.00000000
2018-02-24 06:59:45,0.00000420,53478.00000000
2018-02-24 06:59:47,0.00000420,994.00000000
2018-02-24 06:59:47,0.00000420,595.00000000
2018-02-24 06:59:48,0.00000420,11806.00000000
2018-02-24 06:59:52,0.00000419,58974.00000000
2018-02-24 06:59:53,0.00000420,7121.00000000
2018-02-24 06:59:55,0.00000419,270.00000000
2018-02-24 06:59:58,0.00000419,5309.00000000
2018-02-24 06:59:59,0.00000420,2820.00000000
