DATE,PRICE,VOLUME
2018-02-23 04:00:00,0.00000405,10000.00000000
2018-02-23 04:00:08,0.00000405,813.00000000
2018-02-23 04:00:10,0.00000405,1252.00000000
2018-02-23 04:00:10,0.00000405,138009.00000000
2018-02-23 04:00:10,0.00000405,1113.00000000
2018-02-23 04:00:11,0.00000405,3628.00000000
2018-02-23 04:00:11,0.00000405,738.00000000
2018-02-23 04:00:12,0.00000405,862.00000000
2018-02-23 04:00:13,0.00000405,974.00000000
2018-02-23 04:00:18,0.00000406,16108.00000000
2018-02-23 04:00:22,0.00000405,92857.00000000
2018-02-23 04:00:25,0.00000406,450000.00000000
2018-02-23 04:00:28,0.00000406,10655.00000000
2018-02-23 04:00:31,0.00000405,3874.00000000
2018-02-23 04:00:31,0.00000406,249.00000000
2018-02-23 04:00:34,0.00000406,627.00000000
2018-02-23 04:00:35,0.00000406,650711.00000000
2018-02-23 04:00:39,0.00000405,28873.00000000
2018-02-23 04:00:42,0.00000406,17912.00000000
2018-02-23 04:00:46,0.00000406,8489.00000000
2018-02-23 04:00:47,0.00000406,5092.00000000
2018-02-23 04:00:47,0.00000406,2599.00000000
2018-02-23 04:00:47,0.00000406,2598.00000000
2018-02-23 04:00:47,0.00000406,2464.00000000
2018-02-23 04:00:48,0.00000406,9813.00000000
2018-02-23 04:00:55,0.00000407,938.00000000
2018-02-23 04:00:55,0.00000406,7389.00000000
2018-02-23 04:00:55,0.00000406,4060.00000000
2018-02-23 04:00:56,0.00000406,499.00000000
2018-02-23 04:01:02,0.00000407,13881.00000000
2018-02-23 04:01:02,0.00000407,51451.00000000
2018-02-23 04:01:03,0.00000407,247.00000000
2018-02-23 04:01:04,0.00000406,23023.00000000
2018-02-23 04:01:15,0.00000406,1623.00000000
2018-02-23 04:01:16,0.00000406,129180.00000000
2018-02-23 04:01:18,0.00000406,200.00000000
2018-02-23 04:01:19,0.00000406,18438.00000000
2018-02-23 04:01:19,0.00000407,200.00000000
2018-02-23 04:01:23,0.00000406,3695.00000000
2018-02-23 04:01:23,0.00000407,46355.00000000
2018-02-23 04:01:37,0.00000406,8853.00000000
2018-02-23 04:01:37,0.00000406,275546.00000000
2018-02-23 04:01:43,0.00000406,3063.00000000
2018-02-23 04:01:46,0.00000407,15931.00000000
2018-02-23 04:01:58,0.00000407,450000.00000000
2018-02-23 04:02:01,0.00000406,295745.00000000
2018-02-23 04:02:03,0.00000407,24028.00000000
2018-02-23 04:02:08,0.00000406,4506.00000000
2018-02-23 04:02:09,0.00000406,1231.00000000
2018-02-23 04:02:10,0.00000406,754.00000000
2018-02-23 04:02:12,0.00000406,565.00000000
2018-02-23 04:02:13,0.00000407,2.00000000
2018-02-23 04:02:13,0.00000407,2455.00000000
2018-02-23 04:02:15,0.00000407,63320.00000000
2018-02-23 04:02:26,0.00000406,2.00000000
2018-02-23 04:02:32,0.00000407,1479.00000000
2018-02-23 04:02:33,0.00000407,33509.00000000
2018-02-23 04:02:39,0.00000406,30000.00000000
2018-02-23 04:02:46,0.00000407,2.00000000
2018-02-23 04:02:48,0.00000406,7388.00000000
2018-02-23 04:02:49,0.00000406,3786.00000000
2018-02-23 04:02:50,0.00000406,1231.00000000
2018-02-23 04:02:51,0.00000406,6463.00000000
2018-02-23 04:02:55,0.00000406,5262.00000000
2018-02-23 04:02:55,0.00000406,2462.00000000
2018-02-23 04:02:55,0.00000406,4578.00000000
2018-02-23 04:02:57,0.00000406,236196.00000000
2018-02-23 04:03:02,0.00000407,1794.00000000
2018-02-23 04:03:15,0.00000406,2584.00000000
2018-02-23 04:03:16,0.00000407,1399.00000000
2018-02-23 04:03:16,0.00000406,3232.00000000
2018-02-23 04:03:17,0.00000406,288.00000000
2018-02-23 04:03:22,0.00000406,1653.00000000
2018-02-23 04:03:22,0.00000407,1825.00000000
2018-02-23 04:03:22,0.00000406,17248.00000000
2018-02-23 04:03:23,0.00000406,3957.00000000
2018-02-23 04:03:26,0.00000406,2866.00000000
2018-02-23 04:03:37,0.00000407,11955.00000000
2018-02-23 04:03:37,0.00000406,50000.00000000
2018-02-23 04:03:39,0.00000406,1504.00000000
2018-02-23 04:03:39,0.00000406,1881.00000000
2018-02-23 04:03:40,0.00000406,110000.00000000
2018-02-23 04:03:41,0.00000406,16846.00000000
2018-02-23 04:03:46,0.00000407,100000.00000000
2018-02-23 04:03:55,0.00000407,5014.00000000
2018-02-23 04:03:56,0.00000407,4297.00000000
2018-02-23 04:04:01,0.00000407,6058.00000000
2018-02-23 04:04:04,0.00000406,2644.00000000
2018-02-23 04:04:04,0.00000406,91526.00000000
2018-02-23 04:04:04,0.00000406,7388.00000000
2018-02-23 04:04:04,0.00000406,10053.00000000
2018-02-23 04:04:04,0.00000406,7389.00000000
2018-02-23 04:04:05,0.00000406,2926.00000000
2018-02-23 04:04:05,0.00000406,23886.00000000
2018-02-23 04:04:10,0.00000406,30000.00000000
2018-02-23 04:04:10,0.00000407,24570.00000000
2018-02-23 04:04:12,0.00000406,5426.00000000
2018-02-23 04:04:13,0.00000407,200.00000000
2018-02-23 04:04:13,0.00000406,675943.00000000
2018-02-23 04:04:15,0.00000406,3662.00000000
2018-02-23 04:04:17,0.00000406,10500.00000000
2018-02-23 04:04:19,0.00000405,4094.00000000
2018-02-23 04:04:31,0.00000405,4730.00000000
2018-02-23 04:04:35,0.00000406,10064.00000000
2018-02-23 04:04:36,0.00000405,15233.00000000
2018-02-23 04:04:38,0.00000406,7800.00000000
2018-02-23 04:04:39,0.00000405,400.00000000
2018-02-23 04:04:39,0.00000405,12.00000000
2018-02-23 04:04:42,0.00000405,15000.00000000
2018-02-23 04:04:53,0.00000405,2102.00000000
2018-02-23 04:04:53,0.00000406,3703.00000000
2018-02-23 04:04:59,0.00000406,43927.00000000
2018-02-23 04:05:02,0.00000406,238980.00000000
2018-02-23 04:05:04,0.00000406,24525.00000000
2018-02-23 04:05:04,0.00000406,120.00000000
2018-02-23 04:05:05,0.00000406,790.00000000
2018-02-23 04:05:07,0.00000405,931.00000000
2018-02-23 04:05:08,0.00000406,10413.00000000
2018-02-23 04:05:13,0.00000406,248.00000000
2018-02-23 04:05:16,0.00000405,500.00000000
2018-02-23 04:05:19,0.00000406,530.00000000
2018-02-23 04:05:21,0.00000405,109.00000000
2018-02-23 04:05:22,0.00000405,779.00000000
2018-02-23 04:05:22,0.00000405,1.00000000
2018-02-23 04:05:23,0.00000406,93928.00000000
2018-02-23 04:05:24,0.00000405,7141.00000000
2018-02-23 04:05:32,0.00000405,50000.00000000
2018-02-23 04:05:35,0.00000405,7125.00000000
2018-02-23 04:05:36,0.00000405,728355.00000000
2018-02-23 04:05:40,0.00000405,16595.00000000
2018-02-23 04:05:41,0.00000405,1232.00000000
2018-02-23 04:05:44,0.00000406,2495.00000000
2018-02-23 04:05:47,0.00000405,7524.00000000
2018-02-23 04:05:50,0.00000405,1743.00000000
2018-02-23 04:05:50,0.00000405,3057.00000000
2018-02-23 04:05:50,0.00000405,2762.00000000
2018-02-23 04:05:51,0.00000405,3144.00000000
2018-02-23 04:05:51,0.00000405,2317.00000000
2018-02-23 04:05:51,0.00000405,1119.00000000
2018-02-23 04:05:51,0.00000406,213.00000000
2018-02-23 04:05:52,0.00000406,2137.00000000
2018-02-23 04:05:53,0.00000406,461.00000000
2018-02-23 04:06:02,0.00000405,7.00000000
2018-02-23 04:06:05,0.00000406,1484.00000000
2018-02-23 04:06:08,0.00000406,12869.00000000
2018-02-23 04:06:08,0.00000406,3700.00000000
2018-02-23 04:06:08,0.00000406,18308.00000000
2018-02-23 04:06:09,0.00000406,5973.00000000
2018-02-23 04:06:12,0.00000406,21200.00000000
2018-02-23 04:06:16,0.00000406,27402.00000000
2018-02-23 04:06:19,0.00000405,3273.00000000
2018-02-23 04:06:20,0.00000406,160523.00000000
2018-02-23 04:06:22,0.00000406,500.00000000
2018-02-23 04:06:27,0.00000407,15600.00000000
2018-02-23 04:06:31,0.00000407,295.00000000
2018-02-23 04:06:35,0.00000406,6880.00000000
2018-02-23 04:06:36,0.00000407,3700.00000000
2018-02-23 04:06:39,0.00000406,3750.00000000
2018-02-23 04:06:40,0.00000406,6203.00000000
2018-02-23 04:06:41,0.00000406,1102.00000000
2018-02-23 04:06:49,0.00000406,400.00000000
2018-02-23 04:06:49,0.00000407,50.00000000
2018-02-23 04:06:56,0.00000407,163.00000000
2018-02-23 04:06:58,0.00000407,814.00000000
2018-02-23 04:07:02,0.00000407,6452.00000000
2018-02-23 04:07:02,0.00000406,28314.00000000
2018-02-23 04:07:02,0.00000407,1506.00000000
2018-02-23 04:07:12,0.00000407,558.00000000
2018-02-23 04:07:13,0.00000407,122850.00000000
2018-02-23 04:07:14,0.00000407,22682.00000000
2018-02-23 04:07:15,0.00000407,1491.00000000
2018-02-23 04:07:18,0.00000406,5800.00000000
2018-02-23 04:07:26,0.00000406,3989.00000000
2018-02-23 04:07:27,0.00000407,15194.00000000
2018-02-23 04:07:37,0.00000407,57307.00000000
2018-02-23 04:07:42,0.00000407,3718.00000000
2018-02-23 04:07:42,0.00000407,402.00000000
2018-02-23 04:07:42,0.00000407,502.00000000
2018-02-23 04:07:43,0.00000407,5928.00000000
2018-02-23 04:07:58,0.00000407,118161.00000000
2018-02-23 04:08:03,0.00000407,23242.00000000
2018-02-23 04:08:04,0.00000407,7366.00000000
2018-02-23 04:08:05,0.00000407,35375.00000000
2018-02-23 04:08:06,0.00000407,5195.00000000
2018-02-23 04:08:07,0.00000406,1.00000000
2018-02-23 04:08:11,0.00000407,737.00000000
2018-02-23 04:08:14,0.00000406,470381.00000000
2018-02-23 04:08:14,0.00000407,15.00000000
2018-02-23 04:08:17,0.00000407,89680.00000000
2018-02-23 04:08:21,0.00000407,628.00000000
2018-02-23 04:08:22,0.00000406,7537.00000000
2018-02-23 04:08:24,0.00000406,65647.00000000
2018-02-23 04:08:27,0.00000407,10700.00000000
2018-02-23 04:08:31,0.00000407,247.00000000
2018-02-23 04:08:35,0.00000407,519.00000000
2018-02-23 04:08:35,0.00000407,856.00000000
2018-02-23 04:08:35,0.00000407,856.00000000
2018-02-23 04:08:35,0.00000406,856.00000000
2018-02-23 04:08:38,0.00000406,1490763.00000000
2018-02-23 04:08:40,0.00000407,15376.00000000
2018-02-23 04:08:41,0.00000407,1794.00000000
2018-02-23 04:08:42,0.00000407,21746.00000000
2018-02-23 04:08:42,0.00000407,2254.00000000
2018-02-23 04:08:47,0.00000406,106.00000000
2018-02-23 04:08:51,0.00000407,7364.00000000
2018-02-23 04:08:51,0.00000407,7365.00000000
2018-02-23 04:08:51,0.00000407,7365.00000000
2018-02-23 04:08:51,0.00000407,7364.00000000
2018-02-23 04:08:52,0.00000407,23451.00000000
2018-02-23 04:08:52,0.00000407,7364.00000000
2018-02-23 04:08:52,0.00000406,1971.00000000
2018-02-23 04:08:52,0.00000407,7366.00000000
2018-02-23 04:08:52,0.00000407,7366.00000000
2018-02-23 04:08:55,0.00000407,250.00000000
2018-02-23 04:08:57,0.00000407,1032.00000000
2018-02-23 04:09:00,0.00000406,1388.00000000
2018-02-23 04:09:01,0.00000407,244.00000000
2018-02-23 04:09:02,0.00000407,14689.00000000
2018-02-23 04:09:03,0.00000406,5605.00000000
2018-02-23 04:09:06,0.00000407,22725.00000000
2018-02-23 04:09:12,0.00000406,54615.00000000
2018-02-23 04:09:13,0.00000406,10443.00000000
2018-02-23 04:09:15,0.00000406,3783.00000000
2018-02-23 04:09:20,0.00000407,3132.00000000
2018-02-23 04:09:21,0.00000407,3132.00000000
2018-02-23 04:09:21,0.00000406,3132.00000000
2018-02-23 04:09:21,0.00000407,1545.00000000
2018-02-23 04:09:23,0.00000407,10150.00000000
2018-02-23 04:09:25,0.00000407,2401.00000000
2018-02-23 04:09:25,0.00000407,7612.00000000
2018-02-23 04:09:27,0.00000406,10000.00000000
2018-02-23 04:09:28,0.00000407,11419.00000000
2018-02-23 04:09:31,0.00000407,11419.00000000
2018-02-23 04:09:37,0.00000407,497.00000000
2018-02-23 04:09:42,0.00000407,24570.00000000
2018-02-23 04:09:44,0.00000407,4000.00000000
2018-02-23 04:09:45,0.00000407,2500.00000000
2018-02-23 04:09:46,0.00000407,2016.00000000
2018-02-23 04:09:46,0.00000407,2016.00000000
2018-02-23 04:09:46,0.00000407,2016.00000000
2018-02-23 04:09:46,0.00000407,26000.00000000
2018-02-23 04:09:46,0.00000407,1000.00000000
2018-02-23 04:09:46,0.00000406,1500.00000000
2018-02-23 04:09:46,0.00000407,2484.00000000
2018-02-23 04:09:46,0.00000407,21000.00000000
2018-02-23 04:09:47,0.00000407,5000.00000000
2018-02-23 04:09:47,0.00000406,63320.00000000
2018-02-23 04:09:48,0.00000407,3.00000000
2018-02-23 04:09:50,0.00000406,1779.00000000
2018-02-23 04:09:55,0.00000407,10993.00000000
2018-02-23 04:09:56,0.00000406,11943.00000000
2018-02-23 04:09:57,0.00000407,523.00000000
2018-02-23 04:09:57,0.00000407,7367.00000000
2018-02-23 04:09:57,0.00000407,13955.00000000
2018-02-23 04:09:57,0.00000407,7367.00000000
2018-02-23 04:09:57,0.00000407,7366.00000000
2018-02-23 04:09:57,0.00000407,7367.00000000
2018-02-23 04:09:57,0.00000407,7366.00000000
2018-02-23 04:09:57,0.00000407,1092.00000000
2018-02-23 04:09:58,0.00000406,7366.00000000
2018-02-23 04:09:58,0.00000407,7367.00000000
2018-02-23 04:09:58,0.00000407,5034.00000000
2018-02-23 04:10:00,0.00000406,25343.00000000
2018-02-23 04:10:00,0.00000407,2092.00000000
2018-02-23 04:10:04,0.00000406,15492.00000000
2018-02-23 04:10:05,0.00000407,4989.00000000
2018-02-23 04:10:05,0.00000407,9389.00000000
2018-02-23 04:10:09,0.00000406,11145.00000000
2018-02-23 04:10:09,0.00000407,7441.00000000
2018-02-23 04:10:20,0.00000406,500.00000000
2018-02-23 04:10:21,0.00000407,655.00000000
2018-02-23 04:10:28,0.00000407,19607.00000000
2018-02-23 04:10:30,0.00000407,24449.00000000
2018-02-23 04:10:33,0.00000406,556.00000000
2018-02-23 04:10:33,0.00000406,546.00000000
2018-02-23 04:10:34,0.00000406,1635.00000000
2018-02-23 04:10:34,0.00000406,140385.00000000
2018-02-23 04:10:40,0.00000406,7388.00000000
2018-02-23 04:10:40,0.00000406,3503.00000000
2018-02-23 04:10:40,0.00000406,7389.00000000
2018-02-23 04:10:41,0.00000406,7389.00000000
2018-02-23 04:10:41,0.00000406,7389.00000000
2018-02-23 04:10:41,0.00000406,7389.00000000
2018-02-23 04:10:42,0.00000406,16916.00000000
2018-02-23 04:10:43,0.00000407,27633.00000000
2018-02-23 04:10:43,0.00000406,7389.00000000
2018-02-23 04:10:44,0.00000406,2271.00000000
2018-02-23 04:10:44,0.00000406,28360.00000000
2018-02-23 04:10:44,0.00000407,1282.00000000
2018-02-23 04:10:46,0.00000406,1657.00000000
2018-02-23 04:10:48,0.00000406,7372.00000000
2018-02-23 04:10:49,0.00000406,2875.00000000
2018-02-23 04:10:53,0.00000406,5000.00000000
2018-02-23 04:10:54,0.00000406,81691.00000000
2018-02-23 04:10:57,0.00000406,11851.00000000
2018-02-23 04:10:57,0.00000406,17191.00000000
2018-02-23 04:11:01,0.00000406,50.00000000
2018-02-23 04:11:02,0.00000407,1895.00000000
2018-02-23 04:11:03,0.00000407,72043.00000000
2018-02-23 04:11:16,0.00000407,513.00000000
2018-02-23 04:11:24,0.00000406,62650.00000000
2018-02-23 04:11:26,0.00000406,24680.00000000
2018-02-23 04:11:32,0.00000407,7193.00000000
2018-02-23 04:11:40,0.00000406,4766.00000000
2018-02-23 04:11:41,0.00000407,1982.00000000
2018-02-23 04:11:44,0.00000407,594.00000000
2018-02-23 04:11:49,0.00000407,5000.00000000
2018-02-23 04:11:54,0.00000407,5803.00000000
2018-02-23 04:11:57,0.00000406,10443.00000000
2018-02-23 04:12:00,0.00000406,15181.00000000
2018-02-23 04:12:08,0.00000406,14106.00000000
2018-02-23 04:12:11,0.00000406,33821.00000000
2018-02-23 04:12:15,0.00000407,433.00000000
2018-02-23 04:12:15,0.00000407,743.00000000
2018-02-23 04:12:17,0.00000407,431.00000000
2018-02-23 04:12:19,0.00000406,1000.00000000
2018-02-23 04:12:25,0.00000406,2168.00000000
2018-02-23 04:12:36,0.00000407,812.00000000
2018-02-23 04:12:39,0.00000407,50405.00000000
2018-02-23 04:12:40,0.00000407,247.00000000
2018-02-23 04:12:40,0.00000406,6156.00000000
2018-02-23 04:12:49,0.00000406,10535.00000000
2018-02-23 04:12:52,0.00000406,4838.00000000
2018-02-23 04:12:55,0.00000407,49161.00000000
2018-02-23 04:12:55,0.00000406,13953.00000000
2018-02-23 04:12:57,0.00000406,3241.00000000
2018-02-23 04:13:02,0.00000407,1649.00000000
2018-02-23 04:13:08,0.00000406,1549.00000000
2018-02-23 04:13:08,0.00000406,2462.00000000
2018-02-23 04:13:16,0.00000406,3000.00000000
2018-02-23 04:13:16,0.00000406,5656.00000000
2018-02-23 04:13:17,0.00000406,5517.00000000
2018-02-23 04:13:17,0.00000406,2463.00000000
2018-02-23 04:13:26,0.00000406,340.00000000
2018-02-23 04:13:28,0.00000406,8280.00000000
2018-02-23 04:13:33,0.00000407,2457.00000000
2018-02-23 04:13:35,0.00000407,14936.00000000
2018-02-23 04:13:36,0.00000407,919.00000000
2018-02-23 04:13:40,0.00000407,2457.00000000
2018-02-23 04:13:43,0.00000406,44626.00000000
2018-02-23 04:13:45,0.00000406,816.00000000
2018-02-23 04:13:46,0.00000406,3005.00000000
2018-02-23 04:13:47,0.00000407,5641.00000000
2018-02-23 04:13:52,0.00000407,5.00000000
2018-02-23 04:13:53,0.00000406,2720.00000000
2018-02-23 04:13:55,0.00000406,4927.00000000
2018-02-23 04:13:56,0.00000406,2700.00000000
2018-02-23 04:14:00,0.00000406,24681.00000000
2018-02-23 04:14:02,0.00000407,737.00000000
2018-02-23 04:14:06,0.00000407,3000.00000000
2018-02-23 04:14:07,0.00000407,3000.00000000
2018-02-23 04:14:08,0.00000407,200000.00000000
2018-02-23 04:14:10,0.00000406,19178.00000000
2018-02-23 04:14:16,0.00000406,1636.00000000
2018-02-23 04:14:16,0.00000407,3000.00000000
2018-02-23 04:14:17,0.00000407,4000.00000000
2018-02-23 04:14:17,0.00000407,3000.00000000
2018-02-23 04:14:17,0.00000407,2000.00000000
2018-02-23 04:14:18,0.00000407,1000.00000000
2018-02-23 04:14:19,0.00000407,2000.00000000
2018-02-23 04:14:20,0.00000407,10949.00000000
2018-02-23 04:14:21,0.00000407,2000.00000000
2018-02-23 04:14:22,0.00000406,1245.00000000
2018-02-23 04:14:22,0.00000407,2000.00000000
2018-02-23 04:14:22,0.00000407,3000.00000000
2018-02-23 04:14:23,0.00000407,1000.00000000
2018-02-23 04:14:23,0.00000407,1000.00000000
2018-02-23 04:14:25,0.00000407,1.00000000
2018-02-23 04:14:25,0.00000407,1000.00000000
2018-02-23 04:14:26,0.00000407,50000.00000000
2018-02-23 04:14:28,0.00000406,2.00000000
2018-02-23 04:14:33,0.00000407,2000.00000000
2018-02-23 04:14:33,0.00000407,3000.00000000
2018-02-23 04:14:33,0.00000407,3000.00000000
2018-02-23 04:14:33,0.00000407,3000.00000000
2018-02-23 04:14:33,0.00000407,3000.00000000
2018-02-23 04:14:37,0.00000407,3000.00000000
2018-02-23 04:14:40,0.00000407,2000.00000000
2018-02-23 04:14:41,0.00000407,3000.00000000
2018-02-23 04:14:43,0.00000407,4000.00000000
2018-02-23 04:14:48,0.00000407,2000.00000000
2018-02-23 04:14:58,0.00000407,2501.00000000
2018-02-23 04:15:01,0.00000407,7.00000000
2018-02-23 04:15:03,0.00000407,38053.00000000
2018-02-23 04:15:04,0.00000407,250544.00000000
2018-02-23 04:15:05,0.00000407,11562.00000000
2018-02-23 04:15:07,0.00000406,44000.00000000
2018-02-23 04:15:07,0.00000406,150.00000000
2018-02-23 04:15:29,0.00000407,2000.00000000
2018-02-23 04:15:33,0.00000407,1.00000000
2018-02-23 04:15:39,0.00000407,7365.00000000
2018-02-23 04:15:39,0.00000407,3101.00000000
2018-02-23 04:15:40,0.00000407,2457.00000000
2018-02-23 04:15:40,0.00000407,2457.00000000
2018-02-23 04:15:40,0.00000407,6877.00000000
2018-02-23 04:15:42,0.00000407,9248.00000000
2018-02-23 04:15:42,0.00000407,4377.00000000
2018-02-23 04:15:44,0.00000407,512.00000000
2018-02-23 04:15:48,0.00000407,512.00000000
2018-02-23 04:15:52,0.00000407,1500.00000000
2018-02-23 04:15:54,0.00000407,36856.00000000
2018-02-23 04:15:54,0.00000406,73204.00000000
2018-02-23 04:16:00,0.00000407,1000.00000000
2018-02-23 04:16:01,0.00000406,7336.00000000
2018-02-23 04:16:07,0.00000407,2000.00000000
2018-02-23 04:16:09,0.00000406,2501.00000000
2018-02-23 04:16:09,0.00000407,1500.00000000
2018-02-23 04:16:10,0.00000407,997.00000000
2018-02-23 04:16:10,0.00000407,6371.00000000
2018-02-23 04:16:13,0.00000407,106.00000000
2018-02-23 04:16:17,0.00000407,24570.00000000
2018-02-23 04:16:17,0.00000407,26466.00000000
2018-02-23 04:16:17,0.00000407,2457.00000000
2018-02-23 04:16:18,0.00000407,40750.00000000
2018-02-23 04:16:18,0.00000406,227.00000000
2018-02-23 04:16:21,0.00000407,247.00000000
2018-02-23 04:16:23,0.00000407,2000.00000000
2018-02-23 04:16:24,0.00000407,1500.00000000
2018-02-23 04:16:24,0.00000407,500.00000000
2018-02-23 04:16:26,0.00000407,967.00000000
2018-02-23 04:16:28,0.00000407,1000.00000000
2018-02-23 04:16:29,0.00000407,11000.00000000
2018-02-23 04:16:29,0.00000407,11000.00000000
2018-02-23 04:16:31,0.00000407,1000.00000000
2018-02-23 04:16:38,0.00000407,4000.00000000
2018-02-23 04:16:39,0.00000406,19152.00000000
2018-02-23 04:16:42,0.00000406,7388.00000000
2018-02-23 04:16:43,0.00000406,7389.00000000
2018-02-23 04:16:43,0.00000406,6545.00000000
2018-02-23 04:16:43,0.00000406,3329.00000000
2018-02-23 04:16:44,0.00000407,1000.00000000
2018-02-23 04:16:47,0.00000406,14096.00000000
2018-02-23 04:16:49,0.00000407,10371.00000000
2018-02-23 04:16:52,0.00000406,3662.00000000
2018-02-23 04:16:53,0.00000407,1500.00000000
2018-02-23 04:16:59,0.00000407,480.00000000
2018-02-23 04:17:01,0.00000407,5.00000000
2018-02-23 04:17:02,0.00000407,1500.00000000
2018-02-23 04:17:02,0.00000406,1315.00000000
2018-02-23 04:17:03,0.00000407,6519.00000000
2018-02-23 04:17:04,0.00000407,2.00000000
2018-02-23 04:17:07,0.00000406,2661.00000000
2018-02-23 04:17:07,0.00000406,4702.00000000
2018-02-23 04:17:08,0.00000407,54182.00000000
2018-02-23 04:17:10,0.00000407,1500.00000000
2018-02-23 04:17:12,0.00000406,32242.00000000
2018-02-23 04:17:13,0.00000407,7389.00000000
2018-02-23 04:17:13,0.00000407,13828.00000000
2018-02-23 04:17:13,0.00000406,1569.00000000
2018-02-23 04:17:18,0.00000406,7388.00000000
2018-02-23 04:17:19,0.00000406,7389.00000000
2018-02-23 04:17:19,0.00000406,7389.00000000
2018-02-23 04:17:19,0.00000406,2270.00000000
2018-02-23 04:17:19,0.00000406,6478.00000000
2018-02-23 04:17:19,0.00000407,1000.00000000
2018-02-23 04:17:20,0.00000406,1047.00000000
2018-02-23 04:17:21,0.00000406,7377.00000000
2018-02-23 04:17:22,0.00000406,2113.00000000
2018-02-23 04:17:22,0.00000406,5540.00000000
2018-02-23 04:17:22,0.00000406,12426.00000000
2018-02-23 04:17:22,0.00000406,10159.00000000
2018-02-23 04:17:24,0.00000406,3270.00000000
2018-02-23 04:17:25,0.00000406,4507.00000000
2018-02-23 04:17:27,0.00000406,22284.00000000
2018-02-23 04:17:27,0.00000407,1000.00000000
2018-02-23 04:17:29,0.00000406,79754.00000000
2018-02-23 04:17:31,0.00000406,19052.00000000
2018-02-23 04:17:31,0.00000406,16764.00000000
2018-02-23 04:17:31,0.00000406,11416.00000000
2018-02-23 04:17:32,0.00000406,7502.00000000
2018-02-23 04:17:33,0.00000406,18294.00000000
2018-02-23 04:17:35,0.00000406,2053.00000000
2018-02-23 04:17:35,0.00000406,12720.00000000
2018-02-23 04:17:37,0.00000407,1500.00000000
2018-02-23 04:17:45,0.00000407,1500.00000000
2018-02-23 04:17:46,0.00000406,680.00000000
2018-02-23 04:17:53,0.00000407,1500.00000000
2018-02-23 04:17:59,0.00000407,21370.00000000
2018-02-23 04:18:02,0.00000407,1500.00000000
2018-02-23 04:18:06,0.00000407,11437.00000000
2018-02-23 04:18:06,0.00000407,5558.00000000
2018-02-23 04:18:09,0.00000406,463768.00000000
2018-02-23 04:18:09,0.00000407,625.00000000
2018-02-23 04:18:10,0.00000406,44548.00000000
2018-02-23 04:18:11,0.00000406,300.00000000
2018-02-23 04:18:13,0.00000406,5858.00000000
2018-02-23 04:18:17,0.00000407,1000.00000000
2018-02-23 04:18:25,0.00000407,1500.00000000
2018-02-23 04:18:31,0.00000406,499.00000000
2018-02-23 04:18:32,0.00000407,804.00000000
2018-02-23 04:18:35,0.00000407,1000.00000000
2018-02-23 04:18:43,0.00000407,1000.00000000
2018-02-23 04:18:45,0.00000406,16160.00000000
2018-02-23 04:18:55,0.00000406,341.00000000
2018-02-23 04:18:56,0.00000407,1500.00000000
2018-02-23 04:19:00,0.00000407,22645.00000000
2018-02-23 04:19:03,0.00000407,1015.00000000
2018-02-23 04:19:04,0.00000406,11258.00000000
2018-02-23 04:19:05,0.00000407,1000.00000000
2018-02-23 04:19:06,0.00000406,263611.00000000
2018-02-23 04:19:08,0.00000406,2502.00000000
2018-02-23 04:19:12,0.00000406,2432.00000000
2018-02-23 04:19:12,0.00000406,1000.00000000
2018-02-23 04:19:17,0.00000406,2976.00000000
2018-02-23 04:19:22,0.00000406,31043.00000000
2018-02-23 04:19:22,0.00000406,1000.00000000
2018-02-23 04:19:22,0.00000406,24592.00000000
2018-02-23 04:19:25,0.00000405,2966.00000000
2018-02-23 04:19:25,0.00000405,1413.00000000
2018-02-23 04:19:26,0.00000406,39407.00000000
2018-02-23 04:19:26,0.00000406,7384.00000000
2018-02-23 04:19:26,0.00000406,5515.00000000
2018-02-23 04:19:29,0.00000406,2246.00000000
2018-02-23 04:19:29,0.00000406,2983.00000000
2018-02-23 04:19:30,0.00000406,7383.00000000
2018-02-23 04:19:30,0.00000406,10783.00000000
2018-02-23 04:19:30,0.00000407,1000.00000000
2018-02-23 04:19:39,0.00000407,1500.00000000
2018-02-23 04:19:42,0.00000407,1886.00000000
2018-02-23 04:19:45,0.00000407,29.00000000
2018-02-23 04:19:49,0.00000407,1000.00000000
2018-02-23 04:19:51,0.00000406,35392.00000000
2018-02-23 04:19:58,0.00000407,1000.00000000
2018-02-23 04:19:58,0.00000406,53.00000000
2018-02-23 04:20:00,0.00000407,17039.00000000
2018-02-23 04:20:00,0.00000406,986.00000000
2018-02-23 04:20:04,0.00000407,394.00000000
2018-02-23 04:20:06,0.00000407,2457.00000000
2018-02-23 04:20:07,0.00000407,1500.00000000
2018-02-23 04:20:12,0.00000407,1416.00000000
2018-02-23 04:20:16,0.00000407,1000.00000000
2018-02-23 04:20:21,0.00000407,4177.00000000
2018-02-23 04:20:24,0.00000407,1500.00000000
2018-02-23 04:20:33,0.00000406,6290.00000000
2018-02-23 04:20:35,0.00000407,1000.00000000
2018-02-23 04:20:43,0.00000407,1000.00000000
2018-02-23 04:20:44,0.00000406,1698.00000000
2018-02-23 04:20:52,0.00000407,1500.00000000
2018-02-23 04:20:54,0.00000406,6744.00000000
2018-02-23 04:20:57,0.00000406,11484.00000000
2018-02-23 04:21:00,0.00000407,1000.00000000
2018-02-23 04:21:03,0.00000407,21769.00000000
2018-02-23 04:21:04,0.00000407,33728.00000000
2018-02-23 04:21:04,0.00000407,1365.00000000
2018-02-23 04:21:09,0.00000407,1500.00000000
2018-02-23 04:21:12,0.00000406,1.00000000
2018-02-23 04:21:15,0.00000407,30780.00000000
2018-02-23 04:21:19,0.00000407,1320985.00000000
2018-02-23 04:21:21,0.00000407,25894.00000000
2018-02-23 04:21:23,0.00000407,1000.00000000
2018-02-23 04:21:26,0.00000407,660493.00000000
2018-02-23 04:21:31,0.00000407,1000.00000000
2018-02-23 04:21:33,0.00000406,123500.00000000
2018-02-23 04:21:40,0.00000407,1500.00000000
2018-02-23 04:21:49,0.00000407,1000.00000000
2018-02-23 04:21:54,0.00000407,3745.00000000
2018-02-23 04:21:58,0.00000407,1000.00000000
2018-02-23 04:22:07,0.00000407,1500.00000000
2018-02-23 04:22:12,0.00000407,3919.00000000
2018-02-23 04:22:16,0.00000407,1500.00000000
2018-02-23 04:22:25,0.00000407,1000.00000000
2018-02-23 04:22:31,0.00000407,193041.00000000
2018-02-23 04:22:31,0.00000407,7445.00000000
2018-02-23 04:22:34,0.00000407,1000.00000000
2018-02-23 04:22:35,0.00000406,2425.00000000
2018-02-23 04:22:36,0.00000407,1227.00000000
2018-02-23 04:22:41,0.00000406,37641.00000000
2018-02-23 04:22:42,0.00000407,1000.00000000
2018-02-23 04:22:52,0.00000407,1000.00000000
2018-02-23 04:22:56,0.00000407,95500.00000000
2018-02-23 04:22:57,0.00000407,3000.00000000
2018-02-23 04:23:00,0.00000407,1500.00000000
2018-02-23 04:23:03,0.00000406,4139.00000000
2018-02-23 04:23:04,0.00000407,2979.00000000
2018-02-23 04:23:07,0.00000406,774.00000000
2018-02-23 04:23:08,0.00000407,1500.00000000
2018-02-23 04:23:19,0.00000407,10515.00000000
2018-02-23 04:23:19,0.00000407,1000.00000000
2018-02-23 04:23:20,0.00000407,14.00000000
2018-02-23 04:23:26,0.00000407,9316.00000000
2018-02-23 04:23:26,0.00000407,7367.00000000
2018-02-23 04:23:28,0.00000407,1000.00000000
2018-02-23 04:23:29,0.00000406,10460.00000000
2018-02-23 04:23:31,0.00000406,775187.00000000
2018-02-23 04:23:35,0.00000407,924.00000000
2018-02-23 04:23:38,0.00000407,1500.00000000
2018-02-23 04:23:45,0.00000407,860.00000000
2018-02-23 04:23:46,0.00000407,1000.00000000
2018-02-23 04:23:48,0.00000407,7366.00000000
2018-02-23 04:23:48,0.00000407,7365.00000000
2018-02-23 04:23:48,0.00000407,7365.00000000
2018-02-23 04:23:48,0.00000407,5482.00000000
2018-02-23 04:23:50,0.00000407,1000.00000000
2018-02-23 04:23:50,0.00000407,999.00000000
2018-02-23 04:23:51,0.00000407,6368.00000000
2018-02-23 04:23:51,0.00000407,5055.00000000
2018-02-23 04:23:54,0.00000407,15712.00000000
2018-02-23 04:23:54,0.00000407,2457.00000000
2018-02-23 04:23:54,0.00000407,2511.00000000
2018-02-23 04:23:54,0.00000407,7358.00000000
2018-02-23 04:23:54,0.00000407,2511.00000000
2018-02-23 04:23:54,0.00000407,15712.00000000
2018-02-23 04:23:55,0.00000407,1500.00000000
2018-02-23 04:23:56,0.00000407,4657.00000000
2018-02-23 04:23:57,0.00000407,2361.00000000
2018-02-23 04:23:57,0.00000407,698.00000000
2018-02-23 04:23:57,0.00000407,1652.00000000
2018-02-23 04:23:59,0.00000407,91156.00000000
2018-02-23 04:24:00,0.00000406,18856.00000000
2018-02-23 04:24:04,0.00000407,6482.00000000
2018-02-23 04:24:05,0.00000407,2457.00000000
2018-02-23 04:24:05,0.00000407,7360.00000000
2018-02-23 04:24:05,0.00000407,46451.00000000
2018-02-23 04:24:05,0.00000407,2457.00000000
2018-02-23 04:24:06,0.00000407,1000.00000000
2018-02-23 04:24:06,0.00000407,15509.00000000
2018-02-23 04:24:06,0.00000406,22089.00000000
2018-02-23 04:24:08,0.00000406,1000.00000000
2018-02-23 04:24:14,0.00000406,50000.00000000
2018-02-23 04:24:17,0.00000407,1000.00000000
2018-02-23 04:24:21,0.00000407,15330.00000000
2018-02-23 04:24:25,0.00000407,1000.00000000
2018-02-23 04:24:28,0.00000407,7366.00000000
2018-02-23 04:24:28,0.00000407,7365.00000000
2018-02-23 04:24:28,0.00000407,35292.00000000
2018-02-23 04:24:28,0.00000407,7365.00000000
2018-02-23 04:24:28,0.00000407,6730.00000000
2018-02-23 04:24:28,0.00000407,19180.00000000
2018-02-23 04:24:28,0.00000407,7365.00000000
2018-02-23 04:24:31,0.00000407,2000.00000000
2018-02-23 04:24:31,0.00000407,57444.00000000
2018-02-23 04:24:31,0.00000407,5192.00000000
2018-02-23 04:24:35,0.00000407,12174.00000000
2018-02-23 04:24:35,0.00000407,974.00000000
2018-02-23 04:24:35,0.00000407,1000.00000000
2018-02-23 04:24:44,0.00000407,1663.00000000
2018-02-23 04:24:45,0.00000407,499.00000000
2018-02-23 04:24:47,0.00000407,1000.00000000
2018-02-23 04:24:48,0.00000407,3307.00000000
2018-02-23 04:24:48,0.00000407,1261190.00000000
2018-02-23 04:24:49,0.00000407,41456.00000000
2018-02-23 04:24:49,0.00000407,2457.00000000
2018-02-23 04:24:50,0.00000407,4914.00000000
2018-02-23 04:24:50,0.00000407,5532.00000000
2018-02-23 04:24:50,0.00000407,22350.00000000
2018-02-23 04:24:51,0.00000407,738.00000000
2018-02-23 04:24:52,0.00000407,813.00000000
2018-02-23 04:24:52,0.00000407,31034.00000000
2018-02-23 04:24:56,0.00000408,165.00000000
2018-02-23 04:24:57,0.00000408,1000.00000000
2018-02-23 04:24:57,0.00000407,1039.00000000
2018-02-23 04:24:58,0.00000407,9767.00000000
2018-02-23 04:24:59,0.00000407,862.00000000
2018-02-23 04:24:59,0.00000407,1252.00000000
2018-02-23 04:25:04,0.00000408,24161.00000000
2018-02-23 04:25:04,0.00000407,2000.00000000
2018-02-23 04:25:05,0.00000408,2228.00000000
2018-02-23 04:25:06,0.00000408,1450.00000000
2018-02-23 04:25:07,0.00000408,33163.00000000
2018-02-23 04:25:09,0.00000407,17500.00000000
2018-02-23 04:25:12,0.00000407,404206.00000000
2018-02-23 04:25:14,0.00000408,1000.00000000
2018-02-23 04:25:16,0.00000407,3467.00000000
2018-02-23 04:25:21,0.00000407,38685.00000000
2018-02-23 04:25:24,0.00000408,1425.00000000
2018-02-23 04:25:31,0.00000408,10412.00000000
2018-02-23 04:25:35,0.00000407,7352.00000000
2018-02-23 04:25:38,0.00000408,1400.00000000
2018-02-23 04:25:48,0.00000408,1000.00000000
2018-02-23 04:25:50,0.00000407,1403.00000000
2018-02-23 04:25:51,0.00000408,246.00000000
2018-02-23 04:25:52,0.00000408,1500.00000000
2018-02-23 04:25:55,0.00000408,58385.00000000
2018-02-23 04:25:56,0.00000408,1375.00000000
2018-02-23 04:26:05,0.00000408,2205.00000000
2018-02-23 04:26:05,0.00000408,1000.00000000
2018-02-23 04:26:07,0.00000408,1010.00000000
2018-02-23 04:26:13,0.00000408,1350.00000000
2018-02-23 04:26:15,0.00000407,1757.00000000
2018-02-23 04:26:18,0.00000408,2432.00000000
2018-02-23 04:26:22,0.00000408,1325.00000000
2018-02-23 04:26:22,0.00000407,7371.00000000
2018-02-23 04:26:23,0.00000407,5044.00000000
2018-02-23 04:26:25,0.00000408,29550.00000000
2018-02-23 04:26:25,0.00000408,30000.00000000
2018-02-23 04:26:27,0.00000408,22610.00000000
2018-02-23 04:26:31,0.00000408,1325.00000000
2018-02-23 04:26:31,0.00000407,8000.00000000
2018-02-23 04:26:34,0.00000408,3713.00000000
2018-02-23 04:26:35,0.00000407,3125.00000000
2018-02-23 04:26:37,0.00000408,310.00000000
2018-02-23 04:26:38,0.00000407,4915.00000000
2018-02-23 04:26:39,0.00000408,17500.00000000
2018-02-23 04:26:39,0.00000407,3685.00000000
2018-02-23 04:26:39,0.00000408,1000.00000000
2018-02-23 04:26:40,0.00000407,10543.00000000
2018-02-23 04:26:40,0.00000407,1228.00000000
2018-02-23 04:26:46,0.00000408,17087.00000000
2018-02-23 04:26:47,0.00000407,37969.00000000
2018-02-23 04:26:48,0.00000408,1000.00000000
2018-02-23 04:26:59,0.00000407,2000.00000000
2018-02-23 04:27:00,0.00000408,1000.00000000
2018-02-23 04:27:02,0.00000408,1089.00000000
2018-02-23 04:27:03,0.00000408,24816.00000000
2018-02-23 04:27:08,0.00000407,2000.00000000
2018-02-23 04:27:12,0.00000408,627.00000000
2018-02-23 04:27:13,0.00000408,1.00000000
2018-02-23 04:27:24,0.00000408,30000.00000000
2018-02-23 04:27:25,0.00000408,45821.00000000
2018-02-23 04:27:26,0.00000408,2035.00000000
2018-02-23 04:27:30,0.00000408,11706.00000000
2018-02-23 04:27:35,0.00000408,20000.00000000
2018-02-23 04:27:39,0.00000407,61000.00000000
2018-02-23 04:27:40,0.00000408,246.00000000
2018-02-23 04:27:42,0.00000408,190874.00000000
2018-02-23 04:27:44,0.00000407,1228.00000000
2018-02-23 04:27:46,0.00000407,1000.00000000
2018-02-23 04:27:50,0.00000408,5681.00000000
2018-02-23 04:27:58,0.00000408,98860.00000000
2018-02-23 04:28:00,0.00000408,28873.00000000
2018-02-23 04:28:07,0.00000408,30949.00000000
2018-02-23 04:28:13,0.00000407,21396.00000000
2018-02-23 04:28:15,0.00000408,23935.00000000
2018-02-23 04:28:19,0.00000408,21068.00000000
2018-02-23 04:28:20,0.00000407,300.00000000
2018-02-23 04:28:23,0.00000408,55534.00000000
2018-02-23 04:28:24,0.00000408,65017.00000000
2018-02-23 04:28:24,0.00000407,621.00000000
2018-02-23 04:28:26,0.00000408,122561.00000000
2018-02-23 04:28:29,0.00000408,9712.00000000
2018-02-23 04:28:34,0.00000408,6413.00000000
2018-02-23 04:28:43,0.00000408,581.00000000
2018-02-23 04:28:49,0.00000408,20675.00000000
2018-02-23 04:28:53,0.00000408,3776.00000000
2018-02-23 04:28:56,0.00000408,1.00000000
2018-02-23 04:28:57,0.00000408,65022.00000000
2018-02-23 04:28:59,0.00000408,78188.00000000
2018-02-23 04:29:03,0.00000408,4033.00000000
2018-02-23 04:29:04,0.00000408,3360.00000000
2018-02-23 04:29:08,0.00000408,17.00000000
2018-02-23 04:29:08,0.00000408,250.00000000
2018-02-23 04:29:08,0.00000408,3177.00000000
2018-02-23 04:29:09,0.00000408,17834.00000000
2018-02-23 04:29:10,0.00000408,7345.00000000
2018-02-23 04:29:10,0.00000408,7345.00000000
2018-02-23 04:29:10,0.00000408,7345.00000000
2018-02-23 04:29:10,0.00000408,7344.00000000
2018-02-23 04:29:10,0.00000408,4098.00000000
2018-02-23 04:29:10,0.00000408,6796.00000000
2018-02-23 04:29:10,0.00000407,7344.00000000
2018-02-23 04:29:10,0.00000408,2698.00000000
2018-02-23 04:29:10,0.00000408,548.00000000
2018-02-23 04:29:10,0.00000407,24561.00000000
2018-02-23 04:29:11,0.00000408,5001.00000000
2018-02-23 04:29:11,0.00000407,7344.00000000
2018-02-23 04:29:11,0.00000408,290563.00000000
2018-02-23 04:29:11,0.00000408,7343.00000000
2018-02-23 04:29:11,0.00000408,21245.00000000
2018-02-23 04:29:11,0.00000408,2482.00000000
2018-02-23 04:29:11,0.00000408,7342.00000000
2018-02-23 04:29:11,0.00000408,10492.00000000
2018-02-23 04:29:11,0.00000408,7342.00000000
2018-02-23 04:29:11,0.00000408,50328.00000000
2018-02-23 04:29:12,0.00000407,7342.00000000
2018-02-23 04:29:12,0.00000407,2300.00000000
2018-02-23 04:29:12,0.00000408,22501.00000000
2018-02-23 04:29:13,0.00000408,151114.00000000
2018-02-23 04:29:14,0.00000409,4492.00000000
2018-02-23 04:29:14,0.00000409,9442.00000000
2018-02-23 04:29:14,0.00000409,20698.00000000
2018-02-23 04:29:19,0.00000408,5000.00000000
2018-02-23 04:29:20,0.00000408,19601.00000000
2018-02-23 04:29:23,0.00000409,15019.00000000
2018-02-23 04:29:26,0.00000408,7352.00000000
2018-02-23 04:29:32,0.00000409,518.00000000
2018-02-23 04:29:33,0.00000409,5000.00000000
2018-02-23 04:29:34,0.00000408,3186.00000000
2018-02-23 04:29:39,0.00000408,18072.00000000
2018-02-23 04:29:41,0.00000409,410.00000000
2018-02-23 04:29:44,0.00000409,8413.00000000
2018-02-23 04:29:46,0.00000409,550.00000000
2018-02-23 04:29:51,0.00000408,82605.00000000
2018-02-23 04:29:54,0.00000409,11660.00000000
2018-02-23 04:29:57,0.00000408,165.00000000
2018-02-23 04:30:05,0.00000408,27739.00000000
2018-02-23 04:30:07,0.00000408,2024.00000000
2018-02-23 04:30:12,0.00000408,198062.00000000
2018-02-23 04:30:25,0.00000408,3098.00000000
2018-02-23 04:30:26,0.00000408,1938.00000000
2018-02-23 04:30:26,0.00000409,692.00000000
2018-02-23 04:30:29,0.00000409,18421.00000000
2018-02-23 04:30:32,0.00000409,6140.00000000
2018-02-23 04:30:35,0.00000409,3.00000000
2018-02-23 04:30:40,0.00000409,2740.00000000
2018-02-23 04:30:40,0.00000409,2.00000000
2018-02-23 04:30:42,0.00000409,10178.00000000
2018-02-23 04:30:42,0.00000409,10.00000000
2018-02-23 04:30:45,0.00000409,116722.00000000
2018-02-23 04:30:47,0.00000409,1197.00000000
2018-02-23 04:30:50,0.00000408,2922.00000000
2018-02-23 04:30:53,0.00000409,500.00000000
2018-02-23 04:30:54,0.00000409,3906.00000000
2018-02-23 04:30:55,0.00000409,3891.00000000
2018-02-23 04:30:57,0.00000409,3889.00000000
2018-02-23 04:30:57,0.00000408,1628.00000000
2018-02-23 04:31:03,0.00000409,22440.00000000
2018-02-23 04:31:08,0.00000409,8696.00000000
2018-02-23 04:31:09,0.00000409,2444.00000000
2018-02-23 04:31:11,0.00000409,71620.00000000
2018-02-23 04:31:11,0.00000409,18349.00000000
2018-02-23 04:31:12,0.00000409,6.00000000
2018-02-23 04:31:13,0.00000409,200000.00000000
2018-02-23 04:31:13,0.00000408,3.00000000
2018-02-23 04:31:14,0.00000409,14697.00000000
2018-02-23 04:31:14,0.00000409,7326.00000000
2018-02-23 04:31:14,0.00000409,10463.00000000
2018-02-23 04:31:14,0.00000409,3961.00000000
2018-02-23 04:31:14,0.00000409,4951.00000000
2018-02-23 04:31:15,0.00000409,146328.00000000
2018-02-23 04:31:17,0.00000409,536.00000000
2018-02-23 04:31:24,0.00000408,38822.00000000
2018-02-23 04:31:39,0.00000409,2.00000000
2018-02-23 04:31:47,0.00000409,20694.00000000
2018-02-23 04:31:51,0.00000409,286.00000000
2018-02-23 04:31:54,0.00000409,59594.00000000
2018-02-23 04:31:55,0.00000409,429.00000000
2018-02-23 04:31:59,0.00000409,429.00000000
2018-02-23 04:32:04,0.00000409,114427.00000000
2018-02-23 04:32:04,0.00000409,12808.00000000
2018-02-23 04:32:05,0.00000409,43004.00000000
2018-02-23 04:32:05,0.00000408,750.00000000
2018-02-23 04:32:07,0.00000409,20741.00000000
2018-02-23 04:32:12,0.00000409,105134.00000000
2018-02-23 04:32:14,0.00000409,26288.00000000
2018-02-23 04:32:14,0.00000409,90333.00000000
2018-02-23 04:32:14,0.00000409,7329.00000000
2018-02-23 04:32:14,0.00000409,7329.00000000
2018-02-23 04:32:14,0.00000409,7329.00000000
2018-02-23 04:32:15,0.00000409,7329.00000000
2018-02-23 04:32:15,0.00000409,4284.00000000
2018-02-23 04:32:15,0.00000409,23232.00000000
2018-02-23 04:32:15,0.00000409,4285.00000000
2018-02-23 04:32:15,0.00000408,7329.00000000
2018-02-23 04:32:15,0.00000408,4283.00000000
2018-02-23 04:32:16,0.00000409,12000.00000000
2018-02-23 04:32:19,0.00000409,33701.00000000
2018-02-23 04:32:20,0.00000409,72935.00000000
2018-02-23 04:32:20,0.00000409,7327.00000000
2018-02-23 04:32:20,0.00000409,218539.00000000
2018-02-23 04:32:20,0.00000409,3959.00000000
2018-02-23 04:32:20,0.00000409,7427.00000000
2018-02-23 04:32:20,0.00000408,7327.00000000
2018-02-23 04:32:20,0.00000409,11208.00000000
2018-02-23 04:32:22,0.00000409,10065.00000000
2018-02-23 04:32:22,0.00000409,165.00000000
2018-02-23 04:32:22,0.00000409,132802.00000000
2018-02-23 04:32:23,0.00000409,23582.00000000
2018-02-23 04:32:23,0.00000408,1200.00000000
2018-02-23 04:32:23,0.00000409,24875.00000000
2018-02-23 04:32:24,0.00000409,5247.00000000
2018-02-23 04:32:24,0.00000409,24620.00000000
2018-02-23 04:32:24,0.00000409,43305.00000000
2018-02-23 04:32:24,0.00000409,39908.00000000
2018-02-23 04:32:25,0.00000409,20726.00000000
2018-02-23 04:32:28,0.00000409,4990.00000000
2018-02-23 04:32:28,0.00000409,436.00000000
2018-02-23 04:32:28,0.00000409,4889.00000000
2018-02-23 04:32:28,0.00000409,100000.00000000
2018-02-23 04:32:30,0.00000409,2590.00000000
2018-02-23 04:32:34,0.00000409,4999.00000000
2018-02-23 04:32:34,0.00000409,5000.00000000
2018-02-23 04:32:34,0.00000408,5000.00000000
2018-02-23 04:32:37,0.00000409,163.00000000
2018-02-23 04:32:41,0.00000409,2499.00000000
2018-02-23 04:32:41,0.00000409,2555.00000000
2018-02-23 04:32:42,0.00000409,269.00000000
2018-02-23 04:32:43,0.00000409,82187.00000000
2018-02-23 04:32:46,0.00000409,13999.00000000
2018-02-23 04:32:49,0.00000410,246907.00000000
2018-02-23 04:32:49,0.00000410,9802.00000000
2018-02-23 04:32:57,0.00000410,19.00000000
2018-02-23 04:32:58,0.00000410,16203.00000000
2018-02-23 04:32:59,0.00000409,2043.00000000
2018-02-23 04:33:02,0.00000410,4341.00000000
2018-02-23 04:33:02,0.00000410,73170.00000000
2018-02-23 04:33:04,0.00000410,3713.00000000
2018-02-23 04:33:05,0.00000410,395549.00000000
2018-02-23 04:33:08,0.00000409,15.00000000
2018-02-23 04:33:13,0.00000410,82264.00000000
2018-02-23 04:33:13,0.00000410,148343.00000000
2018-02-23 04:33:14,0.00000410,2439.00000000
2018-02-23 04:33:14,0.00000409,29110.00000000
2018-02-23 04:33:14,0.00000410,4998.00000000
2018-02-23 04:33:14,0.00000410,435.00000000
2018-02-23 04:33:14,0.00000410,3345.00000000
2018-02-23 04:33:14,0.00000410,97621.00000000
2018-02-23 04:33:14,0.00000410,7281.00000000
2018-02-23 04:33:14,0.00000410,24390.00000000
2018-02-23 04:33:14,0.00000410,3133.00000000
2018-02-23 04:33:14,0.00000410,7317.00000000
2018-02-23 04:33:15,0.00000410,2053.00000000
2018-02-23 04:33:16,0.00000409,24390.00000000
2018-02-23 04:33:16,0.00000410,2392.00000000
2018-02-23 04:33:16,0.00000410,13.00000000
2018-02-23 04:33:19,0.00000410,88700.00000000
2018-02-23 04:33:19,0.00000410,98049.00000000
2018-02-23 04:33:19,0.00000410,2938.00000000
2018-02-23 04:33:20,0.00000410,16146.00000000
2018-02-23 04:33:21,0.00000410,2369.00000000
2018-02-23 04:33:22,0.00000410,234763.00000000
2018-02-23 04:33:23,0.00000410,45728.00000000
2018-02-23 04:33:24,0.00000410,20414.00000000
2018-02-23 04:33:24,0.00000410,9763.00000000
2018-02-23 04:33:25,0.00000410,7374.00000000
2018-02-23 04:33:25,0.00000410,7308.00000000
2018-02-23 04:33:25,0.00000410,3904.00000000
2018-02-23 04:33:25,0.00000410,16865.00000000
2018-02-23 04:33:25,0.00000410,3909.00000000
2018-02-23 04:33:25,0.00000409,7308.00000000
2018-02-23 04:33:27,0.00000410,441.00000000
2018-02-23 04:33:27,0.00000410,56270.00000000
2018-02-23 04:33:27,0.00000410,12922.00000000
2018-02-23 04:33:28,0.00000410,16045.00000000
2018-02-23 04:33:28,0.00000410,502.00000000
2018-02-23 04:33:32,0.00000411,1047.00000000
2018-02-23 04:33:34,0.00000410,418.00000000
2018-02-23 04:33:36,0.00000411,114704.00000000
2018-02-23 04:33:45,0.00000411,106638.00000000
2018-02-23 04:33:48,0.00000410,676.00000000
2018-02-23 04:33:50,0.00000411,21378.00000000
2018-02-23 04:33:53,0.00000411,16047.00000000
2018-02-23 04:33:55,0.00000410,1000.00000000
2018-02-23 04:33:55,0.00000411,5349.00000000
2018-02-23 04:33:55,0.00000411,1314.00000000
2018-02-23 04:33:57,0.00000411,1000.00000000
2018-02-23 04:33:57,0.00000410,1219.00000000
2018-02-23 04:34:00,0.00000411,983.00000000
2018-02-23 04:34:00,0.00000411,19832.00000000
2018-02-23 04:34:01,0.00000411,10922.00000000
2018-02-23 04:34:02,0.00000411,7348.00000000
2018-02-23 04:34:02,0.00000410,3132.00000000
2018-02-23 04:34:02,0.00000410,10235.00000000
2018-02-23 04:34:03,0.00000411,4015.00000000
2018-02-23 04:34:03,0.00000411,24330.00000000
2018-02-23 04:34:04,0.00000410,52204.00000000
2018-02-23 04:34:05,0.00000411,790.00000000
2018-02-23 04:34:06,0.00000411,1374.00000000
2018-02-23 04:34:07,0.00000410,2555.00000000
2018-02-23 04:34:12,0.00000410,453.00000000
2018-02-23 04:34:17,0.00000410,14555.00000000
2018-02-23 04:34:21,0.00000411,114349.00000000
2018-02-23 04:34:29,0.00000410,589046.00000000
2018-02-23 04:34:30,0.00000410,296.00000000
2018-02-23 04:34:32,0.00000410,17577.00000000
2018-02-23 04:34:33,0.00000411,2433.00000000
2018-02-23 04:34:34,0.00000411,270.00000000
2018-02-23 04:34:36,0.00000411,90.00000000
2018-02-23 04:34:38,0.00000411,7292.00000000
2018-02-23 04:34:38,0.00000411,7291.00000000
2018-02-23 04:34:38,0.00000411,5356.00000000
2018-02-23 04:34:38,0.00000411,7292.00000000
2018-02-23 04:34:39,0.00000411,7291.00000000
2018-02-23 04:34:39,0.00000411,7292.00000000
2018-02-23 04:34:39,0.00000411,7292.00000000
2018-02-23 04:34:39,0.00000411,3892.00000000
2018-02-23 04:34:39,0.00000411,7291.00000000
2018-02-23 04:34:39,0.00000410,7291.00000000
2018-02-23 04:34:39,0.00000411,4984.00000000
2018-02-23 04:34:39,0.00000410,16408.00000000
2018-02-23 04:34:39,0.00000411,1840.00000000
2018-02-23 04:34:40,0.00000411,7294.00000000
2018-02-23 04:34:40,0.00000411,7295.00000000
2018-02-23 04:34:40,0.00000411,7295.00000000
2018-02-23 04:34:40,0.00000411,7295.00000000
2018-02-23 04:34:41,0.00000411,7293.00000000
2018-02-23 04:34:41,0.00000411,7294.00000000
2018-02-23 04:34:41,0.00000411,7294.00000000
2018-02-23 04:34:41,0.00000411,7293.00000000
2018-02-23 04:34:41,0.00000411,7294.00000000
2018-02-23 04:34:41,0.00000411,7154.00000000
2018-02-23 04:34:41,0.00000411,7156.00000000
2018-02-23 04:34:41,0.00000410,7154.00000000
2018-02-23 04:34:42,0.00000411,7294.00000000
2018-02-23 04:34:42,0.00000411,5085.00000000
2018-02-23 04:34:42,0.00000411,5084.00000000
2018-02-23 04:34:43,0.00000410,5084.00000000
2018-02-23 04:34:43,0.00000411,2800.00000000
2018-02-23 04:34:43,0.00000411,2433.00000000
2018-02-23 04:34:43,0.00000411,3933.00000000
2018-02-23 04:34:44,0.00000411,4947.00000000
2018-02-23 04:34:45,0.00000410,39908.00000000
2018-02-23 04:34:45,0.00000411,2066.00000000
2018-02-23 04:34:46,0.00000410,22028.00000000
2018-02-23 04:34:46,0.00000410,1673.00000000
2018-02-23 04:34:49,0.00000411,48764.00000000
2018-02-23 04:34:49,0.00000410,43292.00000000
2018-02-23 04:34:53,0.00000411,4012.00000000
2018-02-23 04:34:54,0.00000411,7294.00000000
2018-02-23 04:34:54,0.00000411,7294.00000000
2018-02-23 04:34:54,0.00000410,188827.00000000
2018-02-23 04:34:54,0.00000411,3305.00000000
2018-02-23 04:34:54,0.00000410,7294.00000000
2018-02-23 04:34:55,0.00000411,3.00000000
2018-02-23 04:34:56,0.00000410,24620.00000000
2018-02-23 04:34:57,0.00000411,1557.00000000
2018-02-23 04:34:57,0.00000411,1558.00000000
2018-02-23 04:34:58,0.00000410,1558.00000000
2018-02-23 04:35:00,0.00000410,3544.00000000
2018-02-23 04:35:01,0.00000410,73164.00000000
2018-02-23 04:35:01,0.00000410,16409.00000000
2018-02-23 04:35:01,0.00000410,276753.00000000
2018-02-23 04:35:01,0.00000409,346583.00000000
2018-02-23 04:35:01,0.00000411,247.00000000
2018-02-23 04:35:02,0.00000410,10510.00000000
2018-02-23 04:35:02,0.00000410,9782.00000000
2018-02-23 04:35:02,0.00000410,7301.00000000
2018-02-23 04:35:02,0.00000410,6098.00000000
2018-02-23 04:35:02,0.00000410,14681.00000000
2018-02-23 04:35:02,0.00000410,5343.00000000
2018-02-23 04:35:02,0.00000410,4274.00000000
2018-02-23 04:35:02,0.00000410,2904.00000000
2018-02-23 04:35:02,0.00000409,7301.00000000
2018-02-23 04:35:02,0.00000410,2743.00000000
2018-02-23 04:35:02,0.00000410,22363.00000000
2018-02-23 04:35:02,0.00000410,433.00000000
2018-02-23 04:35:03,0.00000410,4998.00000000
2018-02-23 04:35:03,0.00000410,702.00000000
2018-02-23 04:35:03,0.00000410,29155.00000000
2018-02-23 04:35:03,0.00000409,5343.00000000
2018-02-23 04:35:03,0.00000410,703.00000000
2018-02-23 04:35:03,0.00000410,7307.00000000
2018-02-23 04:35:03,0.00000409,2743.00000000
2018-02-23 04:35:03,0.00000410,24390.00000000
2018-02-23 04:35:03,0.00000410,25522.00000000
2018-02-23 04:35:03,0.00000410,4889.00000000
2018-02-23 04:35:03,0.00000410,7300.00000000
2018-02-23 04:35:03,0.00000410,7302.00000000
2018-02-23 04:35:03,0.00000410,34167.00000000
2018-02-23 04:35:03,0.00000409,7307.00000000
2018-02-23 04:35:03,0.00000410,7302.00000000
2018-02-23 04:35:03,0.00000410,3137.00000000
2018-02-23 04:35:03,0.00000409,7300.00000000
2018-02-23 04:35:03,0.00000409,7302.00000000
2018-02-23 04:35:03,0.00000410,7300.00000000
2018-02-23 04:35:03,0.00000410,11801.00000000
2018-02-23 04:35:04,0.00000410,4336.00000000
2018-02-23 04:35:04,0.00000410,4188.00000000
2018-02-23 04:35:04,0.00000411,6149.00000000
2018-02-23 04:35:04,0.00000410,4188.00000000
2018-02-23 04:35:04,0.00000409,3112.00000000
2018-02-23 04:35:04,0.00000409,24390.00000000
2018-02-23 04:35:04,0.00000409,400.00000000
2018-02-23 04:35:04,0.00000410,4433.00000000
2018-02-23 04:35:04,0.00000410,7309.00000000
2018-02-23 04:35:05,0.00000410,37063.00000000
2018-02-23 04:35:05,0.00000410,826.00000000
2018-02-23 04:35:05,0.00000410,805.00000000
2018-02-23 04:35:05,0.00000410,4069.00000000
2018-02-23 04:35:05,0.00000410,5770.00000000
2018-02-23 04:35:05,0.00000409,7309.00000000
2018-02-23 04:35:05,0.00000410,5770.00000000
2018-02-23 04:35:05,0.00000409,4069.00000000
2018-02-23 04:35:05,0.00000410,4889.00000000
2018-02-23 04:35:07,0.00000409,1232.00000000
2018-02-23 04:35:08,0.00000409,5000.00000000
2018-02-23 04:35:08,0.00000409,17500.00000000
2018-02-23 04:35:10,0.00000410,2433.00000000
2018-02-23 04:35:10,0.00000409,299.00000000
2018-02-23 04:35:11,0.00000409,1104.00000000
2018-02-23 04:35:11,0.00000409,2334.00000000
2018-02-23 04:35:12,0.00000410,4994.00000000
2018-02-23 04:35:12,0.00000410,414.00000000
2018-02-23 04:35:12,0.00000410,22208.00000000
2018-02-23 04:35:12,0.00000409,1106.00000000
2018-02-23 04:35:12,0.00000410,4889.00000000
2018-02-23 04:35:12,0.00000409,771.00000000
2018-02-23 04:35:13,0.00000410,7312.00000000
2018-02-23 04:35:13,0.00000410,7312.00000000
2018-02-23 04:35:14,0.00000409,1489.00000000
2018-02-23 04:35:14,0.00000410,7312.00000000
2018-02-23 04:35:14,0.00000410,7312.00000000
2018-02-23 04:35:14,0.00000410,7313.00000000
2018-02-23 04:35:14,0.00000410,1016.00000000
2018-02-23 04:35:14,0.00000409,1108.00000000
2018-02-23 04:35:14,0.00000409,381463.00000000
2018-02-23 04:35:15,0.00000410,7313.00000000
2018-02-23 04:35:15,0.00000410,7313.00000000
2018-02-23 04:35:15,0.00000410,3399.00000000
2018-02-23 04:35:17,0.00000410,349.00000000
2018-02-23 04:35:17,0.00000409,3990.00000000
2018-02-23 04:35:17,0.00000411,4980.00000000
2018-02-23 04:35:17,0.00000411,413.00000000
2018-02-23 04:35:17,0.00000411,7224.00000000
2018-02-23 04:35:17,0.00000411,4889.00000000
2018-02-23 04:35:19,0.00000410,7313.00000000
2018-02-23 04:35:19,0.00000410,1334.00000000
2018-02-23 04:35:20,0.00000411,1.00000000
2018-02-23 04:35:21,0.00000411,21744.00000000
2018-02-23 04:35:21,0.00000411,24330.00000000
2018-02-23 04:35:21,0.00000411,63019.00000000
2018-02-23 04:35:22,0.00000411,3760.00000000
2018-02-23 04:35:22,0.00000411,28991.00000000
2018-02-23 04:35:22,0.00000411,413.00000000
2018-02-23 04:35:22,0.00000411,7210.00000000
2018-02-23 04:35:22,0.00000411,34046.00000000
2018-02-23 04:35:22,0.00000411,63019.00000000
2018-02-23 04:35:22,0.00000411,5019.00000000
2018-02-23 04:35:22,0.00000411,7299.00000000
2018-02-23 04:35:22,0.00000411,4889.00000000
2018-02-23 04:35:22,0.00000410,1851.00000000
2018-02-23 04:35:23,0.00000411,4889.00000000
2018-02-23 04:35:25,0.00000411,158.00000000
2018-02-23 04:35:26,0.00000410,380.00000000
2018-02-23 04:35:26,0.00000411,580.00000000
2018-02-23 04:35:26,0.00000411,581.00000000
2018-02-23 04:35:27,0.00000411,413.00000000
2018-02-23 04:35:27,0.00000411,5019.00000000
2018-02-23 04:35:28,0.00000411,7295.00000000
2018-02-23 04:35:28,0.00000411,1885.00000000
2018-02-23 04:35:28,0.00000410,354.00000000
2018-02-23 04:35:28,0.00000411,1884.00000000
2018-02-23 04:35:29,0.00000411,22638.00000000
2018-02-23 04:35:29,0.00000410,1884.00000000
2018-02-23 04:35:30,0.00000411,6194.00000000
2018-02-23 04:35:31,0.00000410,65754.00000000
2018-02-23 04:35:31,0.00000410,685.00000000
2018-02-23 04:35:31,0.00000410,685.00000000
2018-02-23 04:35:31,0.00000410,685.00000000
2018-02-23 04:35:31,0.00000410,685.00000000
2018-02-23 04:35:31,0.00000410,2799.00000000
2018-02-23 04:35:31,0.00000410,1430.00000000
2018-02-23 04:35:31,0.00000410,2800.00000000
2018-02-23 04:35:31,0.00000410,1430.00000000
2018-02-23 04:35:31,0.00000410,1430.00000000
2018-02-23 04:35:31,0.00000410,18574.00000000
2018-02-23 04:35:32,0.00000409,2799.00000000
2018-02-23 04:35:32,0.00000410,14344.00000000
2018-02-23 04:35:32,0.00000410,7303.00000000
2018-02-23 04:35:32,0.00000410,3657.00000000
2018-02-23 04:35:32,0.00000410,7311.00000000
2018-02-23 04:35:32,0.00000409,7303.00000000
2018-02-23 04:35:32,0.00000409,1430.00000000
2018-02-23 04:35:32,0.00000410,10335.00000000
2018-02-23 04:35:32,0.00000410,14872.00000000
2018-02-23 04:35:32,0.00000410,2800.00000000
2018-02-23 04:35:32,0.00000410,24383.00000000
2018-02-23 04:35:32,0.00000410,7209.00000000
2018-02-23 04:35:33,0.00000409,8226.00000000
2018-02-23 04:35:34,0.00000410,419.00000000
2018-02-23 04:35:37,0.00000410,311.00000000
2018-02-23 04:35:38,0.00000409,1182.00000000
2018-02-23 04:35:39,0.00000410,27921.00000000
2018-02-23 04:35:39,0.00000410,89543.00000000
2018-02-23 04:35:45,0.00000410,2439.00000000
2018-02-23 04:35:49,0.00000410,5731.00000000
2018-02-23 04:35:50,0.00000409,92762.00000000
2018-02-23 04:35:51,0.00000410,3499.00000000
2018-02-23 04:35:52,0.00000410,2352.00000000
2018-02-23 04:35:54,0.00000409,16141.00000000
2018-02-23 04:35:54,0.00000410,24000.00000000
2018-02-23 04:35:59,0.00000410,1883.00000000
2018-02-23 04:36:00,0.00000410,16126.00000000
2018-02-23 04:36:01,0.00000410,354.00000000
2018-02-23 04:36:02,0.00000410,623.00000000
2018-02-23 04:36:03,0.00000410,7312.00000000
2018-02-23 04:36:03,0.00000410,48466.00000000
2018-02-23 04:36:03,0.00000410,7311.00000000
2018-02-23 04:36:03,0.00000410,7311.00000000
2018-02-23 04:36:03,0.00000410,9345.00000000
2018-02-23 04:36:03,0.00000410,7311.00000000
2018-02-23 04:36:03,0.00000410,7312.00000000
2018-02-23 04:36:04,0.00000410,7312.00000000
2018-02-23 04:36:04,0.00000410,7311.00000000
2018-02-23 04:36:04,0.00000410,7311.00000000
2018-02-23 04:36:04,0.00000410,7312.00000000
2018-02-23 04:36:04,0.00000410,1663.00000000
2018-02-23 04:36:05,0.00000410,56529.00000000
2018-02-23 04:36:06,0.00000410,7055.00000000
2018-02-23 04:36:10,0.00000410,202236.00000000
2018-02-23 04:36:13,0.00000410,640.00000000
2018-02-23 04:36:17,0.00000410,181790.00000000
2018-02-23 04:36:17,0.00000410,54250.00000000
2018-02-23 04:36:27,0.00000411,10010.00000000
2018-02-23 04:36:27,0.00000410,300.00000000
2018-02-23 04:36:28,0.00000411,7293.00000000
2018-02-23 04:36:28,0.00000411,18302.00000000
2018-02-23 04:36:28,0.00000411,7290.00000000
2018-02-23 04:36:28,0.00000411,7292.00000000
2018-02-23 04:36:28,0.00000411,7290.00000000
2018-02-23 04:36:28,0.00000411,2429.00000000
2018-02-23 04:36:28,0.00000411,3564.00000000
2018-02-23 04:36:28,0.00000411,7289.00000000
2018-02-23 04:36:28,0.00000411,3563.00000000
2018-02-23 04:36:28,0.00000410,7289.00000000
2018-02-23 04:36:29,0.00000410,85232.00000000
2018-02-23 04:36:29,0.00000410,1063.00000000
2018-02-23 04:36:30,0.00000410,1250.00000000
2018-02-23 04:36:30,0.00000409,1250.00000000
2018-02-23 04:36:33,0.00000410,1154.00000000
2018-02-23 04:36:33,0.00000410,4715.00000000
2018-02-23 04:36:33,0.00000410,1139.00000000
2018-02-23 04:36:34,0.00000410,2163.00000000
2018-02-23 04:36:34,0.00000411,6697.00000000
2018-02-23 04:36:34,0.00000411,17500.00000000
2018-02-23 04:36:39,0.00000410,121805.00000000
2018-02-23 04:36:39,0.00000410,9223.00000000
2018-02-23 04:36:40,0.00000410,345.00000000
2018-02-23 04:36:40,0.00000410,185480.00000000
2018-02-23 04:36:41,0.00000410,2067.00000000
2018-02-23 04:36:46,0.00000411,5536.00000000
2018-02-23 04:36:49,0.00000410,29102.00000000
2018-02-23 04:36:49,0.00000410,43092.00000000
2018-02-23 04:36:50,0.00000410,300.00000000
2018-02-23 04:36:51,0.00000410,12189.00000000
2018-02-23 04:36:54,0.00000410,24187.00000000
2018-02-23 04:36:54,0.00000410,3601.00000000
2018-02-23 04:36:56,0.00000410,300.00000000
2018-02-23 04:36:56,0.00000410,3325.00000000
2018-02-23 04:36:56,0.00000410,16121.00000000
2018-02-23 04:36:57,0.00000410,24794.00000000
2018-02-23 04:37:00,0.00000410,6269.00000000
2018-02-23 04:37:00,0.00000411,554.00000000
2018-02-23 04:37:02,0.00000410,1989.00000000
2018-02-23 04:37:03,0.00000410,300.00000000
2018-02-23 04:37:04,0.00000411,26985.00000000
2018-02-23 04:37:05,0.00000411,478.00000000
2018-02-23 04:37:10,0.00000410,6963.00000000
2018-02-23 04:37:12,0.00000410,7317.00000000
2018-02-23 04:37:16,0.00000410,32487.00000000
2018-02-23 04:37:17,0.00000410,5303.00000000
2018-02-23 04:37:20,0.00000410,19896.00000000
2018-02-23 04:37:23,0.00000411,18321.00000000
2018-02-23 04:37:24,0.00000411,2405.00000000
2018-02-23 04:37:25,0.00000411,191.00000000
2018-02-23 04:37:25,0.00000410,300.00000000
2018-02-23 04:37:28,0.00000411,13680.00000000
2018-02-23 04:37:35,0.00000411,838.00000000
2018-02-23 04:37:39,0.00000411,5232.00000000
2018-02-23 04:37:39,0.00000410,500.00000000
2018-02-23 04:37:44,0.00000410,105102.00000000
2018-02-23 04:37:45,0.00000410,7317.00000000
2018-02-23 04:37:45,0.00000410,15325.00000000
2018-02-23 04:37:45,0.00000410,17376.00000000
2018-02-23 04:37:45,0.00000411,6986.00000000
2018-02-23 04:37:49,0.00000411,2307.00000000
2018-02-23 04:37:49,0.00000410,7316.00000000
2018-02-23 04:37:50,0.00000410,7316.00000000
2018-02-23 04:37:50,0.00000410,16511.00000000
2018-02-23 04:37:50,0.00000410,6457.00000000
2018-02-23 04:37:50,0.00000410,10485.00000000
2018-02-23 04:37:50,0.00000410,35137.00000000
2018-02-23 04:37:50,0.00000410,383239.00000000
2018-02-23 04:37:52,0.00000410,12195.00000000
2018-02-23 04:37:52,0.00000410,98085.00000000
2018-02-23 04:37:55,0.00000410,11219.00000000
2018-02-23 04:37:56,0.00000410,899.00000000
2018-02-23 04:37:56,0.00000410,894.00000000
2018-02-23 04:37:56,0.00000410,7313.00000000
2018-02-23 04:37:56,0.00000410,7312.00000000
2018-02-23 04:37:56,0.00000410,500.00000000
2018-02-23 04:37:57,0.00000410,121287.00000000
2018-02-23 04:37:57,0.00000410,2432.00000000
2018-02-23 04:38:07,0.00000409,2438.00000000
2018-02-23 04:38:07,0.00000409,12174.00000000
2018-02-23 04:38:11,0.00000410,2000.00000000
2018-02-23 04:38:11,0.00000410,3082.00000000
2018-02-23 04:38:12,0.00000409,13434.00000000
2018-02-23 04:38:15,0.00000410,35178.00000000
2018-02-23 04:38:18,0.00000410,96.00000000
2018-02-23 04:38:19,0.00000410,640.00000000
2018-02-23 04:38:26,0.00000409,10.00000000
2018-02-23 04:38:31,0.00000409,114393.00000000
2018-02-23 04:38:34,0.00000410,25300.00000000
2018-02-23 04:38:36,0.00000410,33.00000000
2018-02-23 04:38:39,0.00000410,11292.00000000
2018-02-23 04:38:42,0.00000410,10.00000000
2018-02-23 04:38:43,0.00000410,2370.00000000
2018-02-23 04:38:45,0.00000410,8322.00000000
2018-02-23 04:38:45,0.00000410,3345.00000000
2018-02-23 04:38:48,0.00000410,1086.00000000
2018-02-23 04:38:49,0.00000410,24202.00000000
2018-02-23 04:38:49,0.00000410,24385.00000000
2018-02-23 04:38:50,0.00000409,352.00000000
2018-02-23 04:38:50,0.00000410,12371.00000000
2018-02-23 04:38:50,0.00000410,4130.00000000
2018-02-23 04:38:53,0.00000410,4.00000000
2018-02-23 04:38:53,0.00000410,245565.00000000
2018-02-23 04:38:55,0.00000409,5000.00000000
2018-02-23 04:39:01,0.00000410,6.00000000
2018-02-23 04:39:01,0.00000410,3672.00000000
2018-02-23 04:39:02,0.00000410,299.00000000
2018-02-23 04:39:04,0.00000410,3272.00000000
2018-02-23 04:39:15,0.00000410,450.00000000
2018-02-23 04:39:24,0.00000410,2575.00000000
2018-02-23 04:39:28,0.00000409,7693.00000000
2018-02-23 04:39:30,0.00000409,20434.00000000
2018-02-23 04:39:32,0.00000409,300.00000000
2018-02-23 04:39:38,0.00000409,16700.00000000
2018-02-23 04:39:42,0.00000409,36550.00000000
2018-02-23 04:39:43,0.00000409,500.00000000
2018-02-23 04:39:48,0.00000409,21452.00000000
2018-02-23 04:39:49,0.00000410,249.00000000
2018-02-23 04:39:49,0.00000409,50101.00000000
2018-02-23 04:39:54,0.00000409,496.00000000
2018-02-23 04:39:54,0.00000409,1237.00000000
2018-02-23 04:39:55,0.00000409,2396.00000000
2018-02-23 04:39:55,0.00000409,7333.00000000
2018-02-23 04:39:55,0.00000409,11739.00000000
2018-02-23 04:39:55,0.00000409,7333.00000000
2018-02-23 04:39:55,0.00000409,15352.00000000
2018-02-23 04:39:55,0.00000409,565.00000000
2018-02-23 04:39:56,0.00000409,27535.00000000
2018-02-23 04:39:56,0.00000409,10093.00000000
2018-02-23 04:39:56,0.00000409,6396.00000000
2018-02-23 04:39:56,0.00000409,5614.00000000
2018-02-23 04:39:56,0.00000409,4136.00000000
2018-02-23 04:39:57,0.00000409,972.00000000
2018-02-23 04:39:57,0.00000409,7334.00000000
2018-02-23 04:39:57,0.00000409,540.00000000
2018-02-23 04:39:57,0.00000409,4054.00000000
2018-02-23 04:39:57,0.00000409,14049.00000000
2018-02-23 04:39:58,0.00000409,2342.00000000
2018-02-23 04:39:58,0.00000409,9386.00000000
2018-02-23 04:39:59,0.00000409,16204.00000000
2018-02-23 04:39:59,0.00000409,1351.00000000
2018-02-23 04:40:07,0.00000409,80199.00000000
2018-02-23 04:40:09,0.00000410,5.00000000
2018-02-23 04:40:10,0.00000409,5000.00000000
2018-02-23 04:40:15,0.00000410,1345.00000000
2018-02-23 04:40:16,0.00000409,1134.00000000
2018-02-23 04:40:17,0.00000409,20165.00000000
2018-02-23 04:40:17,0.00000409,20553.00000000
2018-02-23 04:40:17,0.00000409,10984.00000000
2018-02-23 04:40:18,0.00000409,3669.00000000
2018-02-23 04:40:19,0.00000409,1223.00000000
2018-02-23 04:40:21,0.00000410,18962.00000000
2018-02-23 04:40:28,0.00000409,7668.00000000
2018-02-23 04:40:33,0.00000410,12372.00000000
2018-02-23 04:40:35,0.00000409,6967.00000000
2018-02-23 04:40:36,0.00000410,9402.00000000
2018-02-23 04:40:38,0.00000410,17566.00000000
2018-02-23 04:40:45,0.00000410,934.00000000
2018-02-23 04:40:54,0.00000410,2230.00000000
2018-02-23 04:41:01,0.00000410,18479.00000000
2018-02-23 04:41:02,0.00000409,16.00000000
2018-02-23 04:41:03,0.00000409,73170.00000000
2018-02-23 04:41:04,0.00000410,4984.00000000
2018-02-23 04:41:15,0.00000410,92210.00000000
2018-02-23 04:41:15,0.00000410,31665.00000000
2018-02-23 04:41:23,0.00000410,19522.00000000
2018-02-23 04:41:26,0.00000410,3042.00000000
2018-02-23 04:41:27,0.00000410,8845.00000000
2018-02-23 04:41:31,0.00000410,8891.00000000
2018-02-23 04:41:38,0.00000410,3122.00000000
2018-02-23 04:41:41,0.00000409,137749.00000000
2018-02-23 04:41:47,0.00000409,497.00000000
2018-02-23 04:41:48,0.00000410,7313.00000000
2018-02-23 04:41:48,0.00000409,107269.00000000
2018-02-23 04:41:48,0.00000410,7312.00000000
2018-02-23 04:41:48,0.00000410,7313.00000000
2018-02-23 04:41:48,0.00000409,3913.00000000
2018-02-23 04:41:49,0.00000410,7186.00000000
2018-02-23 04:41:51,0.00000410,1057.00000000
2018-02-23 04:41:53,0.00000410,18647.00000000
2018-02-23 04:41:55,0.00000409,1999.00000000
2018-02-23 04:42:08,0.00000409,5404.00000000
2018-02-23 04:42:16,0.00000409,10990.00000000
2018-02-23 04:42:22,0.00000410,824.00000000
2018-02-23 04:42:24,0.00000409,5440.00000000
2018-02-23 04:42:25,0.00000410,7312.00000000
2018-02-23 04:42:25,0.00000410,7312.00000000
2018-02-23 04:42:25,0.00000410,7312.00000000
2018-02-23 04:42:25,0.00000410,7312.00000000
2018-02-23 04:42:25,0.00000410,7311.00000000
2018-02-23 04:42:25,0.00000410,7312.00000000
2018-02-23 04:42:25,0.00000410,3527.00000000
2018-02-23 04:42:25,0.00000409,7312.00000000
2018-02-23 04:42:25,0.00000410,500.00000000
2018-02-23 04:42:29,0.00000410,3000.00000000
2018-02-23 04:42:29,0.00000410,3000.00000000
2018-02-23 04:42:29,0.00000410,3000.00000000
2018-02-23 04:42:29,0.00000410,3000.00000000
2018-02-23 04:42:29,0.00000409,3000.00000000
2018-02-23 04:42:29,0.00000410,2000.00000000
2018-02-23 04:42:29,0.00000410,2001.00000000
2018-02-23 04:42:29,0.00000409,3000.00000000
2018-02-23 04:42:29,0.00000410,7310.00000000
2018-02-23 04:42:29,0.00000410,22280.00000000
2018-02-23 04:42:29,0.00000410,5312.00000000
2018-02-23 04:42:30,0.00000410,9754.00000000
2018-02-23 04:42:32,0.00000410,699.00000000
2018-02-23 04:42:34,0.00000410,7313.00000000
2018-02-23 04:42:34,0.00000410,7313.00000000
2018-02-23 04:42:34,0.00000410,7312.00000000
2018-02-23 04:42:34,0.00000410,7313.00000000
2018-02-23 04:42:34,0.00000410,7313.00000000
2018-02-23 04:42:35,0.00000410,7312.00000000
2018-02-23 04:42:35,0.00000410,7313.00000000
2018-02-23 04:42:35,0.00000410,7312.00000000
2018-02-23 04:42:35,0.00000410,7313.00000000
2018-02-23 04:42:35,0.00000410,7312.00000000
2018-02-23 04:42:35,0.00000410,7313.00000000
2018-02-23 04:42:35,0.00000410,7313.00000000
2018-02-23 04:42:35,0.00000410,7313.00000000
2018-02-23 04:42:35,0.00000410,7313.00000000
2018-02-23 04:42:36,0.00000410,7312.00000000
2018-02-23 04:42:36,0.00000410,6306.00000000
2018-02-23 04:42:36,0.00000409,6306.00000000
2018-02-23 04:42:37,0.00000410,43853.00000000
2018-02-23 04:42:37,0.00000410,2018.00000000
2018-02-23 04:42:38,0.00000410,7311.00000000
2018-02-23 04:42:38,0.00000410,7311.00000000
2018-02-23 04:42:38,0.00000410,7311.00000000
2018-02-23 04:42:38,0.00000410,1807.00000000
2018-02-23 04:42:39,0.00000410,7297.00000000
2018-02-23 04:42:39,0.00000410,2478.00000000
2018-02-23 04:42:39,0.00000410,2456.00000000
2018-02-23 04:42:40,0.00000410,689.00000000
2018-02-23 04:42:41,0.00000410,2433.00000000
2018-02-23 04:42:44,0.00000410,3757.00000000
2018-02-23 04:42:45,0.00000410,2441.00000000
2018-02-23 04:42:46,0.00000410,6570.00000000
2018-02-23 04:42:46,0.00000409,21704.00000000
2018-02-23 04:42:47,0.00000410,1417.00000000
2018-02-23 04:42:47,0.00000409,366.00000000
2018-02-23 04:42:50,0.00000410,445.00000000
2018-02-23 04:42:52,0.00000410,2582.00000000
2018-02-23 04:42:53,0.00000410,2324.00000000
2018-02-23 04:42:56,0.00000410,4085.00000000
2018-02-23 04:43:04,0.00000410,401.00000000
2018-02-23 04:43:08,0.00000410,16104.00000000
2018-02-23 04:43:17,0.00000410,502.00000000
2018-02-23 04:43:29,0.00000410,44151.00000000
2018-02-23 04:43:35,0.00000409,19391.00000000
2018-02-23 04:43:41,0.00000410,2398.00000000
2018-02-23 04:43:52,0.00000410,477.00000000
2018-02-23 04:43:56,0.00000410,1364.00000000
2018-02-23 04:43:58,0.00000409,1400.00000000
2018-02-23 04:43:59,0.00000410,9449.00000000
2018-02-23 04:44:01,0.00000410,36.00000000
2018-02-23 04:44:03,0.00000410,73215.00000000
2018-02-23 04:44:03,0.00000409,35964.00000000
2018-02-23 04:44:10,0.00000410,27055.00000000
2018-02-23 04:44:10,0.00000410,17180.00000000
2018-02-23 04:44:12,0.00000410,9173.00000000
2018-02-23 04:44:13,0.00000410,15730.00000000
2018-02-23 04:44:25,0.00000410,400.00000000
2018-02-23 04:44:31,0.00000410,35.00000000
2018-02-23 04:44:31,0.00000410,13633.00000000
2018-02-23 04:44:33,0.00000410,5.00000000
2018-02-23 04:44:34,0.00000410,776.00000000
2018-02-23 04:44:45,0.00000410,30941.00000000
2018-02-23 04:44:45,0.00000410,2459.00000000
2018-02-23 04:44:48,0.00000410,11.00000000
2018-02-23 04:44:56,0.00000410,47257.00000000
2018-02-23 04:44:56,0.00000410,8064.00000000
2018-02-23 04:45:03,0.00000410,2132.00000000
2018-02-23 04:45:04,0.00000410,19437.00000000
2018-02-23 04:45:12,0.00000410,1108.00000000
2018-02-23 04:45:14,0.00000410,2344.00000000
2018-02-23 04:45:16,0.00000410,7799.00000000
2018-02-23 04:45:20,0.00000410,105.00000000
2018-02-23 04:45:23,0.00000410,1314.00000000
2018-02-23 04:45:27,0.00000411,35581.00000000
2018-02-23 04:45:30,0.00000410,1174.00000000
2018-02-23 04:45:30,0.00000410,1005.00000000
2018-02-23 04:45:31,0.00000410,351.00000000
2018-02-23 04:45:35,0.00000411,23938.00000000
2018-02-23 04:45:45,0.00000410,363.00000000
2018-02-23 04:45:46,0.00000409,584.00000000
2018-02-23 04:45:49,0.00000410,317.00000000
2018-02-23 04:45:52,0.00000410,990.00000000
2018-02-23 04:45:54,0.00000410,1.00000000
2018-02-23 04:45:55,0.00000410,7219.00000000
2018-02-23 04:45:55,0.00000410,2072.00000000
2018-02-23 04:45:57,0.00000410,1388.00000000
2018-02-23 04:45:59,0.00000409,19516.00000000
2018-02-23 04:46:01,0.00000410,717.00000000
2018-02-23 04:46:01,0.00000410,22085.00000000
2018-02-23 04:46:08,0.00000410,1800.00000000
2018-02-23 04:46:09,0.00000409,8061.00000000
2018-02-23 04:46:43,0.00000410,8865.00000000
2018-02-23 04:46:46,0.00000410,2069.00000000
2018-02-23 04:46:49,0.00000410,84.00000000
2018-02-23 04:46:51,0.00000409,21414.00000000
2018-02-23 04:46:54,0.00000410,2382.00000000
2018-02-23 04:46:57,0.00000410,4678.00000000
2018-02-23 04:46:57,0.00000410,13125.00000000
2018-02-23 04:47:02,0.00000409,868.00000000
2018-02-23 04:47:05,0.00000410,3134.00000000
2018-02-23 04:47:05,0.00000409,100.00000000
2018-02-23 04:47:20,0.00000409,398696.00000000
2018-02-23 04:47:29,0.00000410,12220.00000000
2018-02-23 04:47:30,0.00000410,232.00000000
2018-02-23 04:47:31,0.00000410,10.00000000
2018-02-23 04:47:40,0.00000409,15.00000000
2018-02-23 04:47:52,0.00000410,2439.00000000
2018-02-23 04:47:57,0.00000410,512.00000000
2018-02-23 04:47:58,0.00000410,20595.00000000
2018-02-23 04:48:01,0.00000410,14423.00000000
2018-02-23 04:48:01,0.00000410,6686.00000000
2018-02-23 04:48:08,0.00000410,2439.00000000
2018-02-23 04:48:20,0.00000410,24336.00000000
2018-02-23 04:48:21,0.00000410,8.00000000
2018-02-23 04:48:24,0.00000410,766.00000000
2018-02-23 04:48:27,0.00000410,39366.00000000
2018-02-23 04:48:28,0.00000409,47242.00000000
2018-02-23 04:48:28,0.00000410,2439.00000000
2018-02-23 04:48:32,0.00000410,35936.00000000
2018-02-23 04:48:33,0.00000410,10355.00000000
2018-02-23 04:48:33,0.00000410,458.00000000
2018-02-23 04:48:36,0.00000410,7568.00000000
2018-02-23 04:48:40,0.00000410,1087.00000000
2018-02-23 04:48:47,0.00000410,3614.00000000
2018-02-23 04:48:54,0.00000410,2450.00000000
2018-02-23 04:49:00,0.00000410,422.00000000
2018-02-23 04:49:00,0.00000410,4556.00000000
2018-02-23 04:49:00,0.00000409,51.00000000
2018-02-23 04:49:02,0.00000410,3050.00000000
2018-02-23 04:49:04,0.00000410,1586.00000000
2018-02-23 04:49:06,0.00000410,2439.00000000
2018-02-23 04:49:20,0.00000410,11955.00000000
2018-02-23 04:49:21,0.00000410,3768.00000000
2018-02-23 04:49:24,0.00000410,3120.00000000
2018-02-23 04:49:24,0.00000410,12195.00000000
2018-02-23 04:49:24,0.00000409,1546.00000000
2018-02-23 04:49:32,0.00000409,1.00000000
2018-02-23 04:49:33,0.00000410,9074.00000000
2018-02-23 04:49:37,0.00000409,50.00000000
2018-02-23 04:49:37,0.00000410,4530.00000000
2018-02-23 04:49:39,0.00000410,5.00000000
2018-02-23 04:49:39,0.00000410,1625.00000000
2018-02-23 04:49:40,0.00000410,23820.00000000
2018-02-23 04:49:42,0.00000409,11.00000000
2018-02-23 04:49:42,0.00000410,19106.00000000
2018-02-23 04:49:45,0.00000410,8250.00000000
2018-02-23 04:49:45,0.00000410,7312.00000000
2018-02-23 04:49:45,0.00000410,7312.00000000
2018-02-23 04:49:56,0.00000410,43113.00000000
2018-02-23 04:49:56,0.00000410,23369.00000000
2018-02-23 04:49:56,0.00000409,8601.00000000
2018-02-23 04:50:10,0.00000410,172806.00000000
2018-02-23 04:50:13,0.00000411,291.00000000
2018-02-23 04:50:27,0.00000410,1000.00000000
2018-02-23 04:50:32,0.00000410,3339.00000000
2018-02-23 04:50:36,0.00000410,497.00000000
2018-02-23 04:50:43,0.00000410,14684.00000000
2018-02-23 04:50:53,0.00000410,25000.00000000
2018-02-23 04:50:54,0.00000410,22584.00000000
2018-02-23 04:50:55,0.00000410,12255.00000000
2018-02-23 04:50:55,0.00000410,51402.00000000
2018-02-23 04:50:56,0.00000410,894.00000000
2018-02-23 04:51:04,0.00000410,23551.00000000
2018-02-23 04:51:14,0.00000411,78.00000000
2018-02-23 04:51:19,0.00000410,1219.00000000
2018-02-23 04:51:19,0.00000410,5610.00000000
2018-02-23 04:51:22,0.00000410,12419.00000000
2018-02-23 04:51:24,0.00000410,33718.00000000
2018-02-23 04:51:31,0.00000410,3128.00000000
2018-02-23 04:51:34,0.00000411,978.00000000
2018-02-23 04:51:36,0.00000411,2433.00000000
2018-02-23 04:51:38,0.00000411,1803.00000000
2018-02-23 04:51:45,0.00000410,26773.00000000
2018-02-23 04:51:48,0.00000411,11731.00000000
2018-02-23 04:51:49,0.00000411,5000.00000000
2018-02-23 04:52:10,0.00000411,16.00000000
2018-02-23 04:52:11,0.00000410,4214.00000000
2018-02-23 04:52:13,0.00000411,63.00000000
2018-02-23 04:52:22,0.00000410,1219.00000000
2018-02-23 04:52:26,0.00000411,800.00000000
2018-02-23 04:52:30,0.00000410,121768.00000000
2018-02-23 04:52:35,0.00000410,21274.00000000
2018-02-23 04:52:36,0.00000411,901.00000000
2018-02-23 04:52:36,0.00000410,26280.00000000
2018-02-23 04:52:44,0.00000410,1312.00000000
2018-02-23 04:52:48,0.00000410,42478.00000000
2018-02-23 04:52:49,0.00000410,19762.00000000
2018-02-23 04:52:50,0.00000411,19.00000000
2018-02-23 04:53:02,0.00000411,842.00000000
2018-02-23 04:53:05,0.00000411,909.00000000
2018-02-23 04:53:06,0.00000410,28281.00000000
2018-02-23 04:53:06,0.00000411,4000.00000000
2018-02-23 04:53:11,0.00000411,78829.00000000
2018-02-23 04:53:16,0.00000411,19.00000000
2018-02-23 04:53:17,0.00000411,6482.00000000
2018-02-23 04:53:22,0.00000410,500.00000000
2018-02-23 04:53:23,0.00000411,31085.00000000
2018-02-23 04:53:25,0.00000411,500.00000000
2018-02-23 04:53:28,0.00000411,12891.00000000
2018-02-23 04:53:38,0.00000410,2585.00000000
2018-02-23 04:53:40,0.00000411,1301.00000000
2018-02-23 04:53:42,0.00000411,10000.00000000
2018-02-23 04:53:42,0.00000411,3105.00000000
2018-02-23 04:53:49,0.00000411,1424.00000000
2018-02-23 04:53:54,0.00000411,6231.00000000
2018-02-23 04:53:55,0.00000411,47693.00000000
2018-02-23 04:53:57,0.00000411,5825.00000000
2018-02-23 04:53:58,0.00000411,1649.00000000
2018-02-23 04:54:05,0.00000411,115259.00000000
2018-02-23 04:54:08,0.00000410,7317.00000000
2018-02-23 04:54:08,0.00000410,7317.00000000
2018-02-23 04:54:08,0.00000410,2677.00000000
2018-02-23 04:54:08,0.00000410,7317.00000000
2018-02-23 04:54:08,0.00000410,7316.00000000
2018-02-23 04:54:08,0.00000410,7316.00000000
2018-02-23 04:54:08,0.00000410,7316.00000000
2018-02-23 04:54:09,0.00000410,7317.00000000
2018-02-23 04:54:09,0.00000410,5049.00000000
2018-02-23 04:54:10,0.00000410,21339.00000000
2018-02-23 04:54:10,0.00000410,7317.00000000
2018-02-23 04:54:10,0.00000410,7317.00000000
2018-02-23 04:54:10,0.00000410,7316.00000000
2018-02-23 04:54:10,0.00000410,34578.00000000
2018-02-23 04:54:10,0.00000410,7317.00000000
2018-02-23 04:54:11,0.00000410,7317.00000000
2018-02-23 04:54:11,0.00000410,7316.00000000
2018-02-23 04:54:11,0.00000410,7316.00000000
2018-02-23 04:54:11,0.00000410,7316.00000000
2018-02-23 04:54:13,0.00000410,8669.00000000
2018-02-23 04:54:13,0.00000411,25.00000000
2018-02-23 04:54:15,0.00000410,2168.00000000
2018-02-23 04:54:17,0.00000410,5925.00000000
2018-02-23 04:54:18,0.00000410,7316.00000000
2018-02-23 04:54:19,0.00000410,3516.00000000
2018-02-23 04:54:19,0.00000410,7317.00000000
2018-02-23 04:54:19,0.00000410,7317.00000000
2018-02-23 04:54:19,0.00000410,7317.00000000
2018-02-23 04:54:19,0.00000410,2860.00000000
2018-02-23 04:54:19,0.00000410,7317.00000000
2018-02-23 04:54:19,0.00000410,7316.00000000
2018-02-23 04:54:20,0.00000410,20764.00000000
2018-02-23 04:54:23,0.00000410,1218.00000000
2018-02-23 04:54:29,0.00000411,2433.00000000
2018-02-23 04:54:29,0.00000410,1219.00000000
2018-02-23 04:54:31,0.00000410,7126.00000000
2018-02-23 04:54:37,0.00000410,36520.00000000
2018-02-23 04:54:47,0.00000410,135.00000000
2018-02-23 04:54:54,0.00000410,3756.00000000
2018-02-23 04:54:58,0.00000411,2433.00000000
2018-02-23 04:54:58,0.00000410,1044.00000000
2018-02-23 04:55:00,0.00000410,9290.00000000
2018-02-23 04:55:01,0.00000410,444.00000000
2018-02-23 04:55:26,0.00000410,250.00000000
2018-02-23 04:55:38,0.00000411,500.00000000
2018-02-23 04:55:42,0.00000411,1176.00000000
2018-02-23 04:55:47,0.00000410,250.00000000
2018-02-23 04:55:54,0.00000410,5156.00000000
2018-02-23 04:55:55,0.00000410,1766.00000000
2018-02-23 04:55:57,0.00000410,5019.00000000
2018-02-23 04:55:59,0.00000410,83190.00000000
2018-02-23 04:56:08,0.00000411,440.00000000
2018-02-23 04:56:09,0.00000411,8500.00000000
2018-02-23 04:56:13,0.00000410,22671.00000000
2018-02-23 04:56:17,0.00000411,80.00000000
2018-02-23 04:56:24,0.00000410,88550.00000000
2018-02-23 04:56:33,0.00000411,2433.00000000
2018-02-23 04:56:38,0.00000411,2433.00000000
2018-02-23 04:57:13,0.00000411,1000.00000000
2018-02-23 04:57:14,0.00000410,12210.00000000
2018-02-23 04:57:16,0.00000411,2377.00000000
2018-02-23 04:57:23,0.00000410,10885.00000000
2018-02-23 04:57:24,0.00000410,7346.00000000
2018-02-23 04:57:25,0.00000410,1498.00000000
2018-02-23 04:57:41,0.00000410,10000.00000000
2018-02-23 04:57:44,0.00000410,66616.00000000
2018-02-23 04:57:44,0.00000410,204580.00000000
2018-02-23 04:57:47,0.00000411,31412.00000000
2018-02-23 04:57:49,0.00000411,24990.00000000
2018-02-23 04:57:49,0.00000411,6349.00000000
2018-02-23 04:58:01,0.00000410,2364.00000000
2018-02-23 04:58:01,0.00000410,7455.00000000
2018-02-23 04:58:01,0.00000410,2273.00000000
2018-02-23 04:58:01,0.00000410,21245.00000000
2018-02-23 04:58:01,0.00000410,4472.00000000
2018-02-23 04:58:01,0.00000410,21245.00000000
2018-02-23 04:58:01,0.00000410,21245.00000000
2018-02-23 04:58:02,0.00000410,7317.00000000
2018-02-23 04:58:02,0.00000410,108940.00000000
2018-02-23 04:58:02,0.00000411,2433.00000000
2018-02-23 04:58:02,0.00000410,963.00000000
2018-02-23 04:58:05,0.00000410,2009.00000000
2018-02-23 04:58:06,0.00000410,349.00000000
2018-02-23 04:58:14,0.00000410,2500.00000000
2018-02-23 04:58:20,0.00000410,8000.00000000
2018-02-23 04:58:22,0.00000410,1803.00000000
2018-02-23 04:58:22,0.00000410,7316.00000000
2018-02-23 04:58:22,0.00000410,3110.00000000
2018-02-23 04:58:24,0.00000410,8147.00000000
2018-02-23 04:58:31,0.00000410,5634.00000000
2018-02-23 04:58:31,0.00000410,30140.00000000
2018-02-23 04:58:31,0.00000410,7317.00000000
2018-02-23 04:58:31,0.00000410,5703.00000000
2018-02-23 04:58:31,0.00000410,4426.00000000
2018-02-23 04:58:31,0.00000410,30137.00000000
2018-02-23 04:58:34,0.00000411,20102.00000000
2018-02-23 04:58:34,0.00000410,364522.00000000
2018-02-23 04:58:34,0.00000411,110.00000000
2018-02-23 04:58:35,0.00000410,82692.00000000
2018-02-23 04:58:38,0.00000410,70903.00000000
2018-02-23 04:58:42,0.00000411,15523.00000000
2018-02-23 04:58:44,0.00000410,57842.00000000
2018-02-23 04:58:44,0.00000410,11416.00000000
2018-02-23 04:58:44,0.00000410,2730.00000000
2018-02-23 04:58:45,0.00000410,7300.00000000
2018-02-23 04:58:45,0.00000410,12412.00000000
2018-02-23 04:58:45,0.00000410,22252.00000000
2018-02-23 04:58:45,0.00000410,7679.00000000
2018-02-23 04:58:45,0.00000410,7304.00000000
2018-02-23 04:58:45,0.00000409,7300.00000000
2018-02-23 04:58:45,0.00000410,7667.00000000
2018-02-23 04:58:45,0.00000410,7308.00000000
2018-02-23 04:58:45,0.00000410,3959.00000000
2018-02-23 04:58:45,0.00000410,7305.00000000
2018-02-23 04:58:45,0.00000409,7304.00000000
2018-02-23 04:58:45,0.00000410,13263.00000000
2018-02-23 04:58:45,0.00000410,9422.00000000
2018-02-23 04:58:45,0.00000410,9436.00000000
2018-02-23 04:58:45,0.00000410,13283.00000000
2018-02-23 04:58:45,0.00000410,7307.00000000
2018-02-23 04:58:45,0.00000410,7311.00000000
2018-02-23 04:58:45,0.00000410,7312.00000000
2018-02-23 04:58:45,0.00000409,4950.00000000
2018-02-23 04:58:45,0.00000410,7311.00000000
2018-02-23 04:58:45,0.00000410,12115.00000000
2018-02-23 04:58:45,0.00000410,7312.00000000
2018-02-23 04:58:45,0.00000410,2257.00000000
2018-02-23 04:58:46,0.00000410,2256.00000000
2018-02-23 04:58:46,0.00000410,12105.00000000
2018-02-23 04:58:46,0.00000411,309.00000000
2018-02-23 04:58:46,0.00000409,12348.00000000
2018-02-23 04:58:52,0.00000410,11.00000000
2018-02-23 04:59:01,0.00000409,280.00000000
2018-02-23 04:59:03,0.00000410,5136.00000000
2018-02-23 04:59:05,0.00000410,3939.00000000
2018-02-23 04:59:06,0.00000409,100.00000000
2018-02-23 04:59:07,0.00000409,17.00000000
2018-02-23 04:59:10,0.00000409,1219.00000000
2018-02-23 04:59:16,0.00000409,30690.00000000
2018-02-23 04:59:19,0.00000409,1037.00000000
2018-02-23 04:59:19,0.00000410,118160.00000000
2018-02-23 04:59:21,0.00000410,33530.00000000
2018-02-23 04:59:22,0.00000410,7427.00000000
2018-02-23 04:59:30,0.00000410,267.00000000
2018-02-23 04:59:34,0.00000410,1148.00000000
2018-02-23 04:59:37,0.00000410,13752.00000000
2018-02-23 04:59:43,0.00000409,1322.00000000
2018-02-23 04:59:47,0.00000410,31927.00000000
2018-02-23 04:59:47,0.00000410,21350.00000000
2018-02-23 04:59:47,0.00000410,2.00000000
2018-02-23 04:59:50,0.00000410,785.00000000
2018-02-23 04:59:52,0.00000409,446.00000000
