DATE,PRICE,VOLUME
2018-03-01 14:00:00,0.00000428,12143.00000000
2018-03-01 14:00:00,0.00000429,38644.00000000
2018-03-01 14:00:01,0.00000428,241.00000000
2018-03-01 14:00:01,0.00000428,1548.00000000
2018-03-01 14:00:02,0.00000428,40489.00000000
2018-03-01 14:00:03,0.00000429,189215.00000000
2018-03-01 14:00:03,0.00000428,377.00000000
2018-03-01 14:00:03,0.00000428,932.00000000
2018-03-01 14:00:04,0.00000429,36416.00000000
2018-03-01 14:00:06,0.00000429,253955.00000000
2018-03-01 14:00:06,0.00000428,9699.00000000
2018-03-01 14:00:06,0.00000429,660.00000000
2018-03-01 14:00:06,0.00000429,2521.00000000
2018-03-01 14:00:07,0.00000429,7400.00000000
2018-03-01 14:00:08,0.00000429,13613.00000000
2018-03-01 14:00:09,0.00000429,2811.00000000
2018-03-01 14:00:09,0.00000429,1569.00000000
2018-03-01 14:00:10,0.00000429,2400.00000000
2018-03-01 14:00:10,0.00000429,132099.00000000
2018-03-01 14:00:10,0.00000428,660.00000000
2018-03-01 14:00:12,0.00000429,46542.00000000
2018-03-01 14:00:12,0.00000429,112264.00000000
2018-03-01 14:00:12,0.00000428,2258.00000000
2018-03-01 14:00:13,0.00000429,1750.00000000
2018-03-01 14:00:13,0.00000429,3421.00000000
2018-03-01 14:00:14,0.00000429,111775.00000000
2018-03-01 14:00:14,0.00000429,72588.00000000
2018-03-01 14:00:14,0.00000429,106441.00000000
2018-03-01 14:00:14,0.00000429,303810.00000000
2018-03-01 14:00:14,0.00000429,2735.00000000
2018-03-01 14:00:15,0.00000429,1767.00000000
2018-03-01 14:00:15,0.00000429,42610.00000000
2018-03-01 14:00:15,0.00000429,7021.00000000
2018-03-01 14:00:15,0.00000429,2331.00000000
2018-03-01 14:00:15,0.00000429,32239.00000000
2018-03-01 14:00:15,0.00000429,2330.00000000
2018-03-01 14:00:16,0.00000429,2330.00000000
2018-03-01 14:00:16,0.00000429,4445.00000000
2018-03-01 14:00:17,0.00000429,4000.00000000
2018-03-01 14:00:17,0.00000429,1023.00000000
2018-03-01 14:00:19,0.00000429,142930.00000000
2018-03-01 14:00:19,0.00000430,64889.00000000
2018-03-01 14:00:19,0.00000429,106459.00000000
2018-03-01 14:00:20,0.00000429,400.00000000
2018-03-01 14:00:20,0.00000430,8000.00000000
2018-03-01 14:00:24,0.00000429,49292.00000000
2018-03-01 14:00:24,0.00000429,2012.00000000
2018-03-01 14:00:25,0.00000429,2801.00000000
2018-03-01 14:00:25,0.00000430,55420.00000000
2018-03-01 14:00:26,0.00000430,97564.00000000
2018-03-01 14:00:27,0.00000430,11126.00000000
2018-03-01 14:00:28,0.00000430,70000.00000000
2018-03-01 14:00:28,0.00000430,21956.00000000
2018-03-01 14:00:29,0.00000430,517.00000000
2018-03-01 14:00:30,0.00000429,10069.00000000
2018-03-01 14:00:31,0.00000429,44173.00000000
2018-03-01 14:00:31,0.00000430,6200.00000000
2018-03-01 14:00:31,0.00000430,1620.00000000
2018-03-01 14:00:32,0.00000430,71953.00000000
2018-03-01 14:00:33,0.00000429,13341.00000000
2018-03-01 14:00:33,0.00000430,34284.00000000
2018-03-01 14:00:34,0.00000430,581.00000000
2018-03-01 14:00:36,0.00000430,2625.00000000
2018-03-01 14:00:37,0.00000430,1103.00000000
2018-03-01 14:00:39,0.00000430,2.00000000
2018-03-01 14:00:40,0.00000430,204518.00000000
2018-03-01 14:00:41,0.00000430,2655.00000000
2018-03-01 14:00:41,0.00000429,2336.00000000
2018-03-01 14:00:42,0.00000429,947.00000000
2018-03-01 14:00:42,0.00000430,20000.00000000
2018-03-01 14:00:44,0.00000430,5548.00000000
2018-03-01 14:00:46,0.00000429,526.00000000
2018-03-01 14:00:48,0.00000429,53378.00000000
2018-03-01 14:00:48,0.00000430,10769.00000000
2018-03-01 14:00:49,0.00000429,3609.00000000
2018-03-01 14:00:51,0.00000430,13517.00000000
2018-03-01 14:00:52,0.00000429,3497.00000000
2018-03-01 14:00:52,0.00000429,1167.00000000
2018-03-01 14:00:52,0.00000430,17102.00000000
2018-03-01 14:00:52,0.00000429,44023.00000000
2018-03-01 14:00:53,0.00000429,5604.00000000
2018-03-01 14:00:53,0.00000430,40324.00000000
2018-03-01 14:00:54,0.00000430,3980.00000000
2018-03-01 14:00:55,0.00000429,500.00000000
2018-03-01 14:00:56,0.00000430,200.00000000
2018-03-01 14:00:57,0.00000430,10000.00000000
2018-03-01 14:01:00,0.00000430,558.00000000
2018-03-01 14:01:01,0.00000430,17023.00000000
2018-03-01 14:01:02,0.00000429,26043.00000000
2018-03-01 14:01:04,0.00000429,12364.00000000
2018-03-01 14:01:12,0.00000430,500.00000000
2018-03-01 14:01:12,0.00000429,3857.00000000
2018-03-01 14:01:13,0.00000430,4000.00000000
2018-03-01 14:01:13,0.00000430,114132.00000000
2018-03-01 14:01:14,0.00000429,1763.00000000
2018-03-01 14:01:15,0.00000429,11782.00000000
2018-03-01 14:01:17,0.00000430,6820.00000000
2018-03-01 14:01:17,0.00000430,2.00000000
2018-03-01 14:01:19,0.00000430,1145845.00000000
2018-03-01 14:01:20,0.00000429,1411.00000000
2018-03-01 14:01:22,0.00000430,77405.00000000
2018-03-01 14:01:22,0.00000430,2324.00000000
2018-03-01 14:01:22,0.00000430,23926.00000000
2018-03-01 14:01:22,0.00000430,2324.00000000
2018-03-01 14:01:22,0.00000430,2325.00000000
2018-03-01 14:01:22,0.00000430,22056.00000000
2018-03-01 14:01:22,0.00000430,22035.00000000
2018-03-01 14:01:22,0.00000429,76686.00000000
2018-03-01 14:01:23,0.00000429,200.00000000
2018-03-01 14:01:24,0.00000430,376.00000000
2018-03-01 14:01:24,0.00000430,90.00000000
2018-03-01 14:01:26,0.00000430,3315.00000000
2018-03-01 14:01:27,0.00000430,581.00000000
2018-03-01 14:01:30,0.00000430,58266.00000000
2018-03-01 14:01:32,0.00000430,1164.00000000
2018-03-01 14:01:36,0.00000430,5527.00000000
2018-03-01 14:01:37,0.00000429,5116.00000000
2018-03-01 14:01:40,0.00000430,624.00000000
2018-03-01 14:01:40,0.00000429,196286.00000000
2018-03-01 14:01:43,0.00000430,17440.00000000
2018-03-01 14:01:44,0.00000430,723131.00000000
2018-03-01 14:01:44,0.00000430,2000.00000000
2018-03-01 14:01:44,0.00000430,544.00000000
2018-03-01 14:01:45,0.00000430,11905.00000000
2018-03-01 14:01:48,0.00000430,6779.00000000
2018-03-01 14:01:50,0.00000430,17866.00000000
2018-03-01 14:01:50,0.00000429,13517.00000000
2018-03-01 14:01:51,0.00000430,99809.00000000
2018-03-01 14:01:52,0.00000429,38236.00000000
2018-03-01 14:01:52,0.00000430,26055.00000000
2018-03-01 14:01:54,0.00000430,2921.00000000
2018-03-01 14:01:55,0.00000430,2067.00000000
2018-03-01 14:01:55,0.00000429,6530.00000000
2018-03-01 14:01:58,0.00000430,1555.00000000
2018-03-01 14:01:58,0.00000430,2840.00000000
2018-03-01 14:01:59,0.00000430,22.00000000
2018-03-01 14:01:59,0.00000430,1160.00000000
2018-03-01 14:02:03,0.00000430,2484.00000000
2018-03-01 14:02:06,0.00000429,135107.00000000
2018-03-01 14:02:10,0.00000429,22368.00000000
2018-03-01 14:02:12,0.00000430,1055.00000000
2018-03-01 14:02:12,0.00000429,590483.00000000
2018-03-01 14:02:14,0.00000429,17604.00000000
2018-03-01 14:02:14,0.00000429,21956.00000000
2018-03-01 14:02:15,0.00000429,23384.00000000
2018-03-01 14:02:16,0.00000429,1000.00000000
2018-03-01 14:02:16,0.00000429,6086.00000000
2018-03-01 14:02:20,0.00000429,3817.00000000
2018-03-01 14:02:20,0.00000429,23310.00000000
2018-03-01 14:02:21,0.00000428,5631.00000000
2018-03-01 14:02:21,0.00000429,31105.00000000
2018-03-01 14:02:24,0.00000429,73237.00000000
2018-03-01 14:02:28,0.00000429,500.00000000
2018-03-01 14:02:28,0.00000429,11119.00000000
2018-03-01 14:02:29,0.00000429,867.00000000
2018-03-01 14:02:29,0.00000429,6820.00000000
2018-03-01 14:02:30,0.00000429,13972.00000000
2018-03-01 14:02:30,0.00000428,203125.00000000
2018-03-01 14:02:30,0.00000428,2041.00000000
2018-03-01 14:02:32,0.00000429,12213.00000000
2018-03-01 14:02:33,0.00000429,21272.00000000
2018-03-01 14:02:35,0.00000429,54677.00000000
2018-03-01 14:02:36,0.00000430,1484.00000000
2018-03-01 14:02:36,0.00000430,1095.00000000
2018-03-01 14:02:37,0.00000429,5631.00000000
2018-03-01 14:02:38,0.00000429,24942.00000000
2018-03-01 14:02:40,0.00000429,9990.00000000
2018-03-01 14:02:40,0.00000429,3981.00000000
2018-03-01 14:02:40,0.00000429,71881.00000000
2018-03-01 14:02:41,0.00000430,3.00000000
2018-03-01 14:02:43,0.00000429,3350.00000000
2018-03-01 14:02:45,0.00000430,6364.00000000
2018-03-01 14:02:48,0.00000430,1857.00000000
2018-03-01 14:02:49,0.00000429,4080.00000000
2018-03-01 14:02:49,0.00000429,13009.00000000
2018-03-01 14:02:53,0.00000429,887.00000000
2018-03-01 14:02:53,0.00000429,31221.00000000
2018-03-01 14:02:57,0.00000429,40920.00000000
2018-03-01 14:02:59,0.00000429,16934.00000000
2018-03-01 14:02:59,0.00000429,69290.00000000
2018-03-01 14:03:04,0.00000429,2038.00000000
2018-03-01 14:03:04,0.00000429,8507.00000000
2018-03-01 14:03:04,0.00000429,160.00000000
2018-03-01 14:03:04,0.00000429,19910.00000000
2018-03-01 14:03:04,0.00000429,138813.00000000
2018-03-01 14:03:06,0.00000429,2354.00000000
2018-03-01 14:03:07,0.00000429,367.00000000
2018-03-01 14:03:08,0.00000429,517.00000000
2018-03-01 14:03:10,0.00000429,1481.00000000
2018-03-01 14:03:13,0.00000428,25682.00000000
2018-03-01 14:03:14,0.00000428,13545.00000000
2018-03-01 14:03:16,0.00000429,28499.00000000
2018-03-01 14:03:16,0.00000429,2331.00000000
2018-03-01 14:03:17,0.00000429,864.00000000
2018-03-01 14:03:19,0.00000429,23743.00000000
2018-03-01 14:03:20,0.00000428,227.00000000
2018-03-01 14:03:22,0.00000428,933581.00000000
2018-03-01 14:03:22,0.00000428,2746.00000000
2018-03-01 14:03:22,0.00000428,68673.00000000
2018-03-01 14:03:24,0.00000429,6000.00000000
2018-03-01 14:03:26,0.00000429,921.00000000
2018-03-01 14:03:27,0.00000428,6904.00000000
2018-03-01 14:03:27,0.00000428,263031.00000000
2018-03-01 14:03:27,0.00000428,11088.00000000
2018-03-01 14:03:27,0.00000428,2330.00000000
2018-03-01 14:03:28,0.00000428,11098.00000000
2018-03-01 14:03:28,0.00000428,417542.00000000
2018-03-01 14:03:28,0.00000428,12878.00000000
2018-03-01 14:03:28,0.00000428,93457.00000000
2018-03-01 14:03:28,0.00000428,319.00000000
2018-03-01 14:03:28,0.00000428,151832.00000000
2018-03-01 14:03:29,0.00000428,2330.00000000
2018-03-01 14:03:29,0.00000428,61309.00000000
2018-03-01 14:03:29,0.00000428,451.00000000
2018-03-01 14:03:29,0.00000428,801.00000000
2018-03-01 14:03:29,0.00000428,1863.00000000
2018-03-01 14:03:30,0.00000428,3000.00000000
2018-03-01 14:03:30,0.00000428,847.00000000
2018-03-01 14:03:31,0.00000428,1082.00000000
2018-03-01 14:03:31,0.00000428,554.00000000
2018-03-01 14:03:31,0.00000427,115671.00000000
2018-03-01 14:03:32,0.00000428,515.00000000
2018-03-01 14:03:32,0.00000428,2331.00000000
2018-03-01 14:03:32,0.00000428,5840.00000000
2018-03-01 14:03:32,0.00000428,1282.00000000
2018-03-01 14:03:33,0.00000428,2163.00000000
2018-03-01 14:03:34,0.00000428,1787.00000000
2018-03-01 14:03:35,0.00000428,376.00000000
2018-03-01 14:03:35,0.00000428,44.00000000
2018-03-01 14:03:35,0.00000428,516.00000000
2018-03-01 14:03:38,0.00000427,4781.00000000
2018-03-01 14:03:40,0.00000428,361.00000000
2018-03-01 14:03:40,0.00000427,40284.00000000
2018-03-01 14:03:44,0.00000427,3805.00000000
2018-03-01 14:03:45,0.00000428,11314.00000000
2018-03-01 14:03:46,0.00000427,2224.00000000
2018-03-01 14:03:47,0.00000428,612.00000000
2018-03-01 14:03:50,0.00000427,2657.00000000
2018-03-01 14:03:51,0.00000427,4000.00000000
2018-03-01 14:03:54,0.00000428,2017.00000000
2018-03-01 14:03:55,0.00000427,5000.00000000
2018-03-01 14:03:56,0.00000427,5400.00000000
2018-03-01 14:03:58,0.00000427,167594.00000000
2018-03-01 14:03:59,0.00000427,1000.00000000
2018-03-01 14:04:00,0.00000428,49253.00000000
2018-03-01 14:04:02,0.00000428,11241.00000000
2018-03-01 14:04:02,0.00000427,71277.00000000
2018-03-01 14:04:05,0.00000428,2147.00000000
2018-03-01 14:04:06,0.00000428,5582.00000000
2018-03-01 14:04:06,0.00000428,6767.00000000
2018-03-01 14:04:06,0.00000428,2336.00000000
2018-03-01 14:04:06,0.00000428,1691.00000000
2018-03-01 14:04:08,0.00000427,3000.00000000
2018-03-01 14:04:08,0.00000428,13564.00000000
2018-03-01 14:04:10,0.00000428,1188.00000000
2018-03-01 14:04:11,0.00000427,5000.00000000
2018-03-01 14:04:13,0.00000428,33950.00000000
2018-03-01 14:04:14,0.00000428,58020.00000000
2018-03-01 14:04:14,0.00000427,6095.00000000
2018-03-01 14:04:15,0.00000427,9296.00000000
2018-03-01 14:04:16,0.00000427,13958.00000000
2018-03-01 14:04:16,0.00000428,906.00000000
2018-03-01 14:04:16,0.00000427,46465.00000000
2018-03-01 14:04:17,0.00000427,20004.00000000
2018-03-01 14:04:19,0.00000427,604.00000000
2018-03-01 14:04:20,0.00000427,439.00000000
2018-03-01 14:04:20,0.00000428,207488.00000000
2018-03-01 14:04:21,0.00000427,11993.00000000
2018-03-01 14:04:21,0.00000427,11568.00000000
2018-03-01 14:04:22,0.00000427,71606.00000000
2018-03-01 14:04:22,0.00000427,9929.00000000
2018-03-01 14:04:22,0.00000427,54793.00000000
2018-03-01 14:04:23,0.00000428,4090.00000000
2018-03-01 14:04:25,0.00000427,12524.00000000
2018-03-01 14:04:25,0.00000427,27239.00000000
2018-03-01 14:04:26,0.00000427,33107.00000000
2018-03-01 14:04:27,0.00000427,6767.00000000
2018-03-01 14:04:28,0.00000427,354374.00000000
2018-03-01 14:04:29,0.00000427,13854.00000000
2018-03-01 14:04:29,0.00000427,4997.00000000
2018-03-01 14:04:32,0.00000427,1691.00000000
2018-03-01 14:04:32,0.00000428,894502.00000000
2018-03-01 14:04:33,0.00000429,87000.00000000
2018-03-01 14:04:33,0.00000428,1873.00000000
2018-03-01 14:04:34,0.00000428,5522.00000000
2018-03-01 14:04:35,0.00000428,800.00000000
2018-03-01 14:04:36,0.00000429,2336.00000000
2018-03-01 14:04:36,0.00000428,34108.00000000
2018-03-01 14:04:37,0.00000429,961329.00000000
2018-03-01 14:04:38,0.00000428,377.00000000
2018-03-01 14:04:38,0.00000428,1375.00000000
2018-03-01 14:04:38,0.00000429,620.00000000
2018-03-01 14:04:38,0.00000429,88.00000000
2018-03-01 14:04:39,0.00000428,16446.00000000
2018-03-01 14:04:39,0.00000428,16729.00000000
2018-03-01 14:04:40,0.00000428,452.00000000
2018-03-01 14:04:40,0.00000428,548.00000000
2018-03-01 14:04:40,0.00000428,13706.00000000
2018-03-01 14:04:40,0.00000428,38645.00000000
2018-03-01 14:04:41,0.00000428,23364.00000000
2018-03-01 14:04:41,0.00000428,4205.00000000
2018-03-01 14:04:41,0.00000428,2741.00000000
2018-03-01 14:04:41,0.00000429,19900.00000000
2018-03-01 14:04:41,0.00000429,39381.00000000
2018-03-01 14:04:41,0.00000429,2867.00000000
2018-03-01 14:04:41,0.00000429,11.00000000
2018-03-01 14:04:41,0.00000428,1344.00000000
2018-03-01 14:04:42,0.00000428,943.00000000
2018-03-01 14:04:42,0.00000430,10804.00000000
2018-03-01 14:04:45,0.00000428,1000.00000000
2018-03-01 14:04:46,0.00000429,377.00000000
2018-03-01 14:04:46,0.00000429,548.00000000
2018-03-01 14:04:46,0.00000429,2094.00000000
2018-03-01 14:04:46,0.00000428,925.00000000
2018-03-01 14:04:48,0.00000428,24036.00000000
2018-03-01 14:04:49,0.00000428,1319.00000000
2018-03-01 14:04:49,0.00000428,376.00000000
2018-03-01 14:04:51,0.00000428,2826.00000000
2018-03-01 14:04:52,0.00000428,4856.00000000
2018-03-01 14:04:52,0.00000430,57006.00000000
2018-03-01 14:04:53,0.00000429,1000.00000000
2018-03-01 14:04:54,0.00000428,148264.00000000
2018-03-01 14:04:54,0.00000428,1000.00000000
2018-03-01 14:04:56,0.00000428,3162.00000000
2018-03-01 14:04:57,0.00000428,2759.00000000
2018-03-01 14:04:58,0.00000428,40244.00000000
2018-03-01 14:04:58,0.00000429,453.00000000
2018-03-01 14:05:00,0.00000428,3355.00000000
2018-03-01 14:05:00,0.00000429,539.00000000
2018-03-01 14:05:01,0.00000428,41877.00000000
2018-03-01 14:05:04,0.00000428,500.00000000
2018-03-01 14:05:05,0.00000428,34093.00000000
2018-03-01 14:05:07,0.00000429,977.00000000
2018-03-01 14:05:08,0.00000428,405.00000000
2018-03-01 14:05:08,0.00000428,2000.00000000
2018-03-01 14:05:08,0.00000428,64275.00000000
2018-03-01 14:05:09,0.00000429,20460.00000000
2018-03-01 14:05:09,0.00000429,14857.00000000
2018-03-01 14:05:09,0.00000429,20445.00000000
2018-03-01 14:05:09,0.00000429,49950.00000000
2018-03-01 14:05:10,0.00000429,23310.00000000
2018-03-01 14:05:10,0.00000429,111288.00000000
2018-03-01 14:05:10,0.00000430,176045.00000000
2018-03-01 14:05:10,0.00000430,242.00000000
2018-03-01 14:05:11,0.00000429,23310.00000000
2018-03-01 14:05:11,0.00000429,29275.00000000
2018-03-01 14:05:11,0.00000429,17.00000000
2018-03-01 14:05:12,0.00000429,4244.00000000
2018-03-01 14:05:12,0.00000430,80.00000000
2018-03-01 14:05:12,0.00000428,4856.00000000
2018-03-01 14:05:13,0.00000428,254.00000000
2018-03-01 14:05:13,0.00000428,1560.00000000
2018-03-01 14:05:14,0.00000429,5204.00000000
2018-03-01 14:05:14,0.00000428,27447.00000000
2018-03-01 14:05:15,0.00000428,4677.00000000
2018-03-01 14:05:15,0.00000428,2338.00000000
2018-03-01 14:05:15,0.00000428,172462.00000000
2018-03-01 14:05:16,0.00000429,19136.00000000
2018-03-01 14:05:18,0.00000429,5933.00000000
2018-03-01 14:05:18,0.00000428,216326.00000000
2018-03-01 14:05:19,0.00000428,74858.00000000
2018-03-01 14:05:28,0.00000429,35000.00000000
2018-03-01 14:05:29,0.00000429,9.00000000
2018-03-01 14:05:29,0.00000429,108278.00000000
2018-03-01 14:05:31,0.00000429,2295.00000000
2018-03-01 14:05:32,0.00000429,172145.00000000
2018-03-01 14:05:33,0.00000429,67829.00000000
2018-03-01 14:05:33,0.00000429,6000.00000000
2018-03-01 14:05:38,0.00000429,4085.00000000
2018-03-01 14:05:39,0.00000429,1867.00000000
2018-03-01 14:05:40,0.00000429,19246.00000000
2018-03-01 14:05:40,0.00000428,876.00000000
2018-03-01 14:05:41,0.00000429,536.00000000
2018-03-01 14:05:41,0.00000428,316614.00000000
2018-03-01 14:05:42,0.00000429,923.00000000
2018-03-01 14:05:43,0.00000428,15663.00000000
2018-03-01 14:05:43,0.00000429,12590.00000000
2018-03-01 14:05:48,0.00000428,30000.00000000
2018-03-01 14:05:50,0.00000429,697.00000000
2018-03-01 14:05:50,0.00000429,4746.00000000
2018-03-01 14:05:50,0.00000429,660.00000000
2018-03-01 14:05:51,0.00000429,6570.00000000
2018-03-01 14:05:51,0.00000429,181298.00000000
2018-03-01 14:05:51,0.00000429,14308.00000000
2018-03-01 14:05:51,0.00000429,8049.00000000
2018-03-01 14:05:51,0.00000429,29445.00000000
2018-03-01 14:05:51,0.00000428,22357.00000000
2018-03-01 14:05:51,0.00000428,17305.00000000
2018-03-01 14:05:52,0.00000428,29445.00000000
2018-03-01 14:05:52,0.00000429,2331.00000000
2018-03-01 14:05:52,0.00000429,2862.00000000
2018-03-01 14:05:52,0.00000429,2330.00000000
2018-03-01 14:05:52,0.00000429,2330.00000000
2018-03-01 14:05:53,0.00000429,265.00000000
2018-03-01 14:05:53,0.00000429,1054.00000000
2018-03-01 14:05:53,0.00000429,31487.00000000
2018-03-01 14:05:53,0.00000429,1769.00000000
2018-03-01 14:05:56,0.00000429,432.00000000
2018-03-01 14:05:56,0.00000429,1713.00000000
2018-03-01 14:05:56,0.00000429,18481.00000000
2018-03-01 14:05:57,0.00000429,1000.00000000
2018-03-01 14:05:58,0.00000429,723.00000000
2018-03-01 14:05:58,0.00000429,1832.00000000
2018-03-01 14:05:58,0.00000429,149648.00000000
2018-03-01 14:05:59,0.00000429,46017.00000000
2018-03-01 14:05:59,0.00000429,153527.00000000
2018-03-01 14:06:00,0.00000429,2201.00000000
2018-03-01 14:06:02,0.00000430,743.00000000
2018-03-01 14:06:03,0.00000430,3544.00000000
2018-03-01 14:06:03,0.00000429,117270.00000000
2018-03-01 14:06:05,0.00000429,9516.00000000
2018-03-01 14:06:07,0.00000429,3430.00000000
2018-03-01 14:06:08,0.00000429,16876.00000000
2018-03-01 14:06:08,0.00000429,9597.00000000
2018-03-01 14:06:12,0.00000429,26418.00000000
2018-03-01 14:06:12,0.00000429,1600.00000000
2018-03-01 14:06:15,0.00000429,12075.00000000
2018-03-01 14:06:16,0.00000429,52947.00000000
2018-03-01 14:06:17,0.00000429,238.00000000
2018-03-01 14:06:19,0.00000429,436.00000000
2018-03-01 14:06:19,0.00000429,1953.00000000
2018-03-01 14:06:20,0.00000430,1.00000000
2018-03-01 14:06:22,0.00000430,490.00000000
2018-03-01 14:06:23,0.00000429,6.00000000
2018-03-01 14:06:26,0.00000430,152057.00000000
2018-03-01 14:06:28,0.00000430,33927.00000000
2018-03-01 14:06:32,0.00000429,472.00000000
2018-03-01 14:06:33,0.00000429,1183.00000000
2018-03-01 14:06:39,0.00000430,125640.00000000
2018-03-01 14:06:40,0.00000429,9423.00000000
2018-03-01 14:06:40,0.00000429,2340.00000000
2018-03-01 14:06:41,0.00000429,5.00000000
2018-03-01 14:06:42,0.00000429,1113.00000000
2018-03-01 14:06:42,0.00000429,327.00000000
2018-03-01 14:06:43,0.00000429,376.00000000
2018-03-01 14:06:43,0.00000429,987.00000000
2018-03-01 14:06:43,0.00000429,3120.00000000
2018-03-01 14:06:44,0.00000429,2046.00000000
2018-03-01 14:06:44,0.00000430,331.00000000
2018-03-01 14:06:45,0.00000429,1016.00000000
2018-03-01 14:06:45,0.00000429,1306.00000000
2018-03-01 14:06:45,0.00000430,371.00000000
2018-03-01 14:06:46,0.00000429,11859.00000000
2018-03-01 14:06:46,0.00000429,155.00000000
2018-03-01 14:06:47,0.00000429,57000.00000000
2018-03-01 14:06:47,0.00000429,638.00000000
2018-03-01 14:06:48,0.00000429,1167.00000000
2018-03-01 14:06:49,0.00000429,191.00000000
2018-03-01 14:06:51,0.00000429,298.00000000
2018-03-01 14:06:51,0.00000430,208225.00000000
2018-03-01 14:06:51,0.00000429,18254.00000000
2018-03-01 14:06:51,0.00000429,539.00000000
2018-03-01 14:06:53,0.00000429,154114.00000000
2018-03-01 14:06:53,0.00000429,1166.00000000
2018-03-01 14:06:53,0.00000430,1770.00000000
2018-03-01 14:06:55,0.00000429,20085.00000000
2018-03-01 14:06:55,0.00000429,42.00000000
2018-03-01 14:06:56,0.00000430,10000.00000000
2018-03-01 14:06:58,0.00000429,642.00000000
2018-03-01 14:06:58,0.00000429,2983.00000000
2018-03-01 14:06:59,0.00000430,9766.00000000
2018-03-01 14:07:02,0.00000429,376.00000000
2018-03-01 14:07:04,0.00000429,1637.00000000
2018-03-01 14:07:04,0.00000430,11163.00000000
2018-03-01 14:07:04,0.00000430,634.00000000
2018-03-01 14:07:05,0.00000429,11523.00000000
2018-03-01 14:07:05,0.00000429,11559.00000000
2018-03-01 14:07:06,0.00000429,11616.00000000
2018-03-01 14:07:07,0.00000429,18685.00000000
2018-03-01 14:07:07,0.00000429,2211.00000000
2018-03-01 14:07:14,0.00000429,2709.00000000
2018-03-01 14:07:17,0.00000430,68184.00000000
2018-03-01 14:07:17,0.00000429,12076.00000000
2018-03-01 14:07:17,0.00000430,17385.00000000
2018-03-01 14:07:17,0.00000429,7853.00000000
2018-03-01 14:07:18,0.00000429,158392.00000000
2018-03-01 14:07:18,0.00000430,43.00000000
2018-03-01 14:07:20,0.00000430,6624.00000000
2018-03-01 14:07:20,0.00000429,2335.00000000
2018-03-01 14:07:21,0.00000430,1323.00000000
2018-03-01 14:07:21,0.00000429,1167.00000000
2018-03-01 14:07:22,0.00000430,4316.00000000
2018-03-01 14:07:22,0.00000430,193.00000000
2018-03-01 14:07:22,0.00000429,1167.00000000
2018-03-01 14:07:23,0.00000429,376.00000000
2018-03-01 14:07:23,0.00000429,623.00000000
2018-03-01 14:07:24,0.00000429,1110.00000000
2018-03-01 14:07:25,0.00000429,10950.00000000
2018-03-01 14:07:25,0.00000429,10529.00000000
2018-03-01 14:07:25,0.00000429,12996.00000000
2018-03-01 14:07:26,0.00000429,1337.00000000
2018-03-01 14:07:26,0.00000429,37130.00000000
2018-03-01 14:07:26,0.00000429,1000.00000000
2018-03-01 14:07:26,0.00000430,7600.00000000
2018-03-01 14:07:26,0.00000429,947.00000000
2018-03-01 14:07:27,0.00000430,1071.00000000
2018-03-01 14:07:28,0.00000429,16.00000000
2018-03-01 14:07:28,0.00000430,265.00000000
2018-03-01 14:07:29,0.00000430,2510.00000000
2018-03-01 14:07:30,0.00000430,67.00000000
2018-03-01 14:07:31,0.00000429,23310.00000000
2018-03-01 14:07:32,0.00000429,64607.00000000
2018-03-01 14:07:32,0.00000430,16.00000000
2018-03-01 14:07:32,0.00000430,10712.00000000
2018-03-01 14:07:33,0.00000429,6234.00000000
2018-03-01 14:07:33,0.00000429,376.00000000
2018-03-01 14:07:33,0.00000430,4.00000000
2018-03-01 14:07:34,0.00000429,11642.00000000
2018-03-01 14:07:34,0.00000429,7816.00000000
2018-03-01 14:07:35,0.00000429,11642.00000000
2018-03-01 14:07:35,0.00000429,5274.00000000
2018-03-01 14:07:35,0.00000429,934.00000000
2018-03-01 14:07:35,0.00000429,451.00000000
2018-03-01 14:07:36,0.00000430,1.00000000
2018-03-01 14:07:40,0.00000429,725.00000000
2018-03-01 14:07:40,0.00000430,1000.00000000
2018-03-01 14:07:41,0.00000429,407.00000000
2018-03-01 14:07:43,0.00000429,23310.00000000
2018-03-01 14:07:43,0.00000429,216165.00000000
2018-03-01 14:07:47,0.00000429,1166.00000000
2018-03-01 14:07:47,0.00000429,14696.00000000
2018-03-01 14:07:47,0.00000430,1000.00000000
2018-03-01 14:07:49,0.00000429,1487.00000000
2018-03-01 14:07:49,0.00000430,1672.00000000
2018-03-01 14:07:49,0.00000430,637.00000000
2018-03-01 14:07:52,0.00000430,45514.00000000
2018-03-01 14:07:53,0.00000430,1900.00000000
2018-03-01 14:07:57,0.00000429,35046.00000000
2018-03-01 14:07:58,0.00000429,2878.00000000
2018-03-01 14:07:59,0.00000429,677.00000000
2018-03-01 14:08:00,0.00000429,1167.00000000
2018-03-01 14:08:01,0.00000429,292.00000000
2018-03-01 14:08:03,0.00000429,143.00000000
2018-03-01 14:08:04,0.00000429,400.00000000
2018-03-01 14:08:05,0.00000430,556.00000000
2018-03-01 14:08:07,0.00000430,188528.00000000
2018-03-01 14:08:08,0.00000430,12000.00000000
2018-03-01 14:08:10,0.00000429,1429.00000000
2018-03-01 14:08:10,0.00000429,1630.00000000
2018-03-01 14:08:10,0.00000429,1855.00000000
2018-03-01 14:08:11,0.00000429,686.00000000
2018-03-01 14:08:11,0.00000429,64854.00000000
2018-03-01 14:08:11,0.00000429,1124.00000000
2018-03-01 14:08:13,0.00000430,7112.00000000
2018-03-01 14:08:15,0.00000429,11655.00000000
2018-03-01 14:08:17,0.00000429,167000.00000000
2018-03-01 14:08:17,0.00000429,6641.00000000
2018-03-01 14:08:17,0.00000430,13840.00000000
2018-03-01 14:08:20,0.00000430,8723.00000000
2018-03-01 14:08:21,0.00000429,8242.00000000
2018-03-01 14:08:23,0.00000430,2805.00000000
2018-03-01 14:08:24,0.00000429,6001.00000000
2018-03-01 14:08:24,0.00000429,125167.00000000
2018-03-01 14:08:25,0.00000429,3215.00000000
2018-03-01 14:08:27,0.00000430,4880.00000000
2018-03-01 14:08:27,0.00000430,720.00000000
2018-03-01 14:08:28,0.00000430,181.00000000
2018-03-01 14:08:31,0.00000429,1166.00000000
2018-03-01 14:08:31,0.00000429,39942.00000000
2018-03-01 14:08:31,0.00000429,1562.00000000
2018-03-01 14:08:33,0.00000430,4081.00000000
2018-03-01 14:08:34,0.00000429,2573.00000000
2018-03-01 14:08:34,0.00000429,39935.00000000
2018-03-01 14:08:35,0.00000429,2070.00000000
2018-03-01 14:08:35,0.00000429,39915.00000000
2018-03-01 14:08:35,0.00000429,94000.00000000
2018-03-01 14:08:38,0.00000430,2325.00000000
2018-03-01 14:08:44,0.00000429,3647.00000000
2018-03-01 14:08:45,0.00000430,643.00000000
2018-03-01 14:08:45,0.00000429,14759.00000000
2018-03-01 14:08:48,0.00000429,903.00000000
2018-03-01 14:08:48,0.00000429,44578.00000000
2018-03-01 14:08:48,0.00000430,202406.00000000
2018-03-01 14:08:50,0.00000430,500.00000000
2018-03-01 14:08:52,0.00000429,900.00000000
2018-03-01 14:08:53,0.00000429,829.00000000
2018-03-01 14:08:54,0.00000429,37732.00000000
2018-03-01 14:08:56,0.00000430,7477.00000000
2018-03-01 14:08:56,0.00000429,11439.00000000
2018-03-01 14:08:57,0.00000429,68.00000000
2018-03-01 14:08:58,0.00000430,1915.00000000
2018-03-01 14:08:59,0.00000430,1866.00000000
2018-03-01 14:09:00,0.00000429,1166.00000000
2018-03-01 14:09:02,0.00000429,39892.00000000
2018-03-01 14:09:03,0.00000429,527.00000000
2018-03-01 14:09:04,0.00000430,8415.00000000
2018-03-01 14:09:05,0.00000429,600.00000000
2018-03-01 14:09:08,0.00000429,100.00000000
2018-03-01 14:09:08,0.00000430,255.00000000
2018-03-01 14:09:10,0.00000430,122204.00000000
2018-03-01 14:09:12,0.00000430,22838.00000000
2018-03-01 14:09:12,0.00000429,6361.00000000
2018-03-01 14:09:13,0.00000430,5.00000000
2018-03-01 14:09:14,0.00000429,23310.00000000
2018-03-01 14:09:17,0.00000429,597847.00000000
2018-03-01 14:09:21,0.00000429,138300.00000000
2018-03-01 14:09:22,0.00000429,2162.00000000
2018-03-01 14:09:23,0.00000430,282.00000000
2018-03-01 14:09:26,0.00000429,67829.00000000
2018-03-01 14:09:27,0.00000429,752.00000000
2018-03-01 14:09:28,0.00000429,21532.00000000
2018-03-01 14:09:29,0.00000429,3463.00000000
2018-03-01 14:09:29,0.00000429,204433.00000000
2018-03-01 14:09:31,0.00000430,11611.00000000
2018-03-01 14:09:32,0.00000429,10997.00000000
2018-03-01 14:09:33,0.00000430,5529.00000000
2018-03-01 14:09:36,0.00000430,1372.00000000
2018-03-01 14:09:37,0.00000429,376.00000000
2018-03-01 14:09:37,0.00000430,341.00000000
2018-03-01 14:09:38,0.00000430,253.00000000
2018-03-01 14:09:38,0.00000429,349.00000000
2018-03-01 14:09:38,0.00000429,12874.00000000
2018-03-01 14:09:39,0.00000430,113.00000000
2018-03-01 14:09:39,0.00000429,12365.00000000
2018-03-01 14:09:40,0.00000429,14520.00000000
2018-03-01 14:09:40,0.00000429,11711.00000000
2018-03-01 14:09:41,0.00000428,13599.00000000
2018-03-01 14:09:42,0.00000429,3228.00000000
2018-03-01 14:09:44,0.00000429,726.00000000
2018-03-01 14:09:44,0.00000428,1166.00000000
2018-03-01 14:09:45,0.00000428,1867.00000000
2018-03-01 14:09:47,0.00000429,291877.00000000
2018-03-01 14:09:48,0.00000429,23310.00000000
2018-03-01 14:09:48,0.00000429,30013.00000000
2018-03-01 14:09:49,0.00000429,1444.00000000
2018-03-01 14:09:49,0.00000429,828.00000000
2018-03-01 14:09:49,0.00000429,149707.00000000
2018-03-01 14:09:49,0.00000429,2521.00000000
2018-03-01 14:09:50,0.00000429,5271.00000000
2018-03-01 14:09:50,0.00000429,1148.00000000
2018-03-01 14:09:50,0.00000429,1161.00000000
2018-03-01 14:09:55,0.00000429,5459.00000000
2018-03-01 14:09:56,0.00000429,84.00000000
2018-03-01 14:09:57,0.00000429,285.00000000
2018-03-01 14:09:58,0.00000429,15116.00000000
2018-03-01 14:09:58,0.00000429,7808.00000000
2018-03-01 14:09:59,0.00000429,395.00000000
2018-03-01 14:10:00,0.00000429,547.00000000
2018-03-01 14:10:01,0.00000429,19417.00000000
2018-03-01 14:10:01,0.00000429,11694.00000000
2018-03-01 14:10:02,0.00000429,1166.00000000
2018-03-01 14:10:03,0.00000429,3540.00000000
2018-03-01 14:10:03,0.00000429,27735.00000000
2018-03-01 14:10:03,0.00000429,22620.00000000
2018-03-01 14:10:03,0.00000429,12951.00000000
2018-03-01 14:10:03,0.00000429,13354.00000000
2018-03-01 14:10:04,0.00000429,5473.00000000
2018-03-01 14:10:04,0.00000429,23310.00000000
2018-03-01 14:10:04,0.00000429,47496.00000000
2018-03-01 14:10:05,0.00000429,23310.00000000
2018-03-01 14:10:05,0.00000429,11807.00000000
2018-03-01 14:10:05,0.00000429,17768.00000000
2018-03-01 14:10:05,0.00000429,5000.00000000
2018-03-01 14:10:08,0.00000429,192928.00000000
2018-03-01 14:10:09,0.00000429,376.00000000
2018-03-01 14:10:09,0.00000429,77354.00000000
2018-03-01 14:10:10,0.00000429,1773.00000000
2018-03-01 14:10:10,0.00000429,9990.00000000
2018-03-01 14:10:12,0.00000429,10.00000000
2018-03-01 14:10:13,0.00000429,3053.00000000
2018-03-01 14:10:14,0.00000429,2334.00000000
2018-03-01 14:10:14,0.00000429,487.00000000
2018-03-01 14:10:20,0.00000429,1804.00000000
2018-03-01 14:10:20,0.00000429,80305.00000000
2018-03-01 14:10:21,0.00000429,2217.00000000
2018-03-01 14:10:22,0.00000429,376.00000000
2018-03-01 14:10:25,0.00000429,33212.00000000
2018-03-01 14:10:25,0.00000429,39946.00000000
2018-03-01 14:10:26,0.00000429,40886.00000000
2018-03-01 14:10:27,0.00000429,11728.00000000
2018-03-01 14:10:28,0.00000429,376.00000000
2018-03-01 14:10:28,0.00000429,41.00000000
2018-03-01 14:10:28,0.00000429,2017.00000000
2018-03-01 14:10:29,0.00000430,211681.00000000
2018-03-01 14:10:29,0.00000429,23398.00000000
2018-03-01 14:10:30,0.00000430,12.00000000
2018-03-01 14:10:30,0.00000429,19.00000000
2018-03-01 14:10:31,0.00000429,5809.00000000
2018-03-01 14:10:31,0.00000429,19506.00000000
2018-03-01 14:10:31,0.00000429,2598.00000000
2018-03-01 14:10:31,0.00000430,6388.00000000
2018-03-01 14:10:31,0.00000430,8111.00000000
2018-03-01 14:10:32,0.00000429,217.00000000
2018-03-01 14:10:33,0.00000429,508.00000000
2018-03-01 14:10:33,0.00000429,20139.00000000
2018-03-01 14:10:35,0.00000429,1129.00000000
2018-03-01 14:10:35,0.00000429,583.00000000
2018-03-01 14:10:37,0.00000429,7058.00000000
2018-03-01 14:10:38,0.00000429,4423.00000000
2018-03-01 14:10:39,0.00000429,2239.00000000
2018-03-01 14:10:43,0.00000429,576.00000000
2018-03-01 14:10:44,0.00000429,1590.00000000
2018-03-01 14:10:44,0.00000429,1646.00000000
2018-03-01 14:10:49,0.00000429,8850.00000000
2018-03-01 14:10:53,0.00000429,1815.00000000
2018-03-01 14:10:53,0.00000429,10.00000000
2018-03-01 14:10:56,0.00000429,3160.00000000
2018-03-01 14:10:57,0.00000429,2.00000000
2018-03-01 14:10:58,0.00000429,3804.00000000
2018-03-01 14:11:00,0.00000429,162135.00000000
2018-03-01 14:11:05,0.00000430,7952.00000000
2018-03-01 14:11:05,0.00000429,1254.00000000
2018-03-01 14:11:08,0.00000429,2220.00000000
2018-03-01 14:11:13,0.00000429,885.00000000
2018-03-01 14:11:20,0.00000429,4327.00000000
2018-03-01 14:11:21,0.00000429,2803.00000000
2018-03-01 14:11:22,0.00000430,255.00000000
2018-03-01 14:11:23,0.00000430,1966.00000000
2018-03-01 14:11:25,0.00000430,265.00000000
2018-03-01 14:11:28,0.00000430,11262.00000000
2018-03-01 14:11:28,0.00000430,14.00000000
2018-03-01 14:11:28,0.00000429,7795.00000000
2018-03-01 14:11:28,0.00000429,4090.00000000
2018-03-01 14:11:28,0.00000430,2111892.00000000
2018-03-01 14:11:28,0.00000430,99325.00000000
2018-03-01 14:11:28,0.00000430,4311.00000000
2018-03-01 14:11:28,0.00000430,7830.00000000
2018-03-01 14:11:28,0.00000430,2324.00000000
2018-03-01 14:11:28,0.00000430,17243.00000000
2018-03-01 14:11:28,0.00000430,39692.00000000
2018-03-01 14:11:29,0.00000430,21599.00000000
2018-03-01 14:11:29,0.00000430,110287.00000000
2018-03-01 14:11:29,0.00000430,1132.00000000
2018-03-01 14:11:29,0.00000430,6674.00000000
2018-03-01 14:11:30,0.00000430,53937.00000000
2018-03-01 14:11:30,0.00000430,816.00000000
2018-03-01 14:11:30,0.00000430,3458.00000000
2018-03-01 14:11:32,0.00000430,5451.00000000
2018-03-01 14:11:32,0.00000430,5000.00000000
2018-03-01 14:11:33,0.00000430,518.00000000
2018-03-01 14:11:33,0.00000430,245098.00000000
2018-03-01 14:11:33,0.00000430,375.00000000
2018-03-01 14:11:34,0.00000431,232018.00000000
2018-03-01 14:11:34,0.00000430,375.00000000
2018-03-01 14:11:35,0.00000430,11766.00000000
2018-03-01 14:11:35,0.00000430,910.00000000
2018-03-01 14:11:35,0.00000431,13292.00000000
2018-03-01 14:11:36,0.00000431,11600.00000000
2018-03-01 14:11:36,0.00000431,185707.00000000
2018-03-01 14:11:36,0.00000431,21.00000000
2018-03-01 14:11:37,0.00000430,1095.00000000
2018-03-01 14:11:37,0.00000430,2227.00000000
2018-03-01 14:11:38,0.00000430,2872.00000000
2018-03-01 14:11:38,0.00000431,1176.00000000
2018-03-01 14:11:39,0.00000430,375.00000000
2018-03-01 14:11:39,0.00000431,217463.00000000
2018-03-01 14:11:39,0.00000430,614.00000000
2018-03-01 14:11:42,0.00000431,10194.00000000
2018-03-01 14:11:43,0.00000431,2277.00000000
2018-03-01 14:11:43,0.00000431,71887.00000000
2018-03-01 14:11:43,0.00000431,237.00000000
2018-03-01 14:11:44,0.00000431,594478.00000000
2018-03-01 14:11:45,0.00000431,443225.00000000
2018-03-01 14:11:46,0.00000431,271348.00000000
2018-03-01 14:11:46,0.00000431,2682.00000000
2018-03-01 14:11:46,0.00000431,130954.00000000
2018-03-01 14:11:46,0.00000431,5635.00000000
2018-03-01 14:11:46,0.00000431,26500.00000000
2018-03-01 14:11:46,0.00000431,1004.00000000
2018-03-01 14:11:46,0.00000431,109401.00000000
2018-03-01 14:11:50,0.00000431,54243.00000000
2018-03-01 14:11:51,0.00000431,40689.00000000
2018-03-01 14:11:51,0.00000431,192968.00000000
2018-03-01 14:11:52,0.00000431,961.00000000
2018-03-01 14:11:52,0.00000431,3732.00000000
2018-03-01 14:11:52,0.00000430,3732.00000000
2018-03-01 14:11:52,0.00000430,623.00000000
2018-03-01 14:11:53,0.00000431,1869.00000000
2018-03-01 14:11:53,0.00000431,564.00000000
2018-03-01 14:11:53,0.00000431,12258.00000000
2018-03-01 14:11:53,0.00000431,2319.00000000
2018-03-01 14:11:53,0.00000431,2814.00000000
2018-03-01 14:11:53,0.00000431,3233.00000000
2018-03-01 14:11:53,0.00000431,585.00000000
2018-03-01 14:11:54,0.00000431,4284.00000000
2018-03-01 14:11:54,0.00000431,898.00000000
2018-03-01 14:11:55,0.00000431,1869.00000000
2018-03-01 14:11:55,0.00000431,5991.00000000
2018-03-01 14:11:55,0.00000431,2731.00000000
2018-03-01 14:11:55,0.00000432,4.00000000
2018-03-01 14:11:55,0.00000431,11601.00000000
2018-03-01 14:11:55,0.00000431,23740.00000000
2018-03-01 14:11:55,0.00000432,55791.00000000
2018-03-01 14:11:56,0.00000431,15035.00000000
2018-03-01 14:11:56,0.00000431,5453.00000000
2018-03-01 14:11:56,0.00000431,466.00000000
2018-03-01 14:11:56,0.00000431,27697.00000000
2018-03-01 14:11:56,0.00000431,1811.00000000
2018-03-01 14:11:57,0.00000431,6244.00000000
2018-03-01 14:11:57,0.00000430,1646.00000000
2018-03-01 14:11:57,0.00000430,16907.00000000
2018-03-01 14:11:58,0.00000431,512.00000000
2018-03-01 14:11:58,0.00000432,109542.00000000
2018-03-01 14:11:59,0.00000432,13818.00000000
2018-03-01 14:12:00,0.00000431,355665.00000000
2018-03-01 14:12:00,0.00000431,41568.00000000
2018-03-01 14:12:02,0.00000431,22684.00000000
2018-03-01 14:12:03,0.00000431,500.00000000
2018-03-01 14:12:04,0.00000431,3463.00000000
2018-03-01 14:12:04,0.00000431,3100.00000000
2018-03-01 14:12:04,0.00000431,44000.00000000
2018-03-01 14:12:05,0.00000431,629.00000000
2018-03-01 14:12:09,0.00000431,1154.00000000
2018-03-01 14:12:09,0.00000431,10131.00000000
2018-03-01 14:12:10,0.00000432,250000.00000000
2018-03-01 14:12:11,0.00000432,67030.00000000
2018-03-01 14:12:11,0.00000431,647.00000000
2018-03-01 14:12:12,0.00000431,6.00000000
2018-03-01 14:12:12,0.00000431,104280.00000000
2018-03-01 14:12:12,0.00000431,106133.00000000
2018-03-01 14:12:13,0.00000431,20000.00000000
2018-03-01 14:12:13,0.00000431,26500.00000000
2018-03-01 14:12:13,0.00000431,1356.00000000
2018-03-01 14:12:14,0.00000431,56424.00000000
2018-03-01 14:12:14,0.00000431,11832.00000000
2018-03-01 14:12:17,0.00000431,776.00000000
2018-03-01 14:12:17,0.00000431,51288.00000000
2018-03-01 14:12:19,0.00000431,56753.00000000
2018-03-01 14:12:20,0.00000431,175918.00000000
2018-03-01 14:12:20,0.00000432,24082.00000000
2018-03-01 14:12:23,0.00000431,665.00000000
2018-03-01 14:12:23,0.00000432,532.00000000
2018-03-01 14:12:27,0.00000431,800.00000000
2018-03-01 14:12:27,0.00000430,24157.00000000
2018-03-01 14:12:28,0.00000431,18442.00000000
2018-03-01 14:12:28,0.00000431,522559.00000000
2018-03-01 14:12:28,0.00000432,1917.00000000
2018-03-01 14:12:28,0.00000432,5795.00000000
2018-03-01 14:12:29,0.00000432,757.00000000
2018-03-01 14:12:30,0.00000432,9102.00000000
2018-03-01 14:12:30,0.00000432,7454.00000000
2018-03-01 14:12:31,0.00000432,8000.00000000
2018-03-01 14:12:31,0.00000432,23268.00000000
2018-03-01 14:12:31,0.00000432,11787.00000000
2018-03-01 14:12:33,0.00000432,151039.00000000
2018-03-01 14:12:34,0.00000432,17150.00000000
2018-03-01 14:12:35,0.00000432,1944.00000000
2018-03-01 14:12:36,0.00000431,419.00000000
2018-03-01 14:12:36,0.00000432,816.00000000
2018-03-01 14:12:37,0.00000431,6863.00000000
2018-03-01 14:12:39,0.00000432,1252.00000000
2018-03-01 14:12:40,0.00000431,15010.00000000
2018-03-01 14:12:41,0.00000431,12040.00000000
2018-03-01 14:12:41,0.00000432,215.00000000
2018-03-01 14:12:43,0.00000432,5465.00000000
2018-03-01 14:12:45,0.00000431,1004.00000000
2018-03-01 14:12:47,0.00000431,7334.00000000
2018-03-01 14:12:48,0.00000431,374.00000000
2018-03-01 14:12:48,0.00000431,182101.00000000
2018-03-01 14:12:48,0.00000431,2079.00000000
2018-03-01 14:12:49,0.00000432,878.00000000
2018-03-01 14:12:51,0.00000431,5629.00000000
2018-03-01 14:12:51,0.00000430,1000.00000000
2018-03-01 14:12:52,0.00000431,595.00000000
2018-03-01 14:12:52,0.00000431,39734.00000000
2018-03-01 14:12:52,0.00000431,13587.00000000
2018-03-01 14:12:52,0.00000431,22814.00000000
2018-03-01 14:12:53,0.00000431,20288.00000000
2018-03-01 14:12:53,0.00000431,137250.00000000
2018-03-01 14:12:54,0.00000431,23255.00000000
2018-03-01 14:12:54,0.00000431,4454.00000000
2018-03-01 14:12:55,0.00000431,2724.00000000
2018-03-01 14:12:55,0.00000431,374.00000000
2018-03-01 14:12:56,0.00000431,20643.00000000
2018-03-01 14:12:57,0.00000430,2861.00000000
2018-03-01 14:12:57,0.00000431,205.00000000
2018-03-01 14:12:58,0.00000431,374.00000000
2018-03-01 14:12:58,0.00000431,358.00000000
2018-03-01 14:12:59,0.00000431,7876.00000000
2018-03-01 14:12:59,0.00000431,208039.00000000
2018-03-01 14:12:59,0.00000431,3431.00000000
2018-03-01 14:12:59,0.00000431,30.00000000
2018-03-01 14:13:00,0.00000431,38594.00000000
2018-03-01 14:13:02,0.00000431,34802.00000000
2018-03-01 14:13:02,0.00000431,13940.00000000
2018-03-01 14:13:02,0.00000432,51060.00000000
2018-03-01 14:13:04,0.00000431,282.00000000
2018-03-01 14:13:06,0.00000431,4718.00000000
2018-03-01 14:13:07,0.00000432,13.00000000
2018-03-01 14:13:10,0.00000432,126.00000000
2018-03-01 14:13:12,0.00000432,200.00000000
2018-03-01 14:13:13,0.00000432,126.00000000
2018-03-01 14:13:14,0.00000432,7596.00000000
2018-03-01 14:13:14,0.00000432,8370.00000000
2018-03-01 14:13:14,0.00000431,7093.00000000
2018-03-01 14:13:15,0.00000432,1500.00000000
2018-03-01 14:13:15,0.00000431,28066.00000000
2018-03-01 14:13:17,0.00000431,26805.00000000
2018-03-01 14:13:17,0.00000431,189846.00000000
2018-03-01 14:13:18,0.00000431,1010.00000000
2018-03-01 14:13:18,0.00000432,2780.00000000
2018-03-01 14:13:18,0.00000431,25795.00000000
2018-03-01 14:13:24,0.00000431,4120.00000000
2018-03-01 14:13:27,0.00000431,2000.00000000
2018-03-01 14:13:28,0.00000431,1420.00000000
2018-03-01 14:13:34,0.00000431,3934.00000000
2018-03-01 14:13:34,0.00000431,10268.00000000
2018-03-01 14:13:34,0.00000431,364.00000000
2018-03-01 14:13:40,0.00000431,25750.00000000
2018-03-01 14:13:40,0.00000431,4845.00000000
2018-03-01 14:13:40,0.00000430,1000.00000000
2018-03-01 14:13:41,0.00000430,192136.00000000
2018-03-01 14:13:46,0.00000430,4828.00000000
2018-03-01 14:13:48,0.00000430,241625.00000000
2018-03-01 14:13:48,0.00000430,4842.00000000
2018-03-01 14:13:48,0.00000431,1888.00000000
2018-03-01 14:13:51,0.00000431,15184.00000000
2018-03-01 14:13:54,0.00000431,353.00000000
2018-03-01 14:13:55,0.00000431,8962.00000000
2018-03-01 14:13:58,0.00000431,102732.00000000
2018-03-01 14:14:01,0.00000431,9047.00000000
2018-03-01 14:14:01,0.00000431,840.00000000
2018-03-01 14:14:01,0.00000431,36911.00000000
2018-03-01 14:14:02,0.00000430,1000.00000000
2018-03-01 14:14:04,0.00000431,586.00000000
2018-03-01 14:14:05,0.00000430,11922.00000000
2018-03-01 14:14:05,0.00000430,223.00000000
2018-03-01 14:14:06,0.00000431,3000.00000000
2018-03-01 14:14:09,0.00000431,2739.00000000
2018-03-01 14:14:09,0.00000431,59979.00000000
2018-03-01 14:14:09,0.00000430,21295.00000000
2018-03-01 14:14:09,0.00000430,184.00000000
2018-03-01 14:14:11,0.00000431,62876.00000000
2018-03-01 14:14:11,0.00000430,63839.00000000
2018-03-01 14:14:11,0.00000430,6227.00000000
2018-03-01 14:14:18,0.00000430,87143.00000000
2018-03-01 14:14:22,0.00000430,5160.00000000
2018-03-01 14:14:23,0.00000430,155492.00000000
2018-03-01 14:14:26,0.00000430,20000.00000000
2018-03-01 14:14:28,0.00000430,1385.00000000
2018-03-01 14:14:30,0.00000431,43348.00000000
2018-03-01 14:14:30,0.00000430,13292.00000000
2018-03-01 14:14:32,0.00000431,3979.00000000
2018-03-01 14:14:33,0.00000431,34563.00000000
2018-03-01 14:14:34,0.00000431,900.00000000
2018-03-01 14:14:39,0.00000431,11834.00000000
2018-03-01 14:14:39,0.00000430,6486.00000000
2018-03-01 14:14:39,0.00000431,1313.00000000
2018-03-01 14:14:40,0.00000431,29000.00000000
2018-03-01 14:14:43,0.00000431,51154.00000000
2018-03-01 14:14:43,0.00000430,238.00000000
2018-03-01 14:14:45,0.00000431,14143.00000000
2018-03-01 14:14:47,0.00000431,5290.00000000
2018-03-01 14:14:47,0.00000431,3510.00000000
2018-03-01 14:14:49,0.00000430,40649.00000000
2018-03-01 14:14:50,0.00000430,131000.00000000
2018-03-01 14:14:50,0.00000431,2956.00000000
2018-03-01 14:14:52,0.00000431,39373.00000000
2018-03-01 14:14:55,0.00000430,4849.00000000
2018-03-01 14:14:56,0.00000431,17097.00000000
2018-03-01 14:14:58,0.00000430,130954.00000000
2018-03-01 14:15:00,0.00000430,147188.00000000
2018-03-01 14:15:00,0.00000430,359.00000000
2018-03-01 14:15:01,0.00000431,2320.00000000
2018-03-01 14:15:02,0.00000431,2320.00000000
2018-03-01 14:15:03,0.00000431,2534.00000000
2018-03-01 14:15:04,0.00000431,1131.00000000
2018-03-01 14:15:05,0.00000430,12087.00000000
2018-03-01 14:15:05,0.00000430,5000.00000000
2018-03-01 14:15:05,0.00000430,5271.00000000
2018-03-01 14:15:07,0.00000430,1978.00000000
2018-03-01 14:15:08,0.00000431,2092.00000000
2018-03-01 14:15:08,0.00000430,2012.00000000
2018-03-01 14:15:09,0.00000431,24337.00000000
2018-03-01 14:15:09,0.00000431,7301.00000000
2018-03-01 14:15:09,0.00000430,520.00000000
2018-03-01 14:15:10,0.00000431,2433.00000000
2018-03-01 14:15:12,0.00000431,2320.00000000
2018-03-01 14:15:13,0.00000431,20020.00000000
2018-03-01 14:15:13,0.00000431,11601.00000000
2018-03-01 14:15:13,0.00000431,1000.00000000
2018-03-01 14:15:14,0.00000430,134557.00000000
2018-03-01 14:15:14,0.00000430,131967.00000000
2018-03-01 14:15:17,0.00000430,27058.00000000
2018-03-01 14:15:20,0.00000430,252034.00000000
2018-03-01 14:15:21,0.00000430,1.00000000
2018-03-01 14:15:22,0.00000430,2326.00000000
2018-03-01 14:15:22,0.00000429,3492.00000000
2018-03-01 14:15:22,0.00000429,358.00000000
2018-03-01 14:15:22,0.00000429,639.00000000
2018-03-01 14:15:23,0.00000430,11628.00000000
2018-03-01 14:15:23,0.00000430,9356.00000000
2018-03-01 14:15:23,0.00000429,382.00000000
2018-03-01 14:15:23,0.00000430,530.00000000
2018-03-01 14:15:24,0.00000429,1164.00000000
2018-03-01 14:15:24,0.00000430,11628.00000000
2018-03-01 14:15:29,0.00000429,28039.00000000
2018-03-01 14:15:29,0.00000430,5000.00000000
2018-03-01 14:15:29,0.00000429,39694.00000000
2018-03-01 14:15:29,0.00000430,2326.00000000
2018-03-01 14:15:30,0.00000430,2326.00000000
2018-03-01 14:15:31,0.00000430,13184.00000000
2018-03-01 14:15:31,0.00000430,592.00000000
2018-03-01 14:15:32,0.00000430,58824.00000000
2018-03-01 14:15:33,0.00000429,3492.00000000
2018-03-01 14:15:33,0.00000429,1863.00000000
2018-03-01 14:15:34,0.00000430,205111.00000000
2018-03-01 14:15:34,0.00000429,1164.00000000
2018-03-01 14:15:36,0.00000429,1888.00000000
2018-03-01 14:15:36,0.00000429,1864.00000000
2018-03-01 14:15:36,0.00000430,2032.00000000
2018-03-01 14:15:36,0.00000429,50000.00000000
2018-03-01 14:15:37,0.00000430,359.00000000
2018-03-01 14:15:38,0.00000429,4408.00000000
2018-03-01 14:15:38,0.00000430,356466.00000000
2018-03-01 14:15:40,0.00000430,8301.00000000
2018-03-01 14:15:40,0.00000430,934.00000000
2018-03-01 14:15:40,0.00000431,1000.00000000
2018-03-01 14:15:40,0.00000430,10000.00000000
2018-03-01 14:15:40,0.00000430,4305.00000000
2018-03-01 14:15:41,0.00000430,43368.00000000
2018-03-01 14:15:43,0.00000431,10000.00000000
2018-03-01 14:15:44,0.00000431,1000.00000000
2018-03-01 14:15:44,0.00000431,6751.00000000
2018-03-01 14:15:46,0.00000431,135908.00000000
2018-03-01 14:15:47,0.00000430,550.00000000
2018-03-01 14:15:48,0.00000430,8415.00000000
2018-03-01 14:15:49,0.00000431,1061.00000000
2018-03-01 14:15:50,0.00000430,939.00000000
2018-03-01 14:15:50,0.00000430,25075.00000000
2018-03-01 14:15:51,0.00000430,1503.00000000
2018-03-01 14:15:52,0.00000430,2819.00000000
2018-03-01 14:15:53,0.00000430,2950.00000000
2018-03-01 14:15:53,0.00000430,14359.00000000
2018-03-01 14:15:53,0.00000430,4842.00000000
2018-03-01 14:15:53,0.00000431,1.00000000
2018-03-01 14:15:54,0.00000430,5937.00000000
2018-03-01 14:15:55,0.00000430,10860.00000000
2018-03-01 14:15:55,0.00000431,13507.00000000
2018-03-01 14:15:56,0.00000430,207816.00000000
2018-03-01 14:15:57,0.00000430,10656.00000000
2018-03-01 14:15:57,0.00000430,2632.00000000
2018-03-01 14:15:57,0.00000430,7000.00000000
2018-03-01 14:15:57,0.00000431,2303.00000000
2018-03-01 14:15:58,0.00000430,15754.00000000
2018-03-01 14:15:58,0.00000431,396.00000000
2018-03-01 14:15:59,0.00000430,16187.00000000
2018-03-01 14:15:59,0.00000431,42439.00000000
2018-03-01 14:16:01,0.00000430,8153.00000000
2018-03-01 14:16:02,0.00000430,11277.00000000
2018-03-01 14:16:02,0.00000430,37629.00000000
2018-03-01 14:16:02,0.00000430,34802.00000000
2018-03-01 14:16:03,0.00000430,1090.00000000
2018-03-01 14:16:03,0.00000430,85.00000000
2018-03-01 14:16:04,0.00000430,99325.00000000
2018-03-01 14:16:04,0.00000430,224999.00000000
2018-03-01 14:16:04,0.00000430,11627.00000000
2018-03-01 14:16:05,0.00000430,2106.00000000
2018-03-01 14:16:05,0.00000430,23824.00000000
2018-03-01 14:16:05,0.00000430,4842.00000000
2018-03-01 14:16:07,0.00000431,4858.00000000
2018-03-01 14:16:08,0.00000430,1353.00000000
2018-03-01 14:16:08,0.00000431,5345.00000000
2018-03-01 14:16:09,0.00000430,18205.00000000
2018-03-01 14:16:09,0.00000430,2440.00000000
2018-03-01 14:16:10,0.00000431,19.00000000
2018-03-01 14:16:10,0.00000430,4639.00000000
2018-03-01 14:16:11,0.00000430,728.00000000
2018-03-01 14:16:11,0.00000430,1466.00000000
2018-03-01 14:16:11,0.00000431,4709.00000000
2018-03-01 14:16:12,0.00000430,375.00000000
2018-03-01 14:16:12,0.00000430,800.00000000
2018-03-01 14:16:12,0.00000430,937.00000000
2018-03-01 14:16:12,0.00000431,3411.00000000
2018-03-01 14:16:13,0.00000430,1487.00000000
2018-03-01 14:16:14,0.00000431,2120.00000000
2018-03-01 14:16:14,0.00000431,5945.00000000
2018-03-01 14:16:16,0.00000430,5000.00000000
2018-03-01 14:16:16,0.00000431,1473.00000000
2018-03-01 14:16:16,0.00000431,12.00000000
2018-03-01 14:16:17,0.00000430,1150.00000000
2018-03-01 14:16:17,0.00000431,2.00000000
2018-03-01 14:16:17,0.00000431,369.00000000
2018-03-01 14:16:18,0.00000431,116303.00000000
2018-03-01 14:16:18,0.00000431,278.00000000
2018-03-01 14:16:18,0.00000430,2627.00000000
2018-03-01 14:16:19,0.00000431,91.00000000
2018-03-01 14:16:20,0.00000431,92366.00000000
2018-03-01 14:16:20,0.00000431,23.00000000
2018-03-01 14:16:20,0.00000431,7.00000000
2018-03-01 14:16:23,0.00000430,245.00000000
2018-03-01 14:16:24,0.00000430,1164.00000000
2018-03-01 14:16:24,0.00000430,2575.00000000
2018-03-01 14:16:24,0.00000430,7409.00000000
2018-03-01 14:16:24,0.00000431,6.00000000
2018-03-01 14:16:25,0.00000431,210734.00000000
2018-03-01 14:16:26,0.00000430,254.00000000
2018-03-01 14:16:26,0.00000430,13225.00000000
2018-03-01 14:16:26,0.00000430,9634.00000000
2018-03-01 14:16:26,0.00000430,2645.00000000
2018-03-01 14:16:26,0.00000431,1.00000000
2018-03-01 14:16:26,0.00000430,11639.00000000
2018-03-01 14:16:27,0.00000430,11489.00000000
2018-03-01 14:16:27,0.00000430,38404.00000000
2018-03-01 14:16:27,0.00000430,469.00000000
2018-03-01 14:16:27,0.00000430,315.00000000
2018-03-01 14:16:28,0.00000431,560.00000000
2018-03-01 14:16:29,0.00000431,1.00000000
2018-03-01 14:16:31,0.00000430,3339.00000000
2018-03-01 14:16:31,0.00000430,11561.00000000
2018-03-01 14:16:32,0.00000430,11546.00000000
2018-03-01 14:16:32,0.00000431,31181.00000000
2018-03-01 14:16:33,0.00000430,10907.00000000
2018-03-01 14:16:35,0.00000430,807.00000000
2018-03-01 14:16:36,0.00000430,620.00000000
2018-03-01 14:16:39,0.00000430,2232.00000000
2018-03-01 14:16:41,0.00000430,1500.00000000
2018-03-01 14:16:46,0.00000431,4983.00000000
2018-03-01 14:16:46,0.00000431,136800.00000000
2018-03-01 14:16:50,0.00000431,2949.00000000
2018-03-01 14:16:50,0.00000430,462.00000000
2018-03-01 14:16:53,0.00000430,33364.00000000
2018-03-01 14:16:54,0.00000430,250.00000000
2018-03-01 14:16:54,0.00000431,1.00000000
2018-03-01 14:16:55,0.00000431,2419.00000000
2018-03-01 14:16:55,0.00000431,16895.00000000
2018-03-01 14:16:57,0.00000431,15109.00000000
2018-03-01 14:16:57,0.00000430,240.00000000
2018-03-01 14:16:59,0.00000430,7831.00000000
2018-03-01 14:17:01,0.00000431,72048.00000000
2018-03-01 14:17:01,0.00000430,5447.00000000
2018-03-01 14:17:03,0.00000430,58901.00000000
2018-03-01 14:17:05,0.00000431,8116.00000000
2018-03-01 14:17:06,0.00000430,6913.00000000
2018-03-01 14:17:08,0.00000430,26418.00000000
2018-03-01 14:17:09,0.00000431,278.00000000
2018-03-01 14:17:13,0.00000431,1045.00000000
2018-03-01 14:17:15,0.00000431,2092.00000000
2018-03-01 14:17:17,0.00000431,164363.00000000
2018-03-01 14:17:20,0.00000431,2773.00000000
2018-03-01 14:17:21,0.00000430,3000.00000000
2018-03-01 14:17:22,0.00000430,270.00000000
2018-03-01 14:17:23,0.00000430,25218.00000000
2018-03-01 14:17:24,0.00000430,7698.00000000
2018-03-01 14:17:26,0.00000431,13545.00000000
2018-03-01 14:17:28,0.00000430,1335.00000000
2018-03-01 14:17:30,0.00000430,21693.00000000
2018-03-01 14:17:31,0.00000431,1100.00000000
2018-03-01 14:17:31,0.00000431,14925.00000000
2018-03-01 14:17:32,0.00000430,2931.00000000
2018-03-01 14:17:34,0.00000430,512053.00000000
2018-03-01 14:17:34,0.00000430,4829.00000000
2018-03-01 14:17:35,0.00000430,23255.00000000
2018-03-01 14:17:35,0.00000430,22942.00000000
2018-03-01 14:17:35,0.00000431,11896.00000000
2018-03-01 14:17:35,0.00000430,283.00000000
2018-03-01 14:17:38,0.00000430,12833.00000000
2018-03-01 14:17:39,0.00000430,6388.00000000
2018-03-01 14:17:39,0.00000430,2000.00000000
2018-03-01 14:17:39,0.00000430,1000.00000000
2018-03-01 14:17:41,0.00000431,2351.00000000
2018-03-01 14:17:41,0.00000430,176100.00000000
2018-03-01 14:17:42,0.00000430,363.00000000
2018-03-01 14:17:43,0.00000430,375.00000000
2018-03-01 14:17:44,0.00000430,2331.00000000
2018-03-01 14:17:44,0.00000430,1127.00000000
2018-03-01 14:17:44,0.00000431,54.00000000
2018-03-01 14:17:44,0.00000431,5000.00000000
2018-03-01 14:17:45,0.00000430,2837.00000000
2018-03-01 14:17:45,0.00000430,394.00000000
2018-03-01 14:17:45,0.00000430,9845.00000000
2018-03-01 14:17:45,0.00000431,13094.00000000
2018-03-01 14:17:48,0.00000430,12462.00000000
2018-03-01 14:17:49,0.00000430,1999.00000000
2018-03-01 14:17:50,0.00000430,23255.00000000
2018-03-01 14:17:50,0.00000430,17430.00000000
2018-03-01 14:17:51,0.00000430,1945.00000000
2018-03-01 14:17:51,0.00000430,2394.00000000
2018-03-01 14:17:52,0.00000430,1500.00000000
2018-03-01 14:17:52,0.00000430,400.00000000
2018-03-01 14:17:52,0.00000430,1341.00000000
2018-03-01 14:17:53,0.00000430,9507.00000000
2018-03-01 14:17:53,0.00000430,11139.00000000
2018-03-01 14:17:54,0.00000430,1163.00000000
2018-03-01 14:17:54,0.00000430,770.00000000
2018-03-01 14:17:55,0.00000430,16206.00000000
2018-03-01 14:17:55,0.00000430,30158.00000000
2018-03-01 14:17:55,0.00000430,33963.00000000
2018-03-01 14:17:55,0.00000430,42836.00000000
2018-03-01 14:18:00,0.00000431,50000.00000000
2018-03-01 14:18:00,0.00000430,364.00000000
2018-03-01 14:18:00,0.00000430,1286.00000000
2018-03-01 14:18:01,0.00000430,1015.00000000
2018-03-01 14:18:02,0.00000430,2326.00000000
2018-03-01 14:18:02,0.00000431,214.00000000
2018-03-01 14:18:03,0.00000431,5.00000000
2018-03-01 14:18:03,0.00000430,1163.00000000
2018-03-01 14:18:04,0.00000430,59003.00000000
2018-03-01 14:18:04,0.00000430,18432.00000000
2018-03-01 14:18:05,0.00000430,11198.00000000
2018-03-01 14:18:05,0.00000431,2600.00000000
2018-03-01 14:18:06,0.00000430,23255.00000000
2018-03-01 14:18:06,0.00000430,3155.00000000
2018-03-01 14:18:06,0.00000430,971.00000000
2018-03-01 14:18:07,0.00000430,14843.00000000
2018-03-01 14:18:07,0.00000430,122539.00000000
2018-03-01 14:18:07,0.00000430,104551.00000000
2018-03-01 14:18:08,0.00000430,10051.00000000
2018-03-01 14:18:08,0.00000430,146763.00000000
2018-03-01 14:18:08,0.00000430,72133.00000000
2018-03-01 14:18:09,0.00000430,18.00000000
2018-03-01 14:18:09,0.00000430,5010.00000000
2018-03-01 14:18:09,0.00000429,137113.00000000
2018-03-01 14:18:12,0.00000430,2152.00000000
2018-03-01 14:18:12,0.00000429,1385.00000000
2018-03-01 14:18:13,0.00000429,3492.00000000
2018-03-01 14:18:14,0.00000429,4103.00000000
2018-03-01 14:18:14,0.00000430,24463.00000000
2018-03-01 14:18:14,0.00000430,174963.00000000
2018-03-01 14:18:14,0.00000429,6225.00000000
2018-03-01 14:18:15,0.00000429,2331.00000000
2018-03-01 14:18:15,0.00000429,150888.00000000
2018-03-01 14:18:15,0.00000431,2748.00000000
2018-03-01 14:18:16,0.00000429,7446.00000000
2018-03-01 14:18:23,0.00000430,1164.00000000
2018-03-01 14:18:23,0.00000430,376.00000000
2018-03-01 14:18:24,0.00000430,376.00000000
2018-03-01 14:18:24,0.00000430,376.00000000
2018-03-01 14:18:25,0.00000430,571.00000000
2018-03-01 14:18:25,0.00000430,9383.00000000
2018-03-01 14:18:25,0.00000430,9383.00000000
2018-03-01 14:18:25,0.00000430,400.00000000
2018-03-01 14:18:25,0.00000431,1000.00000000
2018-03-01 14:18:26,0.00000430,971.00000000
2018-03-01 14:18:26,0.00000431,15.00000000
2018-03-01 14:18:26,0.00000430,2329.00000000
2018-03-01 14:18:28,0.00000430,6077.00000000
2018-03-01 14:18:29,0.00000430,440.00000000
2018-03-01 14:18:29,0.00000430,25721.00000000
2018-03-01 14:18:30,0.00000429,2934.00000000
2018-03-01 14:18:30,0.00000430,19866.00000000
2018-03-01 14:18:31,0.00000430,6568.00000000
2018-03-01 14:18:31,0.00000430,14025.00000000
2018-03-01 14:18:32,0.00000430,40721.00000000
2018-03-01 14:18:33,0.00000430,80.00000000
2018-03-01 14:18:33,0.00000430,280.00000000
2018-03-01 14:18:34,0.00000431,4.00000000
2018-03-01 14:18:35,0.00000430,5788.00000000
2018-03-01 14:18:36,0.00000430,8579.00000000
2018-03-01 14:18:36,0.00000430,58824.00000000
2018-03-01 14:18:38,0.00000431,4255.00000000
2018-03-01 14:18:38,0.00000430,38600.00000000
2018-03-01 14:18:41,0.00000430,134938.00000000
2018-03-01 14:18:41,0.00000430,241.00000000
2018-03-01 14:18:42,0.00000430,4750.00000000
2018-03-01 14:18:43,0.00000430,563.00000000
2018-03-01 14:18:43,0.00000431,3674.00000000
2018-03-01 14:18:44,0.00000431,200.00000000
2018-03-01 14:18:44,0.00000430,10464.00000000
2018-03-01 14:18:45,0.00000430,620.00000000
2018-03-01 14:18:45,0.00000431,1490.00000000
2018-03-01 14:18:45,0.00000431,3702.00000000
2018-03-01 14:18:46,0.00000430,375.00000000
2018-03-01 14:18:46,0.00000431,1.00000000
2018-03-01 14:18:46,0.00000431,1906.00000000
2018-03-01 14:18:47,0.00000430,939.00000000
2018-03-01 14:18:47,0.00000430,3364.00000000
2018-03-01 14:18:48,0.00000430,6220.00000000
2018-03-01 14:18:48,0.00000430,728.00000000
2018-03-01 14:18:48,0.00000431,1931.00000000
2018-03-01 14:18:49,0.00000430,23255.00000000
2018-03-01 14:18:49,0.00000430,2856.00000000
2018-03-01 14:18:50,0.00000430,16854.00000000
2018-03-01 14:18:51,0.00000430,375.00000000
2018-03-01 14:18:52,0.00000430,21664.00000000
2018-03-01 14:18:52,0.00000430,399.00000000
2018-03-01 14:18:53,0.00000430,2630.00000000
2018-03-01 14:18:55,0.00000431,9.00000000
2018-03-01 14:18:55,0.00000431,12835.00000000
2018-03-01 14:18:57,0.00000430,895.00000000
2018-03-01 14:18:59,0.00000430,84486.00000000
2018-03-01 14:19:00,0.00000430,2908.00000000
2018-03-01 14:19:00,0.00000430,16895.00000000
2018-03-01 14:19:02,0.00000430,11564.00000000
2018-03-01 14:19:03,0.00000429,11272.00000000
2018-03-01 14:19:03,0.00000429,612.00000000
2018-03-01 14:19:06,0.00000430,243.00000000
2018-03-01 14:19:07,0.00000430,9876.00000000
2018-03-01 14:19:08,0.00000429,629.00000000
2018-03-01 14:19:09,0.00000429,102.00000000
2018-03-01 14:19:11,0.00000430,1000.00000000
2018-03-01 14:19:11,0.00000430,6503.00000000
2018-03-01 14:19:12,0.00000429,25674.00000000
2018-03-01 14:19:12,0.00000430,3838.00000000
2018-03-01 14:19:13,0.00000429,156984.00000000
2018-03-01 14:19:13,0.00000429,2518.00000000
2018-03-01 14:19:18,0.00000429,39883.00000000
2018-03-01 14:19:19,0.00000430,2491.00000000
2018-03-01 14:19:22,0.00000429,15051.00000000
2018-03-01 14:19:23,0.00000429,400.00000000
2018-03-01 14:19:29,0.00000429,122450.00000000
2018-03-01 14:19:29,0.00000430,140.00000000
2018-03-01 14:19:31,0.00000429,499.00000000
2018-03-01 14:19:33,0.00000430,13045.00000000
2018-03-01 14:19:34,0.00000429,10826.00000000
2018-03-01 14:19:34,0.00000429,107347.00000000
2018-03-01 14:19:34,0.00000430,46276.00000000
2018-03-01 14:19:34,0.00000429,9093.00000000
2018-03-01 14:19:35,0.00000429,700.00000000
2018-03-01 14:19:44,0.00000429,456.00000000
2018-03-01 14:19:46,0.00000430,50000.00000000
2018-03-01 14:19:47,0.00000429,838.00000000
2018-03-01 14:19:49,0.00000430,2940.00000000
2018-03-01 14:19:50,0.00000430,806.00000000
2018-03-01 14:19:51,0.00000429,1000.00000000
2018-03-01 14:19:52,0.00000429,129045.00000000
2018-03-01 14:19:52,0.00000430,29.00000000
2018-03-01 14:19:53,0.00000430,2193.00000000
2018-03-01 14:19:53,0.00000430,37209.00000000
2018-03-01 14:19:53,0.00000429,1054295.00000000
2018-03-01 14:19:53,0.00000429,601.00000000
2018-03-01 14:19:53,0.00000429,20946.00000000
2018-03-01 14:19:53,0.00000429,2325.00000000
2018-03-01 14:19:53,0.00000429,20946.00000000
2018-03-01 14:19:54,0.00000429,20984.00000000
2018-03-01 14:19:54,0.00000429,2160.00000000
2018-03-01 14:19:54,0.00000429,2331.00000000
2018-03-01 14:19:55,0.00000429,3411.00000000
2018-03-01 14:19:55,0.00000428,2325.00000000
2018-03-01 14:19:55,0.00000428,400.00000000
2018-03-01 14:19:56,0.00000429,2331.00000000
2018-03-01 14:19:56,0.00000429,28877.00000000
2018-03-01 14:19:58,0.00000429,11019.00000000
2018-03-01 14:19:58,0.00000430,21000.00000000
2018-03-01 14:19:59,0.00000429,2123.00000000
2018-03-01 14:20:00,0.00000429,2824.00000000
2018-03-01 14:20:00,0.00000429,468.00000000
2018-03-01 14:20:00,0.00000429,4852.00000000
2018-03-01 14:20:02,0.00000429,49522.00000000
2018-03-01 14:20:03,0.00000429,58.00000000
2018-03-01 14:20:04,0.00000429,543.00000000
2018-03-01 14:20:04,0.00000430,250.00000000
2018-03-01 14:20:05,0.00000429,34037.00000000
2018-03-01 14:20:08,0.00000429,5285.00000000
2018-03-01 14:20:08,0.00000429,4762.00000000
2018-03-01 14:20:09,0.00000429,206882.00000000
2018-03-01 14:20:09,0.00000429,8461.00000000
2018-03-01 14:20:10,0.00000429,2331.00000000
2018-03-01 14:20:11,0.00000429,2331.00000000
2018-03-01 14:20:11,0.00000429,50050.00000000
2018-03-01 14:20:12,0.00000429,725.00000000
2018-03-01 14:20:12,0.00000429,2331.00000000
2018-03-01 14:20:14,0.00000429,2331.00000000
2018-03-01 14:20:16,0.00000429,12607.00000000
2018-03-01 14:20:17,0.00000429,50050.00000000
2018-03-01 14:20:17,0.00000429,26196.00000000
2018-03-01 14:20:19,0.00000429,5000.00000000
2018-03-01 14:20:21,0.00000429,103674.00000000
2018-03-01 14:20:21,0.00000429,38868.00000000
2018-03-01 14:20:21,0.00000429,13.00000000
2018-03-01 14:20:22,0.00000429,11169.00000000
2018-03-01 14:20:22,0.00000429,17845.00000000
2018-03-01 14:20:23,0.00000429,12607.00000000
2018-03-01 14:20:23,0.00000429,3301.00000000
2018-03-01 14:20:28,0.00000429,12607.00000000
2018-03-01 14:20:28,0.00000429,11847.00000000
2018-03-01 14:20:28,0.00000429,15015.00000000
2018-03-01 14:20:29,0.00000429,7138.00000000
2018-03-01 14:20:31,0.00000429,7139.00000000
2018-03-01 14:20:31,0.00000429,16928.00000000
2018-03-01 14:20:31,0.00000429,65104.00000000
2018-03-01 14:20:31,0.00000428,17401.00000000
2018-03-01 14:20:32,0.00000429,1110.00000000
2018-03-01 14:20:32,0.00000429,12607.00000000
2018-03-01 14:20:33,0.00000429,1346.00000000
2018-03-01 14:20:34,0.00000428,7.00000000
2018-03-01 14:20:34,0.00000428,2330.00000000
2018-03-01 14:20:34,0.00000429,176071.00000000
2018-03-01 14:20:36,0.00000428,14910.00000000
2018-03-01 14:20:36,0.00000429,3409.00000000
2018-03-01 14:20:39,0.00000429,12607.00000000
2018-03-01 14:20:41,0.00000429,315.00000000
2018-03-01 14:20:42,0.00000428,24.00000000
2018-03-01 14:20:46,0.00000429,12607.00000000
2018-03-01 14:20:49,0.00000428,39883.00000000
2018-03-01 14:20:49,0.00000429,32333.00000000
2018-03-01 14:20:49,0.00000429,2331.00000000
2018-03-01 14:20:50,0.00000429,1291.00000000
2018-03-01 14:20:50,0.00000428,2331.00000000
2018-03-01 14:20:50,0.00000429,2330.00000000
2018-03-01 14:20:50,0.00000429,1211.00000000
2018-03-01 14:20:50,0.00000429,2331.00000000
2018-03-01 14:20:51,0.00000429,20234.00000000
2018-03-01 14:20:51,0.00000429,2824.00000000
2018-03-01 14:20:51,0.00000429,1942.00000000
2018-03-01 14:20:51,0.00000428,11613.00000000
2018-03-01 14:20:51,0.00000429,26414.00000000
2018-03-01 14:20:52,0.00000429,442770.00000000
2018-03-01 14:20:52,0.00000429,4399.00000000
2018-03-01 14:20:52,0.00000430,8208.00000000
2018-03-01 14:20:52,0.00000430,2331.00000000
2018-03-01 14:20:52,0.00000428,2331.00000000
2018-03-01 14:20:53,0.00000428,388.00000000
2018-03-01 14:20:56,0.00000428,2329.00000000
2018-03-01 14:20:59,0.00000429,2534.00000000
2018-03-01 14:21:02,0.00000429,3628.00000000
2018-03-01 14:21:05,0.00000428,17622.00000000
2018-03-01 14:21:05,0.00000428,700.00000000
2018-03-01 14:21:06,0.00000429,5605.00000000
2018-03-01 14:21:09,0.00000429,3992.00000000
2018-03-01 14:21:09,0.00000429,635.00000000
2018-03-01 14:21:10,0.00000428,4126.00000000
2018-03-01 14:21:10,0.00000428,118444.00000000
2018-03-01 14:21:11,0.00000429,450077.00000000
2018-03-01 14:21:11,0.00000428,136.00000000
2018-03-01 14:21:12,0.00000428,1365.00000000
2018-03-01 14:21:16,0.00000429,259946.00000000
2018-03-01 14:21:16,0.00000429,19874.00000000
2018-03-01 14:21:18,0.00000429,813.00000000
2018-03-01 14:21:20,0.00000428,999.00000000
2018-03-01 14:21:29,0.00000428,1537.00000000
2018-03-01 14:21:30,0.00000428,500.00000000
2018-03-01 14:21:30,0.00000428,35692.00000000
2018-03-01 14:21:31,0.00000428,6647.00000000
2018-03-01 14:21:32,0.00000428,7818.00000000
2018-03-01 14:21:32,0.00000428,13956.00000000
2018-03-01 14:21:32,0.00000428,396.00000000
2018-03-01 14:21:33,0.00000428,358.00000000
2018-03-01 14:21:33,0.00000428,8615.00000000
2018-03-01 14:21:33,0.00000428,330.00000000
2018-03-01 14:21:34,0.00000429,233644.00000000
2018-03-01 14:21:35,0.00000428,163212.00000000
2018-03-01 14:21:36,0.00000428,114249.00000000
2018-03-01 14:21:36,0.00000428,35047.00000000
2018-03-01 14:21:37,0.00000428,647.00000000
2018-03-01 14:21:38,0.00000428,2644.00000000
2018-03-01 14:21:38,0.00000428,40803.00000000
2018-03-01 14:21:38,0.00000428,10573.00000000
2018-03-01 14:21:39,0.00000428,3230.00000000
2018-03-01 14:21:39,0.00000428,1460.00000000
2018-03-01 14:21:39,0.00000429,2175.00000000
2018-03-01 14:21:40,0.00000428,4852.00000000
2018-03-01 14:21:40,0.00000428,13260.00000000
2018-03-01 14:21:40,0.00000428,1866.00000000
2018-03-01 14:21:42,0.00000428,13601.00000000
2018-03-01 14:21:43,0.00000428,4382.00000000
2018-03-01 14:21:44,0.00000429,5000.00000000
2018-03-01 14:21:46,0.00000428,3594.00000000
2018-03-01 14:21:47,0.00000428,2256.00000000
2018-03-01 14:21:48,0.00000428,364.00000000
2018-03-01 14:21:48,0.00000428,2338.00000000
2018-03-01 14:21:48,0.00000428,606879.00000000
2018-03-01 14:21:49,0.00000428,12613.00000000
2018-03-01 14:21:51,0.00000428,21683.00000000
2018-03-01 14:21:51,0.00000428,36380.00000000
2018-03-01 14:21:52,0.00000428,817.00000000
2018-03-01 14:21:53,0.00000428,11988.00000000
2018-03-01 14:21:55,0.00000428,2514.00000000
2018-03-01 14:21:55,0.00000428,5009.00000000
2018-03-01 14:21:56,0.00000428,6021.00000000
2018-03-01 14:21:56,0.00000428,495.00000000
2018-03-01 14:21:56,0.00000428,13000.00000000
2018-03-01 14:21:57,0.00000429,3000.00000000
2018-03-01 14:21:57,0.00000428,2072.00000000
2018-03-01 14:21:57,0.00000428,32327.00000000
2018-03-01 14:21:57,0.00000428,881.00000000
2018-03-01 14:21:58,0.00000428,5942.00000000
2018-03-01 14:21:58,0.00000429,17359.00000000
2018-03-01 14:21:59,0.00000428,9647.00000000
2018-03-01 14:22:01,0.00000428,110693.00000000
2018-03-01 14:22:04,0.00000428,8000.00000000
2018-03-01 14:22:05,0.00000428,1164.00000000
2018-03-01 14:22:06,0.00000428,2835.00000000
2018-03-01 14:22:07,0.00000428,11877.00000000
2018-03-01 14:22:07,0.00000428,1251.00000000
2018-03-01 14:22:07,0.00000428,70083.00000000
2018-03-01 14:22:07,0.00000429,448639.00000000
2018-03-01 14:22:08,0.00000429,1.00000000
2018-03-01 14:22:09,0.00000428,70.00000000
2018-03-01 14:22:12,0.00000429,2633.00000000
2018-03-01 14:22:13,0.00000429,1147.00000000
2018-03-01 14:22:14,0.00000429,33626.00000000
2018-03-01 14:22:15,0.00000429,9035.00000000
2018-03-01 14:22:19,0.00000429,2687.00000000
2018-03-01 14:22:19,0.00000428,249750.00000000
2018-03-01 14:22:20,0.00000429,1547251.00000000
2018-03-01 14:22:20,0.00000430,1363874.00000000
2018-03-01 14:22:20,0.00000430,99325.00000000
2018-03-01 14:22:20,0.00000430,207909.00000000
2018-03-01 14:22:20,0.00000430,1000.00000000
2018-03-01 14:22:20,0.00000430,373112.00000000
2018-03-01 14:22:20,0.00000430,1150.00000000
2018-03-01 14:22:20,0.00000430,315.00000000
2018-03-01 14:22:21,0.00000430,2711.00000000
2018-03-01 14:22:21,0.00000430,11669.00000000
2018-03-01 14:22:21,0.00000430,19600.00000000
2018-03-01 14:22:21,0.00000430,7072.00000000
2018-03-01 14:22:21,0.00000430,576.00000000
2018-03-01 14:22:22,0.00000430,11669.00000000
2018-03-01 14:22:22,0.00000430,598.00000000
2018-03-01 14:22:22,0.00000431,10000.00000000
2018-03-01 14:22:23,0.00000430,11628.00000000
2018-03-01 14:22:23,0.00000430,15000.00000000
2018-03-01 14:22:23,0.00000430,19600.00000000
2018-03-01 14:22:24,0.00000430,9571.00000000
2018-03-01 14:22:25,0.00000430,812.00000000
2018-03-01 14:22:26,0.00000430,2000.00000000
2018-03-01 14:22:27,0.00000430,49307.00000000
2018-03-01 14:22:27,0.00000431,210374.00000000
2018-03-01 14:22:27,0.00000430,3923.00000000
2018-03-01 14:22:28,0.00000430,392.00000000
2018-03-01 14:22:29,0.00000430,3496.00000000
2018-03-01 14:22:33,0.00000430,139582.00000000
2018-03-01 14:22:33,0.00000430,1407.00000000
2018-03-01 14:22:34,0.00000430,11655.00000000
2018-03-01 14:22:35,0.00000430,11655.00000000
2018-03-01 14:22:36,0.00000430,13826.00000000
2018-03-01 14:22:36,0.00000430,704.00000000
2018-03-01 14:22:36,0.00000430,26973.00000000
2018-03-01 14:22:37,0.00000430,11655.00000000
2018-03-01 14:22:38,0.00000431,11756.00000000
2018-03-01 14:22:38,0.00000430,11655.00000000
2018-03-01 14:22:39,0.00000430,11652.00000000
2018-03-01 14:22:40,0.00000430,5366.00000000
2018-03-01 14:22:40,0.00000430,3250.00000000
2018-03-01 14:22:40,0.00000430,2331.00000000
2018-03-01 14:22:40,0.00000430,5755.00000000
2018-03-01 14:22:40,0.00000430,8983.00000000
2018-03-01 14:22:42,0.00000430,170504.00000000
2018-03-01 14:22:43,0.00000430,6410.00000000
2018-03-01 14:22:44,0.00000430,12608.00000000
2018-03-01 14:22:45,0.00000430,2954.00000000
2018-03-01 14:22:46,0.00000430,9262.00000000
2018-03-01 14:22:47,0.00000430,11552.00000000
2018-03-01 14:22:47,0.00000430,1674.00000000
2018-03-01 14:22:48,0.00000430,9683.00000000
2018-03-01 14:22:50,0.00000430,5000.00000000
2018-03-01 14:22:53,0.00000431,5.00000000
2018-03-01 14:22:54,0.00000430,5793.00000000
2018-03-01 14:22:55,0.00000431,21362.00000000
2018-03-01 14:22:55,0.00000431,50000.00000000
2018-03-01 14:22:56,0.00000430,2331.00000000
2018-03-01 14:22:57,0.00000430,209053.00000000
2018-03-01 14:22:58,0.00000431,827655.00000000
2018-03-01 14:22:58,0.00000430,2331.00000000
2018-03-01 14:22:59,0.00000430,4697.00000000
2018-03-01 14:22:59,0.00000430,2331.00000000
2018-03-01 14:23:00,0.00000430,2.00000000
2018-03-01 14:23:03,0.00000430,1022.00000000
2018-03-01 14:23:03,0.00000431,102070.00000000
2018-03-01 14:23:04,0.00000430,26808.00000000
2018-03-01 14:23:05,0.00000431,992.00000000
2018-03-01 14:23:07,0.00000430,500.00000000
2018-03-01 14:23:08,0.00000430,16517.00000000
2018-03-01 14:23:10,0.00000430,23255.00000000
2018-03-01 14:23:10,0.00000430,17949.00000000
2018-03-01 14:23:11,0.00000430,395.00000000
2018-03-01 14:23:11,0.00000430,21110.00000000
2018-03-01 14:23:11,0.00000431,17744.00000000
2018-03-01 14:23:12,0.00000430,5644.00000000
2018-03-01 14:23:12,0.00000430,25853.00000000
2018-03-01 14:23:12,0.00000431,3865.00000000
2018-03-01 14:23:13,0.00000430,250.00000000
2018-03-01 14:23:13,0.00000431,1448.00000000
2018-03-01 14:23:13,0.00000430,214.00000000
2018-03-01 14:23:14,0.00000430,767.00000000
2018-03-01 14:23:14,0.00000431,25666.00000000
2018-03-01 14:23:14,0.00000430,4018.00000000
2018-03-01 14:23:15,0.00000430,14535.00000000
2018-03-01 14:23:15,0.00000430,3794.00000000
2018-03-01 14:23:16,0.00000430,2935.00000000
2018-03-01 14:23:16,0.00000430,283591.00000000
2018-03-01 14:23:16,0.00000431,40000.00000000
2018-03-01 14:23:16,0.00000431,485.00000000
2018-03-01 14:23:17,0.00000430,16891.00000000
2018-03-01 14:23:18,0.00000430,3984.00000000
2018-03-01 14:23:18,0.00000431,11964.00000000
2018-03-01 14:23:19,0.00000431,27518.00000000
2018-03-01 14:23:20,0.00000430,120201.00000000
2018-03-01 14:23:20,0.00000430,2220.00000000
2018-03-01 14:23:22,0.00000430,631.00000000
2018-03-01 14:23:24,0.00000430,4842.00000000
2018-03-01 14:23:25,0.00000430,180305.00000000
2018-03-01 14:23:31,0.00000431,1700.00000000
2018-03-01 14:23:32,0.00000431,2320.00000000
2018-03-01 14:23:33,0.00000431,10100.00000000
2018-03-01 14:23:34,0.00000430,503.00000000
2018-03-01 14:23:35,0.00000431,11600.00000000
2018-03-01 14:23:37,0.00000430,1128.00000000
2018-03-01 14:23:38,0.00000430,21595.00000000
2018-03-01 14:23:38,0.00000431,1869.00000000
2018-03-01 14:23:38,0.00000430,1117.00000000
2018-03-01 14:23:39,0.00000431,35.00000000
2018-03-01 14:23:39,0.00000430,4982.00000000
2018-03-01 14:23:41,0.00000430,932.00000000
2018-03-01 14:23:41,0.00000431,25936.00000000
2018-03-01 14:23:43,0.00000431,2.00000000
2018-03-01 14:23:43,0.00000431,1083.00000000
2018-03-01 14:23:44,0.00000431,470.00000000
2018-03-01 14:23:44,0.00000430,23255.00000000
2018-03-01 14:23:45,0.00000431,70.00000000
2018-03-01 14:23:45,0.00000430,23255.00000000
2018-03-01 14:23:45,0.00000431,2.00000000
2018-03-01 14:23:46,0.00000430,23255.00000000
2018-03-01 14:23:46,0.00000430,1164.00000000
2018-03-01 14:23:47,0.00000430,23255.00000000
2018-03-01 14:23:47,0.00000430,14063.00000000
2018-03-01 14:23:48,0.00000430,23255.00000000
2018-03-01 14:23:48,0.00000430,65364.00000000
2018-03-01 14:23:48,0.00000431,930.00000000
2018-03-01 14:23:49,0.00000430,23255.00000000
2018-03-01 14:23:50,0.00000430,23255.00000000
2018-03-01 14:23:51,0.00000430,23255.00000000
2018-03-01 14:23:51,0.00000430,109838.00000000
2018-03-01 14:23:52,0.00000430,23255.00000000
2018-03-01 14:23:52,0.00000430,5521.00000000
2018-03-01 14:23:53,0.00000430,23255.00000000
2018-03-01 14:23:53,0.00000430,2022.00000000
2018-03-01 14:23:54,0.00000430,23255.00000000
2018-03-01 14:23:54,0.00000430,197208.00000000
2018-03-01 14:23:55,0.00000431,1867.00000000
2018-03-01 14:23:57,0.00000429,5860.00000000
2018-03-01 14:23:58,0.00000431,90545.00000000
2018-03-01 14:23:59,0.00000431,7421.00000000
2018-03-01 14:24:03,0.00000430,987.00000000
2018-03-01 14:24:05,0.00000429,9347.00000000
2018-03-01 14:24:09,0.00000430,3214.00000000
2018-03-01 14:24:12,0.00000429,150790.00000000
2018-03-01 14:24:19,0.00000430,5217.00000000
2018-03-01 14:24:19,0.00000430,3686.00000000
2018-03-01 14:24:20,0.00000430,442.00000000
2018-03-01 14:24:20,0.00000430,1642.00000000
2018-03-01 14:24:20,0.00000430,35200.00000000
2018-03-01 14:24:20,0.00000430,600.00000000
2018-03-01 14:24:21,0.00000429,55097.00000000
2018-03-01 14:24:24,0.00000430,10208.00000000
2018-03-01 14:24:26,0.00000430,14462.00000000
2018-03-01 14:24:26,0.00000430,660.00000000
2018-03-01 14:24:26,0.00000430,2736.00000000
2018-03-01 14:24:29,0.00000430,253.00000000
2018-03-01 14:24:30,0.00000430,1885.00000000
2018-03-01 14:24:31,0.00000430,30684.00000000
2018-03-01 14:24:31,0.00000431,867.00000000
2018-03-01 14:24:32,0.00000430,6788.00000000
2018-03-01 14:24:32,0.00000429,4011.00000000
2018-03-01 14:24:33,0.00000429,1764.00000000
2018-03-01 14:24:36,0.00000430,1000.00000000
2018-03-01 14:24:37,0.00000430,1909.00000000
2018-03-01 14:24:38,0.00000430,13026.00000000
2018-03-01 14:24:39,0.00000430,1451.00000000
2018-03-01 14:24:40,0.00000430,181115.00000000
2018-03-01 14:24:42,0.00000430,552.00000000
2018-03-01 14:24:42,0.00000430,8626.00000000
2018-03-01 14:24:48,0.00000430,241888.00000000
2018-03-01 14:24:48,0.00000430,43841.00000000
2018-03-01 14:24:49,0.00000430,2500.00000000
2018-03-01 14:24:49,0.00000430,5001.00000000
2018-03-01 14:24:50,0.00000430,1000.00000000
2018-03-01 14:24:52,0.00000430,328250.00000000
2018-03-01 14:24:52,0.00000430,65299.00000000
2018-03-01 14:24:53,0.00000430,5000.00000000
2018-03-01 14:24:55,0.00000430,160671.00000000
2018-03-01 14:24:56,0.00000430,3281.00000000
2018-03-01 14:24:57,0.00000430,1392.00000000
2018-03-01 14:24:57,0.00000431,788.00000000
2018-03-01 14:24:59,0.00000430,477.00000000
2018-03-01 14:24:59,0.00000430,2271.00000000
2018-03-01 14:25:00,0.00000430,1358.00000000
2018-03-01 14:25:02,0.00000430,140473.00000000
2018-03-01 14:25:03,0.00000430,721.00000000
2018-03-01 14:25:05,0.00000430,1589.00000000
2018-03-01 14:25:06,0.00000430,4842.00000000
2018-03-01 14:25:06,0.00000430,608.00000000
2018-03-01 14:25:07,0.00000430,23255.00000000
2018-03-01 14:25:07,0.00000430,14416.00000000
2018-03-01 14:25:08,0.00000430,15901.00000000
2018-03-01 14:25:09,0.00000431,47102.00000000
2018-03-01 14:25:09,0.00000430,127.00000000
2018-03-01 14:25:12,0.00000430,1000.00000000
2018-03-01 14:25:19,0.00000430,400.00000000
2018-03-01 14:25:19,0.00000431,49828.00000000
2018-03-01 14:25:20,0.00000430,14706.00000000
2018-03-01 14:25:20,0.00000430,5000.00000000
2018-03-01 14:25:22,0.00000431,12370.00000000
2018-03-01 14:25:23,0.00000430,161631.00000000
2018-03-01 14:25:23,0.00000430,4750.00000000
2018-03-01 14:25:27,0.00000430,25910.00000000
2018-03-01 14:25:28,0.00000431,7273.00000000
2018-03-01 14:25:28,0.00000430,14563.00000000
2018-03-01 14:25:29,0.00000430,3802.00000000
2018-03-01 14:25:30,0.00000431,1805.00000000
2018-03-01 14:25:30,0.00000430,1864.00000000
2018-03-01 14:25:31,0.00000431,448.00000000
2018-03-01 14:25:31,0.00000430,86967.00000000
2018-03-01 14:25:32,0.00000430,13449.00000000
2018-03-01 14:25:33,0.00000431,112.00000000
2018-03-01 14:25:37,0.00000430,399700.00000000
2018-03-01 14:25:39,0.00000430,406371.00000000
2018-03-01 14:25:40,0.00000430,1000.00000000
2018-03-01 14:25:40,0.00000431,1320.00000000
2018-03-01 14:25:47,0.00000430,7585.00000000
2018-03-01 14:25:48,0.00000430,28324.00000000
2018-03-01 14:25:50,0.00000430,9250.00000000
2018-03-01 14:25:52,0.00000429,4654.00000000
2018-03-01 14:25:54,0.00000430,2214.00000000
2018-03-01 14:25:58,0.00000429,964.00000000
2018-03-01 14:25:59,0.00000429,118.00000000
2018-03-01 14:25:59,0.00000430,5447.00000000
2018-03-01 14:26:02,0.00000430,6752.00000000
2018-03-01 14:26:03,0.00000430,2229.00000000
2018-03-01 14:26:05,0.00000429,205625.00000000
2018-03-01 14:26:06,0.00000430,115400.00000000
2018-03-01 14:26:06,0.00000431,44600.00000000
2018-03-01 14:26:07,0.00000430,2022.00000000
2018-03-01 14:26:09,0.00000430,9803.00000000
2018-03-01 14:26:09,0.00000430,20746.00000000
2018-03-01 14:26:12,0.00000430,121760.00000000
2018-03-01 14:26:15,0.00000430,9103.00000000
2018-03-01 14:26:17,0.00000429,5284.00000000
2018-03-01 14:26:18,0.00000429,1506.00000000
2018-03-01 14:26:18,0.00000430,716.00000000
2018-03-01 14:26:19,0.00000430,260.00000000
2018-03-01 14:26:19,0.00000430,170469.00000000
2018-03-01 14:26:19,0.00000430,5278.00000000
2018-03-01 14:26:19,0.00000430,177.00000000
2018-03-01 14:26:20,0.00000430,376.00000000
2018-03-01 14:26:20,0.00000430,241.00000000
2018-03-01 14:26:23,0.00000430,33991.00000000
2018-03-01 14:26:24,0.00000430,395.00000000
2018-03-01 14:26:24,0.00000431,3222.00000000
2018-03-01 14:26:25,0.00000430,16917.00000000
2018-03-01 14:26:27,0.00000431,25.00000000
2018-03-01 14:26:28,0.00000430,139718.00000000
2018-03-01 14:26:28,0.00000430,5459.00000000
2018-03-01 14:26:29,0.00000431,10618.00000000
2018-03-01 14:26:29,0.00000430,349540.00000000
2018-03-01 14:26:30,0.00000430,99798.00000000
2018-03-01 14:26:31,0.00000431,188056.00000000
2018-03-01 14:26:32,0.00000431,9111.00000000
2018-03-01 14:26:34,0.00000431,441522.00000000
2018-03-01 14:26:34,0.00000431,99325.00000000
2018-03-01 14:26:35,0.00000431,253.00000000
2018-03-01 14:26:35,0.00000431,2319.00000000
2018-03-01 14:26:35,0.00000431,2319.00000000
2018-03-01 14:26:35,0.00000431,2320.00000000
2018-03-01 14:26:35,0.00000431,2319.00000000
2018-03-01 14:26:35,0.00000431,11555.00000000
2018-03-01 14:26:36,0.00000431,375.00000000
2018-03-01 14:26:36,0.00000431,19045.00000000
2018-03-01 14:26:37,0.00000431,1183.00000000
2018-03-01 14:26:39,0.00000432,3600.00000000
2018-03-01 14:26:40,0.00000432,2320.00000000
2018-03-01 14:26:41,0.00000431,12372.00000000
2018-03-01 14:26:41,0.00000431,1160.00000000
2018-03-01 14:26:41,0.00000431,11020.00000000
2018-03-01 14:26:42,0.00000431,980.00000000
2018-03-01 14:26:43,0.00000431,1801.00000000
2018-03-01 14:26:43,0.00000432,196466.00000000
2018-03-01 14:26:44,0.00000432,69.00000000
2018-03-01 14:26:45,0.00000432,5859.00000000
2018-03-01 14:26:45,0.00000431,263.00000000
2018-03-01 14:26:47,0.00000431,363.00000000
2018-03-01 14:26:49,0.00000431,2319.00000000
2018-03-01 14:26:49,0.00000431,2319.00000000
2018-03-01 14:26:49,0.00000431,2320.00000000
2018-03-01 14:26:49,0.00000431,2319.00000000
2018-03-01 14:26:49,0.00000431,18498.00000000
2018-03-01 14:26:49,0.00000431,13132.00000000
2018-03-01 14:26:50,0.00000431,245.00000000
2018-03-01 14:26:50,0.00000431,37586.00000000
2018-03-01 14:26:50,0.00000431,1505.00000000
2018-03-01 14:26:51,0.00000431,29551.00000000
2018-03-01 14:26:52,0.00000432,260790.00000000
2018-03-01 14:26:52,0.00000431,19393.00000000
2018-03-01 14:26:52,0.00000431,37579.00000000
2018-03-01 14:26:52,0.00000431,5261.00000000
2018-03-01 14:26:52,0.00000432,62070.00000000
2018-03-01 14:26:53,0.00000431,133736.00000000
2018-03-01 14:26:53,0.00000431,228512.00000000
2018-03-01 14:26:54,0.00000431,102369.00000000
2018-03-01 14:26:54,0.00000431,967.00000000
2018-03-01 14:26:55,0.00000431,4338.00000000
2018-03-01 14:26:55,0.00000430,2165.00000000
2018-03-01 14:26:55,0.00000431,28846.00000000
2018-03-01 14:26:56,0.00000431,250.00000000
2018-03-01 14:26:59,0.00000431,2000.00000000
2018-03-01 14:27:02,0.00000431,337.00000000
2018-03-01 14:27:03,0.00000431,500.00000000
2018-03-01 14:27:03,0.00000430,24975.00000000
2018-03-01 14:27:05,0.00000431,455.00000000
2018-03-01 14:27:10,0.00000431,3722.00000000
2018-03-01 14:27:11,0.00000430,1620.00000000
2018-03-01 14:27:13,0.00000430,1860.00000000
2018-03-01 14:27:14,0.00000430,552.00000000
2018-03-01 14:27:14,0.00000431,2967.00000000
2018-03-01 14:27:19,0.00000431,170873.00000000
2018-03-01 14:27:23,0.00000431,152057.00000000
2018-03-01 14:27:23,0.00000431,190.00000000
2018-03-01 14:27:29,0.00000431,3455.00000000
2018-03-01 14:27:32,0.00000430,749.00000000
2018-03-01 14:27:32,0.00000431,5004.00000000
2018-03-01 14:27:32,0.00000431,749.00000000
2018-03-01 14:27:33,0.00000431,376748.00000000
2018-03-01 14:27:34,0.00000431,11628.00000000
2018-03-01 14:27:35,0.00000431,4574.00000000
2018-03-01 14:27:35,0.00000432,13982.00000000
2018-03-01 14:27:36,0.00000431,11628.00000000
2018-03-01 14:27:42,0.00000431,1722.00000000
2018-03-01 14:27:42,0.00000431,2848.00000000
2018-03-01 14:27:45,0.00000432,721.00000000
2018-03-01 14:27:47,0.00000431,2151.00000000
2018-03-01 14:27:47,0.00000432,187653.00000000
2018-03-01 14:27:48,0.00000431,157.00000000
2018-03-01 14:27:48,0.00000431,4409.00000000
2018-03-01 14:27:51,0.00000432,1293.00000000
2018-03-01 14:27:51,0.00000431,21178.00000000
2018-03-01 14:27:53,0.00000431,5656.00000000
2018-03-01 14:27:53,0.00000431,600.00000000
2018-03-01 14:27:57,0.00000432,13703.00000000
2018-03-01 14:27:58,0.00000432,2958.00000000
2018-03-01 14:28:00,0.00000432,19939.00000000
2018-03-01 14:28:01,0.00000431,99.00000000
2018-03-01 14:28:02,0.00000432,34722.00000000
2018-03-01 14:28:02,0.00000431,20150.00000000
2018-03-01 14:28:03,0.00000431,22094.00000000
2018-03-01 14:28:05,0.00000432,1.00000000
2018-03-01 14:28:07,0.00000431,10868.00000000
2018-03-01 14:28:08,0.00000432,11801.00000000
2018-03-01 14:28:08,0.00000432,3443271.00000000
2018-03-01 14:28:08,0.00000432,76844.00000000
2018-03-01 14:28:09,0.00000432,123034.00000000
2018-03-01 14:28:09,0.00000432,16279.00000000
2018-03-01 14:28:09,0.00000432,2000.00000000
2018-03-01 14:28:09,0.00000432,58140.00000000
2018-03-01 14:28:10,0.00000432,16279.00000000
2018-03-01 14:28:10,0.00000432,11628.00000000
2018-03-01 14:28:10,0.00000432,2440.00000000
2018-03-01 14:28:12,0.00000432,20000.00000000
2018-03-01 14:28:13,0.00000433,34115.00000000
2018-03-01 14:28:14,0.00000433,6717.00000000
2018-03-01 14:28:14,0.00000432,465.00000000
2018-03-01 14:28:15,0.00000432,16203.00000000
2018-03-01 14:28:16,0.00000433,503.00000000
2018-03-01 14:28:17,0.00000432,46559.00000000
2018-03-01 14:28:21,0.00000432,14575.00000000
2018-03-01 14:28:22,0.00000433,10885.00000000
2018-03-01 14:28:23,0.00000433,34190.00000000
2018-03-01 14:28:23,0.00000433,7415.00000000
2018-03-01 14:28:26,0.00000433,1705.00000000
2018-03-01 14:28:26,0.00000433,13152.00000000
2018-03-01 14:28:28,0.00000433,9383.00000000
2018-03-01 14:28:28,0.00000433,5232.00000000
2018-03-01 14:28:28,0.00000432,11601.00000000
2018-03-01 14:28:29,0.00000433,26827.00000000
2018-03-01 14:28:29,0.00000433,9526.00000000
2018-03-01 14:28:31,0.00000433,22639.00000000
2018-03-01 14:28:32,0.00000432,374.00000000
2018-03-01 14:28:32,0.00000432,61814.00000000
2018-03-01 14:28:32,0.00000433,1943.00000000
2018-03-01 14:28:32,0.00000433,109866.00000000
2018-03-01 14:28:32,0.00000433,5137.00000000
2018-03-01 14:28:32,0.00000433,8304.00000000
2018-03-01 14:28:33,0.00000433,648.00000000
2018-03-01 14:28:33,0.00000433,110264.00000000
2018-03-01 14:28:33,0.00000433,29162.00000000
2018-03-01 14:28:33,0.00000433,33457.00000000
2018-03-01 14:28:34,0.00000432,221.00000000
2018-03-01 14:28:34,0.00000433,444.00000000
2018-03-01 14:28:34,0.00000433,4091.00000000
2018-03-01 14:28:35,0.00000433,81379.00000000
2018-03-01 14:28:35,0.00000433,52978.00000000
2018-03-01 14:28:35,0.00000433,3482.00000000
2018-03-01 14:28:36,0.00000432,3070.00000000
2018-03-01 14:28:36,0.00000433,33100.00000000
2018-03-01 14:28:36,0.00000433,135710.00000000
2018-03-01 14:28:37,0.00000433,80003.00000000
2018-03-01 14:28:37,0.00000433,1077.00000000
2018-03-01 14:28:37,0.00000433,162256.00000000
2018-03-01 14:28:37,0.00000433,946.00000000
2018-03-01 14:28:37,0.00000433,954.00000000
2018-03-01 14:28:38,0.00000433,547.00000000
2018-03-01 14:28:38,0.00000433,42653.00000000
2018-03-01 14:28:38,0.00000433,13998.00000000
2018-03-01 14:28:38,0.00000433,100205.00000000
2018-03-01 14:28:38,0.00000433,3070.00000000
2018-03-01 14:28:38,0.00000433,500.00000000
2018-03-01 14:28:38,0.00000433,441.00000000
2018-03-01 14:28:39,0.00000433,10000.00000000
2018-03-01 14:28:39,0.00000433,1476.00000000
2018-03-01 14:28:39,0.00000433,54911.00000000
2018-03-01 14:28:39,0.00000433,3000.00000000
2018-03-01 14:28:39,0.00000433,11148.00000000
2018-03-01 14:28:40,0.00000433,46189.00000000
2018-03-01 14:28:40,0.00000433,1700.00000000
2018-03-01 14:28:40,0.00000433,5000.00000000
2018-03-01 14:28:40,0.00000433,60000.00000000
2018-03-01 14:28:40,0.00000433,11230.00000000
2018-03-01 14:28:40,0.00000433,16794.00000000
2018-03-01 14:28:40,0.00000433,9402.00000000
2018-03-01 14:28:41,0.00000433,925.00000000
2018-03-01 14:28:41,0.00000433,3361.00000000
2018-03-01 14:28:41,0.00000433,2315.00000000
2018-03-01 14:28:42,0.00000433,3697.00000000
2018-03-01 14:28:42,0.00000433,366.00000000
2018-03-01 14:28:43,0.00000433,9100.00000000
2018-03-01 14:28:43,0.00000433,5000.00000000
2018-03-01 14:28:44,0.00000433,952.00000000
2018-03-01 14:28:45,0.00000433,700.00000000
2018-03-01 14:28:45,0.00000433,11228.00000000
2018-03-01 14:28:46,0.00000433,11228.00000000
2018-03-01 14:28:50,0.00000433,1158.00000000
2018-03-01 14:28:50,0.00000433,10000.00000000
2018-03-01 14:28:50,0.00000433,967.00000000
2018-03-01 14:28:50,0.00000433,7000.00000000
2018-03-01 14:28:51,0.00000433,30000.00000000
2018-03-01 14:28:51,0.00000434,1154.00000000
2018-03-01 14:28:52,0.00000433,10775.00000000
2018-03-01 14:28:52,0.00000434,155098.00000000
2018-03-01 14:28:52,0.00000433,2000.00000000
2018-03-01 14:28:52,0.00000433,147243.00000000
2018-03-01 14:28:52,0.00000432,2931.00000000
2018-03-01 14:28:53,0.00000432,10000.00000000
2018-03-01 14:28:53,0.00000433,7376.00000000
2018-03-01 14:28:54,0.00000433,2296.00000000
2018-03-01 14:28:54,0.00000433,100.00000000
2018-03-01 14:28:55,0.00000433,7275.00000000
2018-03-01 14:28:55,0.00000433,59829.00000000
2018-03-01 14:28:55,0.00000433,3450.00000000
2018-03-01 14:28:56,0.00000432,2000.00000000
2018-03-01 14:28:56,0.00000432,21.00000000
2018-03-01 14:28:56,0.00000433,30000.00000000
2018-03-01 14:28:57,0.00000433,773.00000000
2018-03-01 14:28:58,0.00000432,2000.00000000
2018-03-01 14:28:59,0.00000432,6000.00000000
2018-03-01 14:29:00,0.00000433,14723.00000000
2018-03-01 14:29:01,0.00000432,4270.00000000
2018-03-01 14:29:01,0.00000432,781.00000000
2018-03-01 14:29:02,0.00000432,3441.00000000
2018-03-01 14:29:03,0.00000432,49639.00000000
2018-03-01 14:29:04,0.00000432,7787.00000000
2018-03-01 14:29:04,0.00000433,8305.00000000
2018-03-01 14:29:05,0.00000433,1621.00000000
2018-03-01 14:29:05,0.00000432,31074.00000000
2018-03-01 14:29:06,0.00000432,42717.00000000
2018-03-01 14:29:11,0.00000432,2491.00000000
2018-03-01 14:29:12,0.00000432,58433.00000000
2018-03-01 14:29:12,0.00000432,400.00000000
2018-03-01 14:29:13,0.00000432,32990.00000000
2018-03-01 14:29:14,0.00000432,4042.00000000
2018-03-01 14:29:14,0.00000432,134867.00000000
2018-03-01 14:29:14,0.00000431,1026.00000000
2018-03-01 14:29:17,0.00000432,33681.00000000
2018-03-01 14:29:17,0.00000432,258970.00000000
2018-03-01 14:29:18,0.00000432,500.00000000
2018-03-01 14:29:18,0.00000432,2429.00000000
2018-03-01 14:29:18,0.00000432,10582.00000000
2018-03-01 14:29:19,0.00000433,8011.00000000
2018-03-01 14:29:21,0.00000433,2645.00000000
2018-03-01 14:29:21,0.00000433,1096.00000000
2018-03-01 14:29:21,0.00000432,294.00000000
2018-03-01 14:29:22,0.00000433,10295.00000000
2018-03-01 14:29:23,0.00000432,59769.00000000
2018-03-01 14:29:24,0.00000432,27000.00000000
2018-03-01 14:29:24,0.00000432,5138.00000000
2018-03-01 14:29:25,0.00000432,10478.00000000
2018-03-01 14:29:25,0.00000432,10019.00000000
2018-03-01 14:29:27,0.00000432,39750.00000000
2018-03-01 14:29:28,0.00000432,19624.00000000
2018-03-01 14:29:28,0.00000432,2.00000000
2018-03-01 14:29:29,0.00000432,1000.00000000
2018-03-01 14:29:31,0.00000431,3000.00000000
2018-03-01 14:29:31,0.00000432,10863.00000000
2018-03-01 14:29:31,0.00000433,39214.00000000
2018-03-01 14:29:35,0.00000432,38544.00000000
2018-03-01 14:29:35,0.00000431,17236.00000000
2018-03-01 14:29:35,0.00000432,22948.00000000
2018-03-01 14:29:36,0.00000432,245.00000000
2018-03-01 14:29:38,0.00000432,3567.00000000
2018-03-01 14:29:39,0.00000432,901.00000000
2018-03-01 14:29:40,0.00000432,2176.00000000
2018-03-01 14:29:41,0.00000432,4097.00000000
2018-03-01 14:29:42,0.00000432,14242.00000000
2018-03-01 14:29:42,0.00000432,195270.00000000
2018-03-01 14:29:45,0.00000432,11229.00000000
2018-03-01 14:29:46,0.00000432,2320.00000000
2018-03-01 14:29:47,0.00000432,2320.00000000
2018-03-01 14:29:47,0.00000432,37793.00000000
2018-03-01 14:29:48,0.00000432,2320.00000000
2018-03-01 14:29:49,0.00000432,2320.00000000
2018-03-01 14:29:50,0.00000432,2320.00000000
2018-03-01 14:29:52,0.00000432,2320.00000000
2018-03-01 14:29:52,0.00000433,4463.00000000
2018-03-01 14:29:53,0.00000432,2320.00000000
2018-03-01 14:29:55,0.00000432,9516.00000000
2018-03-01 14:29:56,0.00000432,11681.00000000
2018-03-01 14:29:56,0.00000433,3.00000000
2018-03-01 14:29:59,0.00000433,56777.00000000
2018-03-01 14:30:00,0.00000433,8614.00000000
2018-03-01 14:30:01,0.00000433,4329.00000000
2018-03-01 14:30:01,0.00000433,2902.00000000
2018-03-01 14:30:01,0.00000433,25479.00000000
2018-03-01 14:30:02,0.00000432,11073.00000000
2018-03-01 14:30:02,0.00000433,42583.00000000
2018-03-01 14:30:02,0.00000432,2019.00000000
2018-03-01 14:30:03,0.00000433,6397.00000000
2018-03-01 14:30:04,0.00000433,529.00000000
2018-03-01 14:30:04,0.00000433,627734.00000000
2018-03-01 14:30:05,0.00000432,1949.00000000
2018-03-01 14:30:05,0.00000433,146022.00000000
2018-03-01 14:30:05,0.00000433,2731.00000000
2018-03-01 14:30:06,0.00000433,139871.00000000
2018-03-01 14:30:06,0.00000433,4633.00000000
2018-03-01 14:30:06,0.00000433,8340.00000000
2018-03-01 14:30:07,0.00000433,23003.00000000
2018-03-01 14:30:07,0.00000433,3535.00000000
2018-03-01 14:30:07,0.00000432,2138.00000000
2018-03-01 14:30:07,0.00000433,6819.00000000
2018-03-01 14:30:07,0.00000433,191429.00000000
2018-03-01 14:30:07,0.00000432,2000.00000000
2018-03-01 14:30:08,0.00000433,463.00000000
2018-03-01 14:30:08,0.00000433,588.00000000
2018-03-01 14:30:08,0.00000432,2308.00000000
2018-03-01 14:30:11,0.00000432,20.00000000
2018-03-01 14:30:11,0.00000433,1100.00000000
2018-03-01 14:30:12,0.00000433,12756.00000000
2018-03-01 14:30:13,0.00000433,6531.00000000
2018-03-01 14:30:14,0.00000433,10847.00000000
2018-03-01 14:30:14,0.00000433,2487.00000000
2018-03-01 14:30:16,0.00000433,2371.00000000
2018-03-01 14:30:17,0.00000433,303.00000000
2018-03-01 14:30:19,0.00000433,5840.00000000
2018-03-01 14:30:19,0.00000434,187.00000000
2018-03-01 14:30:20,0.00000433,11574.00000000
2018-03-01 14:30:20,0.00000433,3645.00000000
2018-03-01 14:30:21,0.00000433,2713.00000000
2018-03-01 14:30:22,0.00000433,2618.00000000
2018-03-01 14:30:25,0.00000433,6847.00000000
2018-03-01 14:30:27,0.00000433,183327.00000000
2018-03-01 14:30:30,0.00000433,10499.00000000
2018-03-01 14:30:30,0.00000433,12851.00000000
2018-03-01 14:30:30,0.00000433,3982.00000000
2018-03-01 14:30:30,0.00000433,1661.00000000
2018-03-01 14:30:31,0.00000433,8000.00000000
2018-03-01 14:30:31,0.00000434,3137.00000000
2018-03-01 14:30:32,0.00000433,10000.00000000
2018-03-01 14:30:32,0.00000434,1.00000000
2018-03-01 14:30:33,0.00000433,8856.00000000
2018-03-01 14:30:33,0.00000433,2652.00000000
2018-03-01 14:30:34,0.00000433,336.00000000
2018-03-01 14:30:35,0.00000433,18315.00000000
2018-03-01 14:30:36,0.00000433,23094.00000000
2018-03-01 14:30:36,0.00000433,5191.00000000
2018-03-01 14:30:36,0.00000433,28285.00000000
2018-03-01 14:30:36,0.00000433,1938.00000000
2018-03-01 14:30:36,0.00000433,5819.00000000
2018-03-01 14:30:38,0.00000433,44444.00000000
2018-03-01 14:30:41,0.00000434,2170.00000000
2018-03-01 14:30:41,0.00000433,214241.00000000
2018-03-01 14:30:42,0.00000434,17156.00000000
2018-03-01 14:30:42,0.00000433,139.00000000
2018-03-01 14:30:42,0.00000433,2000.00000000
2018-03-01 14:30:43,0.00000433,11478.00000000
2018-03-01 14:30:43,0.00000433,50.00000000
2018-03-01 14:30:46,0.00000433,4800.00000000
2018-03-01 14:30:46,0.00000434,5815.00000000
2018-03-01 14:30:47,0.00000433,43434.00000000
2018-03-01 14:30:48,0.00000434,1.00000000
2018-03-01 14:30:50,0.00000433,122450.00000000
2018-03-01 14:30:52,0.00000433,4500.00000000
2018-03-01 14:30:52,0.00000433,32000.00000000
2018-03-01 14:30:53,0.00000433,300.00000000
2018-03-01 14:30:53,0.00000434,42256.00000000
2018-03-01 14:30:57,0.00000433,45000.00000000
2018-03-01 14:30:57,0.00000433,26839.00000000
2018-03-01 14:30:59,0.00000433,3000.00000000
2018-03-01 14:31:03,0.00000433,10000.00000000
2018-03-01 14:31:03,0.00000433,99360.00000000
2018-03-01 14:31:05,0.00000433,2900.00000000
2018-03-01 14:31:07,0.00000433,58797.00000000
2018-03-01 14:31:07,0.00000433,450.00000000
2018-03-01 14:31:07,0.00000433,221516.00000000
2018-03-01 14:31:08,0.00000433,195065.00000000
2018-03-01 14:31:09,0.00000433,73839.00000000
2018-03-01 14:31:12,0.00000433,178877.00000000
2018-03-01 14:31:13,0.00000433,59110.00000000
2018-03-01 14:31:14,0.00000432,284.00000000
2018-03-01 14:31:14,0.00000433,5000.00000000
2018-03-01 14:31:15,0.00000432,600.00000000
2018-03-01 14:31:16,0.00000433,11232.00000000
2018-03-01 14:31:16,0.00000433,818.00000000
2018-03-01 14:31:17,0.00000433,47580.00000000
2018-03-01 14:31:18,0.00000433,5000.00000000
2018-03-01 14:31:19,0.00000433,19599.00000000
2018-03-01 14:31:19,0.00000434,406.00000000
2018-03-01 14:31:20,0.00000433,377.00000000
2018-03-01 14:31:20,0.00000434,44505.00000000
2018-03-01 14:31:20,0.00000433,2777.00000000
2018-03-01 14:31:22,0.00000433,27075.00000000
2018-03-01 14:31:24,0.00000433,12430.00000000
2018-03-01 14:31:26,0.00000433,16157.00000000
2018-03-01 14:31:26,0.00000433,12029.00000000
2018-03-01 14:31:28,0.00000432,3659.00000000
2018-03-01 14:31:29,0.00000433,18883.00000000
2018-03-01 14:31:32,0.00000433,5179.00000000
2018-03-01 14:31:33,0.00000433,1759.00000000
2018-03-01 14:31:36,0.00000433,147488.00000000
2018-03-01 14:31:36,0.00000433,170758.00000000
2018-03-01 14:31:37,0.00000432,9179.00000000
2018-03-01 14:31:39,0.00000433,288.00000000
2018-03-01 14:31:39,0.00000433,3600.00000000
2018-03-01 14:31:44,0.00000433,5964.00000000
2018-03-01 14:31:44,0.00000433,234.00000000
2018-03-01 14:31:48,0.00000432,2030.00000000
2018-03-01 14:31:48,0.00000432,12828.00000000
2018-03-01 14:31:51,0.00000432,1831.00000000
2018-03-01 14:31:52,0.00000433,4767.00000000
2018-03-01 14:31:54,0.00000433,1000.00000000
2018-03-01 14:31:55,0.00000433,5907.00000000
2018-03-01 14:31:55,0.00000433,16877.00000000
2018-03-01 14:31:56,0.00000433,118703.00000000
2018-03-01 14:31:57,0.00000433,141849.00000000
2018-03-01 14:31:57,0.00000433,78100.00000000
2018-03-01 14:31:59,0.00000433,917216.00000000
2018-03-01 14:31:59,0.00000433,329.00000000
2018-03-01 14:32:00,0.00000433,1000.00000000
2018-03-01 14:32:01,0.00000434,33607.00000000
2018-03-01 14:32:02,0.00000433,100000.00000000
2018-03-01 14:32:03,0.00000434,5823.00000000
2018-03-01 14:32:09,0.00000433,16637.00000000
2018-03-01 14:32:09,0.00000433,4449.00000000
2018-03-01 14:32:09,0.00000433,21076.00000000
2018-03-01 14:32:10,0.00000434,4181.00000000
2018-03-01 14:32:10,0.00000434,660.00000000
2018-03-01 14:32:10,0.00000433,49524.00000000
2018-03-01 14:32:12,0.00000434,315.00000000
2018-03-01 14:32:12,0.00000433,1009.00000000
2018-03-01 14:32:14,0.00000433,2000.00000000
2018-03-01 14:32:14,0.00000433,37190.00000000
2018-03-01 14:32:14,0.00000433,19307.00000000
2018-03-01 14:32:14,0.00000433,137135.00000000
2018-03-01 14:32:14,0.00000432,3854.00000000
2018-03-01 14:32:14,0.00000433,49250.00000000
2018-03-01 14:32:15,0.00000433,33277.00000000
2018-03-01 14:32:15,0.00000433,278.00000000
2018-03-01 14:32:16,0.00000433,1099.00000000
2018-03-01 14:32:17,0.00000432,4124.00000000
2018-03-01 14:32:19,0.00000433,2837.00000000
2018-03-01 14:32:20,0.00000433,1031.00000000
2018-03-01 14:32:20,0.00000433,460.00000000
2018-03-01 14:32:21,0.00000433,2000.00000000
2018-03-01 14:32:22,0.00000434,195049.00000000
2018-03-01 14:32:23,0.00000433,64.00000000
2018-03-01 14:32:24,0.00000433,10451.00000000
2018-03-01 14:32:25,0.00000432,117.00000000
2018-03-01 14:32:25,0.00000433,9825.00000000
2018-03-01 14:32:26,0.00000433,10451.00000000
2018-03-01 14:32:29,0.00000433,77148.00000000
2018-03-01 14:32:31,0.00000434,141028.00000000
2018-03-01 14:32:31,0.00000434,58342.00000000
2018-03-01 14:32:32,0.00000433,2471.00000000
2018-03-01 14:32:33,0.00000433,522.00000000
2018-03-01 14:32:33,0.00000433,4000.00000000
2018-03-01 14:32:34,0.00000433,7944.00000000
2018-03-01 14:32:35,0.00000433,1846.00000000
2018-03-01 14:32:35,0.00000433,6488.00000000
2018-03-01 14:32:37,0.00000434,85000.00000000
2018-03-01 14:32:38,0.00000433,5841.00000000
2018-03-01 14:32:38,0.00000434,358.00000000
2018-03-01 14:32:39,0.00000434,120.00000000
2018-03-01 14:32:40,0.00000433,1213.00000000
2018-03-01 14:32:40,0.00000433,71235.00000000
2018-03-01 14:32:41,0.00000433,30123.00000000
2018-03-01 14:32:41,0.00000433,2060.00000000
2018-03-01 14:32:41,0.00000434,6109.00000000
2018-03-01 14:32:41,0.00000433,10515.00000000
2018-03-01 14:32:43,0.00000433,23473.00000000
2018-03-01 14:32:47,0.00000434,2304.00000000
2018-03-01 14:32:48,0.00000433,10000.00000000
2018-03-01 14:32:49,0.00000433,88.00000000
2018-03-01 14:32:49,0.00000434,8317.00000000
2018-03-01 14:32:51,0.00000434,9593.00000000
2018-03-01 14:32:52,0.00000434,600.00000000
2018-03-01 14:32:52,0.00000434,1085.00000000
2018-03-01 14:32:52,0.00000434,600.00000000
2018-03-01 14:32:53,0.00000434,16435.00000000
2018-03-01 14:32:53,0.00000433,246.00000000
2018-03-01 14:32:53,0.00000434,1500.00000000
2018-03-01 14:32:53,0.00000433,289.00000000
2018-03-01 14:32:54,0.00000433,17800.00000000
2018-03-01 14:32:55,0.00000434,600.00000000
2018-03-01 14:32:55,0.00000434,12103.00000000
2018-03-01 14:32:57,0.00000434,6869.00000000
2018-03-01 14:32:58,0.00000433,9168.00000000
2018-03-01 14:32:58,0.00000433,131350.00000000
2018-03-01 14:32:58,0.00000433,493.00000000
2018-03-01 14:32:59,0.00000432,183219.00000000
2018-03-01 14:32:59,0.00000432,2597.00000000
2018-03-01 14:33:00,0.00000433,3828.00000000
2018-03-01 14:33:02,0.00000432,4262.00000000
2018-03-01 14:33:03,0.00000433,4721.00000000
2018-03-01 14:33:05,0.00000433,126.00000000
2018-03-01 14:33:05,0.00000434,4329.00000000
2018-03-01 14:33:10,0.00000432,481.00000000
2018-03-01 14:33:10,0.00000434,21989.00000000
2018-03-01 14:33:11,0.00000433,2347.00000000
2018-03-01 14:33:15,0.00000434,78341.00000000
2018-03-01 14:33:15,0.00000433,6000.00000000
2018-03-01 14:33:17,0.00000433,1000.00000000
2018-03-01 14:33:20,0.00000433,4809.00000000
2018-03-01 14:33:20,0.00000433,885.00000000
2018-03-01 14:33:20,0.00000433,3550.00000000
2018-03-01 14:33:21,0.00000433,885.00000000
2018-03-01 14:33:21,0.00000433,946.00000000
2018-03-01 14:33:22,0.00000433,102147.00000000
2018-03-01 14:33:25,0.00000433,13560.00000000
2018-03-01 14:33:25,0.00000433,4355.00000000
2018-03-01 14:33:25,0.00000433,4364.00000000
2018-03-01 14:33:27,0.00000433,5162.00000000
2018-03-01 14:33:28,0.00000433,24131.00000000
2018-03-01 14:33:32,0.00000433,114029.00000000
