DATE,PRICE,VOLUME
2018-02-23 21:00:05,0.00000415,5400.00000000
2018-02-23 21:00:05,0.00000414,1348.00000000
2018-02-23 21:00:08,0.00000414,498.00000000
2018-02-23 21:00:09,0.00000414,598.00000000
2018-02-23 21:00:17,0.00000414,1278.00000000
2018-02-23 21:00:18,0.00000414,206.00000000
2018-02-23 21:00:19,0.00000414,1536.00000000
2018-02-23 21:00:21,0.00000414,5672.00000000
2018-02-23 21:00:23,0.00000414,47079.00000000
2018-02-23 21:00:24,0.00000414,52564.00000000
2018-02-23 21:00:26,0.00000415,1000.00000000
2018-02-23 21:00:28,0.00000414,7419.00000000
2018-02-23 21:00:29,0.00000414,61663.00000000
2018-02-23 21:00:30,0.00000414,10000.00000000
2018-02-23 21:00:36,0.00000415,12203.00000000
2018-02-23 21:00:42,0.00000415,38.00000000
2018-02-23 21:00:45,0.00000415,9.00000000
2018-02-23 21:00:47,0.00000415,3.00000000
2018-02-23 21:00:48,0.00000414,309.00000000
2018-02-23 21:00:48,0.00000415,23006.00000000
2018-02-23 21:00:49,0.00000415,9052.00000000
2018-02-23 21:00:49,0.00000414,3244.00000000
2018-02-23 21:00:51,0.00000415,10.00000000
2018-02-23 21:00:54,0.00000414,1.00000000
2018-02-23 21:00:56,0.00000414,632.00000000
2018-02-23 21:00:59,0.00000415,3336.00000000
2018-02-23 21:00:59,0.00000415,84481.00000000
2018-02-23 21:00:59,0.00000415,143.00000000
2018-02-23 21:01:00,0.00000414,1000.00000000
2018-02-23 21:01:00,0.00000415,300.00000000
2018-02-23 21:01:03,0.00000415,6.00000000
2018-02-23 21:01:06,0.00000414,4250.00000000
2018-02-23 21:01:08,0.00000415,895.00000000
2018-02-23 21:01:10,0.00000414,662742.00000000
2018-02-23 21:01:17,0.00000415,500.00000000
2018-02-23 21:01:21,0.00000415,600.00000000
2018-02-23 21:01:22,0.00000414,5000.00000000
2018-02-23 21:01:26,0.00000414,4495.00000000
2018-02-23 21:01:26,0.00000414,5487.00000000
2018-02-23 21:01:42,0.00000414,125.00000000
2018-02-23 21:01:45,0.00000414,2142.00000000
2018-02-23 21:01:46,0.00000414,25000.00000000
2018-02-23 21:01:50,0.00000414,6596.00000000
2018-02-23 21:01:52,0.00000414,2650.00000000
2018-02-23 21:01:54,0.00000414,23819.00000000
2018-02-23 21:01:55,0.00000414,81917.00000000
2018-02-23 21:01:56,0.00000414,16201.00000000
2018-02-23 21:02:02,0.00000414,725.00000000
2018-02-23 21:02:05,0.00000415,342.00000000
2018-02-23 21:02:05,0.00000415,7225.00000000
2018-02-23 21:02:05,0.00000415,7225.00000000
2018-02-23 21:02:05,0.00000415,7224.00000000
2018-02-23 21:02:05,0.00000415,2127.00000000
2018-02-23 21:02:05,0.00000414,7224.00000000
2018-02-23 21:02:06,0.00000414,692.00000000
2018-02-23 21:02:07,0.00000415,947.00000000
2018-02-23 21:02:07,0.00000414,5000.00000000
2018-02-23 21:02:08,0.00000415,9519.00000000
2018-02-23 21:02:09,0.00000415,554.00000000
2018-02-23 21:02:09,0.00000414,964.00000000
2018-02-23 21:02:10,0.00000415,114041.00000000
2018-02-23 21:02:11,0.00000415,4993.00000000
2018-02-23 21:02:12,0.00000415,23754.00000000
2018-02-23 21:02:12,0.00000414,20000.00000000
2018-02-23 21:02:13,0.00000415,674.00000000
2018-02-23 21:02:13,0.00000414,25000.00000000
2018-02-23 21:02:19,0.00000415,441.00000000
2018-02-23 21:02:21,0.00000415,24080.00000000
2018-02-23 21:02:21,0.00000414,2774.00000000
2018-02-23 21:02:24,0.00000414,3348.00000000
2018-02-23 21:02:30,0.00000414,149553.00000000
2018-02-23 21:02:31,0.00000414,4500.00000000
2018-02-23 21:02:33,0.00000415,5629.00000000
2018-02-23 21:02:36,0.00000414,3000.00000000
2018-02-23 21:02:41,0.00000415,556.00000000
2018-02-23 21:02:45,0.00000414,2769.00000000
2018-02-23 21:02:50,0.00000414,1986.00000000
2018-02-23 21:02:54,0.00000414,5006.00000000
2018-02-23 21:02:54,0.00000414,125006.00000000
2018-02-23 21:02:59,0.00000414,1091.00000000
2018-02-23 21:03:01,0.00000415,2700.00000000
2018-02-23 21:03:07,0.00000414,3.00000000
2018-02-23 21:03:22,0.00000414,20479.00000000
2018-02-23 21:03:23,0.00000414,3562.00000000
2018-02-23 21:03:33,0.00000414,6809.00000000
2018-02-23 21:03:41,0.00000414,996.00000000
2018-02-23 21:03:41,0.00000415,206.00000000
2018-02-23 21:03:45,0.00000414,31573.00000000
2018-02-23 21:03:49,0.00000415,400.00000000
2018-02-23 21:03:51,0.00000415,26954.00000000
2018-02-23 21:03:52,0.00000414,5000.00000000
2018-02-23 21:03:53,0.00000415,1724.00000000
2018-02-23 21:03:56,0.00000415,32390.00000000
2018-02-23 21:04:02,0.00000415,2491.00000000
2018-02-23 21:04:03,0.00000415,806.00000000
2018-02-23 21:04:05,0.00000415,14450.00000000
2018-02-23 21:04:06,0.00000415,6928.00000000
2018-02-23 21:04:11,0.00000415,2766.00000000
2018-02-23 21:04:13,0.00000415,24154.00000000
2018-02-23 21:04:13,0.00000415,69051.00000000
2018-02-23 21:04:13,0.00000415,14171.00000000
2018-02-23 21:04:14,0.00000414,500.00000000
2018-02-23 21:04:16,0.00000414,1000.00000000
2018-02-23 21:04:20,0.00000415,24191.00000000
2018-02-23 21:04:21,0.00000415,19192.00000000
2018-02-23 21:04:22,0.00000415,13897.00000000
2018-02-23 21:04:22,0.00000415,6980.00000000
2018-02-23 21:04:23,0.00000415,5090.00000000
2018-02-23 21:04:23,0.00000415,27768.00000000
2018-02-23 21:04:24,0.00000414,23649.00000000
2018-02-23 21:04:24,0.00000414,754.00000000
2018-02-23 21:04:26,0.00000414,20901.00000000
2018-02-23 21:04:32,0.00000414,1717.00000000
2018-02-23 21:04:35,0.00000415,9476.00000000
2018-02-23 21:04:36,0.00000415,6352.00000000
2018-02-23 21:04:40,0.00000414,5134.00000000
2018-02-23 21:04:44,0.00000415,1804.00000000
2018-02-23 21:04:45,0.00000414,1000.00000000
2018-02-23 21:04:46,0.00000414,28993.00000000
2018-02-23 21:04:47,0.00000415,2500.00000000
2018-02-23 21:04:51,0.00000415,119131.00000000
2018-02-23 21:04:54,0.00000415,24017.00000000
2018-02-23 21:04:56,0.00000415,583.00000000
2018-02-23 21:04:56,0.00000415,11675.00000000
2018-02-23 21:04:56,0.00000414,36816.00000000
2018-02-23 21:04:58,0.00000415,500.00000000
2018-02-23 21:04:59,0.00000415,4500.00000000
2018-02-23 21:05:01,0.00000415,5597.00000000
2018-02-23 21:05:04,0.00000414,60156.00000000
2018-02-23 21:05:12,0.00000414,59447.00000000
2018-02-23 21:05:20,0.00000415,1116.00000000
2018-02-23 21:05:20,0.00000415,13983.00000000
2018-02-23 21:05:20,0.00000414,42389.00000000
2018-02-23 21:05:23,0.00000415,7222.00000000
2018-02-23 21:05:23,0.00000415,20257.00000000
2018-02-23 21:05:23,0.00000414,7222.00000000
2018-02-23 21:05:24,0.00000415,5709.00000000
2018-02-23 21:05:25,0.00000414,243.00000000
2018-02-23 21:05:27,0.00000415,1.00000000
2018-02-23 21:05:29,0.00000414,4.00000000
2018-02-23 21:05:31,0.00000415,746.00000000
2018-02-23 21:05:32,0.00000415,6754.00000000
2018-02-23 21:05:32,0.00000415,24150.00000000
2018-02-23 21:05:37,0.00000415,564.00000000
2018-02-23 21:05:39,0.00000415,623.00000000
2018-02-23 21:05:40,0.00000415,5847.00000000
2018-02-23 21:05:43,0.00000415,3.00000000
2018-02-23 21:05:47,0.00000414,2250.00000000
2018-02-23 21:05:55,0.00000414,11632.00000000
2018-02-23 21:05:56,0.00000414,9933.00000000
2018-02-23 21:05:57,0.00000415,1997.00000000
2018-02-23 21:05:58,0.00000415,4949.00000000
2018-02-23 21:06:03,0.00000414,17661.00000000
2018-02-23 21:06:03,0.00000414,300.00000000
2018-02-23 21:06:13,0.00000415,1009.00000000
2018-02-23 21:06:14,0.00000415,120586.00000000
2018-02-23 21:06:15,0.00000414,423.00000000
2018-02-23 21:06:21,0.00000414,51811.00000000
2018-02-23 21:06:21,0.00000415,3036.00000000
2018-02-23 21:06:34,0.00000415,24154.00000000
2018-02-23 21:06:34,0.00000415,1932.00000000
2018-02-23 21:06:36,0.00000414,1804.00000000
2018-02-23 21:06:37,0.00000415,89267.00000000
2018-02-23 21:06:41,0.00000414,970.00000000
2018-02-23 21:06:43,0.00000414,2999.00000000
2018-02-23 21:06:47,0.00000414,2367.00000000
2018-02-23 21:06:51,0.00000415,2880.00000000
2018-02-23 21:06:55,0.00000415,82392.00000000
2018-02-23 21:06:56,0.00000415,86202.00000000
2018-02-23 21:06:56,0.00000415,6832.00000000
2018-02-23 21:06:59,0.00000415,93613.00000000
2018-02-23 21:06:59,0.00000414,3466.00000000
2018-02-23 21:07:00,0.00000415,2290.00000000
2018-02-23 21:07:02,0.00000415,551.00000000
2018-02-23 21:07:06,0.00000414,8000.00000000
2018-02-23 21:07:10,0.00000415,953.00000000
2018-02-23 21:07:13,0.00000414,5321.00000000
2018-02-23 21:07:13,0.00000415,3937.00000000
2018-02-23 21:07:17,0.00000415,5717.00000000
2018-02-23 21:07:17,0.00000415,6048.00000000
2018-02-23 21:07:27,0.00000415,2500.00000000
2018-02-23 21:07:27,0.00000414,47490.00000000
2018-02-23 21:07:30,0.00000415,27972.00000000
2018-02-23 21:07:32,0.00000415,2400.00000000
2018-02-23 21:07:34,0.00000415,2651.00000000
2018-02-23 21:07:35,0.00000415,6089.00000000
2018-02-23 21:07:44,0.00000415,3000.00000000
2018-02-23 21:07:46,0.00000415,978.00000000
2018-02-23 21:07:47,0.00000415,1500.00000000
2018-02-23 21:07:48,0.00000415,3000.00000000
2018-02-23 21:07:49,0.00000415,19963.00000000
2018-02-23 21:07:50,0.00000415,6457.00000000
2018-02-23 21:07:51,0.00000415,2519.00000000
2018-02-23 21:07:51,0.00000415,119.00000000
2018-02-23 21:07:53,0.00000414,2496.00000000
2018-02-23 21:07:54,0.00000415,815.00000000
2018-02-23 21:07:56,0.00000415,24154.00000000
2018-02-23 21:07:56,0.00000415,47127.00000000
2018-02-23 21:07:56,0.00000415,1000.00000000
2018-02-23 21:07:57,0.00000415,2832.00000000
2018-02-23 21:07:58,0.00000415,3006.00000000
2018-02-23 21:07:58,0.00000415,3393.00000000
2018-02-23 21:07:59,0.00000415,34470.00000000
2018-02-23 21:07:59,0.00000415,3999.00000000
2018-02-23 21:07:59,0.00000414,5490.00000000
2018-02-23 21:07:59,0.00000415,500.00000000
2018-02-23 21:07:59,0.00000415,300.00000000
2018-02-23 21:08:00,0.00000414,71267.00000000
2018-02-23 21:08:00,0.00000415,24154.00000000
2018-02-23 21:08:00,0.00000415,26278.00000000
2018-02-23 21:08:00,0.00000415,47434.00000000
2018-02-23 21:08:01,0.00000415,3500.00000000
2018-02-23 21:08:02,0.00000415,113437.00000000
2018-02-23 21:08:03,0.00000415,10417.00000000
2018-02-23 21:08:04,0.00000415,250.00000000
2018-02-23 21:08:04,0.00000415,250.00000000
2018-02-23 21:08:07,0.00000415,250.00000000
2018-02-23 21:08:09,0.00000415,11345.00000000
2018-02-23 21:08:11,0.00000415,3017.00000000
2018-02-23 21:08:13,0.00000415,500.00000000
2018-02-23 21:08:14,0.00000415,4552.00000000
2018-02-23 21:08:18,0.00000415,22899.00000000
2018-02-23 21:08:27,0.00000416,378.00000000
2018-02-23 21:08:31,0.00000416,8621.00000000
2018-02-23 21:08:32,0.00000416,1414.00000000
2018-02-23 21:08:36,0.00000415,484.00000000
2018-02-23 21:08:36,0.00000415,6926.00000000
2018-02-23 21:08:39,0.00000416,241280.00000000
2018-02-23 21:08:39,0.00000416,1.00000000
2018-02-23 21:08:40,0.00000415,1000.00000000
2018-02-23 21:08:45,0.00000416,4000.00000000
2018-02-23 21:08:59,0.00000416,86.00000000
2018-02-23 21:08:59,0.00000415,14468.00000000
2018-02-23 21:09:00,0.00000416,7.00000000
2018-02-23 21:09:07,0.00000415,5845.00000000
2018-02-23 21:09:17,0.00000416,789.00000000
2018-02-23 21:09:21,0.00000416,35375.00000000
2018-02-23 21:09:29,0.00000415,2102.00000000
2018-02-23 21:09:31,0.00000415,66347.00000000
2018-02-23 21:09:31,0.00000415,797.00000000
2018-02-23 21:09:35,0.00000416,42.00000000
2018-02-23 21:09:41,0.00000416,411.00000000
2018-02-23 21:09:41,0.00000415,27125.00000000
2018-02-23 21:09:47,0.00000416,852.00000000
2018-02-23 21:09:58,0.00000415,23985.00000000
2018-02-23 21:09:59,0.00000416,2397.00000000
2018-02-23 21:10:00,0.00000415,12334.00000000
2018-02-23 21:10:01,0.00000416,12000.00000000
2018-02-23 21:10:10,0.00000415,9914.00000000
2018-02-23 21:10:10,0.00000416,4914.00000000
2018-02-23 21:10:11,0.00000415,503.00000000
2018-02-23 21:10:14,0.00000416,518.00000000
2018-02-23 21:10:14,0.00000416,2130.00000000
2018-02-23 21:10:27,0.00000415,298.00000000
2018-02-23 21:10:30,0.00000415,689.00000000
2018-02-23 21:10:38,0.00000416,241.00000000
2018-02-23 21:10:40,0.00000416,60400.00000000
2018-02-23 21:10:41,0.00000416,8191.00000000
2018-02-23 21:10:46,0.00000416,9699.00000000
2018-02-23 21:10:50,0.00000415,3671.00000000
2018-02-23 21:10:52,0.00000415,483.00000000
2018-02-23 21:10:52,0.00000416,163786.00000000
2018-02-23 21:10:56,0.00000416,5384.00000000
2018-02-23 21:10:59,0.00000416,1839.00000000
2018-02-23 21:11:03,0.00000416,480.00000000
2018-02-23 21:11:04,0.00000416,11463.00000000
2018-02-23 21:11:09,0.00000416,24098.00000000
2018-02-23 21:11:11,0.00000415,86615.00000000
2018-02-23 21:11:12,0.00000416,21680.00000000
2018-02-23 21:11:14,0.00000416,1118.00000000
2018-02-23 21:11:15,0.00000416,6907.00000000
2018-02-23 21:11:19,0.00000416,20710.00000000
2018-02-23 21:11:26,0.00000416,250.00000000
2018-02-23 21:11:30,0.00000416,4179.00000000
2018-02-23 21:11:30,0.00000416,570.00000000
2018-02-23 21:11:36,0.00000416,7003.00000000
2018-02-23 21:11:41,0.00000416,639.00000000
2018-02-23 21:11:43,0.00000416,1000.00000000
2018-02-23 21:11:44,0.00000415,253.00000000
2018-02-23 21:11:45,0.00000416,250.00000000
2018-02-23 21:11:46,0.00000416,7425.00000000
2018-02-23 21:11:54,0.00000416,2276.00000000
2018-02-23 21:11:59,0.00000416,2340.00000000
2018-02-23 21:12:08,0.00000416,170946.00000000
2018-02-23 21:12:10,0.00000416,100000.00000000
2018-02-23 21:12:12,0.00000416,598897.00000000
2018-02-23 21:12:12,0.00000416,1908.00000000
2018-02-23 21:12:12,0.00000416,3184.00000000
2018-02-23 21:12:14,0.00000416,8234.00000000
2018-02-23 21:12:14,0.00000416,50000.00000000
2018-02-23 21:12:15,0.00000416,7210.00000000
2018-02-23 21:12:16,0.00000416,7210.00000000
2018-02-23 21:12:19,0.00000416,8472.00000000
2018-02-23 21:12:19,0.00000416,11951.00000000
2018-02-23 21:12:19,0.00000417,564.00000000
2018-02-23 21:12:20,0.00000416,7210.00000000
2018-02-23 21:12:20,0.00000416,2983.00000000
2018-02-23 21:12:20,0.00000416,7211.00000000
2018-02-23 21:12:21,0.00000417,240.00000000
2018-02-23 21:12:21,0.00000416,400.00000000
2018-02-23 21:12:22,0.00000416,999.00000000
2018-02-23 21:12:25,0.00000416,7210.00000000
2018-02-23 21:12:25,0.00000416,7211.00000000
2018-02-23 21:12:26,0.00000416,1617.00000000
2018-02-23 21:12:26,0.00000416,7211.00000000
2018-02-23 21:12:33,0.00000416,66519.00000000
2018-02-23 21:12:34,0.00000417,5182.00000000
2018-02-23 21:12:38,0.00000416,24053.00000000
2018-02-23 21:12:39,0.00000416,1210.00000000
2018-02-23 21:12:39,0.00000416,4000.00000000
2018-02-23 21:12:41,0.00000416,7210.00000000
2018-02-23 21:12:41,0.00000416,1423.00000000
2018-02-23 21:12:43,0.00000416,9932.00000000
2018-02-23 21:12:47,0.00000416,5792.00000000
2018-02-23 21:12:55,0.00000416,94461.00000000
2018-02-23 21:12:59,0.00000416,1742.00000000
2018-02-23 21:13:02,0.00000416,4551.00000000
2018-02-23 21:13:03,0.00000416,83960.00000000
2018-02-23 21:13:04,0.00000416,15724.00000000
2018-02-23 21:13:05,0.00000416,10024.00000000
2018-02-23 21:13:08,0.00000416,9751.00000000
2018-02-23 21:13:15,0.00000416,20237.00000000
2018-02-23 21:13:15,0.00000416,5000.00000000
2018-02-23 21:13:15,0.00000416,2403.00000000
2018-02-23 21:13:15,0.00000415,35000.00000000
2018-02-23 21:13:16,0.00000416,11800.00000000
2018-02-23 21:13:23,0.00000416,3713.00000000
2018-02-23 21:13:24,0.00000416,832.00000000
2018-02-23 21:13:24,0.00000415,13692.00000000
2018-02-23 21:13:25,0.00000416,10429.00000000
2018-02-23 21:13:28,0.00000415,6008.00000000
2018-02-23 21:13:28,0.00000416,85405.00000000
2018-02-23 21:13:29,0.00000416,843.00000000
2018-02-23 21:13:30,0.00000416,9842.00000000
2018-02-23 21:13:32,0.00000416,3876.00000000
2018-02-23 21:13:34,0.00000416,2287.00000000
2018-02-23 21:13:36,0.00000416,10000.00000000
2018-02-23 21:13:37,0.00000416,2944.00000000
2018-02-23 21:13:38,0.00000416,3543.00000000
2018-02-23 21:13:38,0.00000416,488.00000000
2018-02-23 21:13:41,0.00000415,1622.00000000
2018-02-23 21:13:47,0.00000416,1432.00000000
2018-02-23 21:13:51,0.00000416,12859.00000000
2018-02-23 21:13:59,0.00000415,59313.00000000
2018-02-23 21:13:59,0.00000415,234.00000000
2018-02-23 21:14:00,0.00000416,4.00000000
2018-02-23 21:14:02,0.00000415,211411.00000000
2018-02-23 21:14:14,0.00000416,2171.00000000
2018-02-23 21:14:19,0.00000416,6582.00000000
2018-02-23 21:14:20,0.00000416,1.00000000
2018-02-23 21:14:22,0.00000416,3773.00000000
2018-02-23 21:14:23,0.00000416,1412.00000000
2018-02-23 21:14:23,0.00000416,1520.00000000
2018-02-23 21:14:25,0.00000415,3299.00000000
2018-02-23 21:14:38,0.00000415,8000.00000000
2018-02-23 21:14:39,0.00000415,4259.00000000
2018-02-23 21:14:40,0.00000415,21.00000000
2018-02-23 21:14:42,0.00000416,10027.00000000
2018-02-23 21:14:43,0.00000416,1800.00000000
2018-02-23 21:14:48,0.00000416,1000.00000000
2018-02-23 21:14:54,0.00000415,2898.00000000
2018-02-23 21:14:54,0.00000416,404.00000000
2018-02-23 21:14:55,0.00000416,5895.00000000
2018-02-23 21:14:55,0.00000416,1010.00000000
2018-02-23 21:14:56,0.00000416,2403.00000000
2018-02-23 21:14:59,0.00000416,8837.00000000
2018-02-23 21:15:01,0.00000416,6424.00000000
2018-02-23 21:15:03,0.00000416,27884.00000000
2018-02-23 21:15:04,0.00000415,440.00000000
2018-02-23 21:15:09,0.00000415,1498.00000000
2018-02-23 21:15:21,0.00000415,3205.00000000
2018-02-23 21:15:21,0.00000416,69728.00000000
2018-02-23 21:15:27,0.00000416,2500.00000000
2018-02-23 21:15:31,0.00000416,3697.00000000
2018-02-23 21:15:35,0.00000416,8634.00000000
2018-02-23 21:15:36,0.00000415,443.00000000
2018-02-23 21:15:39,0.00000416,21685.00000000
2018-02-23 21:15:40,0.00000416,24030.00000000
2018-02-23 21:15:41,0.00000416,1451.00000000
2018-02-23 21:15:44,0.00000416,3832.00000000
2018-02-23 21:15:57,0.00000416,1548.00000000
2018-02-23 21:15:58,0.00000416,24023.00000000
2018-02-23 21:16:00,0.00000415,17807.00000000
2018-02-23 21:16:01,0.00000416,9293.00000000
2018-02-23 21:16:03,0.00000415,140.00000000
2018-02-23 21:16:03,0.00000416,7205.00000000
2018-02-23 21:16:07,0.00000416,7207.00000000
2018-02-23 21:16:07,0.00000416,7206.00000000
2018-02-23 21:16:08,0.00000416,1616.00000000
2018-02-23 21:16:09,0.00000416,605.00000000
2018-02-23 21:16:10,0.00000416,4477.00000000
2018-02-23 21:16:12,0.00000415,200.00000000
2018-02-23 21:16:12,0.00000416,2002.00000000
2018-02-23 21:16:14,0.00000416,4048.00000000
2018-02-23 21:16:16,0.00000416,7207.00000000
2018-02-23 21:16:16,0.00000416,3187.00000000
2018-02-23 21:16:17,0.00000416,5000.00000000
2018-02-23 21:16:32,0.00000415,3614.00000000
2018-02-23 21:16:33,0.00000416,135725.00000000
2018-02-23 21:16:35,0.00000416,3766.00000000
2018-02-23 21:16:36,0.00000415,7493.00000000
2018-02-23 21:16:41,0.00000416,4.00000000
2018-02-23 21:16:43,0.00000415,10609.00000000
2018-02-23 21:16:47,0.00000416,4390.00000000
2018-02-23 21:16:47,0.00000416,88471.00000000
2018-02-23 21:16:50,0.00000415,978.00000000
2018-02-23 21:16:52,0.00000416,538.00000000
2018-02-23 21:16:53,0.00000416,5945.00000000
2018-02-23 21:16:53,0.00000415,206.00000000
2018-02-23 21:16:56,0.00000416,58368.00000000
2018-02-23 21:16:57,0.00000416,31746.00000000
2018-02-23 21:16:58,0.00000416,10247.00000000
2018-02-23 21:16:59,0.00000416,2503.00000000
2018-02-23 21:17:04,0.00000416,4819.00000000
2018-02-23 21:17:05,0.00000416,96709.00000000
2018-02-23 21:17:07,0.00000415,5893.00000000
2018-02-23 21:17:09,0.00000416,1250.00000000
2018-02-23 21:17:11,0.00000416,95280.00000000
2018-02-23 21:17:12,0.00000415,2327.00000000
2018-02-23 21:17:14,0.00000416,12837.00000000
2018-02-23 21:17:16,0.00000416,3373.00000000
2018-02-23 21:17:22,0.00000416,3402.00000000
2018-02-23 21:17:30,0.00000416,4195.00000000
2018-02-23 21:17:39,0.00000416,18076.00000000
2018-02-23 21:17:40,0.00000416,6218.00000000
2018-02-23 21:17:51,0.00000416,1.00000000
2018-02-23 21:17:51,0.00000416,149255.00000000
2018-02-23 21:17:53,0.00000415,65900.00000000
2018-02-23 21:17:54,0.00000416,10975.00000000
2018-02-23 21:17:55,0.00000416,37271.00000000
2018-02-23 21:18:01,0.00000415,37439.00000000
2018-02-23 21:18:08,0.00000416,250.00000000
2018-02-23 21:18:10,0.00000416,4109.00000000
2018-02-23 21:18:11,0.00000415,1700.00000000
2018-02-23 21:18:18,0.00000416,19423.00000000
2018-02-23 21:18:20,0.00000415,23904.00000000
2018-02-23 21:18:21,0.00000416,28403.00000000
2018-02-23 21:18:27,0.00000415,171872.00000000
2018-02-23 21:18:28,0.00000416,1548.00000000
2018-02-23 21:18:35,0.00000416,421666.00000000
2018-02-23 21:18:38,0.00000415,13422.00000000
2018-02-23 21:18:39,0.00000416,16213.00000000
2018-02-23 21:18:41,0.00000416,43018.00000000
2018-02-23 21:18:45,0.00000416,3415.00000000
2018-02-23 21:18:46,0.00000416,500.00000000
2018-02-23 21:18:47,0.00000415,3.00000000
2018-02-23 21:18:51,0.00000416,285.00000000
2018-02-23 21:19:08,0.00000416,40731.00000000
2018-02-23 21:19:13,0.00000416,11.00000000
2018-02-23 21:19:13,0.00000415,10999.00000000
2018-02-23 21:19:18,0.00000415,4999.00000000
2018-02-23 21:19:21,0.00000415,14594.00000000
2018-02-23 21:19:25,0.00000415,6271.00000000
2018-02-23 21:19:25,0.00000415,21678.00000000
2018-02-23 21:19:40,0.00000415,250.00000000
2018-02-23 21:19:44,0.00000415,1887.00000000
2018-02-23 21:19:46,0.00000416,88795.00000000
2018-02-23 21:19:48,0.00000415,689.00000000
2018-02-23 21:19:48,0.00000415,20393.00000000
2018-02-23 21:19:49,0.00000416,1173.00000000
2018-02-23 21:19:56,0.00000416,19000.00000000
2018-02-23 21:20:00,0.00000416,271.00000000
2018-02-23 21:20:03,0.00000416,12625.00000000
2018-02-23 21:20:03,0.00000415,242.00000000
2018-02-23 21:20:10,0.00000416,518.00000000
2018-02-23 21:20:12,0.00000416,258.00000000
2018-02-23 21:20:13,0.00000416,2061.00000000
2018-02-23 21:20:14,0.00000416,194.00000000
2018-02-23 21:20:16,0.00000416,64.00000000
2018-02-23 21:20:19,0.00000415,50605.00000000
2018-02-23 21:20:20,0.00000416,1744.00000000
2018-02-23 21:20:20,0.00000416,17341.00000000
2018-02-23 21:20:31,0.00000416,800.00000000
2018-02-23 21:20:33,0.00000416,2614.00000000
2018-02-23 21:20:38,0.00000415,20000.00000000
2018-02-23 21:20:38,0.00000415,1420.00000000
2018-02-23 21:20:47,0.00000416,6733.00000000
2018-02-23 21:20:48,0.00000415,6896.00000000
2018-02-23 21:20:55,0.00000416,309.00000000
2018-02-23 21:20:56,0.00000416,102.00000000
2018-02-23 21:20:59,0.00000416,43432.00000000
2018-02-23 21:20:59,0.00000416,9977.00000000
2018-02-23 21:21:18,0.00000416,70312.00000000
2018-02-23 21:21:23,0.00000415,45588.00000000
2018-02-23 21:21:28,0.00000415,9999.00000000
2018-02-23 21:21:29,0.00000416,67543.00000000
2018-02-23 21:21:33,0.00000416,2600.00000000
2018-02-23 21:21:36,0.00000416,1045.00000000
2018-02-23 21:21:36,0.00000416,1214.00000000
2018-02-23 21:21:36,0.00000416,751.00000000
2018-02-23 21:21:37,0.00000416,25769.00000000
2018-02-23 21:21:39,0.00000415,1184.00000000
2018-02-23 21:21:40,0.00000415,1362.00000000
2018-02-23 21:21:41,0.00000416,403.00000000
2018-02-23 21:21:41,0.00000416,2115.00000000
2018-02-23 21:21:41,0.00000416,7206.00000000
2018-02-23 21:21:41,0.00000416,7206.00000000
2018-02-23 21:21:41,0.00000416,11757.00000000
2018-02-23 21:21:41,0.00000416,7206.00000000
2018-02-23 21:21:41,0.00000416,7207.00000000
2018-02-23 21:21:42,0.00000416,2511.00000000
2018-02-23 21:21:42,0.00000415,7207.00000000
2018-02-23 21:21:43,0.00000416,19435.00000000
2018-02-23 21:21:44,0.00000416,75317.00000000
2018-02-23 21:21:44,0.00000416,21707.00000000
2018-02-23 21:21:44,0.00000416,6000.00000000
2018-02-23 21:21:48,0.00000416,10510.00000000
2018-02-23 21:21:51,0.00000416,2.00000000
2018-02-23 21:21:52,0.00000416,104734.00000000
2018-02-23 21:21:52,0.00000416,23706.00000000
2018-02-23 21:21:52,0.00000416,8418.00000000
2018-02-23 21:21:52,0.00000417,3357.00000000
2018-02-23 21:21:55,0.00000417,1108.00000000
2018-02-23 21:21:57,0.00000417,702.00000000
2018-02-23 21:21:59,0.00000417,240.00000000
2018-02-23 21:22:00,0.00000417,9375.00000000
2018-02-23 21:22:04,0.00000416,41948.00000000
2018-02-23 21:22:05,0.00000416,403.00000000
2018-02-23 21:22:05,0.00000416,12097.00000000
2018-02-23 21:22:06,0.00000416,1009.00000000
2018-02-23 21:22:06,0.00000416,432.00000000
2018-02-23 21:22:08,0.00000416,47199.00000000
2018-02-23 21:22:08,0.00000417,26426.00000000
2018-02-23 21:22:10,0.00000416,1000.00000000
2018-02-23 21:22:11,0.00000416,480.00000000
2018-02-23 21:22:15,0.00000416,25761.00000000
2018-02-23 21:22:18,0.00000416,500.00000000
2018-02-23 21:22:19,0.00000416,2354.00000000
2018-02-23 21:22:21,0.00000417,14025.00000000
2018-02-23 21:22:28,0.00000417,1170.00000000
2018-02-23 21:22:30,0.00000417,420.00000000
2018-02-23 21:22:31,0.00000417,2398.00000000
2018-02-23 21:22:32,0.00000417,6576.00000000
2018-02-23 21:22:35,0.00000417,247704.00000000
2018-02-23 21:22:43,0.00000417,2138.00000000
2018-02-23 21:22:46,0.00000417,33221.00000000
2018-02-23 21:22:54,0.00000417,100000.00000000
2018-02-23 21:22:58,0.00000416,1000.00000000
2018-02-23 21:22:58,0.00000417,1700.00000000
2018-02-23 21:23:00,0.00000416,43347.00000000
2018-02-23 21:23:01,0.00000416,4133.00000000
2018-02-23 21:23:03,0.00000417,71942.00000000
2018-02-23 21:23:10,0.00000417,93502.00000000
2018-02-23 21:23:11,0.00000417,18.00000000
2018-02-23 21:23:14,0.00000417,1512.00000000
2018-02-23 21:23:15,0.00000417,165990.00000000
2018-02-23 21:23:19,0.00000417,30840.00000000
2018-02-23 21:23:21,0.00000417,6663.00000000
2018-02-23 21:23:23,0.00000416,92524.00000000
2018-02-23 21:23:24,0.00000417,2516.00000000
2018-02-23 21:23:24,0.00000416,17500.00000000
2018-02-23 21:23:25,0.00000417,337.00000000
2018-02-23 21:23:30,0.00000416,243.00000000
2018-02-23 21:23:35,0.00000416,10004.00000000
2018-02-23 21:23:35,0.00000417,480.00000000
2018-02-23 21:23:36,0.00000417,32636.00000000
2018-02-23 21:23:53,0.00000417,9216.00000000
2018-02-23 21:23:55,0.00000417,362.00000000
2018-02-23 21:23:55,0.00000416,85983.00000000
2018-02-23 21:23:56,0.00000417,2975.00000000
2018-02-23 21:24:00,0.00000416,19.00000000
2018-02-23 21:24:06,0.00000416,404.00000000
2018-02-23 21:24:11,0.00000417,3365.00000000
2018-02-23 21:24:13,0.00000416,17945.00000000
2018-02-23 21:24:20,0.00000417,4976.00000000
2018-02-23 21:24:22,0.00000417,4027.00000000
2018-02-23 21:24:22,0.00000417,4026.00000000
2018-02-23 21:24:22,0.00000416,1000.00000000
2018-02-23 21:24:22,0.00000417,8480.00000000
2018-02-23 21:24:23,0.00000417,503.00000000
2018-02-23 21:24:23,0.00000417,6806.00000000
2018-02-23 21:24:24,0.00000417,7189.00000000
2018-02-23 21:24:24,0.00000417,12061.00000000
2018-02-23 21:24:24,0.00000417,21975.00000000
2018-02-23 21:24:26,0.00000417,11190.00000000
2018-02-23 21:24:27,0.00000417,8581.00000000
2018-02-23 21:24:27,0.00000417,7190.00000000
2018-02-23 21:24:27,0.00000417,503.00000000
2018-02-23 21:24:27,0.00000417,2975.00000000
2018-02-23 21:24:29,0.00000417,7444.00000000
2018-02-23 21:24:31,0.00000417,2877.00000000
2018-02-23 21:24:35,0.00000416,15281.00000000
2018-02-23 21:24:35,0.00000416,851994.00000000
2018-02-23 21:24:35,0.00000416,13346.00000000
2018-02-23 21:24:35,0.00000416,39987.00000000
2018-02-23 21:24:35,0.00000416,8556.00000000
2018-02-23 21:24:35,0.00000416,2403.00000000
2018-02-23 21:24:35,0.00000416,7202.00000000
2018-02-23 21:24:35,0.00000416,2403.00000000
2018-02-23 21:24:35,0.00000415,7202.00000000
2018-02-23 21:24:35,0.00000416,7206.00000000
2018-02-23 21:24:35,0.00000416,20909.00000000
2018-02-23 21:24:35,0.00000416,7205.00000000
2018-02-23 21:24:35,0.00000416,7205.00000000
2018-02-23 21:24:35,0.00000416,5614.00000000
2018-02-23 21:24:35,0.00000416,3613.00000000
2018-02-23 21:24:36,0.00000415,7205.00000000
2018-02-23 21:24:36,0.00000415,5614.00000000
2018-02-23 21:24:36,0.00000416,3614.00000000
2018-02-23 21:24:36,0.00000415,3614.00000000
2018-02-23 21:24:36,0.00000416,2853.00000000
2018-02-23 21:24:39,0.00000416,2974.00000000
2018-02-23 21:24:41,0.00000416,10079.00000000
2018-02-23 21:24:41,0.00000416,143477.00000000
2018-02-23 21:24:44,0.00000416,4002.00000000
2018-02-23 21:24:46,0.00000417,2403.00000000
2018-02-23 21:24:49,0.00000416,7927.00000000
2018-02-23 21:24:50,0.00000417,2317.00000000
2018-02-23 21:24:50,0.00000416,3875.00000000
2018-02-23 21:24:51,0.00000416,36682.00000000
2018-02-23 21:24:59,0.00000417,6493.00000000
2018-02-23 21:25:02,0.00000417,5317.00000000
2018-02-23 21:25:03,0.00000416,27547.00000000
2018-02-23 21:25:06,0.00000416,500.00000000
2018-02-23 21:25:19,0.00000417,8632.00000000
2018-02-23 21:25:21,0.00000416,1743.00000000
2018-02-23 21:25:28,0.00000416,5715.00000000
2018-02-23 21:25:40,0.00000417,20283.00000000
2018-02-23 21:25:41,0.00000416,49175.00000000
2018-02-23 21:25:45,0.00000416,4749.00000000
2018-02-23 21:25:47,0.00000417,26275.00000000
2018-02-23 21:25:52,0.00000416,50199.00000000
2018-02-23 21:25:54,0.00000417,13581.00000000
2018-02-23 21:25:59,0.00000417,1082.00000000
2018-02-23 21:26:00,0.00000417,25511.00000000
2018-02-23 21:26:02,0.00000417,17500.00000000
2018-02-23 21:26:05,0.00000417,13000.00000000
2018-02-23 21:26:05,0.00000417,113.00000000
2018-02-23 21:26:06,0.00000417,22587.00000000
2018-02-23 21:26:08,0.00000417,23086.00000000
2018-02-23 21:26:10,0.00000417,21496.00000000
2018-02-23 21:26:14,0.00000417,17589.00000000
2018-02-23 21:26:23,0.00000417,807.00000000
2018-02-23 21:26:30,0.00000417,21495.00000000
2018-02-23 21:26:34,0.00000417,2398.00000000
2018-02-23 21:26:35,0.00000417,6588.00000000
2018-02-23 21:26:40,0.00000416,420.00000000
2018-02-23 21:26:41,0.00000417,7380.00000000
2018-02-23 21:26:41,0.00000416,78990.00000000
2018-02-23 21:26:48,0.00000417,2237.00000000
2018-02-23 21:26:48,0.00000416,4779.00000000
2018-02-23 21:26:48,0.00000416,399.00000000
2018-02-23 21:26:51,0.00000416,9213.00000000
2018-02-23 21:26:51,0.00000416,1946.00000000
2018-02-23 21:26:56,0.00000417,1000.00000000
2018-02-23 21:27:00,0.00000417,27572.00000000
2018-02-23 21:27:03,0.00000417,23443.00000000
2018-02-23 21:27:06,0.00000417,9868.00000000
2018-02-23 21:27:07,0.00000417,1517.00000000
2018-02-23 21:27:07,0.00000416,63128.00000000
2018-02-23 21:27:09,0.00000417,1494.00000000
2018-02-23 21:27:13,0.00000417,320.00000000
2018-02-23 21:27:18,0.00000417,1167.00000000
2018-02-23 21:27:22,0.00000417,36086.00000000
2018-02-23 21:27:25,0.00000417,5501.00000000
2018-02-23 21:27:26,0.00000417,4181.00000000
2018-02-23 21:27:28,0.00000416,115.00000000
2018-02-23 21:27:29,0.00000417,4783.00000000
2018-02-23 21:27:30,0.00000417,14645.00000000
2018-02-23 21:27:30,0.00000416,300.00000000
2018-02-23 21:27:37,0.00000417,23999.00000000
2018-02-23 21:27:40,0.00000417,2540.00000000
2018-02-23 21:27:40,0.00000417,12750.00000000
2018-02-23 21:27:46,0.00000417,3074.00000000
2018-02-23 21:27:48,0.00000417,4571.00000000
2018-02-23 21:27:50,0.00000417,11914.00000000
2018-02-23 21:27:50,0.00000417,1046.00000000
2018-02-23 21:27:55,0.00000417,15754.00000000
2018-02-23 21:27:59,0.00000416,24363.00000000
2018-02-23 21:28:02,0.00000416,26406.00000000
2018-02-23 21:28:03,0.00000416,1008.00000000
2018-02-23 21:28:04,0.00000417,24948.00000000
2018-02-23 21:28:06,0.00000416,1.00000000
2018-02-23 21:28:12,0.00000417,2437.00000000
2018-02-23 21:28:15,0.00000416,62867.00000000
2018-02-23 21:28:16,0.00000417,6320.00000000
2018-02-23 21:28:24,0.00000417,1697.00000000
2018-02-23 21:28:35,0.00000417,19812.00000000
2018-02-23 21:28:36,0.00000417,16993.00000000
2018-02-23 21:28:36,0.00000417,2386.00000000
2018-02-23 21:28:36,0.00000416,54525.00000000
2018-02-23 21:28:37,0.00000417,7823.00000000
2018-02-23 21:28:38,0.00000417,19812.00000000
2018-02-23 21:28:42,0.00000416,109236.00000000
2018-02-23 21:28:44,0.00000417,8876.00000000
2018-02-23 21:28:52,0.00000417,48818.00000000
2018-02-23 21:28:54,0.00000417,4388.00000000
2018-02-23 21:28:59,0.00000417,55545.00000000
2018-02-23 21:29:00,0.00000417,2535.00000000
2018-02-23 21:29:01,0.00000417,27901.00000000
2018-02-23 21:29:03,0.00000417,2.00000000
2018-02-23 21:29:03,0.00000416,71942.00000000
2018-02-23 21:29:06,0.00000416,37259.00000000
2018-02-23 21:29:13,0.00000417,4524.00000000
2018-02-23 21:29:14,0.00000416,2907.00000000
2018-02-23 21:29:14,0.00000417,5719.00000000
2018-02-23 21:29:21,0.00000416,283.00000000
2018-02-23 21:29:23,0.00000417,5365.00000000
2018-02-23 21:29:24,0.00000417,240.00000000
2018-02-23 21:29:24,0.00000417,20934.00000000
2018-02-23 21:29:24,0.00000416,1500.00000000
2018-02-23 21:29:27,0.00000416,1146.00000000
2018-02-23 21:29:37,0.00000417,16837.00000000
2018-02-23 21:29:38,0.00000417,2398.00000000
2018-02-23 21:29:39,0.00000417,2137.00000000
2018-02-23 21:29:41,0.00000417,500.00000000
2018-02-23 21:29:41,0.00000416,23088.00000000
2018-02-23 21:29:43,0.00000417,1304.00000000
2018-02-23 21:29:46,0.00000417,7190.00000000
2018-02-23 21:29:46,0.00000417,7190.00000000
2018-02-23 21:29:46,0.00000417,1733.00000000
2018-02-23 21:29:46,0.00000416,7190.00000000
2018-02-23 21:29:46,0.00000417,1219.00000000
2018-02-23 21:29:47,0.00000417,23758.00000000
2018-02-23 21:29:49,0.00000417,21224.00000000
2018-02-23 21:29:55,0.00000417,1039.00000000
2018-02-23 21:30:01,0.00000417,902.00000000
2018-02-23 21:30:03,0.00000417,8051.00000000
2018-02-23 21:30:07,0.00000417,81469.00000000
2018-02-23 21:30:10,0.00000417,150838.00000000
2018-02-23 21:30:11,0.00000417,8.00000000
2018-02-23 21:30:11,0.00000417,14614.00000000
2018-02-23 21:30:14,0.00000417,8.00000000
2018-02-23 21:30:15,0.00000417,608.00000000
2018-02-23 21:30:16,0.00000417,50738.00000000
2018-02-23 21:30:25,0.00000417,65000.00000000
2018-02-23 21:30:26,0.00000417,1300.00000000
2018-02-23 21:30:28,0.00000417,50692.00000000
2018-02-23 21:30:31,0.00000417,5809.00000000
2018-02-23 21:30:36,0.00000416,154.00000000
2018-02-23 21:30:37,0.00000416,3470.00000000
2018-02-23 21:30:42,0.00000416,5436.00000000
2018-02-23 21:30:43,0.00000416,18.00000000
2018-02-23 21:30:43,0.00000417,1888.00000000
2018-02-23 21:30:45,0.00000417,2835.00000000
2018-02-23 21:30:47,0.00000416,2100.00000000
2018-02-23 21:30:49,0.00000416,69006.00000000
2018-02-23 21:30:54,0.00000417,50886.00000000
2018-02-23 21:31:00,0.00000416,37616.00000000
2018-02-23 21:31:05,0.00000417,4344.00000000
2018-02-23 21:31:06,0.00000417,1434.00000000
2018-02-23 21:31:08,0.00000417,10000.00000000
2018-02-23 21:31:12,0.00000417,2789.00000000
2018-02-23 21:31:17,0.00000417,22261.00000000
2018-02-23 21:31:20,0.00000416,9597.00000000
2018-02-23 21:31:23,0.00000417,1108.00000000
2018-02-23 21:31:24,0.00000416,5723.00000000
2018-02-23 21:31:27,0.00000416,5360.00000000
2018-02-23 21:31:28,0.00000417,89415.00000000
2018-02-23 21:31:29,0.00000416,585.00000000
2018-02-23 21:31:32,0.00000417,240.00000000
2018-02-23 21:31:32,0.00000416,3466.00000000
2018-02-23 21:31:35,0.00000417,8006.00000000
2018-02-23 21:31:37,0.00000417,4235.00000000
2018-02-23 21:31:37,0.00000417,2398.00000000
2018-02-23 21:31:41,0.00000416,3372.00000000
2018-02-23 21:31:45,0.00000416,307.00000000
2018-02-23 21:31:48,0.00000417,9399.00000000
2018-02-23 21:32:04,0.00000417,2675.00000000
2018-02-23 21:32:05,0.00000417,1143.00000000
2018-02-23 21:32:05,0.00000417,1463.00000000
2018-02-23 21:32:05,0.00000417,278.00000000
2018-02-23 21:32:07,0.00000417,2558.00000000
2018-02-23 21:32:12,0.00000416,150793.00000000
2018-02-23 21:32:12,0.00000417,22662.00000000
2018-02-23 21:32:16,0.00000416,2529.00000000
2018-02-23 21:32:20,0.00000416,8773.00000000
2018-02-23 21:32:21,0.00000416,7425.00000000
2018-02-23 21:32:22,0.00000417,1680.00000000
2018-02-23 21:32:23,0.00000417,5440.00000000
2018-02-23 21:32:23,0.00000417,1000.00000000
2018-02-23 21:32:24,0.00000416,10451.00000000
2018-02-23 21:32:24,0.00000416,2668.00000000
2018-02-23 21:32:25,0.00000417,199.00000000
2018-02-23 21:32:27,0.00000416,6418.00000000
2018-02-23 21:32:27,0.00000416,27330.00000000
2018-02-23 21:32:29,0.00000417,4226.00000000
2018-02-23 21:32:29,0.00000416,479.00000000
2018-02-23 21:32:31,0.00000417,416.00000000
2018-02-23 21:32:34,0.00000417,138.00000000
2018-02-23 21:32:34,0.00000417,95923.00000000
2018-02-23 21:32:35,0.00000417,8171.00000000
2018-02-23 21:32:35,0.00000417,5175.00000000
2018-02-23 21:32:39,0.00000417,2244.00000000
2018-02-23 21:32:43,0.00000417,968.00000000
2018-02-23 21:32:43,0.00000417,23731.00000000
2018-02-23 21:32:44,0.00000417,5046.00000000
2018-02-23 21:32:44,0.00000417,400.00000000
2018-02-23 21:32:45,0.00000417,5833.00000000
2018-02-23 21:32:46,0.00000417,24038.00000000
2018-02-23 21:32:46,0.00000417,13968.00000000
2018-02-23 21:32:47,0.00000417,5853.00000000
2018-02-23 21:32:48,0.00000417,403.00000000
2018-02-23 21:32:49,0.00000417,968.00000000
2018-02-23 21:32:50,0.00000417,24038.00000000
2018-02-23 21:32:50,0.00000417,30702.00000000
2018-02-23 21:32:51,0.00000417,24038.00000000
2018-02-23 21:32:51,0.00000417,89713.00000000
2018-02-23 21:32:54,0.00000417,1000.00000000
2018-02-23 21:32:55,0.00000417,570.00000000
2018-02-23 21:32:55,0.00000416,6586.00000000
2018-02-23 21:33:00,0.00000417,19470.00000000
2018-02-23 21:33:01,0.00000416,45759.00000000
2018-02-23 21:33:01,0.00000417,4586.00000000
2018-02-23 21:33:02,0.00000417,2500.00000000
2018-02-23 21:33:04,0.00000417,21600.00000000
2018-02-23 21:33:05,0.00000417,2398.00000000
2018-02-23 21:33:06,0.00000417,2398.00000000
2018-02-23 21:33:07,0.00000416,3801.00000000
2018-02-23 21:33:07,0.00000417,1015.00000000
2018-02-23 21:33:08,0.00000417,43958.00000000
2018-02-23 21:33:12,0.00000417,2398.00000000
2018-02-23 21:33:12,0.00000416,141243.00000000
2018-02-23 21:33:15,0.00000417,5000.00000000
2018-02-23 21:33:15,0.00000417,5000.00000000
2018-02-23 21:33:19,0.00000417,1583.00000000
2018-02-23 21:33:24,0.00000417,7813.00000000
2018-02-23 21:33:24,0.00000416,1320.00000000
2018-02-23 21:33:31,0.00000417,3519.00000000
2018-02-23 21:33:31,0.00000417,1376.00000000
2018-02-23 21:33:31,0.00000417,4443.00000000
2018-02-23 21:33:33,0.00000417,24038.00000000
2018-02-23 21:33:33,0.00000417,10462.00000000
2018-02-23 21:33:33,0.00000417,1595.00000000
2018-02-23 21:33:33,0.00000417,3251.00000000
2018-02-23 21:33:33,0.00000417,4801.00000000
2018-02-23 21:33:33,0.00000416,3203.00000000
2018-02-23 21:33:34,0.00000416,116601.00000000
2018-02-23 21:33:34,0.00000417,3029.00000000
2018-02-23 21:33:34,0.00000417,7190.00000000
2018-02-23 21:33:34,0.00000417,7181.00000000
2018-02-23 21:33:34,0.00000417,2275.00000000
2018-02-23 21:33:34,0.00000417,7190.00000000
2018-02-23 21:33:35,0.00000417,1029.00000000
2018-02-23 21:33:35,0.00000416,330.00000000
2018-02-23 21:33:35,0.00000417,1112.00000000
2018-02-23 21:33:35,0.00000417,54814.00000000
2018-02-23 21:33:36,0.00000417,2442.00000000
2018-02-23 21:33:36,0.00000417,699.00000000
2018-02-23 21:33:37,0.00000417,403.00000000
2018-02-23 21:33:38,0.00000417,23171.00000000
2018-02-23 21:33:39,0.00000417,17148.00000000
2018-02-23 21:33:40,0.00000417,14331.00000000
2018-02-23 21:33:41,0.00000417,3721.00000000
2018-02-23 21:33:44,0.00000417,253.00000000
2018-02-23 21:33:44,0.00000417,21820.00000000
2018-02-23 21:33:45,0.00000417,841047.00000000
2018-02-23 21:33:45,0.00000417,22255.00000000
2018-02-23 21:33:45,0.00000417,75295.00000000
2018-02-23 21:33:46,0.00000417,11780.00000000
2018-02-23 21:33:47,0.00000417,504.00000000
2018-02-23 21:33:48,0.00000417,9732.00000000
2018-02-23 21:33:50,0.00000417,483.00000000
2018-02-23 21:33:51,0.00000417,497.00000000
2018-02-23 21:33:51,0.00000417,7289.00000000
2018-02-23 21:33:52,0.00000417,9732.00000000
2018-02-23 21:33:54,0.00000417,101397.00000000
2018-02-23 21:33:56,0.00000417,1703.00000000
2018-02-23 21:33:56,0.00000417,480.00000000
2018-02-23 21:33:57,0.00000417,6371.00000000
2018-02-23 21:34:01,0.00000418,1000.00000000
2018-02-23 21:34:03,0.00000417,57002.00000000
2018-02-23 21:34:04,0.00000418,35595.00000000
2018-02-23 21:34:04,0.00000418,14500.00000000
2018-02-23 21:34:11,0.00000417,241.00000000
2018-02-23 21:34:13,0.00000418,152458.00000000
2018-02-23 21:34:13,0.00000417,1020.00000000
2018-02-23 21:34:18,0.00000418,19761.00000000
2018-02-23 21:34:18,0.00000418,2495.00000000
2018-02-23 21:34:20,0.00000418,17618.00000000
2018-02-23 21:34:20,0.00000418,17618.00000000
2018-02-23 21:34:20,0.00000418,151730.00000000
2018-02-23 21:34:25,0.00000418,3000.00000000
2018-02-23 21:34:25,0.00000417,1000.00000000
2018-02-23 21:34:25,0.00000417,1035.00000000
2018-02-23 21:34:27,0.00000418,56945.00000000
2018-02-23 21:34:27,0.00000418,6.00000000
2018-02-23 21:34:32,0.00000418,3277.00000000
2018-02-23 21:34:33,0.00000418,68563.00000000
2018-02-23 21:34:34,0.00000418,68442.00000000
2018-02-23 21:34:37,0.00000418,12590.00000000
2018-02-23 21:34:37,0.00000418,9645.00000000
2018-02-23 21:34:39,0.00000418,7881.00000000
2018-02-23 21:34:40,0.00000418,4197.00000000
2018-02-23 21:34:42,0.00000418,2392.00000000
2018-02-23 21:34:44,0.00000418,8000.00000000
2018-02-23 21:34:47,0.00000418,3520.00000000
2018-02-23 21:34:49,0.00000418,1963.00000000
2018-02-23 21:34:52,0.00000418,2392.00000000
2018-02-23 21:34:53,0.00000418,1112.00000000
2018-02-23 21:34:54,0.00000417,241.00000000
2018-02-23 21:34:54,0.00000418,52853.00000000
2018-02-23 21:34:55,0.00000418,247428.00000000
2018-02-23 21:34:57,0.00000417,480.00000000
2018-02-23 21:34:57,0.00000418,25806.00000000
2018-02-23 21:35:00,0.00000418,1992.00000000
2018-02-23 21:35:03,0.00000418,1391.00000000
2018-02-23 21:35:04,0.00000418,1101.00000000
2018-02-23 21:35:07,0.00000418,29369.00000000
2018-02-23 21:35:08,0.00000418,1003.00000000
2018-02-23 21:35:10,0.00000418,287.00000000
2018-02-23 21:35:10,0.00000418,25094.00000000
2018-02-23 21:35:10,0.00000418,7528.00000000
2018-02-23 21:35:11,0.00000418,2509.00000000
2018-02-23 21:35:12,0.00000417,1177.00000000
2018-02-23 21:35:12,0.00000418,261.00000000
2018-02-23 21:35:14,0.00000418,250.00000000
2018-02-23 21:35:14,0.00000418,1212.00000000
2018-02-23 21:35:15,0.00000418,40000.00000000
2018-02-23 21:35:18,0.00000417,8309.00000000
2018-02-23 21:35:21,0.00000418,18.00000000
2018-02-23 21:35:22,0.00000417,2499.00000000
2018-02-23 21:35:23,0.00000418,3751.00000000
2018-02-23 21:35:23,0.00000418,5603.00000000
2018-02-23 21:35:24,0.00000418,1015.00000000
2018-02-23 21:35:26,0.00000417,1376.00000000
2018-02-23 21:35:28,0.00000418,2008.00000000
2018-02-23 21:35:30,0.00000418,789.00000000
2018-02-23 21:35:32,0.00000418,130.00000000
2018-02-23 21:35:33,0.00000418,2007.00000000
2018-02-23 21:35:42,0.00000418,3593.00000000
2018-02-23 21:35:43,0.00000418,3052.00000000
2018-02-23 21:35:47,0.00000418,8377.00000000
2018-02-23 21:35:48,0.00000418,3.00000000
2018-02-23 21:35:50,0.00000418,10805.00000000
2018-02-23 21:35:51,0.00000418,24705.00000000
2018-02-23 21:35:53,0.00000418,10000.00000000
2018-02-23 21:35:53,0.00000418,2293.00000000
2018-02-23 21:35:56,0.00000418,15224.00000000
2018-02-23 21:35:59,0.00000418,472.00000000
2018-02-23 21:35:59,0.00000418,27080.00000000
2018-02-23 21:35:59,0.00000418,3305.00000000
2018-02-23 21:36:04,0.00000418,1521.00000000
2018-02-23 21:36:05,0.00000418,769.00000000
2018-02-23 21:36:08,0.00000418,4620.00000000
2018-02-23 21:36:13,0.00000417,69475.00000000
2018-02-23 21:36:16,0.00000417,11996.00000000
2018-02-23 21:36:19,0.00000418,8.00000000
2018-02-23 21:36:26,0.00000418,10736.00000000
2018-02-23 21:36:28,0.00000418,3313.00000000
2018-02-23 21:36:29,0.00000418,796.00000000
2018-02-23 21:36:30,0.00000417,67125.00000000
2018-02-23 21:36:33,0.00000417,532.00000000
2018-02-23 21:36:38,0.00000418,1198.00000000
2018-02-23 21:36:39,0.00000417,1101.00000000
2018-02-23 21:36:39,0.00000417,743.00000000
2018-02-23 21:36:40,0.00000417,52599.00000000
2018-02-23 21:36:48,0.00000417,476.00000000
2018-02-23 21:36:49,0.00000417,9237.00000000
2018-02-23 21:36:51,0.00000417,317.00000000
2018-02-23 21:37:00,0.00000418,522.00000000
2018-02-23 21:37:03,0.00000418,71770.00000000
2018-02-23 21:37:03,0.00000417,28293.00000000
2018-02-23 21:37:04,0.00000417,32097.00000000
2018-02-23 21:37:04,0.00000417,28293.00000000
2018-02-23 21:37:05,0.00000418,8386.00000000
2018-02-23 21:37:06,0.00000417,1668.00000000
2018-02-23 21:37:15,0.00000418,15916.00000000
2018-02-23 21:37:21,0.00000418,16046.00000000
2018-02-23 21:37:25,0.00000417,247354.00000000
2018-02-23 21:37:34,0.00000418,50000.00000000
2018-02-23 21:37:38,0.00000417,62066.00000000
2018-02-23 21:37:39,0.00000417,92665.00000000
2018-02-23 21:37:44,0.00000417,174825.00000000
2018-02-23 21:37:45,0.00000417,1373.00000000
2018-02-23 21:37:52,0.00000417,1344.00000000
2018-02-23 21:37:59,0.00000418,861.00000000
2018-02-23 21:38:02,0.00000418,18875.00000000
2018-02-23 21:38:03,0.00000417,71770.00000000
2018-02-23 21:38:03,0.00000417,4636.00000000
2018-02-23 21:38:04,0.00000418,33548.00000000
2018-02-23 21:38:15,0.00000417,547.00000000
2018-02-23 21:38:16,0.00000417,12101.00000000
2018-02-23 21:38:23,0.00000418,97.00000000
2018-02-23 21:38:25,0.00000418,1268.00000000
2018-02-23 21:38:31,0.00000418,5107.00000000
2018-02-23 21:38:31,0.00000417,1962.00000000
2018-02-23 21:38:34,0.00000417,25071.00000000
2018-02-23 21:38:47,0.00000417,10000.00000000
2018-02-23 21:38:52,0.00000417,468.00000000
2018-02-23 21:38:52,0.00000417,500.00000000
2018-02-23 21:38:58,0.00000417,6928.00000000
2018-02-23 21:38:59,0.00000417,35585.00000000
2018-02-23 21:39:06,0.00000418,1731.00000000
2018-02-23 21:39:06,0.00000417,15224.00000000
2018-02-23 21:39:07,0.00000417,96991.00000000
2018-02-23 21:39:08,0.00000418,525.00000000
2018-02-23 21:39:08,0.00000418,10849.00000000
2018-02-23 21:39:10,0.00000418,505.00000000
2018-02-23 21:39:10,0.00000418,505.00000000
2018-02-23 21:39:11,0.00000418,505.00000000
2018-02-23 21:39:12,0.00000417,2137.00000000
2018-02-23 21:39:13,0.00000418,15000.00000000
2018-02-23 21:39:16,0.00000418,4480.00000000
2018-02-23 21:39:18,0.00000418,10937.00000000
2018-02-23 21:39:19,0.00000418,1139.00000000
2018-02-23 21:39:19,0.00000418,28603.00000000
2018-02-23 21:39:21,0.00000418,1015.00000000
2018-02-23 21:39:25,0.00000417,10761.00000000
2018-02-23 21:39:25,0.00000418,5.00000000
2018-02-23 21:39:26,0.00000418,1000.00000000
2018-02-23 21:39:29,0.00000418,22427.00000000
2018-02-23 21:39:30,0.00000418,2200.00000000
2018-02-23 21:39:31,0.00000418,756.00000000
2018-02-23 21:39:32,0.00000418,975.00000000
2018-02-23 21:39:32,0.00000418,3652.00000000
2018-02-23 21:39:32,0.00000418,1657.00000000
2018-02-23 21:39:37,0.00000417,37827.00000000
2018-02-23 21:39:38,0.00000417,20.00000000
2018-02-23 21:39:39,0.00000417,598.00000000
2018-02-23 21:39:39,0.00000417,4225.00000000
2018-02-23 21:39:39,0.00000418,2392.00000000
2018-02-23 21:39:40,0.00000418,2769.00000000
2018-02-23 21:39:44,0.00000418,2960.00000000
2018-02-23 21:39:44,0.00000418,2961.00000000
2018-02-23 21:39:44,0.00000418,2961.00000000
2018-02-23 21:39:44,0.00000418,2392.00000000
2018-02-23 21:39:46,0.00000418,3657.00000000
2018-02-23 21:39:46,0.00000418,2392.00000000
2018-02-23 21:39:46,0.00000418,3656.00000000
2018-02-23 21:39:47,0.00000418,12521.00000000
2018-02-23 21:39:47,0.00000418,7167.00000000
2018-02-23 21:39:47,0.00000418,22783.00000000
2018-02-23 21:39:48,0.00000418,500.00000000
2018-02-23 21:39:50,0.00000418,4779.00000000
2018-02-23 21:39:52,0.00000418,2542.00000000
2018-02-23 21:39:57,0.00000418,6202.00000000
2018-02-23 21:40:03,0.00000418,8384.00000000
2018-02-23 21:40:05,0.00000418,2348.00000000
2018-02-23 21:40:07,0.00000418,5000.00000000
2018-02-23 21:40:07,0.00000417,3094.00000000
2018-02-23 21:40:08,0.00000418,2911.00000000
2018-02-23 21:40:08,0.00000417,141761.00000000
2018-02-23 21:40:10,0.00000417,11.00000000
2018-02-23 21:40:11,0.00000418,11.00000000
2018-02-23 21:40:13,0.00000417,2199.00000000
2018-02-23 21:40:14,0.00000418,4279.00000000
2018-02-23 21:40:15,0.00000417,27884.00000000
2018-02-23 21:40:16,0.00000418,423.00000000
2018-02-23 21:40:16,0.00000418,250.00000000
2018-02-23 21:40:18,0.00000418,1902.00000000
2018-02-23 21:40:19,0.00000418,2542.00000000
2018-02-23 21:40:19,0.00000418,3092.00000000
2018-02-23 21:40:20,0.00000418,1031.00000000
2018-02-23 21:40:20,0.00000417,2977.00000000
2018-02-23 21:40:22,0.00000418,9306.00000000
2018-02-23 21:40:24,0.00000418,9990.00000000
2018-02-23 21:40:24,0.00000417,2329.00000000
2018-02-23 21:40:29,0.00000417,97971.00000000
2018-02-23 21:40:32,0.00000417,24941.00000000
2018-02-23 21:40:32,0.00000418,1593.00000000
2018-02-23 21:40:35,0.00000418,6.00000000
2018-02-23 21:40:36,0.00000418,26386.00000000
2018-02-23 21:40:36,0.00000417,800.00000000
2018-02-23 21:40:37,0.00000418,124021.00000000
2018-02-23 21:40:40,0.00000418,9821.00000000
2018-02-23 21:40:40,0.00000417,153330.00000000
2018-02-23 21:40:40,0.00000418,4300.00000000
2018-02-23 21:40:41,0.00000417,2316.00000000
2018-02-23 21:40:42,0.00000418,8796.00000000
2018-02-23 21:40:45,0.00000418,1.00000000
2018-02-23 21:40:51,0.00000418,3406.00000000
2018-02-23 21:40:52,0.00000417,1317.00000000
2018-02-23 21:40:52,0.00000418,6257.00000000
2018-02-23 21:40:53,0.00000418,32211.00000000
2018-02-23 21:40:55,0.00000418,4.00000000
2018-02-23 21:40:57,0.00000418,261.00000000
2018-02-23 21:40:58,0.00000418,1354.00000000
2018-02-23 21:40:59,0.00000418,497.00000000
2018-02-23 21:41:00,0.00000418,679.00000000
2018-02-23 21:41:00,0.00000417,15000.00000000
2018-02-23 21:41:04,0.00000417,84743.00000000
2018-02-23 21:41:06,0.00000417,8174.00000000
2018-02-23 21:41:07,0.00000417,5249.00000000
2018-02-23 21:41:16,0.00000418,299.00000000
2018-02-23 21:41:17,0.00000418,30502.00000000
2018-02-23 21:41:20,0.00000418,23810.00000000
2018-02-23 21:41:20,0.00000418,23875.00000000
2018-02-23 21:41:24,0.00000418,5705.00000000
2018-02-23 21:41:26,0.00000418,15178.00000000
2018-02-23 21:41:31,0.00000418,15178.00000000
2018-02-23 21:41:33,0.00000418,120401.00000000
2018-02-23 21:41:35,0.00000418,853.00000000
2018-02-23 21:41:36,0.00000418,2800.00000000
2018-02-23 21:41:44,0.00000418,9667.00000000
2018-02-23 21:41:45,0.00000418,2764.00000000
2018-02-23 21:41:47,0.00000418,181408.00000000
2018-02-23 21:41:48,0.00000418,81921.00000000
2018-02-23 21:41:51,0.00000418,1420.00000000
2018-02-23 21:41:51,0.00000418,1210.00000000
2018-02-23 21:41:53,0.00000418,5081.00000000
2018-02-23 21:41:56,0.00000417,1515.00000000
2018-02-23 21:41:57,0.00000418,2864.00000000
2018-02-23 21:41:57,0.00000418,2406.00000000
2018-02-23 21:41:58,0.00000418,75093.00000000
2018-02-23 21:41:59,0.00000417,4121.00000000
2018-02-23 21:42:02,0.00000418,53274.00000000
2018-02-23 21:42:02,0.00000418,3806.00000000
2018-02-23 21:42:04,0.00000417,10806.00000000
2018-02-23 21:42:04,0.00000418,57064.00000000
2018-02-23 21:42:06,0.00000418,40.00000000
2018-02-23 21:42:07,0.00000418,5713.00000000
2018-02-23 21:42:07,0.00000418,503.00000000
2018-02-23 21:42:08,0.00000418,2392.00000000
2018-02-23 21:42:13,0.00000418,48632.00000000
2018-02-23 21:42:15,0.00000418,1941.00000000
2018-02-23 21:42:17,0.00000418,93981.00000000
2018-02-23 21:42:17,0.00000418,8869.00000000
2018-02-23 21:42:19,0.00000418,1138.00000000
2018-02-23 21:42:20,0.00000418,18110.00000000
2018-02-23 21:42:21,0.00000418,4000.00000000
2018-02-23 21:42:22,0.00000418,17304.00000000
2018-02-23 21:42:23,0.00000418,96580.00000000
2018-02-23 21:42:26,0.00000418,9271.00000000
2018-02-23 21:42:26,0.00000417,100.00000000
2018-02-23 21:42:30,0.00000418,3640.00000000
2018-02-23 21:42:31,0.00000418,23863.00000000
2018-02-23 21:42:40,0.00000418,153821.00000000
2018-02-23 21:42:40,0.00000418,5000.00000000
2018-02-23 21:42:41,0.00000418,4624.00000000
2018-02-23 21:42:41,0.00000418,7940.00000000
2018-02-23 21:42:41,0.00000418,15870.00000000
2018-02-23 21:42:42,0.00000418,462.00000000
2018-02-23 21:42:43,0.00000418,16907.00000000
2018-02-23 21:42:45,0.00000418,64257.00000000
2018-02-23 21:42:46,0.00000418,2761.00000000
2018-02-23 21:42:47,0.00000418,435.00000000
2018-02-23 21:42:49,0.00000418,250.00000000
2018-02-23 21:42:49,0.00000417,605.00000000
2018-02-23 21:42:50,0.00000417,15777.00000000
2018-02-23 21:42:51,0.00000417,291.00000000
2018-02-23 21:42:52,0.00000417,484.00000000
2018-02-23 21:42:52,0.00000417,1092.00000000
2018-02-23 21:42:53,0.00000418,11077.00000000
2018-02-23 21:42:53,0.00000418,142.00000000
2018-02-23 21:42:53,0.00000417,465.00000000
2018-02-23 21:42:54,0.00000417,530.00000000
2018-02-23 21:42:54,0.00000417,3656.00000000
2018-02-23 21:42:56,0.00000418,810.00000000
2018-02-23 21:42:56,0.00000418,171.00000000
2018-02-23 21:42:57,0.00000418,1431.00000000
2018-02-23 21:43:00,0.00000418,671.00000000
2018-02-23 21:43:04,0.00000418,7082.00000000
2018-02-23 21:43:06,0.00000418,8993.00000000
2018-02-23 21:43:06,0.00000418,600.00000000
2018-02-23 21:43:06,0.00000418,3412.00000000
2018-02-23 21:43:07,0.00000418,967.00000000
2018-02-23 21:43:08,0.00000418,300.00000000
2018-02-23 21:43:09,0.00000418,483.00000000
2018-02-23 21:43:10,0.00000418,257171.00000000
2018-02-23 21:43:12,0.00000419,902.00000000
2018-02-23 21:43:13,0.00000419,7160.00000000
2018-02-23 21:43:14,0.00000419,2115.00000000
2018-02-23 21:43:16,0.00000419,1355.00000000
2018-02-23 21:43:17,0.00000417,968.00000000
2018-02-23 21:43:18,0.00000419,1060.00000000
2018-02-23 21:43:20,0.00000419,8.00000000
2018-02-23 21:43:24,0.00000419,531.00000000
2018-02-23 21:43:25,0.00000419,11939.00000000
2018-02-23 21:43:25,0.00000419,2836.00000000
2018-02-23 21:43:26,0.00000419,16.00000000
2018-02-23 21:43:27,0.00000418,971.00000000
2018-02-23 21:43:35,0.00000419,239.00000000
2018-02-23 21:43:37,0.00000418,2010.00000000
2018-02-23 21:43:38,0.00000418,37081.00000000
2018-02-23 21:43:38,0.00000418,579.00000000
2018-02-23 21:43:38,0.00000418,240.00000000
2018-02-23 21:43:42,0.00000418,652.00000000
2018-02-23 21:43:43,0.00000418,100.00000000
2018-02-23 21:43:45,0.00000418,16129.00000000
2018-02-23 21:43:45,0.00000418,26786.00000000
2018-02-23 21:43:46,0.00000418,14463.00000000
2018-02-23 21:43:47,0.00000418,2392.00000000
2018-02-23 21:43:48,0.00000418,10157.00000000
2018-02-23 21:43:50,0.00000418,1957.00000000
2018-02-23 21:43:51,0.00000418,1467.00000000
2018-02-23 21:43:52,0.00000418,300.00000000
2018-02-23 21:43:53,0.00000418,21249.00000000
2018-02-23 21:43:53,0.00000418,8758.00000000
2018-02-23 21:43:54,0.00000418,14485.00000000
2018-02-23 21:43:54,0.00000418,11803.00000000
2018-02-23 21:43:57,0.00000418,1100.00000000
2018-02-23 21:43:58,0.00000418,3441.00000000
2018-02-23 21:44:01,0.00000417,157.00000000
2018-02-23 21:44:01,0.00000418,478.00000000
2018-02-23 21:44:01,0.00000418,1000.00000000
2018-02-23 21:44:02,0.00000418,340.00000000
2018-02-23 21:44:03,0.00000417,13000.00000000
2018-02-23 21:44:04,0.00000417,1177.00000000
2018-02-23 21:44:05,0.00000418,3631.00000000
2018-02-23 21:44:05,0.00000418,19.00000000
2018-02-23 21:44:06,0.00000418,13521.00000000
2018-02-23 21:44:08,0.00000418,500.00000000
2018-02-23 21:44:18,0.00000418,15040.00000000
2018-02-23 21:44:18,0.00000418,10486.00000000
2018-02-23 21:44:30,0.00000418,27982.00000000
2018-02-23 21:44:33,0.00000418,492.00000000
2018-02-23 21:44:34,0.00000418,12923.00000000
2018-02-23 21:44:34,0.00000418,5913.00000000
2018-02-23 21:44:34,0.00000418,650.00000000
2018-02-23 21:44:35,0.00000417,634.00000000
2018-02-23 21:44:36,0.00000418,341093.00000000
2018-02-23 21:44:37,0.00000418,746.00000000
2018-02-23 21:44:39,0.00000417,17962.00000000
2018-02-23 21:44:40,0.00000418,948.00000000
2018-02-23 21:44:45,0.00000418,14198.00000000
2018-02-23 21:44:46,0.00000418,379.00000000
2018-02-23 21:44:50,0.00000418,957.00000000
2018-02-23 21:44:54,0.00000418,3559.00000000
2018-02-23 21:45:00,0.00000418,21751.00000000
2018-02-23 21:45:01,0.00000418,12502.00000000
2018-02-23 21:45:03,0.00000418,1292.00000000
2018-02-23 21:45:04,0.00000418,11443.00000000
2018-02-23 21:45:06,0.00000418,1190.00000000
2018-02-23 21:45:06,0.00000418,6432.00000000
2018-02-23 21:45:07,0.00000418,686.00000000
2018-02-23 21:45:08,0.00000417,5374.00000000
2018-02-23 21:45:10,0.00000418,1000.00000000
2018-02-23 21:45:10,0.00000418,3208.00000000
2018-02-23 21:45:11,0.00000418,807.00000000
2018-02-23 21:45:11,0.00000418,26791.00000000
2018-02-23 21:45:12,0.00000418,1897.00000000
2018-02-23 21:45:13,0.00000418,1026.00000000
2018-02-23 21:45:16,0.00000418,1373.00000000
2018-02-23 21:45:17,0.00000418,2977.00000000
2018-02-23 21:45:27,0.00000418,286.00000000
2018-02-23 21:45:27,0.00000418,30000.00000000
2018-02-23 21:45:28,0.00000418,71143.00000000
2018-02-23 21:45:29,0.00000418,9941.00000000
2018-02-23 21:45:30,0.00000418,1457.00000000
2018-02-23 21:45:35,0.00000418,7767.00000000
2018-02-23 21:45:38,0.00000419,2386.00000000
2018-02-23 21:45:38,0.00000418,72812.00000000
2018-02-23 21:45:38,0.00000418,24160.00000000
2018-02-23 21:45:39,0.00000418,23980.00000000
2018-02-23 21:45:39,0.00000418,1140.00000000
2018-02-23 21:45:42,0.00000418,7.00000000
2018-02-23 21:45:45,0.00000417,20481.00000000
2018-02-23 21:45:46,0.00000417,181354.00000000
2018-02-23 21:45:46,0.00000418,594.00000000
2018-02-23 21:45:48,0.00000418,599.00000000
2018-02-23 21:45:48,0.00000417,16901.00000000
2018-02-23 21:45:49,0.00000418,79499.00000000
2018-02-23 21:45:57,0.00000418,2104.00000000
2018-02-23 21:45:59,0.00000419,2360.00000000
2018-02-23 21:46:00,0.00000419,517.00000000
2018-02-23 21:46:01,0.00000418,28061.00000000
2018-02-23 21:46:16,0.00000418,787.00000000
2018-02-23 21:46:16,0.00000418,51178.00000000
2018-02-23 21:46:18,0.00000418,2328.00000000
2018-02-23 21:46:23,0.00000417,9000.00000000
2018-02-23 21:46:23,0.00000417,724.00000000
2018-02-23 21:46:29,0.00000418,11750.00000000
2018-02-23 21:46:31,0.00000418,925.00000000
2018-02-23 21:46:35,0.00000418,2451.00000000
2018-02-23 21:46:42,0.00000418,4784.00000000
2018-02-23 21:46:44,0.00000418,2392.00000000
2018-02-23 21:46:45,0.00000418,20363.00000000
2018-02-23 21:46:46,0.00000418,23980.00000000
2018-02-23 21:46:46,0.00000418,10171.00000000
2018-02-23 21:46:46,0.00000418,10000.00000000
2018-02-23 21:46:47,0.00000418,504.00000000
2018-02-23 21:46:48,0.00000418,23980.00000000
2018-02-23 21:46:48,0.00000418,1579.00000000
2018-02-23 21:46:50,0.00000417,27011.00000000
2018-02-23 21:46:51,0.00000418,2392.00000000
2018-02-23 21:46:53,0.00000418,565.00000000
2018-02-23 21:46:53,0.00000417,2328.00000000
2018-02-23 21:46:59,0.00000418,20.00000000
2018-02-23 21:47:01,0.00000418,80444.00000000
2018-02-23 21:47:04,0.00000418,464.00000000
2018-02-23 21:47:05,0.00000418,10956.00000000
2018-02-23 21:47:06,0.00000418,2662.00000000
2018-02-23 21:47:07,0.00000418,5068.00000000
2018-02-23 21:47:08,0.00000418,161.00000000
2018-02-23 21:47:09,0.00000418,1916.00000000
2018-02-23 21:47:10,0.00000417,897.00000000
2018-02-23 21:47:13,0.00000417,53835.00000000
2018-02-23 21:47:24,0.00000418,766.00000000
2018-02-23 21:47:26,0.00000418,1875.00000000
2018-02-23 21:47:28,0.00000417,9518.00000000
2018-02-23 21:47:42,0.00000418,113.00000000
2018-02-23 21:47:45,0.00000417,671.00000000
2018-02-23 21:47:52,0.00000417,977.00000000
2018-02-23 21:48:01,0.00000418,3.00000000
2018-02-23 21:48:04,0.00000418,14221.00000000
2018-02-23 21:48:06,0.00000418,2251.00000000
2018-02-23 21:48:09,0.00000418,830.00000000
2018-02-23 21:48:10,0.00000418,11018.00000000
2018-02-23 21:48:10,0.00000418,557.00000000
2018-02-23 21:48:10,0.00000417,2044.00000000
2018-02-23 21:48:15,0.00000418,1000.00000000
2018-02-23 21:48:17,0.00000418,1220.00000000
2018-02-23 21:48:21,0.00000418,1181.00000000
2018-02-23 21:48:21,0.00000417,27509.00000000
2018-02-23 21:48:22,0.00000417,534.00000000
2018-02-23 21:48:30,0.00000418,100.00000000
2018-02-23 21:48:32,0.00000417,2063.00000000
2018-02-23 21:48:32,0.00000418,11124.00000000
2018-02-23 21:48:35,0.00000417,26778.00000000
2018-02-23 21:48:38,0.00000417,29772.00000000
2018-02-23 21:48:45,0.00000417,2414.00000000
2018-02-23 21:48:49,0.00000418,2989.00000000
2018-02-23 21:48:50,0.00000417,9997.00000000
2018-02-23 21:48:50,0.00000417,1254.00000000
2018-02-23 21:48:52,0.00000418,1000.00000000
2018-02-23 21:48:58,0.00000418,9893.00000000
2018-02-23 21:49:07,0.00000417,7194.00000000
2018-02-23 21:49:07,0.00000417,7193.00000000
2018-02-23 21:49:07,0.00000417,27413.00000000
2018-02-23 21:49:08,0.00000417,7194.00000000
2018-02-23 21:49:08,0.00000417,829.00000000
2018-02-23 21:49:08,0.00000417,37416.00000000
2018-02-23 21:49:08,0.00000417,2359.00000000
2018-02-23 21:49:08,0.00000418,14622.00000000
2018-02-23 21:49:09,0.00000417,5968.00000000
2018-02-23 21:49:14,0.00000418,1193.00000000
2018-02-23 21:49:16,0.00000418,14.00000000
2018-02-23 21:49:17,0.00000418,49428.00000000
2018-02-23 21:49:22,0.00000417,570.00000000
2018-02-23 21:49:22,0.00000418,5686.00000000
2018-02-23 21:49:23,0.00000417,304.00000000
2018-02-23 21:49:23,0.00000417,1991.00000000
2018-02-23 21:49:27,0.00000418,2908.00000000
2018-02-23 21:49:37,0.00000417,4793.00000000
2018-02-23 21:49:37,0.00000417,14221.00000000
2018-02-23 21:49:38,0.00000418,4878.00000000
2018-02-23 21:49:41,0.00000418,2609.00000000
2018-02-23 21:49:43,0.00000417,2319.00000000
2018-02-23 21:49:43,0.00000418,1310.00000000
2018-02-23 21:49:43,0.00000417,5000.00000000
2018-02-23 21:49:46,0.00000417,8.00000000
2018-02-23 21:49:48,0.00000418,82.00000000
2018-02-23 21:49:49,0.00000417,2500.00000000
2018-02-23 21:49:49,0.00000418,2049.00000000
2018-02-23 21:49:50,0.00000418,3087.00000000
2018-02-23 21:49:52,0.00000417,409794.00000000
2018-02-23 21:49:52,0.00000417,11990.00000000
2018-02-23 21:49:57,0.00000417,11990.00000000
2018-02-23 21:49:57,0.00000417,1.00000000
2018-02-23 21:49:59,0.00000417,11990.00000000
2018-02-23 21:50:01,0.00000417,11990.00000000
2018-02-23 21:50:06,0.00000417,6199.00000000
2018-02-23 21:50:08,0.00000418,1800.00000000
2018-02-23 21:50:09,0.00000417,22642.00000000
2018-02-23 21:50:10,0.00000418,8.00000000
2018-02-23 21:50:10,0.00000418,4.00000000
2018-02-23 21:50:11,0.00000417,35131.00000000
2018-02-23 21:50:20,0.00000417,13683.00000000
2018-02-23 21:50:28,0.00000417,1929.00000000
2018-02-23 21:50:30,0.00000418,139.00000000
2018-02-23 21:50:32,0.00000417,10000.00000000
2018-02-23 21:50:32,0.00000417,1043.00000000
2018-02-23 21:50:32,0.00000417,4792.00000000
2018-02-23 21:50:34,0.00000418,222.00000000
2018-02-23 21:50:34,0.00000417,100.00000000
2018-02-23 21:50:37,0.00000418,7900.00000000
2018-02-23 21:50:39,0.00000418,18.00000000
2018-02-23 21:50:43,0.00000418,11.00000000
2018-02-23 21:50:44,0.00000417,2095.00000000
2018-02-23 21:50:47,0.00000418,7318.00000000
2018-02-23 21:50:48,0.00000418,9314.00000000
2018-02-23 21:50:49,0.00000418,2392.00000000
2018-02-23 21:50:49,0.00000418,947.00000000
2018-02-23 21:50:50,0.00000418,1129.00000000
2018-02-23 21:50:51,0.00000418,23980.00000000
2018-02-23 21:50:51,0.00000418,3629.00000000
2018-02-23 21:50:53,0.00000418,1723.00000000
2018-02-23 21:51:12,0.00000418,73353.00000000
2018-02-23 21:51:13,0.00000418,2296.00000000
2018-02-23 21:51:20,0.00000418,35288.00000000
2018-02-23 21:51:22,0.00000418,32049.00000000
2018-02-23 21:51:24,0.00000417,63254.00000000
2018-02-23 21:51:24,0.00000417,1000.00000000
2018-02-23 21:51:25,0.00000418,2392.00000000
2018-02-23 21:51:28,0.00000417,57938.00000000
2018-02-23 21:51:29,0.00000417,744688.00000000
2018-02-23 21:51:32,0.00000417,81921.00000000
2018-02-23 21:51:32,0.00000417,9758.00000000
2018-02-23 21:51:33,0.00000418,478468.00000000
2018-02-23 21:51:35,0.00000417,7218.00000000
2018-02-23 21:51:36,0.00000417,1173.00000000
2018-02-23 21:51:37,0.00000417,12388.00000000
2018-02-23 21:51:40,0.00000418,17686.00000000
2018-02-23 21:51:40,0.00000417,61610.00000000
2018-02-23 21:51:40,0.00000418,1600.00000000
2018-02-23 21:51:43,0.00000417,14789.00000000
2018-02-23 21:51:46,0.00000417,1874.00000000
2018-02-23 21:51:49,0.00000417,14007.00000000
2018-02-23 21:51:53,0.00000418,2217.00000000
2018-02-23 21:51:56,0.00000417,401.00000000
2018-02-23 21:52:03,0.00000418,3232.00000000
2018-02-23 21:52:03,0.00000418,3231.00000000
2018-02-23 21:52:03,0.00000418,3.00000000
2018-02-23 21:52:03,0.00000417,3231.00000000
2018-02-23 21:52:08,0.00000417,553.00000000
2018-02-23 21:52:12,0.00000417,2911.00000000
2018-02-23 21:52:18,0.00000417,1206.00000000
2018-02-23 21:52:24,0.00000418,7000.00000000
2018-02-23 21:52:25,0.00000418,1.00000000
2018-02-23 21:52:28,0.00000417,606.00000000
2018-02-23 21:52:30,0.00000418,2392.00000000
2018-02-23 21:52:32,0.00000417,46992.00000000
2018-02-23 21:52:32,0.00000417,2327.00000000
2018-02-23 21:52:34,0.00000417,25647.00000000
2018-02-23 21:52:38,0.00000418,2052.00000000
2018-02-23 21:52:44,0.00000417,250.00000000
2018-02-23 21:52:44,0.00000418,23980.00000000
2018-02-23 21:52:44,0.00000418,16269.00000000
2018-02-23 21:52:44,0.00000417,414.00000000
2018-02-23 21:52:46,0.00000418,6377.00000000
2018-02-23 21:52:49,0.00000418,15965.00000000
2018-02-23 21:52:55,0.00000418,654.00000000
2018-02-23 21:52:56,0.00000417,7294.00000000
2018-02-23 21:52:56,0.00000418,78796.00000000
2018-02-23 21:53:01,0.00000418,62389.00000000
2018-02-23 21:53:02,0.00000418,2676.00000000
2018-02-23 21:53:04,0.00000418,7172.00000000
2018-02-23 21:53:04,0.00000418,7172.00000000
2018-02-23 21:53:04,0.00000418,200000.00000000
2018-02-23 21:53:04,0.00000418,1940.00000000
2018-02-23 21:53:04,0.00000417,5231.00000000
2018-02-23 21:53:04,0.00000418,3060.00000000
2018-02-23 21:53:06,0.00000418,194.00000000
2018-02-23 21:53:10,0.00000418,1403.00000000
2018-02-23 21:53:14,0.00000418,1562.00000000
2018-02-23 21:53:17,0.00000417,1000.00000000
2018-02-23 21:53:17,0.00000418,9712.00000000
2018-02-23 21:53:26,0.00000418,1000.00000000
2018-02-23 21:53:26,0.00000418,2392.00000000
2018-02-23 21:53:27,0.00000418,459.00000000
2018-02-23 21:53:28,0.00000418,2604.00000000
2018-02-23 21:53:29,0.00000418,1040.00000000
2018-02-23 21:53:31,0.00000418,59377.00000000
2018-02-23 21:53:32,0.00000418,2453.00000000
2018-02-23 21:53:36,0.00000418,810.00000000
2018-02-23 21:53:55,0.00000417,7328.00000000
2018-02-23 21:53:58,0.00000418,5081.00000000
2018-02-23 21:54:00,0.00000417,5634.00000000
2018-02-23 21:54:00,0.00000417,7348.00000000
2018-02-23 21:54:15,0.00000417,12613.00000000
2018-02-23 21:54:18,0.00000418,26773.00000000
2018-02-23 21:54:20,0.00000418,8165.00000000
2018-02-23 21:54:20,0.00000418,717.00000000
2018-02-23 21:54:20,0.00000417,2400.00000000
2018-02-23 21:54:21,0.00000418,2210.00000000
2018-02-23 21:54:33,0.00000417,61837.00000000
2018-02-23 21:54:35,0.00000418,740.00000000
2018-02-23 21:54:38,0.00000417,28034.00000000
2018-02-23 21:54:38,0.00000417,57000.00000000
2018-02-23 21:54:39,0.00000418,13661.00000000
2018-02-23 21:54:41,0.00000417,6050.00000000
2018-02-23 21:54:47,0.00000417,2536.00000000
2018-02-23 21:54:49,0.00000417,95648.00000000
2018-02-23 21:54:50,0.00000418,300.00000000
2018-02-23 21:54:53,0.00000418,7817.00000000
2018-02-23 21:54:55,0.00000417,500.00000000
2018-02-23 21:54:58,0.00000417,6109.00000000
2018-02-23 21:55:01,0.00000418,132261.00000000
2018-02-23 21:55:02,0.00000418,3087.00000000
2018-02-23 21:55:03,0.00000417,1682.00000000
2018-02-23 21:55:04,0.00000417,33398.00000000
2018-02-23 21:55:09,0.00000417,104.00000000
2018-02-23 21:55:10,0.00000417,250.00000000
2018-02-23 21:55:12,0.00000418,7.00000000
2018-02-23 21:55:12,0.00000417,1.00000000
2018-02-23 21:55:15,0.00000418,43374.00000000
2018-02-23 21:55:17,0.00000418,28.00000000
2018-02-23 21:55:22,0.00000418,14187.00000000
2018-02-23 21:55:22,0.00000418,7.00000000
2018-02-23 21:55:24,0.00000418,2.00000000
2018-02-23 21:55:25,0.00000418,5741.00000000
2018-02-23 21:55:26,0.00000417,464.00000000
2018-02-23 21:55:26,0.00000418,2983.00000000
2018-02-23 21:55:37,0.00000418,462.00000000
2018-02-23 21:55:38,0.00000417,484.00000000
2018-02-23 21:55:45,0.00000418,2392.00000000
2018-02-23 21:55:51,0.00000417,49494.00000000
2018-02-23 21:55:52,0.00000418,2392.00000000
2018-02-23 21:55:56,0.00000418,2.00000000
2018-02-23 21:55:57,0.00000418,620.00000000
2018-02-23 21:56:05,0.00000417,4467.00000000
2018-02-23 21:56:10,0.00000418,3891.00000000
2018-02-23 21:56:12,0.00000417,500.00000000
2018-02-23 21:56:13,0.00000417,14187.00000000
2018-02-23 21:56:18,0.00000417,15960.00000000
2018-02-23 21:56:19,0.00000418,3310.00000000
2018-02-23 21:56:27,0.00000418,19.00000000
2018-02-23 21:56:28,0.00000418,39965.00000000
2018-02-23 21:56:28,0.00000418,14700.00000000
2018-02-23 21:56:33,0.00000417,2501.00000000
2018-02-23 21:56:33,0.00000418,53548.00000000
2018-02-23 21:56:35,0.00000418,480000.00000000
2018-02-23 21:56:36,0.00000418,250.00000000
2018-02-23 21:56:39,0.00000418,4975.00000000
2018-02-23 21:56:41,0.00000418,282.00000000
2018-02-23 21:56:42,0.00000417,283.00000000
2018-02-23 21:56:42,0.00000418,691.00000000
2018-02-23 21:56:43,0.00000418,969.00000000
2018-02-23 21:56:49,0.00000418,9727.00000000
2018-02-23 21:56:49,0.00000418,7811.00000000
2018-02-23 21:56:51,0.00000418,4207.00000000
2018-02-23 21:56:51,0.00000417,25503.00000000
2018-02-23 21:56:56,0.00000417,4386.00000000
2018-02-23 21:57:01,0.00000418,171287.00000000
2018-02-23 21:57:07,0.00000418,8676.00000000
2018-02-23 21:57:08,0.00000418,32315.00000000
2018-02-23 21:57:16,0.00000418,25065.00000000
2018-02-23 21:57:17,0.00000418,97455.00000000
2018-02-23 21:57:19,0.00000418,2372.00000000
2018-02-23 21:57:25,0.00000417,753.00000000
2018-02-23 21:57:30,0.00000418,8452.00000000
2018-02-23 21:57:31,0.00000418,3217.00000000
2018-02-23 21:57:38,0.00000417,4973.00000000
2018-02-23 21:57:40,0.00000418,14349.00000000
2018-02-23 21:57:41,0.00000417,581.00000000
2018-02-23 21:57:49,0.00000417,2000.00000000
2018-02-23 21:57:55,0.00000418,502.00000000
2018-02-23 21:57:57,0.00000417,40101.00000000
2018-02-23 21:57:57,0.00000417,113.00000000
2018-02-23 21:58:00,0.00000418,305.00000000
2018-02-23 21:58:04,0.00000418,55874.00000000
2018-02-23 21:58:12,0.00000417,388.00000000
2018-02-23 21:58:14,0.00000418,18625.00000000
2018-02-23 21:58:21,0.00000417,1957.00000000
2018-02-23 21:58:30,0.00000418,31952.00000000
2018-02-23 21:58:36,0.00000418,1759.00000000
2018-02-23 21:58:36,0.00000418,500.00000000
2018-02-23 21:58:36,0.00000418,840.00000000
2018-02-23 21:58:39,0.00000418,1242.00000000
2018-02-23 21:58:46,0.00000418,565.00000000
2018-02-23 21:58:47,0.00000418,8.00000000
2018-02-23 21:58:48,0.00000417,894.00000000
2018-02-23 21:58:54,0.00000417,5291.00000000
2018-02-23 21:58:55,0.00000417,39953.00000000
2018-02-23 21:58:55,0.00000417,1500.00000000
2018-02-23 21:58:56,0.00000417,34459.00000000
2018-02-23 21:58:57,0.00000417,1146003.00000000
2018-02-23 21:59:01,0.00000418,623.00000000
2018-02-23 21:59:12,0.00000417,1461.00000000
2018-02-23 21:59:18,0.00000417,2114.00000000
2018-02-23 21:59:22,0.00000418,890.00000000
2018-02-23 21:59:24,0.00000417,15281.00000000
2018-02-23 21:59:27,0.00000418,600.00000000
2018-02-23 21:59:28,0.00000417,1254.00000000
2018-02-23 21:59:28,0.00000417,499.00000000
2018-02-23 21:59:30,0.00000418,6198.00000000
2018-02-23 21:59:33,0.00000417,1000.00000000
2018-02-23 21:59:41,0.00000418,29707.00000000
2018-02-23 21:59:41,0.00000418,2173.00000000
2018-02-23 21:59:45,0.00000417,1354.00000000
2018-02-23 21:59:45,0.00000417,6018.00000000
2018-02-23 21:59:45,0.00000417,5000.00000000
2018-02-23 21:59:49,0.00000418,18130.00000000
2018-02-23 21:59:50,0.00000417,250.00000000
2018-02-23 21:59:52,0.00000417,90158.00000000
2018-02-23 21:59:52,0.00000417,897.00000000
