DATE,PRICE,VOLUME
2018-02-25 13:00:00,0.00000421,31694.00000000
2018-02-25 13:00:02,0.00000422,23752.00000000
2018-02-25 13:00:02,0.00000422,20627.00000000
2018-02-25 13:00:06,0.00000421,4595.00000000
2018-02-25 13:00:06,0.00000421,4036.00000000
2018-02-25 13:00:10,0.00000421,1191.00000000
2018-02-25 13:00:11,0.00000421,878.00000000
2018-02-25 13:00:13,0.00000422,5936.00000000
2018-02-25 13:00:14,0.00000422,23752.00000000
2018-02-25 13:00:14,0.00000422,296903.00000000
2018-02-25 13:00:23,0.00000422,710.00000000
2018-02-25 13:00:26,0.00000422,237.00000000
2018-02-25 13:00:30,0.00000422,2569.00000000
2018-02-25 13:00:31,0.00000422,412.00000000
2018-02-25 13:00:32,0.00000422,369.00000000
2018-02-25 13:00:36,0.00000421,5013.00000000
2018-02-25 13:00:36,0.00000421,48632.00000000
2018-02-25 13:00:40,0.00000422,68298.00000000
2018-02-25 13:00:42,0.00000422,79407.00000000
2018-02-25 13:00:43,0.00000423,102.00000000
2018-02-25 13:00:47,0.00000422,5000.00000000
2018-02-25 13:00:48,0.00000423,456.00000000
2018-02-25 13:00:54,0.00000423,501.00000000
2018-02-25 13:01:01,0.00000422,25.00000000
2018-02-25 13:01:01,0.00000422,11876.00000000
2018-02-25 13:01:03,0.00000423,2017.00000000
2018-02-25 13:01:07,0.00000422,5290.00000000
2018-02-25 13:01:21,0.00000422,10581.00000000
2018-02-25 13:01:25,0.00000421,132467.00000000
2018-02-25 13:01:26,0.00000421,228.00000000
2018-02-25 13:01:31,0.00000421,500.00000000
2018-02-25 13:01:50,0.00000421,1097.00000000
2018-02-25 13:01:58,0.00000421,26.00000000
2018-02-25 13:02:08,0.00000422,27917.00000000
2018-02-25 13:02:12,0.00000422,412.00000000
2018-02-25 13:02:12,0.00000421,156710.00000000
2018-02-25 13:02:13,0.00000422,20000.00000000
2018-02-25 13:02:15,0.00000422,11.00000000
2018-02-25 13:02:16,0.00000422,1447.00000000
2018-02-25 13:02:21,0.00000421,16946.00000000
2018-02-25 13:02:32,0.00000421,702.00000000
2018-02-25 13:02:44,0.00000421,1015.00000000
2018-02-25 13:02:48,0.00000421,34791.00000000
2018-02-25 13:02:49,0.00000422,6705.00000000
2018-02-25 13:02:55,0.00000422,1000.00000000
2018-02-25 13:02:56,0.00000421,1553.00000000
2018-02-25 13:02:56,0.00000421,1313.00000000
2018-02-25 13:02:56,0.00000421,25.00000000
2018-02-25 13:03:01,0.00000422,61875.00000000
2018-02-25 13:03:03,0.00000421,2478.00000000
2018-02-25 13:03:05,0.00000421,4152.00000000
2018-02-25 13:03:06,0.00000421,4295.00000000
2018-02-25 13:03:07,0.00000422,88169.00000000
2018-02-25 13:03:11,0.00000421,185774.00000000
2018-02-25 13:03:14,0.00000422,3233.00000000
2018-02-25 13:03:21,0.00000421,381.00000000
2018-02-25 13:03:22,0.00000421,240.00000000
2018-02-25 13:03:27,0.00000421,45820.00000000
2018-02-25 13:03:27,0.00000421,137.00000000
2018-02-25 13:03:29,0.00000421,1177.00000000
2018-02-25 13:03:38,0.00000421,8054.00000000
2018-02-25 13:03:44,0.00000421,57517.00000000
2018-02-25 13:03:47,0.00000421,1501.00000000
2018-02-25 13:03:50,0.00000421,25.00000000
2018-02-25 13:03:51,0.00000421,194048.00000000
2018-02-25 13:03:52,0.00000421,413.00000000
2018-02-25 13:03:52,0.00000421,18139.00000000
2018-02-25 13:03:54,0.00000421,1968.00000000
2018-02-25 13:03:54,0.00000421,17764.00000000
2018-02-25 13:03:54,0.00000421,1012.00000000
2018-02-25 13:03:58,0.00000422,9399.00000000
2018-02-25 13:04:05,0.00000421,1494.00000000
2018-02-25 13:04:08,0.00000421,141432.00000000
2018-02-25 13:04:16,0.00000421,1188.00000000
2018-02-25 13:04:19,0.00000421,1000.00000000
2018-02-25 13:04:21,0.00000421,1250.00000000
2018-02-25 13:04:26,0.00000421,2375.00000000
2018-02-25 13:04:27,0.00000421,1188.00000000
2018-02-25 13:04:29,0.00000422,2369.00000000
2018-02-25 13:04:29,0.00000422,137.00000000
2018-02-25 13:04:33,0.00000421,17316.00000000
2018-02-25 13:04:35,0.00000421,23069.00000000
2018-02-25 13:04:38,0.00000421,4380.00000000
2018-02-25 13:04:46,0.00000421,17635.00000000
2018-02-25 13:04:48,0.00000421,989.00000000
2018-02-25 13:04:54,0.00000421,21.00000000
2018-02-25 13:04:56,0.00000421,323119.00000000
2018-02-25 13:04:57,0.00000421,474.00000000
2018-02-25 13:05:00,0.00000421,86784.00000000
2018-02-25 13:05:00,0.00000421,15106.00000000
2018-02-25 13:05:09,0.00000421,5.00000000
2018-02-25 13:05:11,0.00000421,614.00000000
2018-02-25 13:05:22,0.00000420,40000.00000000
2018-02-25 13:05:26,0.00000421,287.00000000
2018-02-25 13:05:28,0.00000420,20.00000000
2018-02-25 13:05:29,0.00000421,11909.00000000
2018-02-25 13:05:51,0.00000421,145795.00000000
2018-02-25 13:05:52,0.00000420,25000.00000000
2018-02-25 13:05:54,0.00000420,1227.00000000
2018-02-25 13:05:56,0.00000421,3442.00000000
2018-02-25 13:05:57,0.00000420,21.00000000
2018-02-25 13:05:58,0.00000421,8123.00000000
2018-02-25 13:05:58,0.00000421,7113.00000000
2018-02-25 13:05:58,0.00000420,7113.00000000
2018-02-25 13:06:05,0.00000420,1240.00000000
2018-02-25 13:06:08,0.00000420,601.00000000
2018-02-25 13:06:10,0.00000421,1657.00000000
2018-02-25 13:06:16,0.00000420,10705.00000000
2018-02-25 13:06:22,0.00000420,21.00000000
2018-02-25 13:06:29,0.00000421,12.00000000
2018-02-25 13:06:36,0.00000420,326.00000000
2018-02-25 13:06:39,0.00000420,3376.00000000
2018-02-25 13:06:39,0.00000421,123988.00000000
2018-02-25 13:06:48,0.00000421,3673.00000000
2018-02-25 13:06:48,0.00000420,20.00000000
2018-02-25 13:07:01,0.00000421,356.00000000
2018-02-25 13:07:02,0.00000420,1862.00000000
2018-02-25 13:07:05,0.00000421,49856.00000000
2018-02-25 13:07:07,0.00000421,127597.00000000
2018-02-25 13:07:20,0.00000421,468273.00000000
2018-02-25 13:07:25,0.00000421,2043.00000000
2018-02-25 13:07:30,0.00000421,139826.00000000
2018-02-25 13:07:39,0.00000420,5748.00000000
2018-02-25 13:07:45,0.00000421,3534.00000000
2018-02-25 13:07:46,0.00000420,1187.00000000
2018-02-25 13:07:48,0.00000420,2355.00000000
2018-02-25 13:08:08,0.00000420,1040.00000000
2018-02-25 13:08:12,0.00000421,40462.00000000
2018-02-25 13:08:19,0.00000420,5000.00000000
2018-02-25 13:08:21,0.00000420,210213.00000000
2018-02-25 13:08:24,0.00000420,116544.00000000
2018-02-25 13:08:25,0.00000421,1148.00000000
2018-02-25 13:08:31,0.00000421,1000.00000000
2018-02-25 13:08:34,0.00000421,1109.00000000
2018-02-25 13:08:36,0.00000421,84296.00000000
2018-02-25 13:08:38,0.00000421,13944.00000000
2018-02-25 13:08:39,0.00000421,8501.00000000
2018-02-25 13:08:39,0.00000421,10838.00000000
2018-02-25 13:08:41,0.00000421,14589.00000000
2018-02-25 13:08:43,0.00000421,10171.00000000
2018-02-25 13:08:44,0.00000421,25370.00000000
2018-02-25 13:09:13,0.00000421,84829.00000000
2018-02-25 13:09:13,0.00000421,44337.00000000
2018-02-25 13:09:15,0.00000421,5267.00000000
2018-02-25 13:09:19,0.00000422,1.00000000
2018-02-25 13:09:23,0.00000422,1280.00000000
2018-02-25 13:09:30,0.00000422,5279.00000000
2018-02-25 13:09:33,0.00000422,734030.00000000
2018-02-25 13:09:38,0.00000421,599.00000000
2018-02-25 13:09:43,0.00000421,10865.00000000
2018-02-25 13:09:49,0.00000421,50649.00000000
2018-02-25 13:09:49,0.00000421,40891.00000000
2018-02-25 13:09:51,0.00000421,3496.00000000
2018-02-25 13:09:53,0.00000421,25879.00000000
2018-02-25 13:09:54,0.00000421,912.00000000
2018-02-25 13:09:59,0.00000421,44353.00000000
2018-02-25 13:10:07,0.00000421,18689.00000000
2018-02-25 13:10:08,0.00000421,132296.00000000
2018-02-25 13:10:11,0.00000421,1188.00000000
2018-02-25 13:10:12,0.00000422,134.00000000
2018-02-25 13:10:14,0.00000421,2452.00000000
2018-02-25 13:10:21,0.00000421,7469.00000000
2018-02-25 13:10:25,0.00000422,10100.00000000
2018-02-25 13:10:38,0.00000421,40705.00000000
2018-02-25 13:10:46,0.00000420,822.00000000
2018-02-25 13:10:47,0.00000421,3846.00000000
2018-02-25 13:10:48,0.00000421,36271.00000000
2018-02-25 13:10:49,0.00000420,1683.00000000
2018-02-25 13:10:50,0.00000421,59011.00000000
2018-02-25 13:10:50,0.00000420,16917.00000000
2018-02-25 13:10:57,0.00000421,143392.00000000
2018-02-25 13:11:02,0.00000421,530.00000000
2018-02-25 13:11:12,0.00000420,10000.00000000
2018-02-25 13:11:14,0.00000421,376.00000000
2018-02-25 13:11:20,0.00000421,10322.00000000
2018-02-25 13:11:23,0.00000421,14300.00000000
2018-02-25 13:11:25,0.00000421,24493.00000000
2018-02-25 13:11:36,0.00000421,500.00000000
2018-02-25 13:11:41,0.00000420,14216.00000000
2018-02-25 13:11:53,0.00000421,87804.00000000
2018-02-25 13:11:56,0.00000420,300.00000000
2018-02-25 13:12:07,0.00000420,18072.00000000
2018-02-25 13:12:10,0.00000420,13.00000000
2018-02-25 13:12:13,0.00000420,15000.00000000
2018-02-25 13:12:15,0.00000420,5085.00000000
2018-02-25 13:12:16,0.00000421,8802.00000000
2018-02-25 13:12:18,0.00000421,8761.00000000
2018-02-25 13:12:19,0.00000421,8035.00000000
2018-02-25 13:12:19,0.00000421,16270.00000000
2018-02-25 13:12:21,0.00000421,5424.00000000
2018-02-25 13:12:22,0.00000421,5265.00000000
2018-02-25 13:12:25,0.00000421,2380.00000000
2018-02-25 13:12:26,0.00000421,649576.00000000
2018-02-25 13:12:28,0.00000421,9.00000000
2018-02-25 13:12:37,0.00000421,1000.00000000
2018-02-25 13:12:40,0.00000421,8.00000000
2018-02-25 13:12:50,0.00000421,145822.00000000
2018-02-25 13:13:02,0.00000420,1156.00000000
2018-02-25 13:13:05,0.00000421,8211.00000000
2018-02-25 13:13:07,0.00000420,3183.00000000
2018-02-25 13:13:10,0.00000420,1049.00000000
2018-02-25 13:13:18,0.00000420,2236.00000000
2018-02-25 13:13:23,0.00000421,327.00000000
2018-02-25 13:13:25,0.00000421,2375.00000000
2018-02-25 13:13:30,0.00000420,4000.00000000
2018-02-25 13:13:38,0.00000420,100.00000000
2018-02-25 13:13:38,0.00000420,2170.00000000
2018-02-25 13:13:40,0.00000420,9389.00000000
2018-02-25 13:13:42,0.00000421,76200.00000000
2018-02-25 13:13:43,0.00000421,651.00000000
2018-02-25 13:13:47,0.00000420,39295.00000000
2018-02-25 13:13:54,0.00000420,10000.00000000
2018-02-25 13:13:59,0.00000420,1046.00000000
2018-02-25 13:14:04,0.00000420,2000.00000000
2018-02-25 13:14:07,0.00000421,348191.00000000
2018-02-25 13:14:10,0.00000421,2375.00000000
2018-02-25 13:14:11,0.00000420,26706.00000000
2018-02-25 13:14:15,0.00000421,1686.00000000
2018-02-25 13:14:15,0.00000421,11332.00000000
2018-02-25 13:14:18,0.00000420,1807.00000000
2018-02-25 13:14:19,0.00000421,933.00000000
2018-02-25 13:14:20,0.00000420,9208.00000000
2018-02-25 13:14:24,0.00000421,1808.00000000
2018-02-25 13:14:27,0.00000421,96.00000000
2018-02-25 13:14:28,0.00000420,2500.00000000
2018-02-25 13:14:29,0.00000420,1724.00000000
2018-02-25 13:14:36,0.00000420,2539.00000000
2018-02-25 13:14:37,0.00000420,145592.00000000
2018-02-25 13:14:50,0.00000421,10271.00000000
2018-02-25 13:14:51,0.00000420,2500.00000000
2018-02-25 13:14:54,0.00000420,500.00000000
2018-02-25 13:14:57,0.00000421,7710.00000000
2018-02-25 13:14:59,0.00000421,11034.00000000
2018-02-25 13:15:02,0.00000420,3998.00000000
2018-02-25 13:15:20,0.00000420,35275.00000000
2018-02-25 13:15:34,0.00000421,95938.00000000
2018-02-25 13:15:38,0.00000420,2.00000000
2018-02-25 13:15:58,0.00000421,76.00000000
2018-02-25 13:15:59,0.00000420,500.00000000
2018-02-25 13:16:02,0.00000420,30765.00000000
2018-02-25 13:16:04,0.00000421,1760.00000000
2018-02-25 13:16:06,0.00000420,19980.00000000
2018-02-25 13:16:08,0.00000421,4.00000000
2018-02-25 13:16:12,0.00000421,1.00000000
2018-02-25 13:16:16,0.00000421,1.00000000
2018-02-25 13:16:22,0.00000421,85560.00000000
2018-02-25 13:16:29,0.00000421,2194.00000000
2018-02-25 13:16:37,0.00000421,1196.00000000
2018-02-25 13:16:37,0.00000421,10005.00000000
2018-02-25 13:16:39,0.00000421,2347.00000000
2018-02-25 13:16:40,0.00000421,1008.00000000
2018-02-25 13:16:46,0.00000421,4400.00000000
2018-02-25 13:16:47,0.00000421,501.00000000
2018-02-25 13:16:47,0.00000421,1067.00000000
2018-02-25 13:16:55,0.00000421,471571.00000000
2018-02-25 13:16:55,0.00000422,68560.00000000
2018-02-25 13:17:03,0.00000422,6178.00000000
2018-02-25 13:17:06,0.00000421,530.00000000
2018-02-25 13:17:12,0.00000421,791.00000000
2018-02-25 13:17:13,0.00000421,2076.00000000
2018-02-25 13:17:14,0.00000421,15732.00000000
2018-02-25 13:17:15,0.00000421,479.00000000
2018-02-25 13:17:16,0.00000420,64875.00000000
2018-02-25 13:17:18,0.00000421,455869.00000000
2018-02-25 13:17:23,0.00000421,501.00000000
2018-02-25 13:17:24,0.00000422,501.00000000
2018-02-25 13:17:26,0.00000421,55163.00000000
2018-02-25 13:17:28,0.00000421,12186.00000000
2018-02-25 13:17:31,0.00000421,473.00000000
2018-02-25 13:17:31,0.00000421,2009.00000000
2018-02-25 13:17:33,0.00000421,476.00000000
2018-02-25 13:17:38,0.00000420,1550.00000000
2018-02-25 13:17:47,0.00000420,293.00000000
2018-02-25 13:17:49,0.00000421,4750.00000000
2018-02-25 13:17:50,0.00000421,14265.00000000
2018-02-25 13:17:54,0.00000420,85137.00000000
2018-02-25 13:18:04,0.00000421,2484.00000000
2018-02-25 13:18:05,0.00000421,501.00000000
2018-02-25 13:18:06,0.00000420,498.00000000
2018-02-25 13:18:09,0.00000420,597.00000000
2018-02-25 13:18:10,0.00000421,136143.00000000
2018-02-25 13:18:25,0.00000421,2597.00000000
2018-02-25 13:18:27,0.00000421,172.00000000
2018-02-25 13:18:31,0.00000421,19.00000000
2018-02-25 13:18:48,0.00000421,501.00000000
2018-02-25 13:18:51,0.00000420,498.00000000
2018-02-25 13:18:54,0.00000421,2375.00000000
2018-02-25 13:18:55,0.00000421,501.00000000
2018-02-25 13:18:55,0.00000421,387.00000000
2018-02-25 13:18:55,0.00000421,388.00000000
2018-02-25 13:18:55,0.00000421,388.00000000
2018-02-25 13:18:55,0.00000421,2375.00000000
2018-02-25 13:18:55,0.00000421,388.00000000
2018-02-25 13:18:58,0.00000421,791.00000000
2018-02-25 13:18:59,0.00000421,95110.00000000
2018-02-25 13:19:22,0.00000421,2540.00000000
2018-02-25 13:19:26,0.00000421,2375.00000000
2018-02-25 13:19:27,0.00000421,501.00000000
2018-02-25 13:19:28,0.00000420,27884.00000000
2018-02-25 13:19:28,0.00000420,21500.00000000
2018-02-25 13:19:29,0.00000420,790.00000000
2018-02-25 13:19:33,0.00000421,44353.00000000
2018-02-25 13:19:33,0.00000420,1223.00000000
2018-02-25 13:19:33,0.00000421,300.00000000
2018-02-25 13:19:37,0.00000420,1217.00000000
2018-02-25 13:19:39,0.00000420,500.00000000
2018-02-25 13:19:41,0.00000421,5619.00000000
2018-02-25 13:19:42,0.00000421,501.00000000
2018-02-25 13:19:44,0.00000421,49415.00000000
2018-02-25 13:19:46,0.00000420,40202.00000000
2018-02-25 13:19:48,0.00000420,100000.00000000
2018-02-25 13:19:53,0.00000421,116316.00000000
2018-02-25 13:19:53,0.00000420,175000.00000000
2018-02-25 13:19:57,0.00000420,1500.00000000
2018-02-25 13:20:07,0.00000420,695.00000000
2018-02-25 13:20:09,0.00000420,34422.00000000
2018-02-25 13:20:14,0.00000420,10000.00000000
2018-02-25 13:20:14,0.00000420,1507.00000000
2018-02-25 13:20:23,0.00000421,529.00000000
2018-02-25 13:20:24,0.00000420,15823.00000000
2018-02-25 13:20:29,0.00000420,1228.00000000
2018-02-25 13:20:29,0.00000420,4667.00000000
2018-02-25 13:20:32,0.00000421,3194.00000000
2018-02-25 13:20:32,0.00000420,609.00000000
2018-02-25 13:20:34,0.00000420,4330.00000000
2018-02-25 13:20:38,0.00000421,2490.00000000
2018-02-25 13:20:38,0.00000421,1378.00000000
2018-02-25 13:20:39,0.00000420,1195.00000000
2018-02-25 13:20:45,0.00000420,787.00000000
2018-02-25 13:20:47,0.00000420,97965.00000000
2018-02-25 13:20:49,0.00000421,18254.00000000
2018-02-25 13:20:52,0.00000421,608.00000000
2018-02-25 13:20:56,0.00000421,698.00000000
2018-02-25 13:21:00,0.00000420,602.00000000
2018-02-25 13:21:00,0.00000421,50.00000000
2018-02-25 13:21:00,0.00000420,21500.00000000
2018-02-25 13:21:02,0.00000421,54685.00000000
2018-02-25 13:21:05,0.00000420,3898.00000000
2018-02-25 13:21:08,0.00000421,3959.00000000
2018-02-25 13:21:09,0.00000421,2800.00000000
2018-02-25 13:21:18,0.00000420,21211.00000000
2018-02-25 13:21:28,0.00000421,75700.00000000
2018-02-25 13:21:32,0.00000421,680.00000000
2018-02-25 13:21:43,0.00000421,1421.00000000
2018-02-25 13:21:44,0.00000421,556.00000000
2018-02-25 13:21:45,0.00000421,5383.00000000
2018-02-25 13:21:50,0.00000421,7256.00000000
2018-02-25 13:21:50,0.00000421,7111.00000000
2018-02-25 13:21:50,0.00000421,7256.00000000
2018-02-25 13:21:50,0.00000420,7111.00000000
2018-02-25 13:21:59,0.00000420,550.00000000
2018-02-25 13:22:01,0.00000420,49473.00000000
2018-02-25 13:22:04,0.00000420,14286.00000000
2018-02-25 13:22:10,0.00000420,20000.00000000
2018-02-25 13:22:17,0.00000421,1709.00000000
2018-02-25 13:22:18,0.00000420,135358.00000000
2018-02-25 13:22:19,0.00000421,1500.00000000
2018-02-25 13:22:23,0.00000420,2000.00000000
2018-02-25 13:22:40,0.00000420,50174.00000000
2018-02-25 13:22:45,0.00000420,7522.00000000
2018-02-25 13:22:49,0.00000420,2000.00000000
2018-02-25 13:22:53,0.00000421,10000.00000000
2018-02-25 13:22:59,0.00000421,10000.00000000
2018-02-25 13:23:07,0.00000421,1000.00000000
2018-02-25 13:23:09,0.00000421,158641.00000000
2018-02-25 13:23:10,0.00000420,49989.00000000
2018-02-25 13:23:18,0.00000420,316404.00000000
2018-02-25 13:23:19,0.00000420,287.00000000
2018-02-25 13:23:22,0.00000420,3910.00000000
2018-02-25 13:23:26,0.00000420,5604.00000000
2018-02-25 13:23:26,0.00000421,2375.00000000
2018-02-25 13:23:36,0.00000421,974.00000000
2018-02-25 13:23:45,0.00000421,121671.00000000
2018-02-25 13:23:52,0.00000421,915.00000000
2018-02-25 13:23:52,0.00000420,35689.00000000
2018-02-25 13:23:56,0.00000420,90342.00000000
2018-02-25 13:23:57,0.00000420,850.00000000
2018-02-25 13:24:06,0.00000420,933.00000000
2018-02-25 13:24:21,0.00000421,202841.00000000
2018-02-25 13:24:23,0.00000421,2940.00000000
2018-02-25 13:24:29,0.00000420,47166.00000000
2018-02-25 13:24:34,0.00000421,7293.00000000
2018-02-25 13:24:47,0.00000422,143826.00000000
2018-02-25 13:24:49,0.00000422,10723.00000000
2018-02-25 13:24:52,0.00000421,486.00000000
2018-02-25 13:24:54,0.00000421,10874.00000000
2018-02-25 13:24:59,0.00000421,25112.00000000
2018-02-25 13:25:01,0.00000420,10000.00000000
2018-02-25 13:25:06,0.00000421,6151.00000000
2018-02-25 13:25:07,0.00000420,2400.00000000
2018-02-25 13:25:10,0.00000420,40000.00000000
2018-02-25 13:25:20,0.00000420,5854.00000000
2018-02-25 13:25:26,0.00000420,4917.00000000
2018-02-25 13:25:30,0.00000421,547.00000000
2018-02-25 13:25:31,0.00000420,1198.00000000
2018-02-25 13:25:39,0.00000420,102161.00000000
2018-02-25 13:25:43,0.00000420,9990.00000000
2018-02-25 13:25:43,0.00000421,9501.00000000
2018-02-25 13:25:44,0.00000421,7032.00000000
2018-02-25 13:25:47,0.00000420,248.00000000
2018-02-25 13:25:51,0.00000420,1500.00000000
2018-02-25 13:26:09,0.00000420,3109.00000000
2018-02-25 13:26:14,0.00000420,152783.00000000
2018-02-25 13:26:15,0.00000420,1200.00000000
2018-02-25 13:26:25,0.00000420,500.00000000
2018-02-25 13:26:30,0.00000420,2090.00000000
2018-02-25 13:26:34,0.00000421,491.00000000
2018-02-25 13:26:34,0.00000420,75164.00000000
2018-02-25 13:26:37,0.00000420,5480.00000000
2018-02-25 13:26:43,0.00000421,28702.00000000
2018-02-25 13:26:45,0.00000421,864.00000000
2018-02-25 13:26:46,0.00000421,9291.00000000
2018-02-25 13:26:52,0.00000420,48000.00000000
2018-02-25 13:27:02,0.00000420,700.00000000
2018-02-25 13:27:05,0.00000420,10018.00000000
2018-02-25 13:27:08,0.00000421,9562.00000000
2018-02-25 13:27:14,0.00000420,2470.00000000
2018-02-25 13:27:15,0.00000420,616.00000000
2018-02-25 13:27:19,0.00000421,3411.00000000
2018-02-25 13:27:21,0.00000420,344.00000000
2018-02-25 13:27:21,0.00000421,1085.00000000
2018-02-25 13:27:29,0.00000421,5607.00000000
2018-02-25 13:27:39,0.00000420,85647.00000000
2018-02-25 13:27:43,0.00000421,2375.00000000
2018-02-25 13:27:52,0.00000420,8988.00000000
2018-02-25 13:27:58,0.00000421,26220.00000000
2018-02-25 13:28:13,0.00000420,4.00000000
2018-02-25 13:28:17,0.00000420,31215.00000000
2018-02-25 13:28:18,0.00000420,248.00000000
2018-02-25 13:28:21,0.00000420,19633.00000000
2018-02-25 13:28:24,0.00000420,457.00000000
2018-02-25 13:28:25,0.00000420,5105.00000000
2018-02-25 13:28:31,0.00000421,98973.00000000
2018-02-25 13:28:36,0.00000420,897231.00000000
2018-02-25 13:28:38,0.00000420,653.00000000
2018-02-25 13:28:40,0.00000420,280.00000000
2018-02-25 13:28:41,0.00000420,3964.00000000
2018-02-25 13:28:51,0.00000421,13268.00000000
2018-02-25 13:29:04,0.00000421,404.00000000
2018-02-25 13:29:09,0.00000421,60000.00000000
2018-02-25 13:29:19,0.00000420,144588.00000000
2018-02-25 13:29:28,0.00000420,33802.00000000
2018-02-25 13:29:36,0.00000420,1472.00000000
2018-02-25 13:29:37,0.00000420,3382.00000000
2018-02-25 13:29:39,0.00000420,1599.00000000
2018-02-25 13:29:43,0.00000421,7475.00000000
2018-02-25 13:29:47,0.00000421,10000.00000000
2018-02-25 13:29:53,0.00000421,578.00000000
2018-02-25 13:29:57,0.00000421,9697.00000000
2018-02-25 13:30:20,0.00000420,152523.00000000
2018-02-25 13:30:23,0.00000421,1000.00000000
2018-02-25 13:30:24,0.00000420,13254.00000000
2018-02-25 13:30:25,0.00000421,46044.00000000
2018-02-25 13:30:26,0.00000420,5000.00000000
2018-02-25 13:30:29,0.00000421,868.00000000
2018-02-25 13:30:39,0.00000421,10000.00000000
2018-02-25 13:30:56,0.00000420,57000.00000000
2018-02-25 13:30:57,0.00000421,875.00000000
2018-02-25 13:31:02,0.00000421,300000.00000000
2018-02-25 13:31:03,0.00000421,22.00000000
2018-02-25 13:31:05,0.00000420,258.00000000
2018-02-25 13:31:05,0.00000421,1100.00000000
2018-02-25 13:31:08,0.00000421,2395.00000000
2018-02-25 13:31:09,0.00000420,6204.00000000
2018-02-25 13:31:10,0.00000420,141349.00000000
2018-02-25 13:31:16,0.00000421,39903.00000000
2018-02-25 13:31:20,0.00000421,2437.00000000
2018-02-25 13:31:22,0.00000421,295.00000000
2018-02-25 13:31:29,0.00000421,244.00000000
2018-02-25 13:31:32,0.00000421,11187.00000000
2018-02-25 13:31:44,0.00000421,800.00000000
2018-02-25 13:31:45,0.00000421,238.00000000
2018-02-25 13:31:48,0.00000421,3088.00000000
2018-02-25 13:31:59,0.00000421,1717.00000000
2018-02-25 13:32:04,0.00000420,18888.00000000
2018-02-25 13:32:04,0.00000420,93611.00000000
2018-02-25 13:32:06,0.00000420,100.00000000
2018-02-25 13:32:07,0.00000420,2880.00000000
2018-02-25 13:32:38,0.00000421,25000.00000000
2018-02-25 13:32:40,0.00000420,3057.00000000
2018-02-25 13:32:41,0.00000420,35011.00000000
2018-02-25 13:32:41,0.00000421,1.00000000
2018-02-25 13:32:46,0.00000420,14976.00000000
2018-02-25 13:32:53,0.00000420,412106.00000000
2018-02-25 13:32:56,0.00000421,412.00000000
2018-02-25 13:32:56,0.00000420,111621.00000000
2018-02-25 13:32:58,0.00000421,940.00000000
2018-02-25 13:32:58,0.00000420,97365.00000000
2018-02-25 13:32:59,0.00000421,9205.00000000
2018-02-25 13:33:00,0.00000420,5974.00000000
2018-02-25 13:33:01,0.00000420,16762.00000000
2018-02-25 13:33:04,0.00000420,366648.00000000
2018-02-25 13:33:07,0.00000420,9388.00000000
2018-02-25 13:33:13,0.00000421,317.00000000
2018-02-25 13:33:16,0.00000420,196.00000000
2018-02-25 13:33:18,0.00000421,24993.00000000
2018-02-25 13:33:22,0.00000421,3704.00000000
2018-02-25 13:33:35,0.00000421,7.00000000
2018-02-25 13:33:37,0.00000420,1.00000000
2018-02-25 13:33:39,0.00000420,3022.00000000
2018-02-25 13:33:46,0.00000421,367.00000000
2018-02-25 13:33:46,0.00000420,77476.00000000
2018-02-25 13:33:53,0.00000421,494.00000000
2018-02-25 13:33:53,0.00000421,24409.00000000
2018-02-25 13:33:53,0.00000421,7112.00000000
2018-02-25 13:33:54,0.00000420,84967.00000000
2018-02-25 13:33:54,0.00000421,421.00000000
2018-02-25 13:33:55,0.00000420,2327.00000000
2018-02-25 13:33:55,0.00000420,500.00000000
2018-02-25 13:34:14,0.00000421,1000.00000000
2018-02-25 13:34:15,0.00000421,2680.00000000
2018-02-25 13:34:16,0.00000420,1903.00000000
2018-02-25 13:34:19,0.00000421,100.00000000
2018-02-25 13:34:22,0.00000421,5320.00000000
2018-02-25 13:34:22,0.00000421,500.00000000
2018-02-25 13:34:33,0.00000421,448.00000000
2018-02-25 13:34:38,0.00000420,159285.00000000
2018-02-25 13:34:43,0.00000421,1000.00000000
2018-02-25 13:34:47,0.00000420,685.00000000
2018-02-25 13:34:49,0.00000421,39499.00000000
2018-02-25 13:34:49,0.00000421,1165.00000000
2018-02-25 13:34:51,0.00000421,9722.00000000
2018-02-25 13:34:56,0.00000421,5.00000000
2018-02-25 13:35:06,0.00000421,1461.00000000
2018-02-25 13:35:08,0.00000421,10.00000000
2018-02-25 13:35:11,0.00000420,30000.00000000
2018-02-25 13:35:24,0.00000420,2179.00000000
2018-02-25 13:35:25,0.00000421,1259.00000000
2018-02-25 13:35:26,0.00000420,939.00000000
2018-02-25 13:35:36,0.00000420,379.00000000
2018-02-25 13:35:39,0.00000421,10.00000000
2018-02-25 13:35:39,0.00000420,815.00000000
2018-02-25 13:35:40,0.00000420,117772.00000000
2018-02-25 13:35:42,0.00000421,100000.00000000
2018-02-25 13:35:50,0.00000420,1203.00000000
2018-02-25 13:35:52,0.00000421,1737.00000000
2018-02-25 13:35:55,0.00000420,7948.00000000
2018-02-25 13:35:56,0.00000421,274.00000000
2018-02-25 13:35:59,0.00000421,4748.00000000
2018-02-25 13:36:23,0.00000421,844.00000000
2018-02-25 13:36:23,0.00000421,330.00000000
2018-02-25 13:36:25,0.00000420,1612.00000000
2018-02-25 13:36:25,0.00000421,4416.00000000
2018-02-25 13:36:26,0.00000420,1735.00000000
2018-02-25 13:36:36,0.00000420,105199.00000000
2018-02-25 13:36:37,0.00000420,4404.00000000
2018-02-25 13:36:39,0.00000420,18695.00000000
2018-02-25 13:36:43,0.00000421,8261.00000000
2018-02-25 13:36:45,0.00000421,919.00000000
2018-02-25 13:36:46,0.00000421,7405.00000000
2018-02-25 13:36:47,0.00000420,543.00000000
2018-02-25 13:37:00,0.00000420,1000.00000000
2018-02-25 13:37:01,0.00000421,3.00000000
2018-02-25 13:37:02,0.00000420,9983.00000000
2018-02-25 13:37:06,0.00000420,50.00000000
2018-02-25 13:37:08,0.00000420,5000.00000000
2018-02-25 13:37:12,0.00000420,1640.00000000
2018-02-25 13:37:18,0.00000421,23809.00000000
2018-02-25 13:37:21,0.00000421,3056.00000000
2018-02-25 13:37:23,0.00000421,23809.00000000
2018-02-25 13:37:23,0.00000421,33477.00000000
2018-02-25 13:37:23,0.00000420,100182.00000000
2018-02-25 13:37:31,0.00000420,657.00000000
2018-02-25 13:37:34,0.00000421,119.00000000
2018-02-25 13:37:55,0.00000420,119.00000000
2018-02-25 13:38:02,0.00000420,738.00000000
2018-02-25 13:38:03,0.00000421,134897.00000000
2018-02-25 13:38:05,0.00000421,4100.00000000
2018-02-25 13:38:21,0.00000420,16100.00000000
2018-02-25 13:38:24,0.00000420,49950.00000000
2018-02-25 13:38:27,0.00000420,1416.00000000
2018-02-25 13:38:35,0.00000420,8395.00000000
2018-02-25 13:38:48,0.00000420,21673.00000000
2018-02-25 13:38:49,0.00000421,3324.00000000
2018-02-25 13:38:55,0.00000420,918.00000000
2018-02-25 13:38:58,0.00000420,351.00000000
2018-02-25 13:38:58,0.00000420,2500.00000000
2018-02-25 13:39:00,0.00000420,46003.00000000
2018-02-25 13:39:01,0.00000420,114810.00000000
2018-02-25 13:39:04,0.00000420,60015.00000000
2018-02-25 13:39:05,0.00000421,1550.00000000
2018-02-25 13:39:08,0.00000421,13948.00000000
2018-02-25 13:39:15,0.00000420,2414.00000000
2018-02-25 13:39:17,0.00000421,119.00000000
2018-02-25 13:39:17,0.00000420,9991.00000000
2018-02-25 13:39:24,0.00000420,1001.00000000
2018-02-25 13:39:26,0.00000420,1045.00000000
2018-02-25 13:39:26,0.00000420,3197.00000000
2018-02-25 13:39:32,0.00000420,2286.00000000
2018-02-25 13:39:38,0.00000420,1709.00000000
2018-02-25 13:39:41,0.00000420,24098.00000000
2018-02-25 13:39:41,0.00000420,14540.00000000
2018-02-25 13:39:47,0.00000421,52382.00000000
2018-02-25 13:39:48,0.00000421,500.00000000
2018-02-25 13:39:49,0.00000420,1727.00000000
2018-02-25 13:39:50,0.00000420,300.00000000
2018-02-25 13:39:58,0.00000420,229889.00000000
2018-02-25 13:39:59,0.00000421,288.00000000
2018-02-25 13:39:59,0.00000420,3729.00000000
2018-02-25 13:40:02,0.00000420,106931.00000000
2018-02-25 13:40:02,0.00000420,400.00000000
2018-02-25 13:40:04,0.00000420,183019.00000000
2018-02-25 13:40:04,0.00000421,18300.00000000
2018-02-25 13:40:18,0.00000420,104860.00000000
2018-02-25 13:40:23,0.00000421,1238.00000000
2018-02-25 13:40:29,0.00000420,11738.00000000
2018-02-25 13:40:31,0.00000420,181105.00000000
2018-02-25 13:40:32,0.00000421,16600.00000000
2018-02-25 13:40:33,0.00000420,1135.00000000
2018-02-25 13:40:36,0.00000420,135785.00000000
2018-02-25 13:40:36,0.00000421,76.00000000
2018-02-25 13:40:37,0.00000420,5974.00000000
2018-02-25 13:40:38,0.00000420,825425.00000000
2018-02-25 13:40:40,0.00000420,3138.00000000
2018-02-25 13:40:42,0.00000421,3.00000000
2018-02-25 13:40:47,0.00000420,3043.00000000
2018-02-25 13:40:47,0.00000421,2375.00000000
2018-02-25 13:40:49,0.00000421,33679.00000000
2018-02-25 13:40:50,0.00000421,5497.00000000
2018-02-25 13:40:53,0.00000420,119.00000000
2018-02-25 13:40:53,0.00000421,16314.00000000
2018-02-25 13:40:59,0.00000421,120696.00000000
2018-02-25 13:41:03,0.00000421,30285.00000000
2018-02-25 13:41:04,0.00000420,1.00000000
2018-02-25 13:41:08,0.00000420,20000.00000000
2018-02-25 13:41:09,0.00000421,2424.00000000
2018-02-25 13:41:10,0.00000420,53001.00000000
2018-02-25 13:41:14,0.00000421,4791.00000000
2018-02-25 13:41:15,0.00000420,1005.00000000
2018-02-25 13:41:19,0.00000420,8137.00000000
2018-02-25 13:41:19,0.00000420,2989.00000000
2018-02-25 13:41:23,0.00000420,70531.00000000
2018-02-25 13:41:24,0.00000421,516.00000000
2018-02-25 13:41:30,0.00000420,21672.00000000
2018-02-25 13:41:30,0.00000420,431.00000000
2018-02-25 13:41:32,0.00000421,59.00000000
2018-02-25 13:41:36,0.00000421,1487.00000000
2018-02-25 13:41:38,0.00000420,3000.00000000
2018-02-25 13:41:42,0.00000421,1500.00000000
2018-02-25 13:41:43,0.00000420,42905.00000000
2018-02-25 13:41:43,0.00000420,91384.00000000
2018-02-25 13:41:44,0.00000420,413.00000000
2018-02-25 13:41:44,0.00000420,5672.00000000
2018-02-25 13:41:47,0.00000420,2338.00000000
2018-02-25 13:41:48,0.00000420,413.00000000
2018-02-25 13:41:48,0.00000420,2229.00000000
2018-02-25 13:41:54,0.00000420,529.00000000
2018-02-25 13:41:54,0.00000420,2652.00000000
2018-02-25 13:41:54,0.00000420,1290.00000000
2018-02-25 13:41:54,0.00000420,235508.00000000
2018-02-25 13:42:17,0.00000421,100000.00000000
2018-02-25 13:42:24,0.00000420,275.00000000
2018-02-25 13:42:25,0.00000420,1874.00000000
2018-02-25 13:42:28,0.00000420,743.00000000
2018-02-25 13:42:39,0.00000420,1327.00000000
2018-02-25 13:42:41,0.00000420,20000.00000000
2018-02-25 13:42:46,0.00000420,9282.00000000
2018-02-25 13:42:47,0.00000420,56538.00000000
2018-02-25 13:42:47,0.00000420,1552.00000000
2018-02-25 13:42:47,0.00000420,47618.00000000
2018-02-25 13:42:52,0.00000420,51869.00000000
2018-02-25 13:42:53,0.00000420,258.00000000
2018-02-25 13:42:55,0.00000420,5779.00000000
2018-02-25 13:42:55,0.00000420,184.00000000
2018-02-25 13:42:56,0.00000420,414.00000000
2018-02-25 13:42:57,0.00000420,4640.00000000
2018-02-25 13:43:03,0.00000421,104.00000000
2018-02-25 13:43:04,0.00000421,3600.00000000
2018-02-25 13:43:14,0.00000421,1039.00000000
2018-02-25 13:43:15,0.00000420,9.00000000
2018-02-25 13:43:16,0.00000421,991.00000000
2018-02-25 13:43:20,0.00000421,25495.00000000
2018-02-25 13:43:22,0.00000421,2500.00000000
2018-02-25 13:43:33,0.00000420,8502.00000000
2018-02-25 13:43:33,0.00000419,5001.00000000
2018-02-25 13:43:39,0.00000420,46.00000000
2018-02-25 13:43:41,0.00000420,102249.00000000
2018-02-25 13:43:47,0.00000420,680.00000000
2018-02-25 13:43:53,0.00000420,4141.00000000
2018-02-25 13:43:53,0.00000420,13.00000000
2018-02-25 13:43:55,0.00000420,355.00000000
2018-02-25 13:43:55,0.00000420,7000.00000000
2018-02-25 13:43:59,0.00000420,22128.00000000
2018-02-25 13:43:59,0.00000420,128.00000000
2018-02-25 13:44:05,0.00000420,15850.00000000
2018-02-25 13:44:15,0.00000420,355.00000000
2018-02-25 13:44:15,0.00000421,1.00000000
2018-02-25 13:44:17,0.00000420,4151.00000000
2018-02-25 13:44:18,0.00000420,82614.00000000
2018-02-25 13:44:21,0.00000420,2015.00000000
2018-02-25 13:44:21,0.00000420,892.00000000
2018-02-25 13:44:31,0.00000420,1008.00000000
2018-02-25 13:44:31,0.00000420,23269.00000000
2018-02-25 13:44:32,0.00000419,3.00000000
2018-02-25 13:44:35,0.00000420,18895.00000000
2018-02-25 13:44:39,0.00000419,131245.00000000
2018-02-25 13:44:45,0.00000420,89.00000000
2018-02-25 13:44:50,0.00000420,868.00000000
2018-02-25 13:44:57,0.00000420,224083.00000000
2018-02-25 13:45:04,0.00000419,16000.00000000
2018-02-25 13:45:13,0.00000420,824.00000000
2018-02-25 13:45:20,0.00000420,2522.00000000
2018-02-25 13:45:22,0.00000419,3517.00000000
2018-02-25 13:45:28,0.00000420,110559.00000000
2018-02-25 13:45:32,0.00000420,142.00000000
2018-02-25 13:45:33,0.00000419,1111.00000000
2018-02-25 13:45:44,0.00000419,3374.00000000
2018-02-25 13:45:47,0.00000420,5.00000000
2018-02-25 13:45:51,0.00000420,89.00000000
2018-02-25 13:45:51,0.00000419,16.00000000
2018-02-25 13:45:52,0.00000420,484176.00000000
2018-02-25 13:45:53,0.00000419,16.00000000
2018-02-25 13:45:54,0.00000420,2380.00000000
2018-02-25 13:46:00,0.00000420,1.00000000
2018-02-25 13:46:04,0.00000420,5477.00000000
2018-02-25 13:46:12,0.00000420,1212.00000000
2018-02-25 13:46:13,0.00000420,3170.00000000
2018-02-25 13:46:21,0.00000420,5158.00000000
2018-02-25 13:46:21,0.00000420,149742.00000000
2018-02-25 13:46:24,0.00000420,2380.00000000
2018-02-25 13:46:35,0.00000420,601.00000000
2018-02-25 13:46:38,0.00000420,2000.00000000
2018-02-25 13:46:42,0.00000420,57106.00000000
2018-02-25 13:46:46,0.00000420,1428.00000000
2018-02-25 13:46:49,0.00000419,1.00000000
2018-02-25 13:46:55,0.00000419,6406.00000000
2018-02-25 13:46:59,0.00000420,1.00000000
2018-02-25 13:47:01,0.00000419,294.00000000
2018-02-25 13:47:04,0.00000419,9843.00000000
2018-02-25 13:47:10,0.00000420,400.00000000
2018-02-25 13:47:11,0.00000420,139115.00000000
2018-02-25 13:47:13,0.00000419,2147.00000000
2018-02-25 13:47:14,0.00000420,1752.00000000
2018-02-25 13:47:20,0.00000420,5428.00000000
2018-02-25 13:47:21,0.00000419,5366.00000000
2018-02-25 13:47:22,0.00000420,53059.00000000
2018-02-25 13:47:23,0.00000420,11.00000000
2018-02-25 13:47:28,0.00000420,16715.00000000
2018-02-25 13:47:34,0.00000419,3100.00000000
2018-02-25 13:47:42,0.00000419,2147.00000000
2018-02-25 13:47:44,0.00000419,99.00000000
2018-02-25 13:47:44,0.00000420,18276.00000000
2018-02-25 13:47:45,0.00000419,13911.00000000
2018-02-25 13:47:47,0.00000420,2380.00000000
2018-02-25 13:47:50,0.00000420,967.00000000
2018-02-25 13:47:55,0.00000420,47.00000000
2018-02-25 13:48:00,0.00000420,10878.00000000
2018-02-25 13:48:02,0.00000420,138536.00000000
2018-02-25 13:48:03,0.00000419,114750.00000000
2018-02-25 13:48:07,0.00000419,2963.00000000
2018-02-25 13:48:08,0.00000419,3910.00000000
2018-02-25 13:48:12,0.00000419,382.00000000
2018-02-25 13:48:41,0.00000419,20.00000000
2018-02-25 13:48:44,0.00000419,7195.00000000
2018-02-25 13:48:50,0.00000420,5577.00000000
2018-02-25 13:48:51,0.00000419,120189.00000000
2018-02-25 13:49:10,0.00000419,1.00000000
2018-02-25 13:49:12,0.00000419,1.00000000
2018-02-25 13:49:14,0.00000419,219780.00000000
2018-02-25 13:49:18,0.00000420,545159.00000000
2018-02-25 13:49:23,0.00000420,91388.00000000
2018-02-25 13:49:26,0.00000420,438500.00000000
2018-02-25 13:49:27,0.00000420,23809.00000000
2018-02-25 13:49:27,0.00000420,71698.00000000
2018-02-25 13:49:31,0.00000420,10167.00000000
2018-02-25 13:49:42,0.00000421,85690.00000000
2018-02-25 13:49:44,0.00000420,3926.00000000
2018-02-25 13:49:47,0.00000421,4855.00000000
2018-02-25 13:49:48,0.00000421,5712.00000000
2018-02-25 13:50:07,0.00000421,4295.00000000
2018-02-25 13:50:22,0.00000420,500.00000000
2018-02-25 13:50:26,0.00000420,117164.00000000
2018-02-25 13:50:32,0.00000420,3720.00000000
2018-02-25 13:50:41,0.00000420,3861.00000000
2018-02-25 13:50:50,0.00000420,14863.00000000
2018-02-25 13:51:06,0.00000420,1217.00000000
2018-02-25 13:51:11,0.00000420,8191.00000000
2018-02-25 13:51:14,0.00000420,133595.00000000
2018-02-25 13:51:15,0.00000420,2305.00000000
2018-02-25 13:51:18,0.00000420,3247.00000000
2018-02-25 13:51:29,0.00000421,200.00000000
2018-02-25 13:51:31,0.00000420,3729.00000000
2018-02-25 13:51:37,0.00000420,500.00000000
2018-02-25 13:51:39,0.00000420,2500.00000000
2018-02-25 13:51:41,0.00000420,25255.00000000
2018-02-25 13:51:43,0.00000420,4019.00000000
2018-02-25 13:51:44,0.00000420,31619.00000000
2018-02-25 13:51:48,0.00000420,5613.00000000
2018-02-25 13:51:54,0.00000421,1200.00000000
2018-02-25 13:52:04,0.00000421,14584.00000000
2018-02-25 13:52:09,0.00000420,777.00000000
2018-02-25 13:52:10,0.00000421,486.00000000
2018-02-25 13:52:11,0.00000420,138975.00000000
2018-02-25 13:52:14,0.00000420,34465.00000000
2018-02-25 13:52:17,0.00000421,25000.00000000
2018-02-25 13:52:18,0.00000421,1386.00000000
2018-02-25 13:52:18,0.00000421,16343.00000000
2018-02-25 13:52:22,0.00000421,2375.00000000
2018-02-25 13:52:22,0.00000420,4000.00000000
2018-02-25 13:52:23,0.00000421,1200.00000000
2018-02-25 13:52:24,0.00000420,477.00000000
2018-02-25 13:52:25,0.00000421,420.00000000
2018-02-25 13:52:28,0.00000420,2985.00000000
2018-02-25 13:52:30,0.00000420,2013.00000000
2018-02-25 13:52:32,0.00000420,170.00000000
2018-02-25 13:52:45,0.00000420,1628.00000000
2018-02-25 13:52:52,0.00000420,13.00000000
2018-02-25 13:52:57,0.00000421,119553.00000000
2018-02-25 13:52:59,0.00000421,114300.00000000
2018-02-25 13:53:04,0.00000421,2.00000000
2018-02-25 13:53:17,0.00000421,8816.00000000
2018-02-25 13:53:20,0.00000421,6612.00000000
2018-02-25 13:53:24,0.00000421,9919.00000000
2018-02-25 13:53:40,0.00000420,154186.00000000
2018-02-25 13:53:41,0.00000421,1519.00000000
2018-02-25 13:53:46,0.00000420,30000.00000000
2018-02-25 13:54:05,0.00000421,331.00000000
2018-02-25 13:54:07,0.00000420,5331.00000000
2018-02-25 13:54:23,0.00000421,4465.00000000
2018-02-25 13:54:28,0.00000421,788.00000000
2018-02-25 13:54:35,0.00000420,75288.00000000
2018-02-25 13:54:36,0.00000421,9920.00000000
2018-02-25 13:54:39,0.00000420,1000.00000000
2018-02-25 13:54:41,0.00000420,4150.00000000
2018-02-25 13:54:43,0.00000421,600.00000000
2018-02-25 13:54:47,0.00000420,218.00000000
2018-02-25 13:54:57,0.00000420,933.00000000
2018-02-25 13:55:01,0.00000421,4000.00000000
2018-02-25 13:55:02,0.00000420,2448.00000000
2018-02-25 13:55:05,0.00000421,67.00000000
2018-02-25 13:55:09,0.00000420,92421.00000000
2018-02-25 13:55:13,0.00000421,379.00000000
2018-02-25 13:55:18,0.00000421,28456.00000000
2018-02-25 13:55:21,0.00000421,102252.00000000
2018-02-25 13:55:33,0.00000421,8844.00000000
2018-02-25 13:55:38,0.00000421,217.00000000
2018-02-25 13:55:50,0.00000421,344.00000000
2018-02-25 13:56:01,0.00000420,66046.00000000
2018-02-25 13:56:11,0.00000420,99386.00000000
2018-02-25 13:56:18,0.00000420,6276.00000000
2018-02-25 13:56:34,0.00000420,5414.00000000
2018-02-25 13:56:36,0.00000420,47271.00000000
2018-02-25 13:56:39,0.00000420,1459825.00000000
2018-02-25 13:56:40,0.00000420,7.00000000
2018-02-25 13:56:42,0.00000420,760.00000000
2018-02-25 13:56:45,0.00000420,30205.00000000
2018-02-25 13:56:49,0.00000420,763.00000000
2018-02-25 13:56:52,0.00000419,2401510.00000000
2018-02-25 13:56:54,0.00000420,19.00000000
2018-02-25 13:56:56,0.00000420,44776.00000000
2018-02-25 13:56:59,0.00000419,1542.00000000
2018-02-25 13:57:02,0.00000419,136053.00000000
2018-02-25 13:57:04,0.00000419,450.00000000
2018-02-25 13:57:07,0.00000420,1678.00000000
2018-02-25 13:57:09,0.00000419,1.00000000
2018-02-25 13:57:24,0.00000419,2190.00000000
2018-02-25 13:57:25,0.00000419,12795.00000000
2018-02-25 13:57:25,0.00000419,704.00000000
2018-02-25 13:57:27,0.00000420,1689.00000000
2018-02-25 13:57:31,0.00000420,310.00000000
2018-02-25 13:57:31,0.00000420,1118.00000000
2018-02-25 13:57:33,0.00000420,5000.00000000
2018-02-25 13:57:33,0.00000420,1762.00000000
2018-02-25 13:57:41,0.00000420,3962.00000000
2018-02-25 13:57:44,0.00000419,19.00000000
2018-02-25 13:57:48,0.00000420,2050.00000000
2018-02-25 13:57:48,0.00000419,32341.00000000
2018-02-25 13:57:51,0.00000420,127293.00000000
2018-02-25 13:57:57,0.00000420,40359.00000000
2018-02-25 13:57:58,0.00000419,300.00000000
2018-02-25 13:57:58,0.00000419,3871.00000000
2018-02-25 13:58:07,0.00000420,1072.00000000
2018-02-25 13:58:13,0.00000420,25743.00000000
2018-02-25 13:58:29,0.00000420,300.00000000
2018-02-25 13:58:29,0.00000420,7189.00000000
2018-02-25 13:58:33,0.00000420,239.00000000
2018-02-25 13:58:36,0.00000419,375254.00000000
2018-02-25 13:58:40,0.00000419,94253.00000000
2018-02-25 13:58:41,0.00000420,1098.00000000
2018-02-25 13:58:43,0.00000420,1118.00000000
2018-02-25 13:58:52,0.00000420,19173.00000000
2018-02-25 13:58:55,0.00000420,642.00000000
2018-02-25 13:58:56,0.00000420,10362.00000000
2018-02-25 13:58:56,0.00000420,2619.00000000
2018-02-25 13:58:58,0.00000420,30228.00000000
2018-02-25 13:59:15,0.00000420,476.00000000
2018-02-25 13:59:33,0.00000420,3544.00000000
2018-02-25 13:59:33,0.00000419,67230.00000000
2018-02-25 13:59:46,0.00000420,373.00000000
2018-02-25 13:59:51,0.00000420,5000.00000000
2018-02-25 13:59:52,0.00000420,2176.00000000
2018-02-25 13:59:56,0.00000420,414.00000000
2018-02-25 13:59:56,0.00000420,5034.00000000
2018-02-25 13:59:56,0.00000420,3340.00000000
2018-02-25 13:59:57,0.00000420,414.00000000
2018-02-25 13:59:58,0.00000420,931.00000000
2018-02-25 13:59:58,0.00000420,6825.00000000
2018-02-25 13:59:59,0.00000420,1569.00000000
