DATE,PRICE,VOLUME
2018-02-25 22:00:07,0.00000416,1216.00000000
2018-02-25 22:00:08,0.00000417,15.00000000
2018-02-25 22:00:09,0.00000416,2827.00000000
2018-02-25 22:00:09,0.00000416,5718.00000000
2018-02-25 22:00:11,0.00000416,1148.00000000
2018-02-25 22:00:13,0.00000416,742.00000000
2018-02-25 22:00:15,0.00000416,16030.00000000
2018-02-25 22:00:16,0.00000416,779.00000000
2018-02-25 22:00:18,0.00000416,1000.00000000
2018-02-25 22:00:19,0.00000416,837.00000000
2018-02-25 22:00:20,0.00000416,35257.00000000
2018-02-25 22:00:21,0.00000416,64829.00000000
2018-02-25 22:00:22,0.00000416,181652.00000000
2018-02-25 22:00:24,0.00000416,17022.00000000
2018-02-25 22:00:28,0.00000417,161259.00000000
2018-02-25 22:00:30,0.00000416,15.00000000
2018-02-25 22:00:31,0.00000416,27425.00000000
2018-02-25 22:00:38,0.00000416,4000.00000000
2018-02-25 22:00:38,0.00000417,12.00000000
2018-02-25 22:00:39,0.00000416,1071.00000000
2018-02-25 22:00:40,0.00000416,2151.00000000
2018-02-25 22:00:41,0.00000416,1160.00000000
2018-02-25 22:00:42,0.00000416,14861.00000000
2018-02-25 22:00:42,0.00000417,3386.00000000
2018-02-25 22:00:43,0.00000416,7471.00000000
2018-02-25 22:00:44,0.00000416,1971.00000000
2018-02-25 22:00:44,0.00000416,18000.00000000
2018-02-25 22:00:46,0.00000416,3276.00000000
2018-02-25 22:00:47,0.00000417,15.00000000
2018-02-25 22:00:50,0.00000416,10961.00000000
2018-02-25 22:00:58,0.00000416,1392.00000000
2018-02-25 22:00:59,0.00000416,124293.00000000
2018-02-25 22:01:02,0.00000416,132914.00000000
2018-02-25 22:01:03,0.00000416,6417.00000000
2018-02-25 22:01:05,0.00000416,158640.00000000
2018-02-25 22:01:05,0.00000417,49791.00000000
2018-02-25 22:01:05,0.00000416,23809.00000000
2018-02-25 22:01:05,0.00000416,36000.00000000
2018-02-25 22:01:07,0.00000416,10000.00000000
2018-02-25 22:01:10,0.00000417,4240.00000000
2018-02-25 22:01:14,0.00000417,150939.00000000
2018-02-25 22:01:15,0.00000416,424.00000000
2018-02-25 22:01:18,0.00000416,4995.00000000
2018-02-25 22:01:25,0.00000416,5034.00000000
2018-02-25 22:01:25,0.00000417,49888.00000000
2018-02-25 22:01:34,0.00000417,19097.00000000
2018-02-25 22:01:35,0.00000417,18003.00000000
2018-02-25 22:01:39,0.00000417,12780.00000000
2018-02-25 22:01:42,0.00000416,3315.00000000
2018-02-25 22:01:44,0.00000416,10056.00000000
2018-02-25 22:01:46,0.00000416,1000.00000000
2018-02-25 22:01:56,0.00000417,6046.00000000
2018-02-25 22:01:57,0.00000417,3420.00000000
2018-02-25 22:01:59,0.00000416,10488.00000000
2018-02-25 22:02:05,0.00000417,66780.00000000
2018-02-25 22:02:05,0.00000417,25000.00000000
2018-02-25 22:02:06,0.00000416,5100.00000000
2018-02-25 22:02:10,0.00000417,30388.00000000
2018-02-25 22:02:15,0.00000416,254782.00000000
2018-02-25 22:02:19,0.00000417,11872.00000000
2018-02-25 22:02:21,0.00000416,7747.00000000
2018-02-25 22:02:23,0.00000416,2880.00000000
2018-02-25 22:02:23,0.00000416,191087.00000000
2018-02-25 22:02:29,0.00000417,4029.00000000
2018-02-25 22:02:29,0.00000416,286631.00000000
2018-02-25 22:02:30,0.00000417,3591.00000000
2018-02-25 22:02:31,0.00000417,2000.00000000
2018-02-25 22:02:36,0.00000416,286631.00000000
2018-02-25 22:02:37,0.00000416,2000.00000000
2018-02-25 22:02:44,0.00000417,1269.00000000
2018-02-25 22:02:46,0.00000416,40000.00000000
2018-02-25 22:02:47,0.00000417,13236.00000000
2018-02-25 22:02:51,0.00000417,10000.00000000
2018-02-25 22:02:52,0.00000416,21.00000000
2018-02-25 22:02:57,0.00000417,682.00000000
2018-02-25 22:03:00,0.00000417,1215.00000000
2018-02-25 22:03:00,0.00000417,1215.00000000
2018-02-25 22:03:01,0.00000416,142718.00000000
2018-02-25 22:03:02,0.00000417,1128.00000000
2018-02-25 22:03:05,0.00000417,13633.00000000
2018-02-25 22:03:05,0.00000416,29941.00000000
2018-02-25 22:03:08,0.00000416,20001.00000000
2018-02-25 22:03:09,0.00000416,789.00000000
2018-02-25 22:03:11,0.00000416,4422.00000000
2018-02-25 22:03:14,0.00000417,4058.00000000
2018-02-25 22:03:31,0.00000417,1000.00000000
2018-02-25 22:03:31,0.00000416,14870.00000000
2018-02-25 22:03:36,0.00000416,1494.00000000
2018-02-25 22:03:38,0.00000416,1748.00000000
2018-02-25 22:03:42,0.00000417,6509.00000000
2018-02-25 22:03:42,0.00000417,4038.00000000
2018-02-25 22:03:45,0.00000417,719.00000000
2018-02-25 22:03:45,0.00000416,500.00000000
2018-02-25 22:03:48,0.00000417,11926.00000000
2018-02-25 22:03:48,0.00000417,11990.00000000
2018-02-25 22:03:48,0.00000416,11000.00000000
2018-02-25 22:03:52,0.00000416,79461.00000000
2018-02-25 22:03:52,0.00000417,12.00000000
2018-02-25 22:03:54,0.00000416,43066.00000000
2018-02-25 22:03:55,0.00000417,719.00000000
2018-02-25 22:03:56,0.00000416,23181.00000000
2018-02-25 22:04:01,0.00000416,3651.00000000
2018-02-25 22:04:02,0.00000416,1613.00000000
2018-02-25 22:04:03,0.00000416,1335.00000000
2018-02-25 22:04:03,0.00000416,7754.00000000
2018-02-25 22:04:05,0.00000416,3372.00000000
2018-02-25 22:04:07,0.00000417,37752.00000000
2018-02-25 22:04:07,0.00000417,420.00000000
2018-02-25 22:04:07,0.00000416,271.00000000
2018-02-25 22:04:08,0.00000417,2633.00000000
2018-02-25 22:04:11,0.00000416,1409.00000000
2018-02-25 22:04:13,0.00000416,20000.00000000
2018-02-25 22:04:14,0.00000416,1403.00000000
2018-02-25 22:04:16,0.00000417,5.00000000
2018-02-25 22:04:18,0.00000416,1159284.00000000
2018-02-25 22:04:26,0.00000416,3488.00000000
2018-02-25 22:04:26,0.00000416,84910.00000000
2018-02-25 22:04:29,0.00000416,200000.00000000
2018-02-25 22:04:29,0.00000416,3000.00000000
2018-02-25 22:04:30,0.00000417,3418.00000000
2018-02-25 22:04:31,0.00000417,255.00000000
2018-02-25 22:04:33,0.00000416,35504.00000000
2018-02-25 22:04:33,0.00000416,17740.00000000
2018-02-25 22:04:36,0.00000417,405.00000000
2018-02-25 22:04:40,0.00000417,80.00000000
2018-02-25 22:04:42,0.00000417,263268.00000000
2018-02-25 22:04:42,0.00000417,346115.00000000
2018-02-25 22:04:47,0.00000417,154410.00000000
2018-02-25 22:04:50,0.00000416,6509.00000000
2018-02-25 22:04:55,0.00000417,62.00000000
2018-02-25 22:04:55,0.00000417,18779.00000000
2018-02-25 22:04:56,0.00000417,6200.00000000
2018-02-25 22:05:03,0.00000417,2833.00000000
2018-02-25 22:05:05,0.00000417,8082.00000000
2018-02-25 22:05:08,0.00000417,1199.00000000
2018-02-25 22:05:09,0.00000417,1805.00000000
2018-02-25 22:05:11,0.00000417,420.00000000
2018-02-25 22:05:12,0.00000417,1000.00000000
2018-02-25 22:05:14,0.00000417,3476.00000000
2018-02-25 22:05:15,0.00000417,1979.00000000
2018-02-25 22:05:18,0.00000417,1775.00000000
2018-02-25 22:05:18,0.00000417,21270.00000000
2018-02-25 22:05:19,0.00000417,2500.00000000
2018-02-25 22:05:19,0.00000417,36567.00000000
2018-02-25 22:05:19,0.00000417,25.00000000
2018-02-25 22:05:19,0.00000416,2197.00000000
2018-02-25 22:05:25,0.00000416,49457.00000000
2018-02-25 22:05:27,0.00000416,3.00000000
2018-02-25 22:05:36,0.00000416,1362.00000000
2018-02-25 22:05:37,0.00000417,26.00000000
2018-02-25 22:05:37,0.00000417,7000.00000000
2018-02-25 22:05:37,0.00000416,191.00000000
2018-02-25 22:05:38,0.00000417,56216.00000000
2018-02-25 22:05:40,0.00000417,149664.00000000
2018-02-25 22:05:41,0.00000417,7.00000000
2018-02-25 22:05:45,0.00000417,10060.00000000
2018-02-25 22:05:50,0.00000417,1.00000000
2018-02-25 22:06:03,0.00000417,3510.00000000
2018-02-25 22:06:05,0.00000416,48185.00000000
2018-02-25 22:06:15,0.00000417,11990.00000000
2018-02-25 22:06:16,0.00000417,1382.00000000
2018-02-25 22:06:16,0.00000416,64322.00000000
2018-02-25 22:06:17,0.00000417,6705.00000000
2018-02-25 22:06:18,0.00000417,11990.00000000
2018-02-25 22:06:22,0.00000417,21005.00000000
2018-02-25 22:06:25,0.00000417,3267.00000000
2018-02-25 22:06:32,0.00000416,70338.00000000
2018-02-25 22:06:34,0.00000417,124788.00000000
2018-02-25 22:06:36,0.00000417,5.00000000
2018-02-25 22:06:37,0.00000416,3099.00000000
2018-02-25 22:06:38,0.00000417,1829.00000000
2018-02-25 22:06:40,0.00000417,6723.00000000
2018-02-25 22:06:47,0.00000416,3071.00000000
2018-02-25 22:06:49,0.00000416,836.00000000
2018-02-25 22:06:49,0.00000416,22792.00000000
2018-02-25 22:06:51,0.00000417,3671.00000000
2018-02-25 22:06:52,0.00000417,605.00000000
2018-02-25 22:06:52,0.00000417,1333.00000000
2018-02-25 22:06:53,0.00000416,1998.00000000
2018-02-25 22:06:55,0.00000417,6775.00000000
2018-02-25 22:06:57,0.00000417,140545.00000000
2018-02-25 22:06:58,0.00000416,511.00000000
2018-02-25 22:06:59,0.00000417,104592.00000000
2018-02-25 22:07:02,0.00000417,5482.00000000
2018-02-25 22:07:06,0.00000417,3764.00000000
2018-02-25 22:07:07,0.00000416,10000.00000000
2018-02-25 22:07:07,0.00000417,6117.00000000
2018-02-25 22:07:09,0.00000417,6.00000000
2018-02-25 22:07:12,0.00000416,38047.00000000
2018-02-25 22:07:20,0.00000417,88.00000000
2018-02-25 22:07:21,0.00000417,3566.00000000
2018-02-25 22:07:23,0.00000416,88732.00000000
2018-02-25 22:07:40,0.00000417,10.00000000
2018-02-25 22:07:42,0.00000417,39972.00000000
2018-02-25 22:07:44,0.00000417,1000.00000000
2018-02-25 22:07:47,0.00000417,22.00000000
2018-02-25 22:07:47,0.00000417,7.00000000
2018-02-25 22:07:48,0.00000417,1329.00000000
2018-02-25 22:07:58,0.00000417,3565.00000000
2018-02-25 22:07:59,0.00000416,5443.00000000
2018-02-25 22:08:06,0.00000416,24004.00000000
2018-02-25 22:08:11,0.00000416,119672.00000000
2018-02-25 22:08:13,0.00000417,1976.00000000
2018-02-25 22:08:15,0.00000416,143740.00000000
2018-02-25 22:08:15,0.00000417,300.00000000
2018-02-25 22:08:15,0.00000417,4.00000000
2018-02-25 22:08:21,0.00000417,1000.00000000
2018-02-25 22:08:22,0.00000417,620.00000000
2018-02-25 22:08:25,0.00000417,3559.00000000
2018-02-25 22:08:26,0.00000417,59.00000000
2018-02-25 22:08:30,0.00000417,5000.00000000
2018-02-25 22:08:30,0.00000417,4.00000000
2018-02-25 22:08:37,0.00000416,2033.00000000
2018-02-25 22:08:53,0.00000416,14888.00000000
2018-02-25 22:08:55,0.00000416,70.00000000
2018-02-25 22:09:03,0.00000417,3876.00000000
2018-02-25 22:09:05,0.00000416,2205.00000000
2018-02-25 22:09:06,0.00000417,117638.00000000
2018-02-25 22:09:08,0.00000417,607.00000000
2018-02-25 22:09:10,0.00000417,12876.00000000
2018-02-25 22:09:12,0.00000417,6.00000000
2018-02-25 22:09:13,0.00000417,5000.00000000
2018-02-25 22:09:22,0.00000416,31419.00000000
2018-02-25 22:09:26,0.00000416,27420.00000000
2018-02-25 22:09:26,0.00000416,23808.00000000
2018-02-25 22:09:27,0.00000417,2895.00000000
2018-02-25 22:09:27,0.00000416,2446.00000000
2018-02-25 22:09:29,0.00000417,19097.00000000
2018-02-25 22:09:33,0.00000416,205494.00000000
2018-02-25 22:09:36,0.00000417,370.00000000
2018-02-25 22:09:38,0.00000416,193908.00000000
2018-02-25 22:09:39,0.00000416,12019.00000000
2018-02-25 22:09:39,0.00000416,6922.00000000
2018-02-25 22:09:40,0.00000416,4863.00000000
2018-02-25 22:09:40,0.00000416,822.00000000
2018-02-25 22:09:40,0.00000415,695.00000000
2018-02-25 22:09:40,0.00000415,1089.00000000
2018-02-25 22:09:40,0.00000415,3265.00000000
2018-02-25 22:09:40,0.00000415,61394.00000000
2018-02-25 22:09:40,0.00000416,163003.00000000
2018-02-25 22:09:41,0.00000416,806.00000000
2018-02-25 22:09:41,0.00000416,12019.00000000
2018-02-25 22:09:41,0.00000416,17981.00000000
2018-02-25 22:09:42,0.00000416,9737.00000000
2018-02-25 22:09:42,0.00000416,814.00000000
2018-02-25 22:09:42,0.00000416,4364.00000000
2018-02-25 22:09:43,0.00000416,12019.00000000
2018-02-25 22:09:44,0.00000416,8966.00000000
2018-02-25 22:09:45,0.00000416,12019.00000000
2018-02-25 22:09:47,0.00000416,3549.00000000
2018-02-25 22:09:48,0.00000416,12019.00000000
2018-02-25 22:09:48,0.00000416,721.00000000
2018-02-25 22:09:49,0.00000416,1050.00000000
2018-02-25 22:09:51,0.00000416,12019.00000000
2018-02-25 22:09:53,0.00000416,12019.00000000
2018-02-25 22:09:55,0.00000416,12019.00000000
2018-02-25 22:09:59,0.00000416,500.00000000
2018-02-25 22:10:00,0.00000416,1000.00000000
2018-02-25 22:10:00,0.00000416,12019.00000000
2018-02-25 22:10:02,0.00000415,9895.00000000
2018-02-25 22:10:03,0.00000416,2499.00000000
2018-02-25 22:10:04,0.00000416,3189.00000000
2018-02-25 22:10:04,0.00000415,35234.00000000
2018-02-25 22:10:05,0.00000416,928.00000000
2018-02-25 22:10:05,0.00000416,146773.00000000
2018-02-25 22:10:06,0.00000415,1201.00000000
2018-02-25 22:10:12,0.00000415,37503.00000000
2018-02-25 22:10:14,0.00000415,7591.00000000
2018-02-25 22:10:15,0.00000416,1000.00000000
2018-02-25 22:10:17,0.00000416,389.00000000
2018-02-25 22:10:18,0.00000416,240.00000000
2018-02-25 22:10:21,0.00000416,1000.00000000
2018-02-25 22:10:21,0.00000415,1180.00000000
2018-02-25 22:10:27,0.00000416,14249.00000000
2018-02-25 22:10:28,0.00000416,480.00000000
2018-02-25 22:10:29,0.00000416,1050.00000000
2018-02-25 22:10:31,0.00000415,13552.00000000
2018-02-25 22:10:38,0.00000415,2898.00000000
2018-02-25 22:10:39,0.00000416,9703.00000000
2018-02-25 22:10:44,0.00000416,1025.00000000
2018-02-25 22:10:45,0.00000416,1360.00000000
2018-02-25 22:10:49,0.00000415,5645.00000000
2018-02-25 22:10:50,0.00000415,123424.00000000
2018-02-25 22:10:53,0.00000415,1682.00000000
2018-02-25 22:10:59,0.00000416,1000.00000000
2018-02-25 22:10:59,0.00000416,528.00000000
2018-02-25 22:11:03,0.00000416,4097.00000000
2018-02-25 22:11:05,0.00000416,1481.00000000
2018-02-25 22:11:07,0.00000416,4200.00000000
2018-02-25 22:11:16,0.00000416,2571.00000000
2018-02-25 22:11:18,0.00000416,36.00000000
2018-02-25 22:11:31,0.00000416,708.00000000
2018-02-25 22:11:39,0.00000415,10002.00000000
2018-02-25 22:11:42,0.00000416,4001.00000000
2018-02-25 22:11:44,0.00000416,76463.00000000
2018-02-25 22:11:45,0.00000416,107003.00000000
2018-02-25 22:11:58,0.00000416,2823.00000000
2018-02-25 22:11:58,0.00000416,6286.00000000
2018-02-25 22:12:00,0.00000416,480.00000000
2018-02-25 22:12:05,0.00000415,14793.00000000
2018-02-25 22:12:11,0.00000416,2010.00000000
2018-02-25 22:12:12,0.00000416,3941.00000000
2018-02-25 22:12:18,0.00000415,2500.00000000
2018-02-25 22:12:20,0.00000416,40913.00000000
2018-02-25 22:12:23,0.00000416,16.00000000
2018-02-25 22:12:27,0.00000416,135509.00000000
2018-02-25 22:12:30,0.00000415,37.00000000
2018-02-25 22:12:35,0.00000416,481.00000000
2018-02-25 22:12:38,0.00000416,10.00000000
2018-02-25 22:12:39,0.00000416,333670.00000000
2018-02-25 22:12:42,0.00000416,291.00000000
2018-02-25 22:12:43,0.00000417,479.00000000
2018-02-25 22:12:47,0.00000417,34448.00000000
2018-02-25 22:12:49,0.00000416,251.00000000
2018-02-25 22:12:54,0.00000416,4385.00000000
2018-02-25 22:12:57,0.00000417,719.00000000
2018-02-25 22:13:00,0.00000416,39580.00000000
2018-02-25 22:13:00,0.00000417,20.00000000
2018-02-25 22:13:00,0.00000416,716.00000000
2018-02-25 22:13:04,0.00000416,489.00000000
2018-02-25 22:13:09,0.00000417,5885.00000000
2018-02-25 22:13:10,0.00000416,61609.00000000
2018-02-25 22:13:11,0.00000417,479.00000000
2018-02-25 22:13:12,0.00000416,86390.00000000
2018-02-25 22:13:12,0.00000417,25.00000000
2018-02-25 22:13:14,0.00000417,3.00000000
2018-02-25 22:13:15,0.00000417,1285.00000000
2018-02-25 22:13:20,0.00000416,1000.00000000
2018-02-25 22:13:24,0.00000416,434.00000000
2018-02-25 22:13:28,0.00000416,6338.00000000
2018-02-25 22:13:28,0.00000416,60096.00000000
2018-02-25 22:13:30,0.00000416,34981.00000000
2018-02-25 22:13:33,0.00000416,7965.00000000
2018-02-25 22:13:35,0.00000417,5741.00000000
2018-02-25 22:13:47,0.00000417,959.00000000
2018-02-25 22:13:49,0.00000417,11634.00000000
2018-02-25 22:13:51,0.00000417,2.00000000
2018-02-25 22:13:52,0.00000416,5068.00000000
2018-02-25 22:13:52,0.00000417,7838.00000000
2018-02-25 22:13:59,0.00000417,842.00000000
2018-02-25 22:14:00,0.00000416,1362.00000000
2018-02-25 22:14:01,0.00000416,115929.00000000
2018-02-25 22:14:06,0.00000417,63967.00000000
2018-02-25 22:14:08,0.00000417,239.00000000
2018-02-25 22:14:12,0.00000417,1453.00000000
2018-02-25 22:14:15,0.00000416,508.00000000
2018-02-25 22:14:19,0.00000417,16.00000000
2018-02-25 22:14:25,0.00000417,30000.00000000
2018-02-25 22:14:28,0.00000417,121892.00000000
2018-02-25 22:14:33,0.00000417,6904.00000000
2018-02-25 22:14:42,0.00000416,365.00000000
2018-02-25 22:14:48,0.00000417,349.00000000
2018-02-25 22:14:50,0.00000417,4241.00000000
2018-02-25 22:14:52,0.00000417,1000.00000000
2018-02-25 22:14:54,0.00000417,153970.00000000
2018-02-25 22:14:57,0.00000417,24038.00000000
2018-02-25 22:15:05,0.00000417,18142.00000000
2018-02-25 22:15:11,0.00000416,1578.00000000
2018-02-25 22:15:22,0.00000416,18488.00000000
2018-02-25 22:15:22,0.00000416,498.00000000
2018-02-25 22:15:23,0.00000417,4096.00000000
2018-02-25 22:15:25,0.00000416,1000.00000000
2018-02-25 22:15:33,0.00000417,2232.00000000
2018-02-25 22:15:37,0.00000417,200105.00000000
2018-02-25 22:15:39,0.00000416,148280.00000000
2018-02-25 22:15:42,0.00000417,2038.00000000
2018-02-25 22:15:45,0.00000417,1000.00000000
2018-02-25 22:15:45,0.00000416,3500.00000000
2018-02-25 22:15:50,0.00000417,6511.00000000
2018-02-25 22:15:50,0.00000417,2398.00000000
2018-02-25 22:15:50,0.00000417,6511.00000000
2018-02-25 22:15:50,0.00000417,16089.00000000
2018-02-25 22:15:53,0.00000417,2000.00000000
2018-02-25 22:16:00,0.00000416,2344.00000000
2018-02-25 22:16:01,0.00000416,33544.00000000
2018-02-25 22:16:01,0.00000417,53735.00000000
2018-02-25 22:16:01,0.00000417,7179.00000000
2018-02-25 22:16:01,0.00000417,17953.00000000
2018-02-25 22:16:01,0.00000416,7179.00000000
2018-02-25 22:16:05,0.00000416,49741.00000000
2018-02-25 22:16:07,0.00000416,7337.00000000
2018-02-25 22:16:07,0.00000416,70551.00000000
2018-02-25 22:16:15,0.00000416,1090.00000000
2018-02-25 22:16:18,0.00000416,1000.00000000
2018-02-25 22:16:18,0.00000416,22752.00000000
2018-02-25 22:16:20,0.00000416,10497.00000000
2018-02-25 22:16:24,0.00000417,44993.00000000
2018-02-25 22:16:29,0.00000416,80327.00000000
2018-02-25 22:16:30,0.00000416,14350.00000000
2018-02-25 22:16:50,0.00000416,15000.00000000
2018-02-25 22:16:53,0.00000417,1157.00000000
2018-02-25 22:16:56,0.00000417,8779.00000000
2018-02-25 22:17:06,0.00000417,2345.00000000
2018-02-25 22:17:08,0.00000417,757.00000000
2018-02-25 22:17:09,0.00000417,1515.00000000
2018-02-25 22:17:13,0.00000417,1977.00000000
2018-02-25 22:17:16,0.00000416,534.00000000
2018-02-25 22:17:21,0.00000417,254.00000000
2018-02-25 22:17:24,0.00000416,30719.00000000
2018-02-25 22:17:28,0.00000417,21061.00000000
2018-02-25 22:17:28,0.00000417,7436.00000000
2018-02-25 22:17:29,0.00000417,152850.00000000
2018-02-25 22:17:29,0.00000416,159.00000000
2018-02-25 22:17:31,0.00000416,970163.00000000
2018-02-25 22:17:32,0.00000416,13038.00000000
2018-02-25 22:17:32,0.00000416,10376.00000000
2018-02-25 22:17:32,0.00000416,164417.00000000
2018-02-25 22:17:32,0.00000416,9369.00000000
2018-02-25 22:17:33,0.00000416,500.00000000
2018-02-25 22:17:38,0.00000417,3906.00000000
2018-02-25 22:17:39,0.00000417,2398.00000000
2018-02-25 22:17:42,0.00000417,1290.00000000
2018-02-25 22:17:46,0.00000417,877.00000000
2018-02-25 22:17:56,0.00000416,17207.00000000
2018-02-25 22:18:04,0.00000417,79387.00000000
2018-02-25 22:18:04,0.00000417,27.00000000
2018-02-25 22:18:05,0.00000417,1.00000000
2018-02-25 22:18:07,0.00000416,3155.00000000
2018-02-25 22:18:08,0.00000416,1373.00000000
2018-02-25 22:18:10,0.00000417,144152.00000000
2018-02-25 22:18:39,0.00000417,9434.00000000
2018-02-25 22:18:39,0.00000417,14744.00000000
2018-02-25 22:18:40,0.00000417,30278.00000000
2018-02-25 22:18:40,0.00000416,56743.00000000
2018-02-25 22:18:44,0.00000416,2600.00000000
2018-02-25 22:18:52,0.00000416,1408.00000000
2018-02-25 22:18:55,0.00000416,8979.00000000
2018-02-25 22:18:56,0.00000416,123124.00000000
2018-02-25 22:19:03,0.00000416,1648.00000000
2018-02-25 22:19:04,0.00000416,12382.00000000
2018-02-25 22:19:04,0.00000416,5565.00000000
2018-02-25 22:19:07,0.00000416,1079.00000000
2018-02-25 22:19:14,0.00000416,7499.00000000
2018-02-25 22:19:21,0.00000416,65222.00000000
2018-02-25 22:19:32,0.00000417,2398.00000000
2018-02-25 22:19:33,0.00000416,1213.00000000
2018-02-25 22:19:37,0.00000417,2398.00000000
2018-02-25 22:19:49,0.00000416,739.00000000
2018-02-25 22:19:49,0.00000416,2981.00000000
2018-02-25 22:19:50,0.00000416,157524.00000000
2018-02-25 22:19:50,0.00000416,30311.00000000
2018-02-25 22:19:53,0.00000416,10000.00000000
2018-02-25 22:19:58,0.00000416,1382.00000000
2018-02-25 22:20:08,0.00000416,2549.00000000
2018-02-25 22:20:16,0.00000416,1000.00000000
2018-02-25 22:20:19,0.00000416,72318.00000000
2018-02-25 22:20:20,0.00000417,6.00000000
2018-02-25 22:20:21,0.00000416,765.00000000
2018-02-25 22:20:27,0.00000416,21.00000000
2018-02-25 22:20:28,0.00000416,17981.00000000
2018-02-25 22:20:31,0.00000416,1829.00000000
2018-02-25 22:20:35,0.00000416,2591.00000000
2018-02-25 22:20:36,0.00000417,1.00000000
2018-02-25 22:20:38,0.00000416,2922.00000000
2018-02-25 22:20:39,0.00000417,2398.00000000
2018-02-25 22:20:39,0.00000416,134498.00000000
2018-02-25 22:20:42,0.00000417,2391.00000000
2018-02-25 22:20:45,0.00000417,1190.00000000
2018-02-25 22:20:49,0.00000417,1190.00000000
2018-02-25 22:20:50,0.00000416,19994.00000000
2018-02-25 22:20:50,0.00000416,449.00000000
2018-02-25 22:20:59,0.00000417,2.00000000
2018-02-25 22:21:01,0.00000416,10000.00000000
2018-02-25 22:21:04,0.00000416,54396.00000000
2018-02-25 22:21:06,0.00000416,21295.00000000
2018-02-25 22:21:08,0.00000417,2.00000000
2018-02-25 22:21:12,0.00000416,800003.00000000
2018-02-25 22:21:21,0.00000417,1.00000000
2018-02-25 22:21:24,0.00000416,40629.00000000
2018-02-25 22:21:24,0.00000416,93505.00000000
2018-02-25 22:21:28,0.00000416,2877.00000000
2018-02-25 22:21:28,0.00000416,5994.00000000
2018-02-25 22:21:30,0.00000417,20.00000000
2018-02-25 22:21:31,0.00000417,250.00000000
2018-02-25 22:21:32,0.00000417,108.00000000
2018-02-25 22:21:41,0.00000416,789.00000000
2018-02-25 22:21:41,0.00000416,1000.00000000
2018-02-25 22:21:41,0.00000415,563.00000000
2018-02-25 22:21:43,0.00000416,2063.00000000
2018-02-25 22:21:43,0.00000416,485.00000000
2018-02-25 22:21:43,0.00000416,746.00000000
2018-02-25 22:21:53,0.00000416,1308.00000000
2018-02-25 22:21:53,0.00000416,668.00000000
2018-02-25 22:21:59,0.00000416,2700.00000000
2018-02-25 22:22:01,0.00000416,721.00000000
2018-02-25 22:22:05,0.00000416,638.00000000
2018-02-25 22:22:07,0.00000416,721.00000000
2018-02-25 22:22:13,0.00000416,527.00000000
2018-02-25 22:22:15,0.00000415,71720.00000000
2018-02-25 22:22:15,0.00000416,1643.00000000
2018-02-25 22:22:16,0.00000416,780.00000000
2018-02-25 22:22:17,0.00000416,1813.00000000
2018-02-25 22:22:20,0.00000416,9696.00000000
2018-02-25 22:22:28,0.00000416,2749.00000000
2018-02-25 22:22:40,0.00000416,3370.00000000
2018-02-25 22:22:41,0.00000416,5717.00000000
2018-02-25 22:22:46,0.00000416,40547.00000000
2018-02-25 22:22:54,0.00000416,10559.00000000
2018-02-25 22:22:54,0.00000417,2.00000000
2018-02-25 22:22:59,0.00000417,410.00000000
2018-02-25 22:23:01,0.00000416,18787.00000000
2018-02-25 22:23:04,0.00000416,67823.00000000
2018-02-25 22:23:19,0.00000416,5038.00000000
2018-02-25 22:23:35,0.00000416,900.00000000
2018-02-25 22:23:36,0.00000416,1000.00000000
2018-02-25 22:23:41,0.00000416,3824.00000000
2018-02-25 22:23:43,0.00000415,492.00000000
2018-02-25 22:23:44,0.00000416,8477.00000000
2018-02-25 22:23:47,0.00000415,4628.00000000
2018-02-25 22:23:47,0.00000416,10153.00000000
2018-02-25 22:23:54,0.00000416,1335.00000000
2018-02-25 22:23:54,0.00000417,3768.00000000
2018-02-25 22:23:58,0.00000416,485.00000000
2018-02-25 22:24:01,0.00000416,80951.00000000
2018-02-25 22:24:03,0.00000415,310459.00000000
2018-02-25 22:24:05,0.00000415,861.00000000
2018-02-25 22:24:25,0.00000415,21.00000000
2018-02-25 22:24:26,0.00000415,999.00000000
2018-02-25 22:24:33,0.00000416,4881.00000000
2018-02-25 22:24:35,0.00000416,4955.00000000
2018-02-25 22:24:47,0.00000416,1405.00000000
2018-02-25 22:24:55,0.00000416,1857.00000000
2018-02-25 22:24:56,0.00000416,4222.00000000
2018-02-25 22:24:56,0.00000416,7595.00000000
2018-02-25 22:24:57,0.00000416,422.00000000
2018-02-25 22:24:57,0.00000416,4813.00000000
2018-02-25 22:24:58,0.00000416,591.00000000
2018-02-25 22:25:03,0.00000416,153939.00000000
2018-02-25 22:25:05,0.00000415,1231.00000000
2018-02-25 22:25:09,0.00000416,4457.00000000
2018-02-25 22:25:12,0.00000416,2403.00000000
2018-02-25 22:25:15,0.00000415,999.00000000
2018-02-25 22:25:20,0.00000416,5000.00000000
2018-02-25 22:25:22,0.00000416,7.00000000
2018-02-25 22:25:25,0.00000416,14207.00000000
2018-02-25 22:25:30,0.00000416,33838.00000000
2018-02-25 22:25:32,0.00000416,500.00000000
2018-02-25 22:25:33,0.00000415,776634.00000000
2018-02-25 22:25:34,0.00000416,812.00000000
2018-02-25 22:25:36,0.00000416,1000.00000000
2018-02-25 22:25:38,0.00000416,26632.00000000
2018-02-25 22:25:38,0.00000416,480.00000000
2018-02-25 22:25:43,0.00000416,9313.00000000
2018-02-25 22:25:43,0.00000416,13274.00000000
2018-02-25 22:25:46,0.00000416,24037.00000000
2018-02-25 22:25:51,0.00000416,4362.00000000
2018-02-25 22:25:56,0.00000415,80729.00000000
2018-02-25 22:26:04,0.00000416,3009.00000000
2018-02-25 22:26:04,0.00000416,494.00000000
2018-02-25 22:26:06,0.00000415,22951.00000000
2018-02-25 22:26:07,0.00000416,15500.00000000
2018-02-25 22:26:12,0.00000416,31432.00000000
2018-02-25 22:26:18,0.00000416,2424.00000000
2018-02-25 22:26:22,0.00000416,3602.00000000
2018-02-25 22:26:23,0.00000416,4370.00000000
2018-02-25 22:26:24,0.00000416,1000.00000000
2018-02-25 22:26:26,0.00000415,220882.00000000
2018-02-25 22:26:28,0.00000416,6.00000000
2018-02-25 22:26:28,0.00000416,26192.00000000
2018-02-25 22:26:40,0.00000415,600.00000000
2018-02-25 22:26:44,0.00000416,2910.00000000
2018-02-25 22:26:44,0.00000416,161897.00000000
2018-02-25 22:26:48,0.00000415,1510.00000000
2018-02-25 22:26:55,0.00000416,5000.00000000
2018-02-25 22:27:02,0.00000416,1388.00000000
2018-02-25 22:27:03,0.00000415,900.00000000
2018-02-25 22:27:04,0.00000416,10806.00000000
2018-02-25 22:27:06,0.00000416,591.00000000
2018-02-25 22:27:06,0.00000415,1686.00000000
2018-02-25 22:27:08,0.00000416,591.00000000
2018-02-25 22:27:15,0.00000416,591.00000000
2018-02-25 22:27:15,0.00000415,1500.00000000
2018-02-25 22:27:22,0.00000416,2403.00000000
2018-02-25 22:27:24,0.00000416,3731.00000000
2018-02-25 22:27:28,0.00000416,5.00000000
2018-02-25 22:27:29,0.00000416,345.00000000
2018-02-25 22:27:30,0.00000416,3776.00000000
2018-02-25 22:27:33,0.00000416,721.00000000
2018-02-25 22:27:42,0.00000415,414.00000000
2018-02-25 22:27:42,0.00000416,50337.00000000
2018-02-25 22:27:43,0.00000416,89147.00000000
2018-02-25 22:27:59,0.00000416,568.00000000
2018-02-25 22:28:00,0.00000416,1110.00000000
2018-02-25 22:28:04,0.00000415,931.00000000
2018-02-25 22:28:04,0.00000415,7454.00000000
2018-02-25 22:28:04,0.00000416,1802.00000000
2018-02-25 22:28:10,0.00000416,5.00000000
2018-02-25 22:28:13,0.00000416,3615.00000000
2018-02-25 22:28:14,0.00000416,2144.00000000
2018-02-25 22:28:15,0.00000415,19212.00000000
2018-02-25 22:28:18,0.00000416,13211.00000000
2018-02-25 22:28:21,0.00000415,1204.00000000
2018-02-25 22:28:23,0.00000415,32993.00000000
2018-02-25 22:28:29,0.00000416,72907.00000000
2018-02-25 22:28:40,0.00000415,19059.00000000
2018-02-25 22:28:42,0.00000415,104286.00000000
2018-02-25 22:28:44,0.00000416,502.00000000
2018-02-25 22:28:46,0.00000415,1376.00000000
2018-02-25 22:28:47,0.00000415,1270.00000000
2018-02-25 22:28:48,0.00000415,1376.00000000
2018-02-25 22:28:55,0.00000416,72907.00000000
2018-02-25 22:28:57,0.00000415,2497.00000000
2018-02-25 22:29:00,0.00000415,25000.00000000
2018-02-25 22:29:06,0.00000415,667.00000000
2018-02-25 22:29:10,0.00000415,1905.00000000
2018-02-25 22:29:10,0.00000416,105.00000000
2018-02-25 22:29:14,0.00000416,3201.00000000
2018-02-25 22:29:15,0.00000416,565.00000000
2018-02-25 22:29:16,0.00000416,8112.00000000
2018-02-25 22:29:22,0.00000415,2899.00000000
2018-02-25 22:29:23,0.00000416,11038.00000000
2018-02-25 22:29:33,0.00000415,866.00000000
2018-02-25 22:29:35,0.00000416,134945.00000000
2018-02-25 22:29:36,0.00000415,16557.00000000
2018-02-25 22:29:47,0.00000416,690.00000000
2018-02-25 22:29:47,0.00000415,5523.00000000
2018-02-25 22:29:53,0.00000415,500.00000000
2018-02-25 22:29:56,0.00000416,480.00000000
2018-02-25 22:30:00,0.00000416,1000.00000000
2018-02-25 22:30:04,0.00000416,880.00000000
2018-02-25 22:30:09,0.00000416,1162.00000000
2018-02-25 22:30:11,0.00000416,14883.00000000
2018-02-25 22:30:18,0.00000415,7237.00000000
2018-02-25 22:30:21,0.00000416,2.00000000
2018-02-25 22:30:25,0.00000415,41327.00000000
2018-02-25 22:30:30,0.00000415,2220.00000000
2018-02-25 22:30:31,0.00000416,500.00000000
2018-02-25 22:30:31,0.00000415,85689.00000000
2018-02-25 22:30:33,0.00000415,34485.00000000
2018-02-25 22:30:36,0.00000415,10107.00000000
2018-02-25 22:30:39,0.00000415,54365.00000000
2018-02-25 22:30:39,0.00000415,3000.00000000
2018-02-25 22:30:43,0.00000415,50218.00000000
2018-02-25 22:30:48,0.00000415,2000.00000000
2018-02-25 22:30:49,0.00000415,854.00000000
2018-02-25 22:30:49,0.00000415,8998.00000000
2018-02-25 22:30:51,0.00000415,3257.00000000
2018-02-25 22:30:54,0.00000415,1703.00000000
2018-02-25 22:30:55,0.00000415,256187.00000000
2018-02-25 22:30:56,0.00000415,7356.00000000
2018-02-25 22:30:59,0.00000415,1923.00000000
2018-02-25 22:30:59,0.00000416,720.00000000
2018-02-25 22:31:04,0.00000415,18789.00000000
2018-02-25 22:31:05,0.00000415,345720.00000000
2018-02-25 22:31:06,0.00000415,30174.00000000
2018-02-25 22:31:07,0.00000415,3345.00000000
2018-02-25 22:31:08,0.00000415,190876.00000000
2018-02-25 22:31:08,0.00000415,7470.00000000
2018-02-25 22:31:10,0.00000415,20631.00000000
2018-02-25 22:31:10,0.00000415,58250.00000000
2018-02-25 22:31:11,0.00000415,23.00000000
2018-02-25 22:31:12,0.00000415,200084.00000000
2018-02-25 22:31:13,0.00000415,15714.00000000
2018-02-25 22:31:13,0.00000415,57003.00000000
2018-02-25 22:31:14,0.00000415,206937.00000000
2018-02-25 22:31:15,0.00000416,52450.00000000
2018-02-25 22:31:16,0.00000415,3735.00000000
2018-02-25 22:31:19,0.00000416,700.00000000
2018-02-25 22:31:19,0.00000415,1429.00000000
2018-02-25 22:31:20,0.00000415,4327.00000000
2018-02-25 22:31:21,0.00000415,77746.00000000
2018-02-25 22:31:21,0.00000415,1460.00000000
2018-02-25 22:31:21,0.00000415,134704.00000000
2018-02-25 22:31:22,0.00000414,596.00000000
2018-02-25 22:31:22,0.00000414,6938.00000000
2018-02-25 22:31:22,0.00000415,300.00000000
2018-02-25 22:31:22,0.00000414,7992.00000000
2018-02-25 22:31:22,0.00000414,43268.00000000
2018-02-25 22:31:22,0.00000414,1196.00000000
2018-02-25 22:31:22,0.00000414,1326.00000000
2018-02-25 22:31:22,0.00000415,15180.00000000
2018-02-25 22:31:23,0.00000415,9452.00000000
2018-02-25 22:31:26,0.00000415,1148.00000000
2018-02-25 22:31:26,0.00000415,2667.00000000
2018-02-25 22:31:33,0.00000415,5364.00000000
2018-02-25 22:31:35,0.00000415,2409.00000000
2018-02-25 22:31:36,0.00000415,3341.00000000
2018-02-25 22:31:38,0.00000415,1973.00000000
2018-02-25 22:31:44,0.00000415,659.00000000
2018-02-25 22:31:53,0.00000415,1169.00000000
2018-02-25 22:31:53,0.00000415,4279.00000000
2018-02-25 22:31:55,0.00000415,665.00000000
2018-02-25 22:31:58,0.00000415,740.00000000
2018-02-25 22:31:59,0.00000415,1600.00000000
2018-02-25 22:31:59,0.00000415,667.00000000
2018-02-25 22:32:03,0.00000415,1000.00000000
2018-02-25 22:32:06,0.00000415,5141.00000000
2018-02-25 22:32:10,0.00000415,161413.00000000
2018-02-25 22:32:11,0.00000415,17599.00000000
2018-02-25 22:32:18,0.00000415,15917.00000000
2018-02-25 22:32:18,0.00000414,75.00000000
2018-02-25 22:32:20,0.00000415,347.00000000
2018-02-25 22:32:21,0.00000414,15.00000000
2018-02-25 22:32:24,0.00000415,1000.00000000
2018-02-25 22:32:25,0.00000415,14584.00000000
2018-02-25 22:32:25,0.00000415,2920.00000000
2018-02-25 22:32:25,0.00000414,717.00000000
2018-02-25 22:32:26,0.00000415,13.00000000
2018-02-25 22:32:27,0.00000415,1145.00000000
2018-02-25 22:32:30,0.00000415,251.00000000
2018-02-25 22:32:33,0.00000415,15.00000000
2018-02-25 22:32:35,0.00000415,3705.00000000
2018-02-25 22:32:35,0.00000415,1800.00000000
2018-02-25 22:32:37,0.00000415,722.00000000
2018-02-25 22:32:39,0.00000414,1830.00000000
2018-02-25 22:32:42,0.00000414,500.00000000
2018-02-25 22:32:54,0.00000415,5097.00000000
2018-02-25 22:32:56,0.00000414,314.00000000
2018-02-25 22:32:58,0.00000414,500.00000000
2018-02-25 22:32:59,0.00000414,69947.00000000
2018-02-25 22:33:02,0.00000415,400.00000000
2018-02-25 22:33:02,0.00000415,481.00000000
2018-02-25 22:33:03,0.00000414,46953.00000000
2018-02-25 22:33:06,0.00000415,25648.00000000
2018-02-25 22:33:08,0.00000415,63317.00000000
2018-02-25 22:33:11,0.00000415,9379.00000000
2018-02-25 22:33:12,0.00000414,6000.00000000
2018-02-25 22:33:14,0.00000415,80652.00000000
2018-02-25 22:33:15,0.00000414,8838.00000000
2018-02-25 22:33:15,0.00000415,13483.00000000
2018-02-25 22:33:17,0.00000415,4577.00000000
2018-02-25 22:33:23,0.00000415,26668.00000000
2018-02-25 22:33:24,0.00000415,1330.00000000
2018-02-25 22:33:25,0.00000415,2842.00000000
2018-02-25 22:33:26,0.00000415,11656.00000000
2018-02-25 22:33:26,0.00000414,10606.00000000
2018-02-25 22:33:27,0.00000414,251.00000000
2018-02-25 22:33:37,0.00000414,8766.00000000
2018-02-25 22:33:42,0.00000414,4756.00000000
2018-02-25 22:33:48,0.00000415,400.00000000
2018-02-25 22:33:48,0.00000414,14702.00000000
2018-02-25 22:33:58,0.00000415,817.00000000
2018-02-25 22:33:59,0.00000414,8136.00000000
2018-02-25 22:34:00,0.00000414,95910.00000000
2018-02-25 22:34:03,0.00000415,2800.00000000
2018-02-25 22:34:05,0.00000415,300.00000000
2018-02-25 22:34:10,0.00000414,20000.00000000
2018-02-25 22:34:15,0.00000414,1896195.00000000
2018-02-25 22:34:16,0.00000413,811.00000000
2018-02-25 22:34:16,0.00000413,250.00000000
2018-02-25 22:34:16,0.00000413,185476.00000000
2018-02-25 22:34:16,0.00000413,1670.00000000
2018-02-25 22:34:16,0.00000413,21683.00000000
2018-02-25 22:34:16,0.00000413,2000.00000000
2018-02-25 22:34:17,0.00000414,1594.00000000
2018-02-25 22:34:18,0.00000414,64482.00000000
2018-02-25 22:34:19,0.00000414,2112.00000000
2018-02-25 22:34:20,0.00000414,290.00000000
2018-02-25 22:34:21,0.00000413,4999.00000000
2018-02-25 22:34:21,0.00000414,724.00000000
2018-02-25 22:34:22,0.00000414,531.00000000
2018-02-25 22:34:22,0.00000414,8845.00000000
2018-02-25 22:34:23,0.00000414,1721.00000000
2018-02-25 22:34:24,0.00000414,5067.00000000
2018-02-25 22:34:24,0.00000413,15000.00000000
2018-02-25 22:34:24,0.00000413,2654.00000000
2018-02-25 22:34:27,0.00000414,500.00000000
2018-02-25 22:34:30,0.00000414,7246.00000000
2018-02-25 22:34:32,0.00000414,195621.00000000
2018-02-25 22:34:33,0.00000413,2271.00000000
2018-02-25 22:34:34,0.00000414,1989.00000000
2018-02-25 22:34:37,0.00000414,800000.00000000
2018-02-25 22:34:38,0.00000413,1284.00000000
2018-02-25 22:34:40,0.00000413,27421.00000000
2018-02-25 22:34:41,0.00000413,2454.00000000
2018-02-25 22:34:42,0.00000414,3000.00000000
2018-02-25 22:34:42,0.00000414,59024.00000000
2018-02-25 22:34:42,0.00000414,2415.00000000
2018-02-25 22:34:43,0.00000414,724.00000000
2018-02-25 22:34:43,0.00000414,24154.00000000
2018-02-25 22:34:45,0.00000414,24154.00000000
2018-02-25 22:34:48,0.00000413,144702.00000000
2018-02-25 22:34:49,0.00000413,324620.00000000
2018-02-25 22:34:50,0.00000413,60406.00000000
2018-02-25 22:34:50,0.00000413,7595.00000000
2018-02-25 22:34:52,0.00000413,7330.00000000
2018-02-25 22:34:55,0.00000414,19552.00000000
2018-02-25 22:34:55,0.00000413,63920.00000000
2018-02-25 22:34:55,0.00000413,3699.00000000
2018-02-25 22:35:05,0.00000413,5401.00000000
2018-02-25 22:35:05,0.00000413,13661.00000000
2018-02-25 22:35:06,0.00000414,2465.00000000
2018-02-25 22:35:08,0.00000413,43083.00000000
2018-02-25 22:35:09,0.00000414,402.00000000
2018-02-25 22:35:10,0.00000413,191760.00000000
2018-02-25 22:35:12,0.00000413,4573.00000000
2018-02-25 22:35:13,0.00000414,19323.00000000
2018-02-25 22:35:13,0.00000414,93683.00000000
2018-02-25 22:35:15,0.00000413,28346.00000000
2018-02-25 22:35:20,0.00000414,28318.00000000
2018-02-25 22:35:21,0.00000414,1207.00000000
2018-02-25 22:35:23,0.00000414,25794.00000000
2018-02-25 22:35:28,0.00000413,98220.00000000
2018-02-25 22:35:29,0.00000414,1488.00000000
2018-02-25 22:35:29,0.00000414,38976.00000000
2018-02-25 22:35:29,0.00000414,999.00000000
2018-02-25 22:35:34,0.00000413,23264.00000000
2018-02-25 22:35:34,0.00000414,387.00000000
2018-02-25 22:35:34,0.00000414,4557.00000000
2018-02-25 22:35:37,0.00000414,256519.00000000
2018-02-25 22:35:37,0.00000414,10000.00000000
2018-02-25 22:35:38,0.00000414,4630.00000000
2018-02-25 22:35:39,0.00000414,3835.00000000
2018-02-25 22:35:39,0.00000414,2521.00000000
2018-02-25 22:35:40,0.00000414,6337.00000000
2018-02-25 22:35:40,0.00000414,2119.00000000
2018-02-25 22:35:41,0.00000414,24154.00000000
2018-02-25 22:35:41,0.00000414,8939.00000000
2018-02-25 22:35:41,0.00000414,114502.00000000
2018-02-25 22:35:41,0.00000415,279.00000000
2018-02-25 22:35:41,0.00000415,3590.00000000
2018-02-25 22:35:42,0.00000415,595.00000000
2018-02-25 22:35:43,0.00000415,4654.00000000
2018-02-25 22:35:43,0.00000415,265.00000000
2018-02-25 22:35:43,0.00000415,482.00000000
2018-02-25 22:35:43,0.00000415,602.00000000
2018-02-25 22:35:43,0.00000415,820.00000000
2018-02-25 22:35:44,0.00000415,289.00000000
2018-02-25 22:35:47,0.00000415,554.00000000
2018-02-25 22:35:48,0.00000415,127750.00000000
2018-02-25 22:35:52,0.00000415,48370.00000000
2018-02-25 22:35:52,0.00000414,5799.00000000
2018-02-25 22:35:54,0.00000414,15027.00000000
2018-02-25 22:35:55,0.00000414,4239.00000000
2018-02-25 22:35:56,0.00000414,847.00000000
2018-02-25 22:35:56,0.00000414,29352.00000000
2018-02-25 22:36:02,0.00000415,20724.00000000
2018-02-25 22:36:03,0.00000414,500.00000000
2018-02-25 22:36:05,0.00000415,1287.00000000
2018-02-25 22:36:07,0.00000415,602.00000000
2018-02-25 22:36:10,0.00000414,1000.00000000
2018-02-25 22:36:11,0.00000415,25635.00000000
2018-02-25 22:36:14,0.00000414,5355.00000000
2018-02-25 22:36:15,0.00000415,11446.00000000
2018-02-25 22:36:22,0.00000415,2168.00000000
2018-02-25 22:36:23,0.00000414,47347.00000000
2018-02-25 22:36:26,0.00000415,2657.00000000
2018-02-25 22:36:27,0.00000414,529.00000000
2018-02-25 22:36:27,0.00000415,2.00000000
2018-02-25 22:36:28,0.00000414,468.00000000
2018-02-25 22:36:29,0.00000414,11776.00000000
2018-02-25 22:36:30,0.00000415,9908.00000000
2018-02-25 22:36:31,0.00000415,2434.00000000
2018-02-25 22:36:31,0.00000415,3584.00000000
2018-02-25 22:36:35,0.00000415,300.00000000
2018-02-25 22:36:37,0.00000414,77460.00000000
2018-02-25 22:36:38,0.00000414,77858.00000000
2018-02-25 22:36:41,0.00000414,77460.00000000
2018-02-25 22:36:41,0.00000414,400.00000000
2018-02-25 22:36:41,0.00000414,1325.00000000
2018-02-25 22:36:44,0.00000414,3347.00000000
2018-02-25 22:36:46,0.00000414,19623.00000000
2018-02-25 22:36:52,0.00000414,23454.00000000
2018-02-25 22:36:57,0.00000414,531.00000000
2018-02-25 22:36:59,0.00000413,11295.00000000
2018-02-25 22:37:03,0.00000414,12137.00000000
2018-02-25 22:37:04,0.00000414,2415.00000000
2018-02-25 22:37:04,0.00000414,13333.00000000
2018-02-25 22:37:06,0.00000413,22312.00000000
2018-02-25 22:37:08,0.00000414,1185.00000000
2018-02-25 22:37:08,0.00000414,2415.00000000
2018-02-25 22:37:08,0.00000413,5384.00000000
2018-02-25 22:37:13,0.00000414,483.00000000
2018-02-25 22:37:22,0.00000414,9195.00000000
2018-02-25 22:37:24,0.00000413,721.00000000
2018-02-25 22:37:24,0.00000414,502.00000000
2018-02-25 22:37:32,0.00000413,144204.00000000
2018-02-25 22:37:42,0.00000414,22464.00000000
2018-02-25 22:37:46,0.00000414,31295.00000000
2018-02-25 22:37:46,0.00000413,33289.00000000
2018-02-25 22:37:49,0.00000413,2860.00000000
2018-02-25 22:37:53,0.00000413,6111.00000000
2018-02-25 22:37:58,0.00000413,2697.00000000
2018-02-25 22:38:00,0.00000413,9186.00000000
2018-02-25 22:38:00,0.00000414,24213.00000000
2018-02-25 22:38:00,0.00000414,1339.00000000
2018-02-25 22:38:02,0.00000413,2859.00000000
2018-02-25 22:38:05,0.00000413,24840.00000000
2018-02-25 22:38:06,0.00000413,880.00000000
2018-02-25 22:38:07,0.00000413,16351.00000000
2018-02-25 22:38:10,0.00000413,91689.00000000
2018-02-25 22:38:11,0.00000413,7040.00000000
2018-02-25 22:38:13,0.00000413,23596.00000000
2018-02-25 22:38:14,0.00000414,408.00000000
2018-02-25 22:38:16,0.00000414,2586.00000000
2018-02-25 22:38:18,0.00000414,849.00000000
2018-02-25 22:38:19,0.00000414,2.00000000
2018-02-25 22:38:24,0.00000414,89018.00000000
2018-02-25 22:38:31,0.00000414,9364.00000000
2018-02-25 22:38:35,0.00000413,3820.00000000
2018-02-25 22:38:35,0.00000413,8848.00000000
2018-02-25 22:38:36,0.00000414,25146.00000000
2018-02-25 22:38:46,0.00000414,25.00000000
2018-02-25 22:38:49,0.00000413,5000.00000000
2018-02-25 22:38:50,0.00000413,250.00000000
2018-02-25 22:38:55,0.00000413,61.00000000
2018-02-25 22:38:57,0.00000414,252.00000000
2018-02-25 22:38:59,0.00000413,419.00000000
2018-02-25 22:39:00,0.00000413,1830.00000000
2018-02-25 22:39:01,0.00000414,2415.00000000
2018-02-25 22:39:07,0.00000414,12572.00000000
2018-02-25 22:39:07,0.00000413,118059.00000000
2018-02-25 22:39:10,0.00000413,85919.00000000
2018-02-25 22:39:14,0.00000413,250.00000000
2018-02-25 22:39:14,0.00000414,11483.00000000
2018-02-25 22:39:16,0.00000413,25794.00000000
2018-02-25 22:39:16,0.00000413,30664.00000000
2018-02-25 22:39:19,0.00000413,5000.00000000
2018-02-25 22:39:22,0.00000414,20000.00000000
2018-02-25 22:39:24,0.00000414,577.00000000
2018-02-25 22:39:27,0.00000414,1207.00000000
2018-02-25 22:39:28,0.00000413,13075.00000000
2018-02-25 22:39:28,0.00000413,27879.00000000
2018-02-25 22:39:29,0.00000413,2500.00000000
2018-02-25 22:39:31,0.00000413,64321.00000000
2018-02-25 22:39:38,0.00000414,292.00000000
2018-02-25 22:39:42,0.00000414,2720.00000000
2018-02-25 22:39:43,0.00000413,6709.00000000
2018-02-25 22:39:43,0.00000414,250.00000000
2018-02-25 22:39:43,0.00000414,1533.00000000
2018-02-25 22:39:44,0.00000413,54731.00000000
2018-02-25 22:39:45,0.00000413,1953.00000000
2018-02-25 22:39:45,0.00000413,5000.00000000
2018-02-25 22:39:46,0.00000414,6.00000000
2018-02-25 22:39:48,0.00000414,497.00000000
2018-02-25 22:39:48,0.00000414,723.00000000
2018-02-25 22:39:56,0.00000413,149585.00000000
2018-02-25 22:40:03,0.00000414,396.00000000
2018-02-25 22:40:10,0.00000414,3623.00000000
2018-02-25 22:40:11,0.00000414,1740.00000000
2018-02-25 22:40:17,0.00000414,22721.00000000
2018-02-25 22:40:17,0.00000413,24671.00000000
2018-02-25 22:40:18,0.00000414,7456.00000000
2018-02-25 22:40:18,0.00000414,2951.00000000
2018-02-25 22:40:19,0.00000414,1536.00000000
2018-02-25 22:40:20,0.00000413,24980.00000000
2018-02-25 22:40:25,0.00000413,1000.00000000
2018-02-25 22:40:27,0.00000414,5000.00000000
2018-02-25 22:40:28,0.00000413,121361.00000000
2018-02-25 22:40:28,0.00000414,30268.00000000
2018-02-25 22:40:28,0.00000414,666.00000000
2018-02-25 22:40:29,0.00000413,18735.00000000
2018-02-25 22:40:29,0.00000414,2617.00000000
2018-02-25 22:40:36,0.00000413,1533.00000000
2018-02-25 22:40:36,0.00000414,22468.00000000
2018-02-25 22:40:38,0.00000414,24213.00000000
2018-02-25 22:40:38,0.00000414,4728.00000000
2018-02-25 22:40:38,0.00000413,1401.00000000
2018-02-25 22:40:40,0.00000413,1685.00000000
2018-02-25 22:40:40,0.00000413,959.00000000
2018-02-25 22:40:41,0.00000414,24213.00000000
2018-02-25 22:40:41,0.00000414,107994.00000000
2018-02-25 22:40:43,0.00000414,115684.00000000
2018-02-25 22:40:49,0.00000413,1148.00000000
2018-02-25 22:40:51,0.00000414,2342.00000000
2018-02-25 22:40:54,0.00000414,2150.00000000
2018-02-25 22:40:55,0.00000414,9543.00000000
2018-02-25 22:40:57,0.00000413,26499.00000000
2018-02-25 22:40:58,0.00000414,2386.00000000
2018-02-25 22:40:58,0.00000413,66134.00000000
2018-02-25 22:40:59,0.00000414,1811.00000000
2018-02-25 22:41:00,0.00000414,795.00000000
2018-02-25 22:41:01,0.00000414,483.00000000
2018-02-25 22:41:03,0.00000414,1000.00000000
2018-02-25 22:41:03,0.00000414,2415.00000000
2018-02-25 22:41:03,0.00000414,400.00000000
2018-02-25 22:41:07,0.00000413,7865.00000000
2018-02-25 22:41:09,0.00000414,3000.00000000
2018-02-25 22:41:15,0.00000413,10143.00000000
2018-02-25 22:41:22,0.00000413,58950.00000000
2018-02-25 22:41:24,0.00000413,20683.00000000
2018-02-25 22:41:26,0.00000413,62438.00000000
2018-02-25 22:41:26,0.00000413,25811.00000000
2018-02-25 22:41:26,0.00000413,7248.00000000
2018-02-25 22:41:26,0.00000413,15273.00000000
2018-02-25 22:41:26,0.00000413,15134.00000000
2018-02-25 22:41:26,0.00000413,5551.00000000
2018-02-25 22:41:26,0.00000413,11170.00000000
2018-02-25 22:41:26,0.00000413,2421.00000000
2018-02-25 22:41:27,0.00000413,5777.00000000
2018-02-25 22:41:28,0.00000413,3936.00000000
2018-02-25 22:41:28,0.00000413,3054.00000000
2018-02-25 22:41:28,0.00000413,2612.00000000
2018-02-25 22:41:28,0.00000413,5162.00000000
2018-02-25 22:41:28,0.00000413,7248.00000000
2018-02-25 22:41:28,0.00000413,4665.00000000
2018-02-25 22:41:28,0.00000413,74682.00000000
2018-02-25 22:41:28,0.00000413,84765.00000000
2018-02-25 22:41:29,0.00000413,26836.00000000
2018-02-25 22:41:30,0.00000413,1000.00000000
2018-02-25 22:41:30,0.00000413,7000.00000000
2018-02-25 22:41:31,0.00000413,4976.00000000
2018-02-25 22:41:31,0.00000413,2015.00000000
2018-02-25 22:41:32,0.00000413,1107.00000000
2018-02-25 22:41:32,0.00000413,872.00000000
2018-02-25 22:41:36,0.00000414,5000.00000000
2018-02-25 22:41:37,0.00000414,21.00000000
2018-02-25 22:41:37,0.00000414,1189.00000000
2018-02-25 22:41:38,0.00000413,1064.00000000
2018-02-25 22:41:38,0.00000412,109388.00000000
2018-02-25 22:41:38,0.00000412,302.00000000
2018-02-25 22:41:38,0.00000412,10152.00000000
2018-02-25 22:41:38,0.00000412,2200.00000000
2018-02-25 22:41:38,0.00000412,7135.00000000
2018-02-25 22:41:38,0.00000412,50000.00000000
2018-02-25 22:41:38,0.00000412,15199.00000000
2018-02-25 22:41:38,0.00000412,1325.00000000
2018-02-25 22:41:38,0.00000412,1087.00000000
2018-02-25 22:41:39,0.00000413,424.00000000
2018-02-25 22:41:39,0.00000413,603.00000000
2018-02-25 22:41:40,0.00000413,1380.00000000
2018-02-25 22:41:42,0.00000412,12276.00000000
2018-02-25 22:41:43,0.00000414,1000.00000000
2018-02-25 22:41:45,0.00000414,5940.00000000
2018-02-25 22:41:45,0.00000412,890.00000000
2018-02-25 22:41:47,0.00000413,19520.00000000
2018-02-25 22:41:47,0.00000413,13542.00000000
2018-02-25 22:41:47,0.00000413,14582.00000000
2018-02-25 22:41:47,0.00000413,342971.00000000
2018-02-25 22:41:47,0.00000414,12107.00000000
2018-02-25 22:41:47,0.00000414,37898.00000000
2018-02-25 22:41:50,0.00000413,4552.00000000
2018-02-25 22:41:51,0.00000413,16131.00000000
2018-02-25 22:41:51,0.00000413,44480.00000000
2018-02-25 22:41:52,0.00000412,18991.00000000
2018-02-25 22:41:53,0.00000413,1500.00000000
2018-02-25 22:41:55,0.00000413,5000.00000000
2018-02-25 22:41:55,0.00000413,7250.00000000
2018-02-25 22:41:55,0.00000413,21169.00000000
2018-02-25 22:41:55,0.00000412,7250.00000000
2018-02-25 22:41:55,0.00000413,12107.00000000
2018-02-25 22:41:56,0.00000413,2431.00000000
2018-02-25 22:41:57,0.00000413,12107.00000000
2018-02-25 22:41:59,0.00000413,12107.00000000
2018-02-25 22:41:59,0.00000413,6303.00000000
2018-02-25 22:41:59,0.00000413,11538.00000000
2018-02-25 22:42:00,0.00000413,4245.00000000
2018-02-25 22:42:01,0.00000413,2421.00000000
2018-02-25 22:42:01,0.00000413,2138.00000000
2018-02-25 22:42:02,0.00000413,5461.00000000
2018-02-25 22:42:02,0.00000413,1000.00000000
2018-02-25 22:42:02,0.00000413,16581.00000000
2018-02-25 22:42:03,0.00000413,24271.00000000
2018-02-25 22:42:03,0.00000413,26385.00000000
2018-02-25 22:42:05,0.00000413,489.00000000
2018-02-25 22:42:05,0.00000413,20765.00000000
2018-02-25 22:42:05,0.00000413,24271.00000000
2018-02-25 22:42:05,0.00000413,8343.00000000
2018-02-25 22:42:05,0.00000413,223608.00000000
2018-02-25 22:42:05,0.00000414,2421.00000000
2018-02-25 22:42:06,0.00000414,801.00000000
2018-02-25 22:42:09,0.00000414,10974.00000000
2018-02-25 22:42:10,0.00000414,558.00000000
2018-02-25 22:42:11,0.00000414,14.00000000
2018-02-25 22:42:16,0.00000414,400.00000000
2018-02-25 22:42:17,0.00000414,18230.00000000
2018-02-25 22:42:21,0.00000414,78396.00000000
2018-02-25 22:42:26,0.00000413,53185.00000000
2018-02-25 22:42:31,0.00000414,2415.00000000
2018-02-25 22:42:37,0.00000413,22137.00000000
2018-02-25 22:42:40,0.00000413,1499.00000000
2018-02-25 22:42:41,0.00000414,24909.00000000
2018-02-25 22:42:41,0.00000414,15888.00000000
2018-02-25 22:42:50,0.00000413,44993.00000000
2018-02-25 22:42:51,0.00000413,2055.00000000
2018-02-25 22:42:53,0.00000413,162211.00000000
2018-02-25 22:42:55,0.00000414,400.00000000
2018-02-25 22:42:55,0.00000414,100.00000000
2018-02-25 22:42:55,0.00000413,3329.00000000
2018-02-25 22:42:59,0.00000414,1914.00000000
2018-02-25 22:43:04,0.00000414,1173.00000000
2018-02-25 22:43:05,0.00000414,35781.00000000
2018-02-25 22:43:06,0.00000413,23058.00000000
2018-02-25 22:43:07,0.00000413,25561.00000000
2018-02-25 22:43:08,0.00000413,25000.00000000
2018-02-25 22:43:09,0.00000413,2011.00000000
2018-02-25 22:43:10,0.00000413,9800.00000000
2018-02-25 22:43:10,0.00000414,628.00000000
2018-02-25 22:43:11,0.00000414,7748.00000000
2018-02-25 22:43:11,0.00000413,2055.00000000
2018-02-25 22:43:15,0.00000414,14510.00000000
2018-02-25 22:43:25,0.00000413,3043.00000000
2018-02-25 22:43:28,0.00000414,400.00000000
2018-02-25 22:43:28,0.00000413,27423.00000000
2018-02-25 22:43:29,0.00000414,724.00000000
2018-02-25 22:43:31,0.00000414,10524.00000000
2018-02-25 22:43:41,0.00000413,115499.00000000
2018-02-25 22:43:45,0.00000413,500.00000000
2018-02-25 22:43:45,0.00000414,1251.00000000
2018-02-25 22:43:47,0.00000414,12237.00000000
2018-02-25 22:43:50,0.00000414,400.00000000
2018-02-25 22:43:55,0.00000413,25495.00000000
2018-02-25 22:43:55,0.00000413,2000.00000000
2018-02-25 22:44:00,0.00000413,10680.00000000
2018-02-25 22:44:07,0.00000414,400.00000000
2018-02-25 22:44:08,0.00000413,4491.00000000
2018-02-25 22:44:08,0.00000413,175.00000000
2018-02-25 22:44:09,0.00000414,10583.00000000
2018-02-25 22:44:14,0.00000413,500.00000000
2018-02-25 22:44:17,0.00000413,20160.00000000
2018-02-25 22:44:22,0.00000414,2173.00000000
2018-02-25 22:44:26,0.00000414,24930.00000000
2018-02-25 22:44:33,0.00000414,400.00000000
2018-02-25 22:44:34,0.00000414,2950.00000000
2018-02-25 22:44:35,0.00000414,95482.00000000
2018-02-25 22:44:37,0.00000414,8.00000000
2018-02-25 22:44:42,0.00000413,500.00000000
2018-02-25 22:44:43,0.00000413,417.00000000
2018-02-25 22:44:44,0.00000414,4830.00000000
2018-02-25 22:44:49,0.00000414,250.00000000
2018-02-25 22:44:50,0.00000414,10718.00000000
2018-02-25 22:44:50,0.00000414,966.00000000
2018-02-25 22:44:51,0.00000414,1989.00000000
2018-02-25 22:44:53,0.00000414,23289.00000000
2018-02-25 22:45:01,0.00000414,87099.00000000
2018-02-25 22:45:04,0.00000414,277.00000000
2018-02-25 22:45:07,0.00000414,49732.00000000
2018-02-25 22:45:10,0.00000414,27.00000000
2018-02-25 22:45:11,0.00000413,300.00000000
2018-02-25 22:45:13,0.00000414,641.00000000
2018-02-25 22:45:21,0.00000414,435.00000000
2018-02-25 22:45:24,0.00000413,300.00000000
2018-02-25 22:45:24,0.00000413,20556.00000000
2018-02-25 22:45:28,0.00000413,25032.00000000
2018-02-25 22:45:31,0.00000413,3100.00000000
2018-02-25 22:45:31,0.00000414,7301.00000000
2018-02-25 22:45:31,0.00000413,123464.00000000
2018-02-25 22:45:33,0.00000413,22433.00000000
2018-02-25 22:45:36,0.00000414,128717.00000000
2018-02-25 22:45:38,0.00000414,299.00000000
2018-02-25 22:45:41,0.00000414,290.00000000
2018-02-25 22:45:45,0.00000414,400.00000000
2018-02-25 22:46:04,0.00000413,11584.00000000
2018-02-25 22:46:04,0.00000413,31346.00000000
2018-02-25 22:46:04,0.00000413,5941.00000000
2018-02-25 22:46:04,0.00000413,6628.00000000
2018-02-25 22:46:04,0.00000413,94244.00000000
2018-02-25 22:46:04,0.00000414,132828.00000000
2018-02-25 22:46:06,0.00000414,35000.00000000
2018-02-25 22:46:13,0.00000414,4347.00000000
2018-02-25 22:46:18,0.00000414,2170.00000000
2018-02-25 22:46:21,0.00000413,5879.00000000
2018-02-25 22:46:22,0.00000414,483.00000000
2018-02-25 22:46:26,0.00000414,18932.00000000
2018-02-25 22:46:29,0.00000414,400.00000000
2018-02-25 22:46:29,0.00000414,1000.00000000
2018-02-25 22:46:30,0.00000413,155763.00000000
2018-02-25 22:46:31,0.00000414,25.00000000
2018-02-25 22:46:33,0.00000414,250.00000000
2018-02-25 22:46:43,0.00000414,3800.00000000
2018-02-25 22:46:46,0.00000413,6003.00000000
2018-02-25 22:46:46,0.00000413,6000.00000000
2018-02-25 22:46:49,0.00000413,1700.00000000
2018-02-25 22:46:49,0.00000413,5000.00000000
2018-02-25 22:46:50,0.00000414,47476.00000000
2018-02-25 22:46:52,0.00000413,12542.00000000
2018-02-25 22:46:53,0.00000413,69930.00000000
2018-02-25 22:47:04,0.00000413,3229.00000000
2018-02-25 22:47:07,0.00000413,9117.00000000
2018-02-25 22:47:14,0.00000413,167.00000000
2018-02-25 22:47:17,0.00000414,6000.00000000
2018-02-25 22:47:17,0.00000413,2634.00000000
2018-02-25 22:47:20,0.00000414,6952.00000000
2018-02-25 22:47:20,0.00000413,14803.00000000
2018-02-25 22:47:20,0.00000413,134817.00000000
2018-02-25 22:47:22,0.00000413,250.00000000
2018-02-25 22:47:23,0.00000414,250.00000000
2018-02-25 22:47:27,0.00000414,178.00000000
2018-02-25 22:47:42,0.00000414,14.00000000
2018-02-25 22:47:43,0.00000413,2185.00000000
2018-02-25 22:47:44,0.00000414,500.00000000
2018-02-25 22:47:47,0.00000414,743.00000000
2018-02-25 22:47:47,0.00000414,1289.00000000
2018-02-25 22:47:51,0.00000414,2651.00000000
2018-02-25 22:47:59,0.00000414,450.00000000
2018-02-25 22:48:01,0.00000414,9735.00000000
2018-02-25 22:48:04,0.00000414,505.00000000
2018-02-25 22:48:05,0.00000414,67083.00000000
2018-02-25 22:48:07,0.00000414,7145.00000000
2018-02-25 22:48:11,0.00000414,5216.00000000
2018-02-25 22:48:13,0.00000413,1893.00000000
2018-02-25 22:48:13,0.00000414,17238.00000000
2018-02-25 22:48:13,0.00000413,400.00000000
2018-02-25 22:48:17,0.00000413,523.00000000
2018-02-25 22:48:20,0.00000414,399.00000000
2018-02-25 22:48:28,0.00000413,7623.00000000
2018-02-25 22:48:29,0.00000414,29.00000000
2018-02-25 22:48:35,0.00000414,770.00000000
2018-02-25 22:48:37,0.00000413,552.00000000
2018-02-25 22:48:39,0.00000413,573.00000000
2018-02-25 22:48:39,0.00000414,400.00000000
2018-02-25 22:48:40,0.00000414,580.00000000
2018-02-25 22:48:44,0.00000414,13335.00000000
2018-02-25 22:48:44,0.00000414,724.00000000
2018-02-25 22:48:46,0.00000413,18651.00000000
2018-02-25 22:49:00,0.00000413,13499.00000000
2018-02-25 22:49:02,0.00000414,73123.00000000
2018-02-25 22:49:04,0.00000414,3524.00000000
2018-02-25 22:49:06,0.00000414,2100.00000000
2018-02-25 22:49:07,0.00000413,1026.00000000
2018-02-25 22:49:07,0.00000414,10187.00000000
2018-02-25 22:49:10,0.00000414,10410.00000000
2018-02-25 22:49:14,0.00000413,4487.00000000
2018-02-25 22:49:16,0.00000413,22101.00000000
2018-02-25 22:49:28,0.00000414,568.00000000
2018-02-25 22:49:33,0.00000414,2207.00000000
2018-02-25 22:49:36,0.00000414,937.00000000
2018-02-25 22:49:37,0.00000414,12.00000000
2018-02-25 22:49:38,0.00000414,6689.00000000
2018-02-25 22:49:42,0.00000414,400.00000000
2018-02-25 22:49:42,0.00000413,243.00000000
2018-02-25 22:49:43,0.00000414,723.00000000
2018-02-25 22:49:48,0.00000414,20396.00000000
2018-02-25 22:49:50,0.00000414,133452.00000000
2018-02-25 22:49:57,0.00000414,605.00000000
2018-02-25 22:49:59,0.00000413,500.00000000
2018-02-25 22:50:00,0.00000413,25609.00000000
2018-02-25 22:50:07,0.00000414,20295.00000000
2018-02-25 22:50:10,0.00000414,2299.00000000
2018-02-25 22:50:15,0.00000414,400.00000000
2018-02-25 22:50:35,0.00000414,3747.00000000
2018-02-25 22:50:39,0.00000413,3493.00000000
2018-02-25 22:50:41,0.00000413,275.00000000
2018-02-25 22:50:45,0.00000413,110674.00000000
2018-02-25 22:50:49,0.00000413,2500.00000000
2018-02-25 22:50:49,0.00000414,2353.00000000
2018-02-25 22:50:51,0.00000414,878.00000000
2018-02-25 22:50:51,0.00000413,45475.00000000
2018-02-25 22:51:01,0.00000413,2609.00000000
2018-02-25 22:51:04,0.00000413,14.00000000
2018-02-25 22:51:06,0.00000413,700.00000000
2018-02-25 22:51:07,0.00000414,1547.00000000
2018-02-25 22:51:13,0.00000414,306.00000000
2018-02-25 22:51:31,0.00000414,199387.00000000
2018-02-25 22:51:32,0.00000413,1510.00000000
2018-02-25 22:51:32,0.00000413,876.00000000
2018-02-25 22:51:34,0.00000414,9885.00000000
2018-02-25 22:51:37,0.00000414,78590.00000000
2018-02-25 22:51:41,0.00000414,147767.00000000
2018-02-25 22:51:43,0.00000414,2415.00000000
2018-02-25 22:51:44,0.00000414,1039.00000000
2018-02-25 22:51:56,0.00000414,2415.00000000
2018-02-25 22:52:03,0.00000413,4387.00000000
2018-02-25 22:52:17,0.00000414,10620.00000000
2018-02-25 22:52:18,0.00000414,14352.00000000
2018-02-25 22:52:22,0.00000414,235649.00000000
2018-02-25 22:52:27,0.00000414,250.00000000
2018-02-25 22:52:29,0.00000413,239921.00000000
2018-02-25 22:52:30,0.00000414,499.00000000
2018-02-25 22:52:36,0.00000413,300.00000000
2018-02-25 22:52:36,0.00000414,307.00000000
2018-02-25 22:52:38,0.00000414,1000.00000000
2018-02-25 22:52:38,0.00000413,131724.00000000
2018-02-25 22:52:39,0.00000413,300.00000000
2018-02-25 22:52:40,0.00000413,23076.00000000
2018-02-25 22:52:43,0.00000414,1.00000000
2018-02-25 22:52:43,0.00000413,300.00000000
2018-02-25 22:52:46,0.00000413,300.00000000
2018-02-25 22:52:49,0.00000413,591.00000000
2018-02-25 22:52:54,0.00000413,260.00000000
2018-02-25 22:52:59,0.00000413,2500.00000000
2018-02-25 22:53:02,0.00000414,2129.00000000
2018-02-25 22:53:03,0.00000413,74701.00000000
2018-02-25 22:53:07,0.00000414,1260.00000000
2018-02-25 22:53:08,0.00000413,300.00000000
2018-02-25 22:53:12,0.00000413,47182.00000000
2018-02-25 22:53:13,0.00000413,8482.00000000
2018-02-25 22:53:13,0.00000413,9615.00000000
2018-02-25 22:53:13,0.00000413,9615.00000000
2018-02-25 22:53:13,0.00000413,2142.00000000
2018-02-25 22:53:13,0.00000413,9615.00000000
2018-02-25 22:53:13,0.00000413,7243.00000000
2018-02-25 22:53:13,0.00000413,2421.00000000
2018-02-25 22:53:13,0.00000413,9637.00000000
2018-02-25 22:53:13,0.00000413,25525.00000000
2018-02-25 22:53:14,0.00000413,24271.00000000
2018-02-25 22:53:14,0.00000413,4909.00000000
2018-02-25 22:53:14,0.00000413,11958.00000000
2018-02-25 22:53:14,0.00000413,2421.00000000
2018-02-25 22:53:14,0.00000413,489.00000000
2018-02-25 22:53:14,0.00000413,12260.00000000
2018-02-25 22:53:15,0.00000413,9069.00000000
2018-02-25 22:53:15,0.00000413,13072.00000000
2018-02-25 22:53:16,0.00000413,978.00000000
2018-02-25 22:53:18,0.00000413,349355.00000000
2018-02-25 22:53:23,0.00000414,16516.00000000
2018-02-25 22:53:25,0.00000414,2952.00000000
2018-02-25 22:53:26,0.00000413,3207.00000000
2018-02-25 22:53:34,0.00000414,2415.00000000
2018-02-25 22:53:36,0.00000413,999.00000000
2018-02-25 22:53:37,0.00000413,815.00000000
2018-02-25 22:53:42,0.00000413,6176.00000000
2018-02-25 22:53:47,0.00000413,6516.00000000
2018-02-25 22:53:47,0.00000413,20878.00000000
2018-02-25 22:53:47,0.00000413,20375.00000000
2018-02-25 22:53:56,0.00000413,300.00000000
2018-02-25 22:53:57,0.00000414,724.00000000
2018-02-25 22:54:02,0.00000413,81514.00000000
2018-02-25 22:54:02,0.00000413,1988.00000000
2018-02-25 22:54:02,0.00000413,1440.00000000
2018-02-25 22:54:03,0.00000413,10716.00000000
2018-02-25 22:54:03,0.00000413,83423.00000000
2018-02-25 22:54:06,0.00000413,489.00000000
2018-02-25 22:54:06,0.00000412,13286.00000000
2018-02-25 22:54:07,0.00000413,14193.00000000
2018-02-25 22:54:07,0.00000413,30311.00000000
2018-02-25 22:54:10,0.00000413,300.00000000
2018-02-25 22:54:10,0.00000414,240.00000000
2018-02-25 22:54:12,0.00000413,500.00000000
2018-02-25 22:54:16,0.00000414,22154.00000000
2018-02-25 22:54:18,0.00000413,10344.00000000
2018-02-25 22:54:19,0.00000413,135900.00000000
2018-02-25 22:54:22,0.00000413,10000.00000000
2018-02-25 22:54:23,0.00000413,900.00000000
2018-02-25 22:54:37,0.00000414,676.00000000
2018-02-25 22:54:42,0.00000414,1203.00000000
2018-02-25 22:54:46,0.00000413,2600.00000000
2018-02-25 22:54:47,0.00000414,4749.00000000
2018-02-25 22:54:49,0.00000414,20000.00000000
2018-02-25 22:54:50,0.00000414,1125.00000000
2018-02-25 22:54:52,0.00000413,4589.00000000
2018-02-25 22:55:04,0.00000413,550.00000000
2018-02-25 22:55:04,0.00000414,17.00000000
2018-02-25 22:55:06,0.00000414,134068.00000000
2018-02-25 22:55:06,0.00000414,95540.00000000
2018-02-25 22:55:07,0.00000414,31830.00000000
2018-02-25 22:55:10,0.00000413,8956.00000000
2018-02-25 22:55:11,0.00000414,2415.00000000
2018-02-25 22:55:11,0.00000414,100551.00000000
2018-02-25 22:55:16,0.00000414,301655.00000000
2018-02-25 22:55:16,0.00000414,100.00000000
2018-02-25 22:55:27,0.00000414,500.00000000
2018-02-25 22:55:30,0.00000414,30.00000000
2018-02-25 22:55:33,0.00000414,2415.00000000
2018-02-25 22:55:40,0.00000414,14710.00000000
2018-02-25 22:55:42,0.00000414,5.00000000
2018-02-25 22:55:44,0.00000414,18.00000000
2018-02-25 22:55:44,0.00000414,483.00000000
2018-02-25 22:55:48,0.00000414,6231.00000000
2018-02-25 22:55:49,0.00000413,103585.00000000
2018-02-25 22:55:57,0.00000414,354.00000000
2018-02-25 22:55:57,0.00000414,15000.00000000
2018-02-25 22:55:57,0.00000414,245.00000000
2018-02-25 22:56:15,0.00000414,8713.00000000
2018-02-25 22:56:24,0.00000413,60146.00000000
2018-02-25 22:56:33,0.00000413,2375.00000000
2018-02-25 22:56:34,0.00000414,14000.00000000
2018-02-25 22:56:34,0.00000414,1000.00000000
2018-02-25 22:56:34,0.00000413,8704.00000000
2018-02-25 22:56:36,0.00000414,104825.00000000
2018-02-25 22:56:36,0.00000414,33325.00000000
2018-02-25 22:56:38,0.00000413,1998.00000000
2018-02-25 22:56:39,0.00000413,8014.00000000
2018-02-25 22:56:40,0.00000413,300.00000000
2018-02-25 22:56:41,0.00000413,70019.00000000
2018-02-25 22:56:42,0.00000414,2415.00000000
2018-02-25 22:56:43,0.00000413,300.00000000
2018-02-25 22:56:43,0.00000414,2173.00000000
2018-02-25 22:56:52,0.00000414,1650.00000000
2018-02-25 22:57:05,0.00000413,383.00000000
2018-02-25 22:57:07,0.00000413,10000.00000000
2018-02-25 22:57:11,0.00000414,4648.00000000
2018-02-25 22:57:14,0.00000414,891.00000000
2018-02-25 22:57:15,0.00000414,483.00000000
2018-02-25 22:57:17,0.00000414,350.00000000
2018-02-25 22:57:25,0.00000414,10146.00000000
2018-02-25 22:57:26,0.00000413,10000.00000000
2018-02-25 22:57:33,0.00000414,2126.00000000
2018-02-25 22:57:33,0.00000413,141.00000000
2018-02-25 22:57:34,0.00000414,2415.00000000
2018-02-25 22:57:35,0.00000413,1573.00000000
2018-02-25 22:57:37,0.00000413,154866.00000000
2018-02-25 22:57:40,0.00000414,527.00000000
2018-02-25 22:57:43,0.00000414,174.00000000
2018-02-25 22:57:44,0.00000414,80000.00000000
2018-02-25 22:57:54,0.00000414,11987.00000000
2018-02-25 22:57:59,0.00000414,10143.00000000
2018-02-25 22:58:06,0.00000414,1607.00000000
2018-02-25 22:58:07,0.00000414,4746.00000000
2018-02-25 22:58:10,0.00000414,3092.00000000
2018-02-25 22:58:10,0.00000414,529.00000000
2018-02-25 22:58:10,0.00000413,5.00000000
2018-02-25 22:58:11,0.00000414,1500.00000000
2018-02-25 22:58:12,0.00000414,2471.00000000
2018-02-25 22:58:22,0.00000413,7866.00000000
2018-02-25 22:58:25,0.00000414,24653.00000000
2018-02-25 22:58:25,0.00000414,569.00000000
2018-02-25 22:58:27,0.00000413,6682.00000000
2018-02-25 22:58:28,0.00000414,99541.00000000
2018-02-25 22:58:29,0.00000414,472.00000000
2018-02-25 22:58:32,0.00000414,2161.00000000
2018-02-25 22:58:32,0.00000414,1080.00000000
2018-02-25 22:58:33,0.00000414,763.00000000
2018-02-25 22:58:36,0.00000414,37428.00000000
2018-02-25 22:58:42,0.00000413,1000.00000000
2018-02-25 22:58:47,0.00000414,15458.00000000
2018-02-25 22:58:58,0.00000414,2415.00000000
2018-02-25 22:58:59,0.00000414,645.00000000
2018-02-25 22:59:01,0.00000414,724.00000000
2018-02-25 22:59:08,0.00000413,17734.00000000
2018-02-25 22:59:09,0.00000414,1566.00000000
2018-02-25 22:59:10,0.00000413,105.00000000
2018-02-25 22:59:12,0.00000414,2117.00000000
2018-02-25 22:59:12,0.00000414,19871.00000000
2018-02-25 22:59:14,0.00000414,46576.00000000
2018-02-25 22:59:17,0.00000414,27.00000000
2018-02-25 22:59:21,0.00000414,8434.00000000
2018-02-25 22:59:21,0.00000413,112321.00000000
2018-02-25 22:59:23,0.00000413,90904.00000000
2018-02-25 22:59:24,0.00000413,12224.00000000
2018-02-25 22:59:25,0.00000414,1.00000000
2018-02-25 22:59:29,0.00000414,14324.00000000
2018-02-25 22:59:39,0.00000414,9141.00000000
2018-02-25 22:59:41,0.00000414,1500.00000000
2018-02-25 22:59:42,0.00000414,15000.00000000
2018-02-25 22:59:44,0.00000414,517.00000000
2018-02-25 22:59:49,0.00000414,13341.00000000
2018-02-25 22:59:51,0.00000413,985.00000000
2018-02-25 22:59:51,0.00000414,25015.00000000
2018-02-25 22:59:51,0.00000414,9.00000000
2018-02-25 22:59:52,0.00000414,483.00000000
2018-02-25 22:59:55,0.00000414,2415.00000000
2018-02-25 22:59:58,0.00000414,931.00000000
2018-02-25 22:59:58,0.00000414,500.00000000
2018-02-25 22:59:59,0.00000414,24213.00000000
2018-02-25 22:59:59,0.00000414,46687.00000000
