DATE,PRICE,VOLUME
2018-03-01 02:00:07,0.00000411,608.00000000
2018-03-01 02:00:09,0.00000410,1954.00000000
2018-03-01 02:00:10,0.00000410,1220.00000000
2018-03-01 02:00:11,0.00000410,22.00000000
2018-03-01 02:00:12,0.00000410,505.00000000
2018-03-01 02:00:22,0.00000410,171331.00000000
2018-03-01 02:00:23,0.00000410,28144.00000000
2018-03-01 02:00:23,0.00000410,746.00000000
2018-03-01 02:00:24,0.00000411,24306.00000000
2018-03-01 02:00:35,0.00000410,21192.00000000
2018-03-01 02:00:38,0.00000410,173046.00000000
2018-03-01 02:00:38,0.00000410,2735.00000000
2018-03-01 02:00:39,0.00000410,1250.00000000
2018-03-01 02:00:42,0.00000410,17868.00000000
2018-03-01 02:00:51,0.00000410,1849.00000000
2018-03-01 02:00:55,0.00000410,1515.00000000
2018-03-01 02:00:56,0.00000410,1220.00000000
2018-03-01 02:00:57,0.00000410,3618.00000000
2018-03-01 02:00:57,0.00000410,1954.00000000
2018-03-01 02:01:00,0.00000410,1326.00000000
2018-03-01 02:01:01,0.00000410,1488.00000000
2018-03-01 02:01:03,0.00000410,3900.00000000
2018-03-01 02:01:03,0.00000410,2444.00000000
2018-03-01 02:01:03,0.00000410,1174.00000000
2018-03-01 02:01:03,0.00000411,159622.00000000
2018-03-01 02:01:04,0.00000410,704.00000000
2018-03-01 02:01:04,0.00000410,37348.00000000
2018-03-01 02:01:05,0.00000410,1207.00000000
2018-03-01 02:01:06,0.00000410,252.00000000
2018-03-01 02:01:06,0.00000410,9815.00000000
2018-03-01 02:01:08,0.00000410,3300.00000000
2018-03-01 02:01:11,0.00000410,3508.00000000
2018-03-01 02:01:12,0.00000410,19843.00000000
2018-03-01 02:01:14,0.00000410,2443.00000000
2018-03-01 02:01:15,0.00000410,3896.00000000
2018-03-01 02:01:18,0.00000410,985.00000000
2018-03-01 02:01:23,0.00000410,135157.00000000
2018-03-01 02:01:24,0.00000410,3699.00000000
2018-03-01 02:01:26,0.00000410,4928.00000000
2018-03-01 02:01:29,0.00000411,608.00000000
2018-03-01 02:01:30,0.00000411,2272.00000000
2018-03-01 02:01:30,0.00000411,1343.00000000
2018-03-01 02:01:33,0.00000411,1292.00000000
2018-03-01 02:01:34,0.00000411,132292.00000000
2018-03-01 02:01:34,0.00000411,117700.00000000
2018-03-01 02:01:35,0.00000412,14489.00000000
2018-03-01 02:01:36,0.00000411,14065.00000000
2018-03-01 02:01:37,0.00000411,722.00000000
2018-03-01 02:01:38,0.00000411,440.00000000
2018-03-01 02:01:38,0.00000411,1374.00000000
2018-03-01 02:01:38,0.00000411,1367.00000000
2018-03-01 02:01:38,0.00000412,534.00000000
2018-03-01 02:01:39,0.00000411,1003.00000000
2018-03-01 02:01:40,0.00000411,13589.00000000
2018-03-01 02:01:42,0.00000411,129014.00000000
2018-03-01 02:01:46,0.00000411,908.00000000
2018-03-01 02:01:47,0.00000412,175046.00000000
2018-03-01 02:01:48,0.00000411,2000.00000000
2018-03-01 02:01:48,0.00000412,615.00000000
2018-03-01 02:01:48,0.00000411,8423.00000000
2018-03-01 02:01:49,0.00000411,8471.00000000
2018-03-01 02:01:50,0.00000412,4653.00000000
2018-03-01 02:01:54,0.00000412,561.00000000
2018-03-01 02:01:56,0.00000412,175360.00000000
2018-03-01 02:01:59,0.00000411,16458.00000000
2018-03-01 02:01:59,0.00000411,15560.00000000
2018-03-01 02:02:00,0.00000411,770.00000000
2018-03-01 02:02:01,0.00000411,9516.00000000
2018-03-01 02:02:01,0.00000412,128.00000000
2018-03-01 02:02:04,0.00000412,42.00000000
2018-03-01 02:02:05,0.00000411,20830.00000000
2018-03-01 02:02:07,0.00000412,131328.00000000
2018-03-01 02:02:09,0.00000411,47920.00000000
2018-03-01 02:02:09,0.00000411,390.00000000
2018-03-01 02:02:09,0.00000411,51690.00000000
2018-03-01 02:02:10,0.00000411,1511.00000000
2018-03-01 02:02:11,0.00000411,590.00000000
2018-03-01 02:02:12,0.00000411,2440.00000000
2018-03-01 02:02:12,0.00000411,1951.00000000
2018-03-01 02:02:13,0.00000411,1952.00000000
2018-03-01 02:02:13,0.00000411,1220.00000000
2018-03-01 02:02:14,0.00000411,1219.00000000
2018-03-01 02:02:17,0.00000412,141.00000000
2018-03-01 02:02:20,0.00000411,19.00000000
2018-03-01 02:02:22,0.00000411,1216.00000000
2018-03-01 02:02:24,0.00000411,159372.00000000
2018-03-01 02:02:25,0.00000411,1898.00000000
2018-03-01 02:02:27,0.00000411,35.00000000
2018-03-01 02:02:27,0.00000411,2455.00000000
2018-03-01 02:02:27,0.00000412,1756.00000000
2018-03-01 02:02:28,0.00000411,1219.00000000
2018-03-01 02:02:30,0.00000412,11.00000000
2018-03-01 02:02:30,0.00000411,52.00000000
2018-03-01 02:02:30,0.00000411,3156.00000000
2018-03-01 02:02:31,0.00000411,1366.00000000
2018-03-01 02:02:32,0.00000411,1636.00000000
2018-03-01 02:02:32,0.00000411,4879.00000000
2018-03-01 02:02:35,0.00000411,31399.00000000
2018-03-01 02:02:35,0.00000411,9706.00000000
2018-03-01 02:02:35,0.00000411,152538.00000000
2018-03-01 02:02:38,0.00000411,716.00000000
2018-03-01 02:02:47,0.00000412,1.00000000
2018-03-01 02:02:54,0.00000412,2900.00000000
2018-03-01 02:02:57,0.00000411,21618.00000000
2018-03-01 02:02:57,0.00000411,33727.00000000
2018-03-01 02:02:58,0.00000411,86995.00000000
2018-03-01 02:03:03,0.00000411,1590.00000000
2018-03-01 02:03:06,0.00000412,5.00000000
2018-03-01 02:03:13,0.00000412,3224.00000000
2018-03-01 02:03:18,0.00000411,3573.00000000
2018-03-01 02:03:19,0.00000412,119183.00000000
2018-03-01 02:03:19,0.00000411,20061.00000000
2018-03-01 02:03:20,0.00000411,737.00000000
2018-03-01 02:03:20,0.00000411,11877.00000000
2018-03-01 02:03:20,0.00000411,782.00000000
2018-03-01 02:03:20,0.00000411,267.00000000
2018-03-01 02:03:21,0.00000411,1525.00000000
2018-03-01 02:03:22,0.00000411,1128.00000000
2018-03-01 02:03:22,0.00000411,8988.00000000
2018-03-01 02:03:23,0.00000412,456871.00000000
2018-03-01 02:03:27,0.00000412,496.00000000
2018-03-01 02:03:32,0.00000411,1319.00000000
2018-03-01 02:03:33,0.00000411,57448.00000000
2018-03-01 02:03:35,0.00000412,2209.00000000
2018-03-01 02:03:36,0.00000412,1000000.00000000
2018-03-01 02:03:37,0.00000412,4736.00000000
2018-03-01 02:03:38,0.00000411,294.00000000
2018-03-01 02:03:39,0.00000412,292982.00000000
2018-03-01 02:03:39,0.00000411,24900.00000000
2018-03-01 02:03:41,0.00000412,126430.00000000
2018-03-01 02:03:42,0.00000412,188347.00000000
2018-03-01 02:03:43,0.00000412,73246.00000000
2018-03-01 02:03:43,0.00000411,1520.00000000
2018-03-01 02:03:45,0.00000412,1068.00000000
2018-03-01 02:03:47,0.00000412,2003.00000000
2018-03-01 02:03:49,0.00000411,2446.00000000
2018-03-01 02:03:49,0.00000411,121511.00000000
2018-03-01 02:03:49,0.00000411,17497.00000000
2018-03-01 02:03:50,0.00000411,3028.00000000
2018-03-01 02:03:51,0.00000411,782.00000000
2018-03-01 02:03:51,0.00000411,9141.00000000
2018-03-01 02:03:51,0.00000412,127.00000000
2018-03-01 02:03:51,0.00000412,23539.00000000
2018-03-01 02:04:01,0.00000411,51.00000000
2018-03-01 02:04:02,0.00000412,20453.00000000
2018-03-01 02:04:02,0.00000412,2572.00000000
2018-03-01 02:04:02,0.00000412,1604.00000000
2018-03-01 02:04:02,0.00000412,42333.00000000
2018-03-01 02:04:03,0.00000411,19243.00000000
2018-03-01 02:04:04,0.00000412,489.00000000
2018-03-01 02:04:05,0.00000412,2983.00000000
2018-03-01 02:04:08,0.00000412,586183.00000000
2018-03-01 02:04:09,0.00000411,2024.00000000
2018-03-01 02:04:10,0.00000411,99043.00000000
2018-03-01 02:04:22,0.00000412,198226.00000000
2018-03-01 02:04:24,0.00000412,9485.00000000
2018-03-01 02:04:26,0.00000412,109.00000000
2018-03-01 02:04:27,0.00000412,32290.00000000
2018-03-01 02:04:33,0.00000412,19875.00000000
2018-03-01 02:04:37,0.00000412,45480.00000000
2018-03-01 02:04:38,0.00000412,17725.00000000
2018-03-01 02:04:39,0.00000412,148633.00000000
2018-03-01 02:04:41,0.00000412,17726.00000000
2018-03-01 02:04:43,0.00000412,14021.00000000
2018-03-01 02:04:44,0.00000412,79087.00000000
2018-03-01 02:04:48,0.00000412,1069.00000000
2018-03-01 02:04:50,0.00000411,31352.00000000
2018-03-01 02:04:50,0.00000411,14985.00000000
2018-03-01 02:04:53,0.00000412,100000.00000000
2018-03-01 02:04:53,0.00000412,95877.00000000
2018-03-01 02:04:53,0.00000412,2227.00000000
2018-03-01 02:05:06,0.00000412,158716.00000000
2018-03-01 02:05:07,0.00000412,78612.00000000
2018-03-01 02:05:09,0.00000413,6.00000000
2018-03-01 02:05:13,0.00000412,23516.00000000
2018-03-01 02:05:17,0.00000412,14.00000000
2018-03-01 02:05:17,0.00000413,134233.00000000
2018-03-01 02:05:19,0.00000413,4360.00000000
2018-03-01 02:05:19,0.00000413,498.00000000
2018-03-01 02:05:22,0.00000413,147001.00000000
2018-03-01 02:05:22,0.00000413,1754.00000000
2018-03-01 02:05:26,0.00000413,9494.00000000
2018-03-01 02:05:26,0.00000413,7110.00000000
2018-03-01 02:05:32,0.00000412,434.00000000
2018-03-01 02:05:33,0.00000413,2466.00000000
2018-03-01 02:05:36,0.00000413,192836.00000000
2018-03-01 02:05:40,0.00000413,14304.00000000
2018-03-01 02:05:43,0.00000412,442.00000000
2018-03-01 02:05:50,0.00000413,1160.00000000
2018-03-01 02:05:50,0.00000413,13870.00000000
2018-03-01 02:05:50,0.00000413,841.00000000
2018-03-01 02:05:50,0.00000412,1105.00000000
2018-03-01 02:05:50,0.00000413,335.00000000
2018-03-01 02:05:52,0.00000413,40576.00000000
2018-03-01 02:05:56,0.00000414,200581.00000000
2018-03-01 02:05:56,0.00000413,675.00000000
2018-03-01 02:06:00,0.00000413,539.00000000
2018-03-01 02:06:03,0.00000414,240643.00000000
2018-03-01 02:06:04,0.00000413,78893.00000000
2018-03-01 02:06:04,0.00000413,134655.00000000
2018-03-01 02:06:09,0.00000413,287466.00000000
2018-03-01 02:06:10,0.00000413,700.00000000
2018-03-01 02:06:11,0.00000413,5765.00000000
2018-03-01 02:06:27,0.00000413,165336.00000000
2018-03-01 02:06:28,0.00000414,184630.00000000
2018-03-01 02:06:31,0.00000414,20435.00000000
2018-03-01 02:06:36,0.00000414,265996.00000000
2018-03-01 02:06:36,0.00000414,10848.00000000
2018-03-01 02:06:37,0.00000414,18339.00000000
2018-03-01 02:06:38,0.00000414,81901.00000000
2018-03-01 02:06:38,0.00000414,14986.00000000
2018-03-01 02:06:39,0.00000414,368.00000000
2018-03-01 02:06:39,0.00000415,4333.00000000
2018-03-01 02:06:40,0.00000414,5105.00000000
2018-03-01 02:06:43,0.00000414,5.00000000
2018-03-01 02:06:43,0.00000415,3458.00000000
2018-03-01 02:06:45,0.00000415,2928.00000000
2018-03-01 02:06:46,0.00000415,3447.00000000
2018-03-01 02:06:46,0.00000414,932.00000000
2018-03-01 02:06:47,0.00000414,508564.00000000
2018-03-01 02:06:48,0.00000414,932.00000000
2018-03-01 02:06:48,0.00000414,725.00000000
2018-03-01 02:06:48,0.00000414,29614.00000000
2018-03-01 02:06:48,0.00000414,6760.00000000
2018-03-01 02:06:49,0.00000415,413106.00000000
2018-03-01 02:06:49,0.00000415,4481.00000000
2018-03-01 02:06:50,0.00000415,8654.00000000
2018-03-01 02:06:51,0.00000415,36272.00000000
2018-03-01 02:06:54,0.00000415,427.00000000
2018-03-01 02:06:55,0.00000414,1007.00000000
2018-03-01 02:06:55,0.00000414,7500.00000000
2018-03-01 02:06:57,0.00000415,1013.00000000
2018-03-01 02:06:58,0.00000415,1998.00000000
2018-03-01 02:06:59,0.00000415,7554.00000000
2018-03-01 02:06:59,0.00000414,3451.00000000
2018-03-01 02:07:02,0.00000415,5935.00000000
2018-03-01 02:07:02,0.00000415,31115.00000000
2018-03-01 02:07:03,0.00000415,2416.00000000
2018-03-01 02:07:04,0.00000415,276.00000000
2018-03-01 02:07:04,0.00000415,26244.00000000
2018-03-01 02:07:04,0.00000415,5029.00000000
2018-03-01 02:07:04,0.00000414,7048.00000000
2018-03-01 02:07:07,0.00000415,350.00000000
2018-03-01 02:07:08,0.00000415,69.00000000
2018-03-01 02:07:08,0.00000414,2366.00000000
2018-03-01 02:07:10,0.00000414,120896.00000000
2018-03-01 02:07:11,0.00000414,2920.00000000
2018-03-01 02:07:13,0.00000415,5000.00000000
2018-03-01 02:07:17,0.00000415,114702.00000000
2018-03-01 02:07:18,0.00000415,1476.00000000
2018-03-01 02:07:18,0.00000415,12077.00000000
2018-03-01 02:07:19,0.00000415,16202.00000000
2018-03-01 02:07:20,0.00000415,540.00000000
2018-03-01 02:07:20,0.00000415,1567.00000000
2018-03-01 02:07:22,0.00000415,1851.00000000
2018-03-01 02:07:22,0.00000414,195.00000000
2018-03-01 02:07:25,0.00000414,1217.00000000
2018-03-01 02:07:26,0.00000415,15550.00000000
2018-03-01 02:07:29,0.00000415,36423.00000000
2018-03-01 02:07:29,0.00000414,610.00000000
2018-03-01 02:07:30,0.00000415,15024.00000000
2018-03-01 02:07:32,0.00000414,41210.00000000
2018-03-01 02:07:33,0.00000415,15.00000000
2018-03-01 02:07:35,0.00000415,4296.00000000
2018-03-01 02:07:37,0.00000414,21336.00000000
2018-03-01 02:07:37,0.00000414,174452.00000000
2018-03-01 02:07:38,0.00000414,126349.00000000
2018-03-01 02:07:39,0.00000415,20387.00000000
2018-03-01 02:07:39,0.00000414,342629.00000000
2018-03-01 02:07:39,0.00000414,121724.00000000
2018-03-01 02:07:39,0.00000414,2409.00000000
2018-03-01 02:07:39,0.00000414,2497.00000000
2018-03-01 02:07:39,0.00000414,1931.00000000
2018-03-01 02:07:40,0.00000414,9346.00000000
2018-03-01 02:07:40,0.00000415,2596.00000000
2018-03-01 02:07:41,0.00000414,12691.00000000
2018-03-01 02:07:41,0.00000414,15181.00000000
2018-03-01 02:07:42,0.00000414,1484.00000000
2018-03-01 02:07:42,0.00000414,2006.00000000
2018-03-01 02:07:42,0.00000415,2006.00000000
2018-03-01 02:07:42,0.00000414,11969.00000000
2018-03-01 02:07:47,0.00000414,9534.00000000
2018-03-01 02:07:49,0.00000415,235453.00000000
2018-03-01 02:07:50,0.00000414,28186.00000000
2018-03-01 02:07:50,0.00000414,7123.00000000
2018-03-01 02:07:50,0.00000414,12171.00000000
2018-03-01 02:07:50,0.00000415,9415.00000000
2018-03-01 02:07:50,0.00000413,45435.00000000
2018-03-01 02:07:51,0.00000414,22314.00000000
2018-03-01 02:07:51,0.00000414,350.00000000
2018-03-01 02:07:51,0.00000414,19126.00000000
2018-03-01 02:07:52,0.00000414,14333.00000000
2018-03-01 02:07:53,0.00000414,14333.00000000
2018-03-01 02:07:53,0.00000414,26182.00000000
2018-03-01 02:07:55,0.00000413,268.00000000
2018-03-01 02:07:56,0.00000414,573164.00000000
2018-03-01 02:07:56,0.00000414,1645.00000000
2018-03-01 02:07:56,0.00000414,2409.00000000
2018-03-01 02:07:56,0.00000414,65660.00000000
2018-03-01 02:07:56,0.00000413,2409.00000000
2018-03-01 02:07:57,0.00000414,9004.00000000
2018-03-01 02:07:57,0.00000415,7988.00000000
2018-03-01 02:07:59,0.00000415,1838.00000000
2018-03-01 02:08:00,0.00000415,302179.00000000
2018-03-01 02:08:00,0.00000415,24096.00000000
2018-03-01 02:08:00,0.00000415,2088.00000000
2018-03-01 02:08:00,0.00000415,34507.00000000
2018-03-01 02:08:01,0.00000415,1939.00000000
2018-03-01 02:08:01,0.00000415,1174.00000000
2018-03-01 02:08:01,0.00000415,990.00000000
2018-03-01 02:08:02,0.00000414,2415.00000000
2018-03-01 02:08:02,0.00000414,1174.00000000
2018-03-01 02:08:03,0.00000414,253.00000000
2018-03-01 02:08:07,0.00000414,2037.00000000
2018-03-01 02:08:07,0.00000415,1.00000000
2018-03-01 02:08:07,0.00000414,8362.00000000
2018-03-01 02:08:09,0.00000415,16608.00000000
2018-03-01 02:08:09,0.00000414,50000.00000000
2018-03-01 02:08:12,0.00000414,868357.00000000
2018-03-01 02:08:14,0.00000415,3419.00000000
2018-03-01 02:08:16,0.00000415,3815.00000000
2018-03-01 02:08:17,0.00000415,9800.00000000
2018-03-01 02:08:17,0.00000415,1768.00000000
2018-03-01 02:08:17,0.00000414,10309.00000000
2018-03-01 02:08:18,0.00000414,3452.00000000
2018-03-01 02:08:22,0.00000415,2403.00000000
2018-03-01 02:08:22,0.00000415,974.00000000
2018-03-01 02:08:22,0.00000415,977.00000000
2018-03-01 02:08:26,0.00000415,656.00000000
2018-03-01 02:08:27,0.00000414,16.00000000
2018-03-01 02:08:27,0.00000415,321.00000000
2018-03-01 02:08:28,0.00000415,6971.00000000
2018-03-01 02:08:28,0.00000415,193091.00000000
2018-03-01 02:08:29,0.00000415,2415.00000000
2018-03-01 02:08:29,0.00000415,1387.00000000
2018-03-01 02:08:31,0.00000415,3.00000000
2018-03-01 02:08:33,0.00000415,2404.00000000
2018-03-01 02:08:33,0.00000415,19020.00000000
2018-03-01 02:08:34,0.00000416,2000.00000000
2018-03-01 02:08:36,0.00000415,563860.00000000
2018-03-01 02:08:39,0.00000415,25207.00000000
2018-03-01 02:08:45,0.00000415,73011.00000000
2018-03-01 02:08:49,0.00000415,7228.00000000
2018-03-01 02:08:52,0.00000415,2526.00000000
2018-03-01 02:08:53,0.00000415,3659.00000000
2018-03-01 02:08:53,0.00000414,76424.00000000
2018-03-01 02:08:53,0.00000414,74965.00000000
2018-03-01 02:09:00,0.00000414,204014.00000000
2018-03-01 02:09:00,0.00000414,12500.00000000
2018-03-01 02:09:00,0.00000414,146.00000000
2018-03-01 02:09:00,0.00000415,2095.00000000
2018-03-01 02:09:00,0.00000415,1000.00000000
2018-03-01 02:09:02,0.00000415,1174.00000000
2018-03-01 02:09:05,0.00000414,25973.00000000
2018-03-01 02:09:09,0.00000415,911.00000000
2018-03-01 02:09:09,0.00000415,27511.00000000
2018-03-01 02:09:14,0.00000415,2495.00000000
2018-03-01 02:09:18,0.00000415,27084.00000000
2018-03-01 02:09:22,0.00000415,2061.00000000
2018-03-01 02:09:24,0.00000414,182409.00000000
2018-03-01 02:09:26,0.00000415,3032.00000000
2018-03-01 02:09:28,0.00000415,4599.00000000
2018-03-01 02:09:29,0.00000415,71229.00000000
2018-03-01 02:09:29,0.00000414,728.00000000
2018-03-01 02:09:30,0.00000415,22716.00000000
2018-03-01 02:09:30,0.00000415,74922.00000000
2018-03-01 02:09:34,0.00000415,5301.00000000
2018-03-01 02:09:35,0.00000414,26421.00000000
2018-03-01 02:09:37,0.00000415,251.00000000
2018-03-01 02:09:37,0.00000415,366.00000000
2018-03-01 02:09:38,0.00000415,1200.00000000
2018-03-01 02:09:38,0.00000414,3029.00000000
2018-03-01 02:09:41,0.00000415,39633.00000000
2018-03-01 02:09:48,0.00000414,4910.00000000
2018-03-01 02:09:48,0.00000414,1007.00000000
2018-03-01 02:09:48,0.00000415,145896.00000000
2018-03-01 02:09:50,0.00000415,4251.00000000
2018-03-01 02:09:50,0.00000414,5750.00000000
2018-03-01 02:09:52,0.00000414,37244.00000000
2018-03-01 02:09:53,0.00000414,1450.00000000
2018-03-01 02:09:53,0.00000413,10978.00000000
2018-03-01 02:09:53,0.00000413,5324.00000000
2018-03-01 02:09:55,0.00000414,341.00000000
2018-03-01 02:09:56,0.00000414,306.00000000
2018-03-01 02:10:01,0.00000414,3770.00000000
2018-03-01 02:10:01,0.00000414,500.00000000
2018-03-01 02:10:02,0.00000413,48192.00000000
2018-03-01 02:10:03,0.00000413,4831.00000000
2018-03-01 02:10:05,0.00000414,2142.00000000
2018-03-01 02:10:07,0.00000414,1005.00000000
2018-03-01 02:10:08,0.00000413,2061.00000000
2018-03-01 02:10:09,0.00000414,29295.00000000
2018-03-01 02:10:10,0.00000413,716.00000000
2018-03-01 02:10:10,0.00000413,4842.00000000
2018-03-01 02:10:10,0.00000413,3874.00000000
2018-03-01 02:10:16,0.00000413,100089.00000000
2018-03-01 02:10:17,0.00000413,2461.00000000
2018-03-01 02:10:17,0.00000413,4339.00000000
2018-03-01 02:10:17,0.00000413,131577.00000000
2018-03-01 02:10:18,0.00000412,2611.00000000
2018-03-01 02:10:20,0.00000412,5802.00000000
2018-03-01 02:10:20,0.00000412,1210.00000000
2018-03-01 02:10:25,0.00000412,31352.00000000
2018-03-01 02:10:26,0.00000412,25000.00000000
2018-03-01 02:10:28,0.00000412,5064.00000000
2018-03-01 02:10:30,0.00000412,762.00000000
2018-03-01 02:10:33,0.00000412,8646.00000000
2018-03-01 02:10:36,0.00000412,1000.00000000
2018-03-01 02:10:39,0.00000412,108076.00000000
2018-03-01 02:10:39,0.00000412,1943.00000000
2018-03-01 02:10:42,0.00000412,2427.00000000
2018-03-01 02:10:43,0.00000412,7194.00000000
2018-03-01 02:10:44,0.00000412,4476.00000000
2018-03-01 02:10:52,0.00000412,45840.00000000
2018-03-01 02:10:53,0.00000412,4830.00000000
2018-03-01 02:10:57,0.00000412,1205.00000000
2018-03-01 02:10:58,0.00000412,5000.00000000
2018-03-01 02:10:59,0.00000412,244.00000000
2018-03-01 02:11:01,0.00000412,200381.00000000
2018-03-01 02:11:01,0.00000413,19560.00000000
2018-03-01 02:11:04,0.00000412,6753.00000000
2018-03-01 02:11:04,0.00000413,1360.00000000
2018-03-01 02:11:08,0.00000412,400.00000000
2018-03-01 02:11:10,0.00000412,118237.00000000
2018-03-01 02:11:12,0.00000412,4532.00000000
2018-03-01 02:11:18,0.00000412,492.00000000
2018-03-01 02:11:18,0.00000412,655.00000000
2018-03-01 02:11:20,0.00000412,1000.00000000
2018-03-01 02:11:25,0.00000412,908.00000000
2018-03-01 02:11:25,0.00000412,5085.00000000
2018-03-01 02:11:26,0.00000412,9857.00000000
2018-03-01 02:11:30,0.00000412,2947.00000000
2018-03-01 02:11:32,0.00000411,30000.00000000
2018-03-01 02:11:34,0.00000411,1028.00000000
2018-03-01 02:11:35,0.00000411,1187.00000000
2018-03-01 02:11:36,0.00000412,57.00000000
2018-03-01 02:11:37,0.00000412,21230.00000000
2018-03-01 02:11:38,0.00000412,10082.00000000
2018-03-01 02:11:40,0.00000412,2326.00000000
2018-03-01 02:11:40,0.00000412,1414.00000000
2018-03-01 02:11:41,0.00000412,136580.00000000
2018-03-01 02:11:45,0.00000412,12000.00000000
2018-03-01 02:11:45,0.00000411,243355.00000000
2018-03-01 02:11:53,0.00000412,14199.00000000
2018-03-01 02:11:54,0.00000411,5053.00000000
2018-03-01 02:11:54,0.00000411,500.00000000
2018-03-01 02:11:58,0.00000412,389.00000000
2018-03-01 02:12:01,0.00000412,35.00000000
2018-03-01 02:12:04,0.00000411,35.00000000
2018-03-01 02:12:04,0.00000412,35.00000000
2018-03-01 02:12:04,0.00000412,111687.00000000
2018-03-01 02:12:06,0.00000412,6.00000000
2018-03-01 02:12:07,0.00000411,35.00000000
2018-03-01 02:12:08,0.00000411,5246.00000000
2018-03-01 02:12:09,0.00000412,33187.00000000
2018-03-01 02:12:11,0.00000412,69.00000000
2018-03-01 02:12:11,0.00000411,10254.00000000
2018-03-01 02:12:12,0.00000411,77155.00000000
2018-03-01 02:12:12,0.00000411,24390.00000000
2018-03-01 02:12:12,0.00000411,6312.00000000
2018-03-01 02:12:12,0.00000411,323.00000000
2018-03-01 02:12:13,0.00000412,7.00000000
2018-03-01 02:12:13,0.00000412,1.00000000
2018-03-01 02:12:17,0.00000412,15840.00000000
2018-03-01 02:12:19,0.00000412,998.00000000
2018-03-01 02:12:33,0.00000411,107915.00000000
2018-03-01 02:12:38,0.00000411,526.00000000
2018-03-01 02:12:39,0.00000412,13621.00000000
2018-03-01 02:12:47,0.00000412,22995.00000000
2018-03-01 02:12:49,0.00000412,143392.00000000
2018-03-01 02:12:50,0.00000411,100.00000000
2018-03-01 02:12:54,0.00000412,1.00000000
2018-03-01 02:13:00,0.00000411,440.00000000
2018-03-01 02:13:05,0.00000412,2000.00000000
2018-03-01 02:13:07,0.00000412,3.00000000
2018-03-01 02:13:11,0.00000412,1.00000000
2018-03-01 02:13:13,0.00000412,213115.00000000
2018-03-01 02:13:16,0.00000412,27815.00000000
2018-03-01 02:13:26,0.00000412,7.00000000
2018-03-01 02:13:36,0.00000412,11385.00000000
2018-03-01 02:13:37,0.00000412,771.00000000
2018-03-01 02:13:37,0.00000412,595.00000000
2018-03-01 02:13:41,0.00000412,116458.00000000
2018-03-01 02:13:43,0.00000412,750.00000000
2018-03-01 02:13:46,0.00000412,2000.00000000
2018-03-01 02:13:47,0.00000411,79973.00000000
2018-03-01 02:13:47,0.00000412,953.00000000
2018-03-01 02:13:48,0.00000412,3464.00000000
2018-03-01 02:13:52,0.00000412,179701.00000000
2018-03-01 02:13:52,0.00000413,239414.00000000
2018-03-01 02:13:52,0.00000412,2586.00000000
2018-03-01 02:13:55,0.00000412,3205.00000000
2018-03-01 02:13:55,0.00000412,3679.00000000
2018-03-01 02:13:56,0.00000412,2500.00000000
2018-03-01 02:13:56,0.00000412,530.00000000
2018-03-01 02:13:57,0.00000413,1127.00000000
2018-03-01 02:13:57,0.00000412,30799.00000000
2018-03-01 02:14:01,0.00000413,152019.00000000
2018-03-01 02:14:02,0.00000413,19920.00000000
2018-03-01 02:14:02,0.00000413,19920.00000000
2018-03-01 02:14:02,0.00000413,2414.00000000
2018-03-01 02:14:03,0.00000412,7537.00000000
2018-03-01 02:14:07,0.00000413,2000.00000000
2018-03-01 02:14:07,0.00000413,2000.00000000
2018-03-01 02:14:07,0.00000413,2010.00000000
2018-03-01 02:14:07,0.00000413,1999.00000000
2018-03-01 02:14:08,0.00000412,22694.00000000
2018-03-01 02:14:15,0.00000413,4471.00000000
2018-03-01 02:14:15,0.00000412,30000.00000000
2018-03-01 02:14:15,0.00000412,6193.00000000
2018-03-01 02:14:16,0.00000413,2486.00000000
2018-03-01 02:14:16,0.00000413,2000.00000000
2018-03-01 02:14:16,0.00000413,2000.00000000
2018-03-01 02:14:17,0.00000413,829.00000000
2018-03-01 02:14:17,0.00000413,8394.00000000
2018-03-01 02:14:20,0.00000413,328.00000000
2018-03-01 02:14:21,0.00000413,728.00000000
2018-03-01 02:14:27,0.00000412,110181.00000000
2018-03-01 02:14:27,0.00000413,444.00000000
2018-03-01 02:14:28,0.00000412,1003.00000000
2018-03-01 02:14:29,0.00000412,3813.00000000
2018-03-01 02:14:32,0.00000413,7145.00000000
2018-03-01 02:14:38,0.00000413,50.00000000
2018-03-01 02:14:42,0.00000413,1914.00000000
2018-03-01 02:14:44,0.00000413,3300.00000000
2018-03-01 02:14:44,0.00000413,3300.00000000
2018-03-01 02:14:44,0.00000413,3317.00000000
2018-03-01 02:14:44,0.00000413,3300.00000000
2018-03-01 02:14:44,0.00000413,2414.00000000
2018-03-01 02:14:45,0.00000413,6633.00000000
2018-03-01 02:14:46,0.00000413,12683.00000000
2018-03-01 02:14:46,0.00000413,12683.00000000
2018-03-01 02:14:46,0.00000413,2413.00000000
2018-03-01 02:14:51,0.00000413,208156.00000000
2018-03-01 02:14:53,0.00000413,191076.00000000
2018-03-01 02:14:55,0.00000413,5787.00000000
2018-03-01 02:14:55,0.00000413,2066.00000000
2018-03-01 02:14:56,0.00000412,30000.00000000
2018-03-01 02:14:59,0.00000413,136.00000000
2018-03-01 02:15:01,0.00000413,60367.00000000
2018-03-01 02:15:02,0.00000413,4.00000000
2018-03-01 02:15:03,0.00000413,5206.00000000
2018-03-01 02:15:04,0.00000413,500.00000000
2018-03-01 02:15:05,0.00000413,1203.00000000
2018-03-01 02:15:08,0.00000413,72956.00000000
2018-03-01 02:15:12,0.00000414,28.00000000
2018-03-01 02:15:15,0.00000413,102049.00000000
2018-03-01 02:15:15,0.00000413,2795.00000000
2018-03-01 02:15:18,0.00000413,41770.00000000
2018-03-01 02:15:22,0.00000413,2562.00000000
2018-03-01 02:15:24,0.00000414,132199.00000000
2018-03-01 02:15:25,0.00000414,1296.00000000
2018-03-01 02:15:33,0.00000413,1007.00000000
2018-03-01 02:15:33,0.00000414,8607.00000000
2018-03-01 02:15:33,0.00000413,1211.00000000
2018-03-01 02:15:35,0.00000414,9923.00000000
2018-03-01 02:15:38,0.00000413,60581.00000000
2018-03-01 02:15:39,0.00000414,138300.00000000
2018-03-01 02:15:40,0.00000414,21199.00000000
2018-03-01 02:15:41,0.00000414,387018.00000000
2018-03-01 02:15:44,0.00000414,1007.00000000
2018-03-01 02:15:46,0.00000414,1007.00000000
2018-03-01 02:15:48,0.00000414,1007.00000000
2018-03-01 02:15:48,0.00000415,1604.00000000
2018-03-01 02:15:50,0.00000415,5065.00000000
2018-03-01 02:15:50,0.00000415,519.00000000
2018-03-01 02:15:52,0.00000415,131880.00000000
2018-03-01 02:15:52,0.00000415,15989.00000000
2018-03-01 02:15:53,0.00000414,1996.00000000
2018-03-01 02:15:55,0.00000415,1275.00000000
2018-03-01 02:15:58,0.00000415,12920.00000000
2018-03-01 02:15:58,0.00000414,873.00000000
2018-03-01 02:15:58,0.00000415,34856.00000000
2018-03-01 02:16:00,0.00000415,723.00000000
2018-03-01 02:16:02,0.00000415,26142.00000000
2018-03-01 02:16:04,0.00000415,39213.00000000
2018-03-01 02:16:05,0.00000414,1007.00000000
2018-03-01 02:16:06,0.00000415,49223.00000000
2018-03-01 02:16:08,0.00000415,80545.00000000
2018-03-01 02:16:09,0.00000415,39213.00000000
2018-03-01 02:16:10,0.00000415,107720.00000000
2018-03-01 02:16:13,0.00000415,1312.00000000
2018-03-01 02:16:14,0.00000415,8927.00000000
2018-03-01 02:16:16,0.00000415,78096.00000000
2018-03-01 02:16:17,0.00000415,1000.00000000
2018-03-01 02:16:18,0.00000414,50002.00000000
2018-03-01 02:16:18,0.00000415,2487.00000000
2018-03-01 02:16:21,0.00000415,2120.00000000
2018-03-01 02:16:23,0.00000415,411.00000000
2018-03-01 02:16:23,0.00000415,130679.00000000
2018-03-01 02:16:24,0.00000414,4936.00000000
2018-03-01 02:16:26,0.00000414,153787.00000000
2018-03-01 02:16:28,0.00000415,1724.00000000
2018-03-01 02:16:30,0.00000415,12048.00000000
2018-03-01 02:16:34,0.00000415,661.00000000
2018-03-01 02:16:35,0.00000414,1482.00000000
2018-03-01 02:16:39,0.00000415,756.00000000
2018-03-01 02:16:42,0.00000415,15841.00000000
2018-03-01 02:16:43,0.00000414,3659.00000000
2018-03-01 02:16:45,0.00000414,1576.00000000
2018-03-01 02:16:46,0.00000415,82.00000000
2018-03-01 02:16:46,0.00000414,420.00000000
2018-03-01 02:16:48,0.00000415,45830.00000000
2018-03-01 02:16:49,0.00000414,136334.00000000
2018-03-01 02:16:50,0.00000414,15162.00000000
2018-03-01 02:16:51,0.00000415,1000.00000000
2018-03-01 02:16:51,0.00000415,1246.00000000
2018-03-01 02:16:55,0.00000415,3463.00000000
2018-03-01 02:16:57,0.00000415,2000.00000000
2018-03-01 02:16:59,0.00000414,354.00000000
2018-03-01 02:17:03,0.00000415,304.00000000
2018-03-01 02:17:07,0.00000415,72339.00000000
2018-03-01 02:17:08,0.00000414,121628.00000000
2018-03-01 02:17:10,0.00000415,3037.00000000
2018-03-01 02:17:10,0.00000415,177797.00000000
2018-03-01 02:17:12,0.00000415,32697.00000000
2018-03-01 02:17:15,0.00000415,11446.00000000
2018-03-01 02:17:19,0.00000414,1000.00000000
2018-03-01 02:17:23,0.00000415,558.00000000
2018-03-01 02:17:23,0.00000415,589.00000000
2018-03-01 02:17:24,0.00000414,5552.00000000
2018-03-01 02:17:27,0.00000415,482.00000000
2018-03-01 02:17:30,0.00000414,164920.00000000
2018-03-01 02:17:31,0.00000415,300.00000000
2018-03-01 02:17:32,0.00000414,4867.00000000
2018-03-01 02:17:35,0.00000415,106445.00000000
2018-03-01 02:17:37,0.00000414,2001.00000000
2018-03-01 02:17:40,0.00000415,199028.00000000
2018-03-01 02:17:40,0.00000415,1181.00000000
2018-03-01 02:17:42,0.00000415,430.00000000
2018-03-01 02:17:48,0.00000414,1007.00000000
2018-03-01 02:17:51,0.00000415,17161.00000000
2018-03-01 02:17:51,0.00000415,132707.00000000
2018-03-01 02:17:51,0.00000415,2415.00000000
2018-03-01 02:17:53,0.00000415,2415.00000000
2018-03-01 02:17:53,0.00000415,9800.00000000
2018-03-01 02:17:54,0.00000416,9237.00000000
2018-03-01 02:17:55,0.00000415,188250.00000000
2018-03-01 02:17:59,0.00000415,1084.00000000
2018-03-01 02:18:03,0.00000416,2.00000000
2018-03-01 02:18:06,0.00000416,2380.00000000
2018-03-01 02:18:07,0.00000416,1989.00000000
2018-03-01 02:18:07,0.00000416,8692.00000000
2018-03-01 02:18:09,0.00000415,5473.00000000
2018-03-01 02:18:18,0.00000415,3.00000000
2018-03-01 02:18:21,0.00000415,1000.00000000
2018-03-01 02:18:22,0.00000415,44955.00000000
2018-03-01 02:18:23,0.00000415,6198.00000000
2018-03-01 02:18:25,0.00000415,606.00000000
2018-03-01 02:18:26,0.00000415,132974.00000000
2018-03-01 02:18:31,0.00000416,2949.00000000
2018-03-01 02:18:31,0.00000415,17565.00000000
2018-03-01 02:18:33,0.00000415,1649.00000000
2018-03-01 02:18:34,0.00000415,7103.00000000
2018-03-01 02:18:41,0.00000416,1000.00000000
2018-03-01 02:18:43,0.00000416,18837.00000000
2018-03-01 02:18:44,0.00000415,9228.00000000
2018-03-01 02:18:46,0.00000416,21672.00000000
2018-03-01 02:18:47,0.00000416,974.00000000
2018-03-01 02:18:48,0.00000416,133003.00000000
2018-03-01 02:18:49,0.00000416,7370.00000000
2018-03-01 02:18:51,0.00000416,485.00000000
2018-03-01 02:18:51,0.00000416,20353.00000000
2018-03-01 02:18:54,0.00000416,20801.00000000
2018-03-01 02:18:54,0.00000416,425.00000000
2018-03-01 02:18:55,0.00000415,212.00000000
2018-03-01 02:18:57,0.00000415,2138.00000000
2018-03-01 02:18:57,0.00000416,2400.00000000
2018-03-01 02:19:00,0.00000416,4428.00000000
2018-03-01 02:19:00,0.00000416,53341.00000000
2018-03-01 02:19:02,0.00000416,1142.00000000
2018-03-01 02:19:03,0.00000416,5000.00000000
2018-03-01 02:19:06,0.00000415,1262.00000000
2018-03-01 02:19:06,0.00000415,10804.00000000
2018-03-01 02:19:13,0.00000415,258.00000000
2018-03-01 02:19:13,0.00000415,153278.00000000
2018-03-01 02:19:15,0.00000415,699300.00000000
2018-03-01 02:19:16,0.00000415,85341.00000000
2018-03-01 02:19:16,0.00000415,71997.00000000
2018-03-01 02:19:16,0.00000415,15544.00000000
2018-03-01 02:19:16,0.00000415,15544.00000000
2018-03-01 02:19:16,0.00000415,91897.00000000
2018-03-01 02:19:16,0.00000415,36482.00000000
2018-03-01 02:19:16,0.00000415,2403.00000000
2018-03-01 02:19:17,0.00000415,4819.00000000
2018-03-01 02:19:17,0.00000415,99737.00000000
2018-03-01 02:19:17,0.00000414,15544.00000000
2018-03-01 02:19:17,0.00000415,3743.00000000
2018-03-01 02:19:19,0.00000415,3631.00000000
2018-03-01 02:19:20,0.00000415,13527.00000000
2018-03-01 02:19:23,0.00000415,1553.00000000
2018-03-01 02:19:26,0.00000415,2000.00000000
2018-03-01 02:19:26,0.00000415,12919.00000000
2018-03-01 02:19:27,0.00000415,2086.00000000
2018-03-01 02:19:30,0.00000414,1100.00000000
2018-03-01 02:19:31,0.00000415,14398.00000000
2018-03-01 02:19:34,0.00000415,1400.00000000
2018-03-01 02:19:35,0.00000414,547975.00000000
2018-03-01 02:19:35,0.00000414,25947.00000000
2018-03-01 02:19:35,0.00000414,24154.00000000
2018-03-01 02:19:35,0.00000414,25947.00000000
2018-03-01 02:19:35,0.00000414,26014.00000000
2018-03-01 02:19:35,0.00000414,1807.00000000
2018-03-01 02:19:35,0.00000414,12048.00000000
2018-03-01 02:19:35,0.00000414,12500.00000000
2018-03-01 02:19:35,0.00000414,2410.00000000
2018-03-01 02:19:35,0.00000414,2410.00000000
2018-03-01 02:19:35,0.00000414,2349.00000000
2018-03-01 02:19:35,0.00000413,2349.00000000
2018-03-01 02:19:36,0.00000414,18726.00000000
2018-03-01 02:19:36,0.00000413,24154.00000000
2018-03-01 02:19:37,0.00000414,105939.00000000
2018-03-01 02:19:38,0.00000414,265.00000000
2018-03-01 02:19:41,0.00000414,2500.00000000
2018-03-01 02:19:42,0.00000414,10350.00000000
2018-03-01 02:19:43,0.00000414,1035.00000000
2018-03-01 02:19:44,0.00000414,20000.00000000
2018-03-01 02:19:49,0.00000413,1321.00000000
2018-03-01 02:19:50,0.00000413,485.00000000
2018-03-01 02:19:51,0.00000414,555.00000000
2018-03-01 02:19:51,0.00000413,138232.00000000
2018-03-01 02:19:51,0.00000413,16361.00000000
2018-03-01 02:19:51,0.00000413,1704.00000000
2018-03-01 02:19:51,0.00000413,16395.00000000
2018-03-01 02:19:52,0.00000413,2800.00000000
2018-03-01 02:19:54,0.00000412,45144.00000000
2018-03-01 02:19:55,0.00000413,17259.00000000
2018-03-01 02:19:56,0.00000413,528.00000000
2018-03-01 02:19:56,0.00000413,528.00000000
2018-03-01 02:19:56,0.00000413,527.00000000
2018-03-01 02:19:56,0.00000412,527.00000000
2018-03-01 02:20:02,0.00000413,1739.00000000
2018-03-01 02:20:02,0.00000412,2884.00000000
2018-03-01 02:20:06,0.00000413,23578.00000000
2018-03-01 02:20:06,0.00000413,21702.00000000
2018-03-01 02:20:06,0.00000412,102095.00000000
2018-03-01 02:20:09,0.00000413,768.00000000
2018-03-01 02:20:09,0.00000414,10000.00000000
2018-03-01 02:20:12,0.00000414,4000.00000000
2018-03-01 02:20:14,0.00000413,68046.00000000
2018-03-01 02:20:22,0.00000413,7203.00000000
2018-03-01 02:20:24,0.00000413,1019.00000000
2018-03-01 02:20:24,0.00000413,1057.00000000
2018-03-01 02:20:30,0.00000413,2432.00000000
2018-03-01 02:20:30,0.00000413,1418.00000000
2018-03-01 02:20:30,0.00000413,375.00000000
2018-03-01 02:20:31,0.00000412,185328.00000000
2018-03-01 02:20:44,0.00000413,1231.00000000
2018-03-01 02:20:44,0.00000413,270.00000000
2018-03-01 02:20:45,0.00000413,20239.00000000
2018-03-01 02:20:45,0.00000413,1065.00000000
2018-03-01 02:20:46,0.00000413,36296.00000000
2018-03-01 02:20:46,0.00000413,7023.00000000
2018-03-01 02:20:48,0.00000413,22241.00000000
2018-03-01 02:20:54,0.00000412,245360.00000000
2018-03-01 02:20:54,0.00000413,517937.00000000
2018-03-01 02:21:00,0.00000413,26760.00000000
2018-03-01 02:21:00,0.00000414,7122.00000000
2018-03-01 02:21:06,0.00000414,213.00000000
2018-03-01 02:21:07,0.00000413,1439.00000000
2018-03-01 02:21:08,0.00000414,35479.00000000
2018-03-01 02:21:10,0.00000413,778.00000000
2018-03-01 02:21:14,0.00000414,668.00000000
2018-03-01 02:21:15,0.00000413,12744.00000000
2018-03-01 02:21:18,0.00000414,161570.00000000
2018-03-01 02:21:18,0.00000415,956921.00000000
2018-03-01 02:21:22,0.00000414,481.00000000
2018-03-01 02:21:23,0.00000414,170330.00000000
2018-03-01 02:21:25,0.00000415,244.00000000
2018-03-01 02:21:34,0.00000414,1250.00000000
2018-03-01 02:21:35,0.00000415,66.00000000
2018-03-01 02:21:38,0.00000414,418.00000000
2018-03-01 02:21:42,0.00000415,20896.00000000
2018-03-01 02:21:43,0.00000414,30761.00000000
2018-03-01 02:21:45,0.00000415,36846.00000000
2018-03-01 02:21:45,0.00000416,57025.00000000
2018-03-01 02:21:45,0.00000415,5687.00000000
2018-03-01 02:21:46,0.00000415,6.00000000
2018-03-01 02:21:46,0.00000416,36.00000000
2018-03-01 02:21:48,0.00000416,337.00000000
2018-03-01 02:21:48,0.00000414,588.00000000
2018-03-01 02:21:49,0.00000414,42.00000000
2018-03-01 02:21:49,0.00000415,42.00000000
2018-03-01 02:21:49,0.00000415,630134.00000000
2018-03-01 02:21:49,0.00000416,2270.00000000
2018-03-01 02:21:50,0.00000415,42.00000000
2018-03-01 02:21:50,0.00000414,4042.00000000
2018-03-01 02:21:52,0.00000414,42.00000000
2018-03-01 02:21:53,0.00000415,629.00000000
2018-03-01 02:21:54,0.00000415,10923.00000000
2018-03-01 02:21:54,0.00000415,4080.00000000
2018-03-01 02:22:00,0.00000416,4229.00000000
2018-03-01 02:22:04,0.00000415,594.00000000
2018-03-01 02:22:06,0.00000416,784.00000000
2018-03-01 02:22:06,0.00000415,174425.00000000
2018-03-01 02:22:07,0.00000415,8687.00000000
2018-03-01 02:22:09,0.00000416,4000.00000000
2018-03-01 02:22:11,0.00000416,1723.00000000
2018-03-01 02:22:17,0.00000415,2645.00000000
2018-03-01 02:22:19,0.00000415,11988.00000000
2018-03-01 02:22:22,0.00000416,3550.00000000
2018-03-01 02:22:24,0.00000416,3006.00000000
2018-03-01 02:22:25,0.00000416,50.00000000
2018-03-01 02:22:29,0.00000416,107856.00000000
2018-03-01 02:22:33,0.00000415,4329.00000000
2018-03-01 02:22:36,0.00000415,19323.00000000
2018-03-01 02:22:38,0.00000415,211.00000000
2018-03-01 02:22:38,0.00000415,246.00000000
2018-03-01 02:22:38,0.00000415,70077.00000000
2018-03-01 02:22:45,0.00000415,92997.00000000
2018-03-01 02:22:45,0.00000414,5813.00000000
2018-03-01 02:22:48,0.00000415,1120.00000000
2018-03-01 02:22:50,0.00000415,31000.00000000
2018-03-01 02:22:52,0.00000415,57746.00000000
2018-03-01 02:22:59,0.00000415,187728.00000000
2018-03-01 02:23:00,0.00000415,666.00000000
2018-03-01 02:23:02,0.00000415,11644.00000000
2018-03-01 02:23:05,0.00000414,57029.00000000
2018-03-01 02:23:12,0.00000415,76313.00000000
2018-03-01 02:23:12,0.00000416,278002.00000000
2018-03-01 02:23:16,0.00000414,150.00000000
2018-03-01 02:23:17,0.00000415,2686.00000000
2018-03-01 02:23:20,0.00000415,5821.00000000
2018-03-01 02:23:21,0.00000415,8305.00000000
2018-03-01 02:23:22,0.00000415,184962.00000000
2018-03-01 02:23:22,0.00000416,16152.00000000
2018-03-01 02:23:22,0.00000415,8305.00000000
2018-03-01 02:23:23,0.00000414,919.00000000
2018-03-01 02:23:29,0.00000415,15362.00000000
2018-03-01 02:23:29,0.00000416,88710.00000000
2018-03-01 02:23:30,0.00000415,2408.00000000
2018-03-01 02:23:30,0.00000415,2408.00000000
2018-03-01 02:23:30,0.00000415,2408.00000000
2018-03-01 02:23:30,0.00000415,2522.00000000
2018-03-01 02:23:31,0.00000415,2413.00000000
2018-03-01 02:23:31,0.00000415,2380.00000000
2018-03-01 02:23:32,0.00000415,2408.00000000
2018-03-01 02:23:32,0.00000415,1268.00000000
2018-03-01 02:23:32,0.00000415,1.00000000
2018-03-01 02:23:32,0.00000416,2110.00000000
2018-03-01 02:23:44,0.00000415,2268.00000000
2018-03-01 02:23:46,0.00000415,26436.00000000
2018-03-01 02:23:47,0.00000415,205786.00000000
2018-03-01 02:23:50,0.00000415,5.00000000
2018-03-01 02:23:50,0.00000415,132798.00000000
2018-03-01 02:23:50,0.00000415,6500.00000000
2018-03-01 02:23:51,0.00000415,14504.00000000
2018-03-01 02:23:53,0.00000415,13964.00000000
2018-03-01 02:23:56,0.00000415,1035.00000000
2018-03-01 02:23:56,0.00000415,18438.00000000
2018-03-01 02:23:56,0.00000415,4964.00000000
2018-03-01 02:23:57,0.00000416,2.00000000
2018-03-01 02:23:57,0.00000415,11432.00000000
2018-03-01 02:23:57,0.00000415,10000.00000000
2018-03-01 02:23:59,0.00000416,1.00000000
2018-03-01 02:24:02,0.00000416,1855.00000000
2018-03-01 02:24:10,0.00000416,82932.00000000
2018-03-01 02:24:12,0.00000416,37087.00000000
2018-03-01 02:24:13,0.00000416,382.00000000
2018-03-01 02:24:14,0.00000415,129006.00000000
2018-03-01 02:24:18,0.00000416,11835.00000000
2018-03-01 02:24:18,0.00000415,1206.00000000
2018-03-01 02:24:19,0.00000416,482.00000000
2018-03-01 02:24:22,0.00000416,14607.00000000
2018-03-01 02:24:24,0.00000415,2409.00000000
2018-03-01 02:24:24,0.00000415,2408.00000000
2018-03-01 02:24:24,0.00000415,422.00000000
2018-03-01 02:24:27,0.00000415,25196.00000000
2018-03-01 02:24:29,0.00000416,131.00000000
2018-03-01 02:24:32,0.00000416,2265.00000000
2018-03-01 02:24:36,0.00000416,206620.00000000
2018-03-01 02:24:37,0.00000416,635.00000000
2018-03-01 02:24:42,0.00000416,284.00000000
2018-03-01 02:24:43,0.00000416,96739.00000000
2018-03-01 02:24:44,0.00000415,665.00000000
2018-03-01 02:24:47,0.00000415,5458.00000000
2018-03-01 02:24:49,0.00000416,968.00000000
2018-03-01 02:24:50,0.00000416,272535.00000000
2018-03-01 02:24:51,0.00000416,2000.00000000
2018-03-01 02:24:52,0.00000416,5951.00000000
2018-03-01 02:24:54,0.00000416,409.00000000
2018-03-01 02:24:55,0.00000415,508256.00000000
2018-03-01 02:24:58,0.00000416,124335.00000000
2018-03-01 02:24:59,0.00000415,1000.00000000
2018-03-01 02:25:00,0.00000416,19843.00000000
2018-03-01 02:25:09,0.00000416,2400.00000000
2018-03-01 02:25:10,0.00000416,18069.00000000
2018-03-01 02:25:13,0.00000415,411774.00000000
2018-03-01 02:25:20,0.00000416,159068.00000000
2018-03-01 02:25:20,0.00000415,9741.00000000
2018-03-01 02:25:23,0.00000416,697.00000000
2018-03-01 02:25:26,0.00000416,1130.00000000
2018-03-01 02:25:29,0.00000416,1351.00000000
2018-03-01 02:25:31,0.00000416,62165.00000000
2018-03-01 02:25:32,0.00000416,25130.00000000
2018-03-01 02:25:33,0.00000416,1222.00000000
2018-03-01 02:25:36,0.00000416,70337.00000000
2018-03-01 02:25:39,0.00000416,100000.00000000
2018-03-01 02:25:41,0.00000416,10000.00000000
2018-03-01 02:25:43,0.00000416,1777.00000000
2018-03-01 02:25:43,0.00000415,188816.00000000
2018-03-01 02:25:45,0.00000416,2500.00000000
2018-03-01 02:25:46,0.00000415,27483.00000000
2018-03-01 02:25:46,0.00000416,10000.00000000
2018-03-01 02:25:50,0.00000416,193491.00000000
2018-03-01 02:25:51,0.00000415,6384.00000000
2018-03-01 02:25:55,0.00000416,148132.00000000
2018-03-01 02:25:55,0.00000415,215.00000000
2018-03-01 02:26:00,0.00000416,1810.00000000
2018-03-01 02:26:02,0.00000415,57688.00000000
2018-03-01 02:26:06,0.00000415,24096.00000000
2018-03-01 02:26:06,0.00000415,8583.00000000
2018-03-01 02:26:07,0.00000415,12664.00000000
2018-03-01 02:26:07,0.00000415,1205.00000000
2018-03-01 02:26:07,0.00000415,130771.00000000
2018-03-01 02:26:09,0.00000415,1787.00000000
2018-03-01 02:26:10,0.00000415,189469.00000000
2018-03-01 02:26:11,0.00000415,144254.00000000
2018-03-01 02:26:12,0.00000415,7000.00000000
2018-03-01 02:26:14,0.00000415,5583.00000000
2018-03-01 02:26:14,0.00000415,1300.00000000
2018-03-01 02:26:15,0.00000415,908.00000000
2018-03-01 02:26:16,0.00000415,690.00000000
2018-03-01 02:26:24,0.00000415,1087.00000000
2018-03-01 02:26:25,0.00000415,4195.00000000
2018-03-01 02:26:29,0.00000414,115635.00000000
2018-03-01 02:26:30,0.00000414,10946.00000000
2018-03-01 02:26:30,0.00000415,69583.00000000
2018-03-01 02:26:32,0.00000415,37935.00000000
2018-03-01 02:26:38,0.00000415,796.00000000
2018-03-01 02:26:41,0.00000416,5005.00000000
2018-03-01 02:26:44,0.00000415,14354.00000000
2018-03-01 02:26:46,0.00000416,165752.00000000
2018-03-01 02:26:50,0.00000416,9413.00000000
2018-03-01 02:26:54,0.00000416,208591.00000000
2018-03-01 02:26:56,0.00000416,5006.00000000
2018-03-01 02:26:59,0.00000416,9702.00000000
2018-03-01 02:26:59,0.00000416,164974.00000000
2018-03-01 02:27:01,0.00000416,180520.00000000
2018-03-01 02:27:08,0.00000416,17319.00000000
2018-03-01 02:27:09,0.00000416,9568.00000000
2018-03-01 02:27:11,0.00000416,1832.00000000
2018-03-01 02:27:12,0.00000415,1851.00000000
2018-03-01 02:27:14,0.00000416,26761.00000000
2018-03-01 02:27:20,0.00000416,66901.00000000
2018-03-01 02:27:20,0.00000416,2082.00000000
2018-03-01 02:27:20,0.00000416,4819.00000000
2018-03-01 02:27:20,0.00000416,605.00000000
2018-03-01 02:27:20,0.00000415,6901.00000000
2018-03-01 02:27:20,0.00000415,1880.00000000
2018-03-01 02:27:20,0.00000416,1880.00000000
2018-03-01 02:27:20,0.00000416,973.00000000
2018-03-01 02:27:21,0.00000416,665.00000000
2018-03-01 02:27:21,0.00000416,2048.00000000
2018-03-01 02:27:21,0.00000416,9981.00000000
2018-03-01 02:27:22,0.00000416,8465.00000000
2018-03-01 02:27:23,0.00000415,9251.00000000
2018-03-01 02:27:25,0.00000416,602030.00000000
2018-03-01 02:27:26,0.00000415,4000.00000000
2018-03-01 02:27:30,0.00000415,610.00000000
2018-03-01 02:27:31,0.00000415,1080.00000000
2018-03-01 02:27:31,0.00000416,9543.00000000
2018-03-01 02:27:31,0.00000416,477.00000000
2018-03-01 02:27:31,0.00000416,15390.00000000
2018-03-01 02:27:32,0.00000416,1180.00000000
2018-03-01 02:27:32,0.00000416,10473.00000000
2018-03-01 02:27:32,0.00000416,11232.00000000
2018-03-01 02:27:32,0.00000416,1119.00000000
2018-03-01 02:27:33,0.00000416,2403.00000000
2018-03-01 02:27:33,0.00000416,3293.00000000
2018-03-01 02:27:33,0.00000417,477.00000000
2018-03-01 02:27:34,0.00000416,1000.00000000
2018-03-01 02:27:34,0.00000416,7598.00000000
2018-03-01 02:27:35,0.00000416,24038.00000000
2018-03-01 02:27:35,0.00000416,1044.00000000
2018-03-01 02:27:35,0.00000416,1280.00000000
2018-03-01 02:27:35,0.00000417,478.00000000
2018-03-01 02:27:36,0.00000416,306.00000000
2018-03-01 02:27:36,0.00000416,25931.00000000
2018-03-01 02:27:37,0.00000417,44072.00000000
2018-03-01 02:27:40,0.00000417,166945.00000000
2018-03-01 02:27:41,0.00000416,607.00000000
2018-03-01 02:27:42,0.00000416,3456.00000000
2018-03-01 02:27:42,0.00000417,31135.00000000
2018-03-01 02:27:46,0.00000417,3959.00000000
2018-03-01 02:27:46,0.00000417,41736.00000000
2018-03-01 02:27:48,0.00000417,126900.00000000
2018-03-01 02:27:48,0.00000417,13912.00000000
2018-03-01 02:27:50,0.00000417,247.00000000
2018-03-01 02:27:51,0.00000416,2685.00000000
2018-03-01 02:27:51,0.00000417,4099.00000000
2018-03-01 02:27:53,0.00000416,3509.00000000
2018-03-01 02:27:54,0.00000417,44021.00000000
2018-03-01 02:27:58,0.00000417,100000.00000000
2018-03-01 02:28:02,0.00000417,200.00000000
2018-03-01 02:28:02,0.00000417,205748.00000000
2018-03-01 02:28:05,0.00000416,241.00000000
2018-03-01 02:28:06,0.00000416,4795.00000000
2018-03-01 02:28:09,0.00000417,27.00000000
2018-03-01 02:28:10,0.00000417,123315.00000000
2018-03-01 02:28:12,0.00000416,162718.00000000
2018-03-01 02:28:17,0.00000417,3179.00000000
2018-03-01 02:28:21,0.00000416,949.00000000
2018-03-01 02:28:22,0.00000417,680.00000000
2018-03-01 02:28:23,0.00000417,20994.00000000
2018-03-01 02:28:24,0.00000417,35764.00000000
2018-03-01 02:28:26,0.00000416,604.00000000
2018-03-01 02:28:30,0.00000417,11.00000000
2018-03-01 02:28:31,0.00000417,811.00000000
2018-03-01 02:28:37,0.00000417,1604.00000000
2018-03-01 02:28:38,0.00000417,535.00000000
2018-03-01 02:28:38,0.00000416,8642.00000000
2018-03-01 02:28:38,0.00000416,20247.00000000
2018-03-01 02:28:39,0.00000417,164014.00000000
2018-03-01 02:28:40,0.00000416,7984.00000000
2018-03-01 02:28:42,0.00000417,11162.00000000
2018-03-01 02:28:42,0.00000417,5000.00000000
2018-03-01 02:28:44,0.00000417,86889.00000000
2018-03-01 02:28:44,0.00000417,2187.00000000
2018-03-01 02:28:46,0.00000417,21722.00000000
2018-03-01 02:28:47,0.00000417,5430.00000000
2018-03-01 02:28:49,0.00000416,10.00000000
2018-03-01 02:28:49,0.00000417,1358.00000000
2018-03-01 02:28:49,0.00000416,642.00000000
2018-03-01 02:28:52,0.00000417,694.00000000
2018-03-01 02:28:54,0.00000416,4782.00000000
2018-03-01 02:28:54,0.00000417,339.00000000
2018-03-01 02:28:54,0.00000417,10445.00000000
2018-03-01 02:28:55,0.00000417,3028.00000000
2018-03-01 02:28:55,0.00000417,85.00000000
2018-03-01 02:28:56,0.00000417,2451.00000000
2018-03-01 02:28:57,0.00000417,29.00000000
2018-03-01 02:29:02,0.00000417,188489.00000000
2018-03-01 02:29:05,0.00000417,5741.00000000
2018-03-01 02:29:07,0.00000417,718.00000000
2018-03-01 02:29:08,0.00000416,1000.00000000
2018-03-01 02:29:09,0.00000417,703725.00000000
2018-03-01 02:29:12,0.00000417,24846.00000000
2018-03-01 02:29:13,0.00000417,468.00000000
2018-03-01 02:29:16,0.00000416,9800.00000000
2018-03-01 02:29:16,0.00000417,15348.00000000
2018-03-01 02:29:19,0.00000417,4652.00000000
2018-03-01 02:29:20,0.00000417,46375.00000000
2018-03-01 02:29:20,0.00000416,251.00000000
2018-03-01 02:29:21,0.00000417,57148.00000000
2018-03-01 02:29:22,0.00000417,17358.00000000
2018-03-01 02:29:23,0.00000417,6000.00000000
2018-03-01 02:29:23,0.00000417,2844.00000000
2018-03-01 02:29:24,0.00000417,75118.00000000
2018-03-01 02:29:24,0.00000417,69964.00000000
2018-03-01 02:29:24,0.00000417,34377.00000000
2018-03-01 02:29:27,0.00000417,1000.00000000
2018-03-01 02:29:29,0.00000417,750.00000000
2018-03-01 02:29:32,0.00000417,2000.00000000
2018-03-01 02:29:32,0.00000417,972.00000000
2018-03-01 02:29:43,0.00000418,88752.00000000
2018-03-01 02:29:45,0.00000418,254484.00000000
2018-03-01 02:29:48,0.00000418,12388.00000000
2018-03-01 02:29:49,0.00000418,172104.00000000
2018-03-01 02:29:51,0.00000418,7660.00000000
2018-03-01 02:29:52,0.00000418,57938.00000000
2018-03-01 02:29:52,0.00000418,1058.00000000
2018-03-01 02:29:55,0.00000418,11210.00000000
2018-03-01 02:29:55,0.00000418,5616.00000000
2018-03-01 02:29:55,0.00000418,6764.00000000
2018-03-01 02:29:57,0.00000418,1420.00000000
2018-03-01 02:30:00,0.00000418,9516.00000000
2018-03-01 02:30:01,0.00000418,7847.00000000
2018-03-01 02:30:02,0.00000418,7044.00000000
2018-03-01 02:30:02,0.00000418,10589.00000000
2018-03-01 02:30:03,0.00000418,62.00000000
2018-03-01 02:30:03,0.00000417,275.00000000
2018-03-01 02:30:04,0.00000418,16582.00000000
2018-03-01 02:30:04,0.00000418,6067.00000000
2018-03-01 02:30:06,0.00000418,320053.00000000
2018-03-01 02:30:06,0.00000418,74145.00000000
2018-03-01 02:30:06,0.00000418,15811.00000000
2018-03-01 02:30:06,0.00000418,62165.00000000
2018-03-01 02:30:06,0.00000418,5000.00000000
2018-03-01 02:30:07,0.00000418,230000.00000000
2018-03-01 02:30:10,0.00000418,3088.00000000
2018-03-01 02:30:11,0.00000419,5821.00000000
2018-03-01 02:30:12,0.00000418,772.00000000
2018-03-01 02:30:16,0.00000418,2398.00000000
2018-03-01 02:30:16,0.00000418,731.00000000
2018-03-01 02:30:16,0.00000419,136576.00000000
2018-03-01 02:30:18,0.00000418,1000.00000000
2018-03-01 02:30:20,0.00000418,1000.00000000
2018-03-01 02:30:20,0.00000418,3061.00000000
2018-03-01 02:30:21,0.00000418,1046.00000000
2018-03-01 02:30:21,0.00000418,594.00000000
2018-03-01 02:30:21,0.00000418,3296.00000000
2018-03-01 02:30:22,0.00000418,256.00000000
2018-03-01 02:30:23,0.00000418,1068.00000000
2018-03-01 02:30:24,0.00000419,784.00000000
2018-03-01 02:30:25,0.00000418,9613.00000000
2018-03-01 02:30:25,0.00000418,413.00000000
2018-03-01 02:30:26,0.00000419,153687.00000000
2018-03-01 02:30:27,0.00000418,1364.00000000
2018-03-01 02:30:29,0.00000419,4421.00000000
2018-03-01 02:30:29,0.00000418,16043.00000000
2018-03-01 02:30:31,0.00000418,2426.00000000
2018-03-01 02:30:31,0.00000418,9033.00000000
2018-03-01 02:30:33,0.00000419,20.00000000
2018-03-01 02:30:36,0.00000419,1460.00000000
2018-03-01 02:30:37,0.00000419,3211.00000000
2018-03-01 02:30:37,0.00000419,1441.00000000
2018-03-01 02:30:39,0.00000418,274.00000000
2018-03-01 02:30:40,0.00000418,172280.00000000
2018-03-01 02:30:40,0.00000419,481.00000000
2018-03-01 02:30:41,0.00000418,10760.00000000
2018-03-01 02:30:42,0.00000418,7334.00000000
2018-03-01 02:30:42,0.00000418,1922.00000000
2018-03-01 02:30:51,0.00000418,333.00000000
2018-03-01 02:30:54,0.00000419,21900.00000000
2018-03-01 02:30:57,0.00000418,8642.00000000
2018-03-01 02:30:57,0.00000418,27124.00000000
2018-03-01 02:30:58,0.00000418,739.00000000
2018-03-01 02:30:58,0.00000419,40032.00000000
2018-03-01 02:30:59,0.00000418,2398.00000000
2018-03-01 02:31:01,0.00000418,17182.00000000
2018-03-01 02:31:01,0.00000419,680359.00000000
2018-03-01 02:31:02,0.00000419,2046.00000000
2018-03-01 02:31:02,0.00000418,150000.00000000
2018-03-01 02:31:03,0.00000419,269.00000000
2018-03-01 02:31:03,0.00000419,1338.00000000
2018-03-01 02:31:05,0.00000419,269933.00000000
2018-03-01 02:31:05,0.00000419,11141.00000000
2018-03-01 02:31:06,0.00000419,139083.00000000
2018-03-01 02:31:07,0.00000419,37159.00000000
2018-03-01 02:31:07,0.00000419,29463.00000000
2018-03-01 02:31:09,0.00000418,169628.00000000
2018-03-01 02:31:09,0.00000419,17273.00000000
2018-03-01 02:31:09,0.00000419,63968.00000000
2018-03-01 02:31:10,0.00000420,42625.00000000
2018-03-01 02:31:10,0.00000419,5481.00000000
2018-03-01 02:31:10,0.00000419,2796.00000000
2018-03-01 02:31:10,0.00000419,2395.00000000
2018-03-01 02:31:11,0.00000419,445.00000000
2018-03-01 02:31:11,0.00000419,2000.00000000
2018-03-01 02:31:11,0.00000419,2386.00000000
2018-03-01 02:31:12,0.00000419,2392.00000000
2018-03-01 02:31:12,0.00000419,1013.00000000
2018-03-01 02:31:13,0.00000419,2392.00000000
2018-03-01 02:31:13,0.00000419,42416.00000000
2018-03-01 02:31:13,0.00000419,5351.00000000
2018-03-01 02:31:14,0.00000419,2392.00000000
2018-03-01 02:31:15,0.00000419,2392.00000000
2018-03-01 02:31:16,0.00000419,1441.00000000
2018-03-01 02:31:17,0.00000419,434.00000000
2018-03-01 02:31:17,0.00000419,88419.00000000
2018-03-01 02:31:17,0.00000419,774.00000000
2018-03-01 02:31:17,0.00000419,2392.00000000
2018-03-01 02:31:17,0.00000419,3451.00000000
2018-03-01 02:31:17,0.00000419,2175.00000000
2018-03-01 02:31:18,0.00000419,3451.00000000
2018-03-01 02:31:18,0.00000419,42355.00000000
2018-03-01 02:31:18,0.00000419,608.00000000
2018-03-01 02:31:19,0.00000419,20000.00000000
2018-03-01 02:31:19,0.00000419,724.00000000
2018-03-01 02:31:20,0.00000419,239255.00000000
2018-03-01 02:31:20,0.00000419,51555.00000000
2018-03-01 02:31:20,0.00000420,60488.00000000
2018-03-01 02:31:20,0.00000419,15803.00000000
2018-03-01 02:31:21,0.00000419,269344.00000000
2018-03-01 02:31:21,0.00000419,390.00000000
2018-03-01 02:31:22,0.00000419,481.00000000
2018-03-01 02:31:22,0.00000419,2271.00000000
2018-03-01 02:31:23,0.00000420,1207.00000000
2018-03-01 02:31:26,0.00000420,4000.00000000
2018-03-01 02:31:26,0.00000420,2745.00000000
2018-03-01 02:31:29,0.00000420,1071134.00000000
2018-03-01 02:31:30,0.00000420,983.00000000
2018-03-01 02:31:31,0.00000420,1003.00000000
2018-03-01 02:31:31,0.00000420,122601.00000000
2018-03-01 02:31:33,0.00000420,6563.00000000
2018-03-01 02:31:33,0.00000419,23866.00000000
2018-03-01 02:31:33,0.00000420,2180.00000000
2018-03-01 02:31:33,0.00000419,51282.00000000
2018-03-01 02:31:33,0.00000419,34.00000000
2018-03-01 02:31:33,0.00000420,4677.00000000
2018-03-01 02:31:34,0.00000419,2432.00000000
2018-03-01 02:31:36,0.00000419,4580.00000000
2018-03-01 02:31:36,0.00000419,47732.00000000
2018-03-01 02:31:37,0.00000419,23809.00000000
2018-03-01 02:31:37,0.00000419,69455.00000000
2018-03-01 02:31:37,0.00000419,895.00000000
2018-03-01 02:31:38,0.00000419,4050.00000000
2018-03-01 02:31:38,0.00000419,11962.00000000
2018-03-01 02:31:38,0.00000420,9533.00000000
2018-03-01 02:31:39,0.00000419,11962.00000000
2018-03-01 02:31:40,0.00000419,2674.00000000
2018-03-01 02:31:40,0.00000420,9665.00000000
2018-03-01 02:31:40,0.00000420,5051.00000000
2018-03-01 02:31:40,0.00000420,5062.00000000
2018-03-01 02:31:41,0.00000419,2270.00000000
2018-03-01 02:31:43,0.00000420,1007.00000000
2018-03-01 02:31:46,0.00000420,13271.00000000
2018-03-01 02:31:47,0.00000420,9.00000000
2018-03-01 02:31:47,0.00000419,288439.00000000
2018-03-01 02:31:48,0.00000419,34500.00000000
2018-03-01 02:31:49,0.00000418,1010.00000000
2018-03-01 02:31:50,0.00000418,572.00000000
2018-03-01 02:31:50,0.00000418,2456.00000000
2018-03-01 02:31:51,0.00000419,9863.00000000
2018-03-01 02:31:51,0.00000419,1351.00000000
2018-03-01 02:31:51,0.00000418,345.00000000
2018-03-01 02:31:51,0.00000418,7142.00000000
2018-03-01 02:31:52,0.00000418,5200.00000000
2018-03-01 02:31:52,0.00000418,1214.00000000
2018-03-01 02:31:52,0.00000418,748.00000000
2018-03-01 02:31:52,0.00000419,186883.00000000
2018-03-01 02:31:53,0.00000418,733.00000000
2018-03-01 02:31:54,0.00000418,1498.00000000
2018-03-01 02:31:54,0.00000418,525641.00000000
2018-03-01 02:31:54,0.00000418,1498.00000000
2018-03-01 02:31:55,0.00000419,53959.00000000
2018-03-01 02:31:55,0.00000419,36000.00000000
2018-03-01 02:31:55,0.00000418,445.00000000
2018-03-01 02:31:55,0.00000418,522.00000000
2018-03-01 02:31:56,0.00000419,5.00000000
2018-03-01 02:31:57,0.00000418,445.00000000
2018-03-01 02:31:58,0.00000418,4861.00000000
2018-03-01 02:31:58,0.00000419,3866.00000000
2018-03-01 02:31:58,0.00000419,447.00000000
2018-03-01 02:31:58,0.00000418,445.00000000
2018-03-01 02:32:00,0.00000419,1190.00000000
2018-03-01 02:32:01,0.00000419,14000.00000000
2018-03-01 02:32:01,0.00000418,25430.00000000
2018-03-01 02:32:02,0.00000419,47732.00000000
2018-03-01 02:32:04,0.00000418,246.00000000
2018-03-01 02:32:06,0.00000419,185.00000000
2018-03-01 02:32:07,0.00000419,23850.00000000
2018-03-01 02:32:07,0.00000418,10966.00000000
2018-03-01 02:32:08,0.00000419,4.00000000
2018-03-01 02:32:10,0.00000419,2776.00000000
2018-03-01 02:32:11,0.00000419,11635.00000000
2018-03-01 02:32:14,0.00000419,52279.00000000
2018-03-01 02:32:15,0.00000419,23866.00000000
2018-03-01 02:32:16,0.00000418,25523.00000000
2018-03-01 02:32:22,0.00000418,697.00000000
2018-03-01 02:32:22,0.00000419,250.00000000
2018-03-01 02:32:23,0.00000419,53253.00000000
2018-03-01 02:32:23,0.00000419,148542.00000000
2018-03-01 02:32:24,0.00000419,737.00000000
2018-03-01 02:32:24,0.00000418,85314.00000000
2018-03-01 02:32:30,0.00000419,117.00000000
2018-03-01 02:32:34,0.00000419,2386.00000000
2018-03-01 02:32:37,0.00000419,68193.00000000
2018-03-01 02:32:37,0.00000418,3788.00000000
2018-03-01 02:32:39,0.00000419,4044.00000000
2018-03-01 02:32:39,0.00000419,1170.00000000
2018-03-01 02:32:40,0.00000419,5230.00000000
2018-03-01 02:32:41,0.00000418,6650.00000000
2018-03-01 02:32:41,0.00000419,100762.00000000
2018-03-01 02:32:48,0.00000419,1000.00000000
2018-03-01 02:32:49,0.00000419,12058.00000000
2018-03-01 02:32:49,0.00000419,51909.00000000
2018-03-01 02:32:52,0.00000419,42656.00000000
2018-03-01 02:32:54,0.00000419,10020.00000000
2018-03-01 02:33:00,0.00000419,2938.00000000
2018-03-01 02:33:00,0.00000419,2647.00000000
2018-03-01 02:33:06,0.00000418,1456.00000000
2018-03-01 02:33:08,0.00000419,893.00000000
2018-03-01 02:33:08,0.00000419,12991.00000000
2018-03-01 02:33:09,0.00000419,14636.00000000
2018-03-01 02:33:10,0.00000419,9325.00000000
2018-03-01 02:33:12,0.00000419,167320.00000000
2018-03-01 02:33:14,0.00000419,3774.00000000
2018-03-01 02:33:15,0.00000418,3.00000000
2018-03-01 02:33:15,0.00000418,17384.00000000
2018-03-01 02:33:23,0.00000419,955424.00000000
2018-03-01 02:33:24,0.00000419,1502.00000000
2018-03-01 02:33:24,0.00000418,8675.00000000
2018-03-01 02:33:25,0.00000419,770.00000000
2018-03-01 02:33:25,0.00000419,7000.00000000
2018-03-01 02:33:25,0.00000419,10000.00000000
2018-03-01 02:33:26,0.00000419,14508.00000000
2018-03-01 02:33:27,0.00000419,23866.00000000
2018-03-01 02:33:27,0.00000419,747.00000000
2018-03-01 02:33:28,0.00000419,34253.00000000
2018-03-01 02:33:29,0.00000419,1196.00000000
2018-03-01 02:33:32,0.00000419,2000.00000000
2018-03-01 02:33:33,0.00000419,27274.00000000
2018-03-01 02:33:35,0.00000419,165784.00000000
2018-03-01 02:33:36,0.00000420,435885.00000000
2018-03-01 02:33:37,0.00000419,12948.00000000
2018-03-01 02:33:37,0.00000419,2431.00000000
2018-03-01 02:33:38,0.00000419,908.00000000
2018-03-01 02:33:38,0.00000419,2301.00000000
2018-03-01 02:33:40,0.00000419,560.00000000
2018-03-01 02:33:41,0.00000419,399.00000000
2018-03-01 02:33:41,0.00000419,30649.00000000
2018-03-01 02:33:41,0.00000419,4623.00000000
2018-03-01 02:33:42,0.00000419,38524.00000000
2018-03-01 02:33:43,0.00000420,821.00000000
2018-03-01 02:33:44,0.00000420,19462.00000000
2018-03-01 02:33:45,0.00000420,289828.00000000
2018-03-01 02:33:45,0.00000419,370.00000000
2018-03-01 02:33:47,0.00000420,30905.00000000
2018-03-01 02:33:48,0.00000420,178890.00000000
2018-03-01 02:33:48,0.00000420,3133.00000000
2018-03-01 02:33:48,0.00000420,87268.00000000
2018-03-01 02:33:49,0.00000420,30657.00000000
2018-03-01 02:33:49,0.00000420,7645.00000000
2018-03-01 02:33:50,0.00000420,2911.00000000
2018-03-01 02:33:51,0.00000420,23809.00000000
2018-03-01 02:33:51,0.00000420,2969.00000000
2018-03-01 02:33:51,0.00000420,66702.00000000
2018-03-01 02:33:52,0.00000420,415.00000000
2018-03-01 02:33:52,0.00000420,496.00000000
2018-03-01 02:33:52,0.00000420,1434.00000000
2018-03-01 02:33:53,0.00000420,9767.00000000
2018-03-01 02:33:54,0.00000420,478.00000000
2018-03-01 02:33:55,0.00000419,483.00000000
2018-03-01 02:33:56,0.00000420,41864.00000000
2018-03-01 02:33:56,0.00000420,697.00000000
2018-03-01 02:33:56,0.00000420,10000.00000000
2018-03-01 02:33:58,0.00000420,5000.00000000
2018-03-01 02:33:58,0.00000420,8229.00000000
2018-03-01 02:33:58,0.00000420,248.00000000
2018-03-01 02:33:58,0.00000421,12.00000000
2018-03-01 02:33:59,0.00000420,6933.00000000
2018-03-01 02:34:00,0.00000420,23809.00000000
2018-03-01 02:34:00,0.00000420,15148.00000000
2018-03-01 02:34:01,0.00000420,91916.00000000
2018-03-01 02:34:01,0.00000421,125529.00000000
2018-03-01 02:34:02,0.00000421,1621.00000000
2018-03-01 02:34:02,0.00000420,484.00000000
2018-03-01 02:34:03,0.00000421,1431.00000000
2018-03-01 02:34:03,0.00000421,21904.00000000
2018-03-01 02:34:04,0.00000420,5283.00000000
2018-03-01 02:34:05,0.00000420,8000.00000000
2018-03-01 02:34:06,0.00000420,419.00000000
2018-03-01 02:34:06,0.00000421,2146.00000000
2018-03-01 02:34:06,0.00000420,907.00000000
2018-03-01 02:34:07,0.00000421,8605.00000000
2018-03-01 02:34:08,0.00000421,1602.00000000
2018-03-01 02:34:09,0.00000421,8191.00000000
2018-03-01 02:34:09,0.00000421,31986.00000000
2018-03-01 02:34:10,0.00000420,3477.00000000
2018-03-01 02:34:10,0.00000421,1040.00000000
2018-03-01 02:34:10,0.00000421,534.00000000
2018-03-01 02:34:11,0.00000420,2856.00000000
2018-03-01 02:34:12,0.00000421,5476.00000000
2018-03-01 02:34:13,0.00000420,3477.00000000
2018-03-01 02:34:13,0.00000421,7695.00000000
2018-03-01 02:34:15,0.00000421,5013.00000000
2018-03-01 02:34:15,0.00000421,1825.00000000
2018-03-01 02:34:15,0.00000420,3477.00000000
2018-03-01 02:34:17,0.00000420,3477.00000000
2018-03-01 02:34:17,0.00000420,3477.00000000
2018-03-01 02:34:20,0.00000420,20283.00000000
2018-03-01 02:34:20,0.00000420,750.00000000
2018-03-01 02:34:20,0.00000421,10007.00000000
2018-03-01 02:34:21,0.00000420,4964.00000000
2018-03-01 02:34:21,0.00000421,122149.00000000
2018-03-01 02:34:22,0.00000420,3000.00000000
2018-03-01 02:34:22,0.00000420,1500.00000000
2018-03-01 02:34:22,0.00000421,904.00000000
2018-03-01 02:34:23,0.00000420,29079.00000000
2018-03-01 02:34:23,0.00000421,496525.00000000
2018-03-01 02:34:23,0.00000421,2332.00000000
2018-03-01 02:34:25,0.00000420,209.00000000
2018-03-01 02:34:25,0.00000421,123884.00000000
2018-03-01 02:34:25,0.00000421,119123.00000000
2018-03-01 02:34:26,0.00000421,16202.00000000
2018-03-01 02:34:26,0.00000421,870.00000000
2018-03-01 02:34:27,0.00000421,10676.00000000
2018-03-01 02:34:27,0.00000420,1227.00000000
2018-03-01 02:34:27,0.00000420,750.00000000
2018-03-01 02:34:27,0.00000420,6993.00000000
2018-03-01 02:34:31,0.00000421,654.00000000
2018-03-01 02:34:33,0.00000421,216.00000000
2018-03-01 02:34:33,0.00000421,8443.00000000
2018-03-01 02:34:35,0.00000421,5198.00000000
2018-03-01 02:34:35,0.00000421,828.00000000
2018-03-01 02:34:36,0.00000421,2814.00000000
2018-03-01 02:34:36,0.00000421,4911.00000000
2018-03-01 02:34:36,0.00000421,426.00000000
2018-03-01 02:34:37,0.00000421,4998.00000000
2018-03-01 02:34:38,0.00000421,9177.00000000
2018-03-01 02:34:39,0.00000420,3060.00000000
2018-03-01 02:34:40,0.00000421,1310.00000000
2018-03-01 02:34:41,0.00000421,35099.00000000
2018-03-01 02:34:42,0.00000421,260272.00000000
2018-03-01 02:34:43,0.00000421,3043.00000000
2018-03-01 02:34:43,0.00000421,253.00000000
2018-03-01 02:34:43,0.00000421,20000.00000000
2018-03-01 02:34:43,0.00000421,85419.00000000
2018-03-01 02:34:44,0.00000421,13181.00000000
2018-03-01 02:34:44,0.00000422,21819.00000000
2018-03-01 02:34:44,0.00000422,200.00000000
2018-03-01 02:34:45,0.00000421,470.00000000
2018-03-01 02:34:45,0.00000421,30.00000000
2018-03-01 02:34:45,0.00000422,79947.00000000
2018-03-01 02:34:45,0.00000421,6185.00000000
2018-03-01 02:34:46,0.00000420,109.00000000
2018-03-01 02:34:46,0.00000421,41058.00000000
2018-03-01 02:34:47,0.00000421,5638.00000000
2018-03-01 02:34:47,0.00000421,3920.00000000
2018-03-01 02:34:47,0.00000421,8479.00000000
2018-03-01 02:34:48,0.00000421,3162.00000000
2018-03-01 02:34:48,0.00000421,56990.00000000
2018-03-01 02:34:48,0.00000421,135384.00000000
2018-03-01 02:34:49,0.00000421,556.00000000
2018-03-01 02:34:52,0.00000421,28763.00000000
2018-03-01 02:34:52,0.00000422,980.00000000
2018-03-01 02:34:52,0.00000421,963.00000000
2018-03-01 02:34:52,0.00000421,483.00000000
2018-03-01 02:34:53,0.00000422,84601.00000000
2018-03-01 02:34:54,0.00000422,2500.00000000
2018-03-01 02:34:55,0.00000422,28672.00000000
2018-03-01 02:34:56,0.00000421,7000.00000000
2018-03-01 02:34:56,0.00000422,324.00000000
2018-03-01 02:34:56,0.00000421,66389.00000000
2018-03-01 02:34:57,0.00000421,23781.00000000
2018-03-01 02:34:57,0.00000421,36918.00000000
2018-03-01 02:34:57,0.00000421,31042.00000000
2018-03-01 02:34:57,0.00000421,173502.00000000
2018-03-01 02:34:57,0.00000422,16156.00000000
2018-03-01 02:34:58,0.00000421,7667.00000000
2018-03-01 02:34:58,0.00000421,500.00000000
2018-03-01 02:34:59,0.00000420,725.00000000
2018-03-01 02:34:59,0.00000420,1753.00000000
2018-03-01 02:34:59,0.00000421,4782.00000000
2018-03-01 02:35:00,0.00000421,24800.00000000
2018-03-01 02:35:00,0.00000420,2118.00000000
2018-03-01 02:35:00,0.00000420,18509.00000000
2018-03-01 02:35:00,0.00000421,1371.00000000
2018-03-01 02:35:01,0.00000421,6764.00000000
2018-03-01 02:35:01,0.00000421,1378.00000000
2018-03-01 02:35:02,0.00000420,723.00000000
2018-03-01 02:35:03,0.00000421,19662.00000000
2018-03-01 02:35:03,0.00000420,5170.00000000
2018-03-01 02:35:03,0.00000421,1569.00000000
2018-03-01 02:35:03,0.00000422,12312.00000000
2018-03-01 02:35:03,0.00000422,50.00000000
2018-03-01 02:35:04,0.00000420,409.00000000
2018-03-01 02:35:04,0.00000420,103968.00000000
2018-03-01 02:35:04,0.00000421,300.00000000
2018-03-01 02:35:05,0.00000421,1618.00000000
2018-03-01 02:35:06,0.00000421,4648.00000000
2018-03-01 02:35:06,0.00000422,248.00000000
2018-03-01 02:35:06,0.00000421,244755.00000000
2018-03-01 02:35:07,0.00000421,300.00000000
2018-03-01 02:35:08,0.00000421,50233.00000000
2018-03-01 02:35:09,0.00000421,217979.00000000
2018-03-01 02:35:09,0.00000421,981.00000000
2018-03-01 02:35:09,0.00000421,1488.00000000
2018-03-01 02:35:09,0.00000420,4237.00000000
2018-03-01 02:35:09,0.00000421,89482.00000000
2018-03-01 02:35:09,0.00000422,155350.00000000
2018-03-01 02:35:10,0.00000421,31613.00000000
2018-03-01 02:35:10,0.00000422,2364.00000000
2018-03-01 02:35:12,0.00000422,2610.00000000
2018-03-01 02:35:13,0.00000422,19000.00000000
2018-03-01 02:35:13,0.00000421,455.00000000
2018-03-01 02:35:15,0.00000421,931.00000000
2018-03-01 02:35:16,0.00000422,138583.00000000
2018-03-01 02:35:17,0.00000422,1336.00000000
2018-03-01 02:35:19,0.00000421,4779.00000000
2018-03-01 02:35:20,0.00000422,1379.00000000
2018-03-01 02:35:21,0.00000421,193010.00000000
2018-03-01 02:35:21,0.00000421,6160.00000000
2018-03-01 02:35:22,0.00000421,9901.00000000
2018-03-01 02:35:22,0.00000421,17500.00000000
2018-03-01 02:35:23,0.00000421,23809.00000000
2018-03-01 02:35:23,0.00000421,22497.00000000
2018-03-01 02:35:24,0.00000421,2194.00000000
2018-03-01 02:35:27,0.00000420,24971.00000000
2018-03-01 02:35:28,0.00000420,1620.00000000
2018-03-01 02:35:30,0.00000421,367.00000000
2018-03-01 02:35:30,0.00000420,271836.00000000
2018-03-01 02:35:30,0.00000421,20162.00000000
2018-03-01 02:35:30,0.00000421,248.00000000
2018-03-01 02:35:30,0.00000420,8400.00000000
2018-03-01 02:35:31,0.00000421,5000.00000000
2018-03-01 02:35:35,0.00000420,663464.00000000
2018-03-01 02:35:35,0.00000420,72933.00000000
2018-03-01 02:35:35,0.00000420,2376.00000000
2018-03-01 02:35:35,0.00000420,20000.00000000
2018-03-01 02:35:35,0.00000420,2190.00000000
2018-03-01 02:35:35,0.00000420,1453.00000000
2018-03-01 02:35:36,0.00000420,1531.00000000
2018-03-01 02:35:36,0.00000419,899.00000000
2018-03-01 02:35:36,0.00000420,134984.00000000
2018-03-01 02:35:36,0.00000420,1580.00000000
2018-03-01 02:35:37,0.00000420,1637.00000000
2018-03-01 02:35:37,0.00000419,35099.00000000
2018-03-01 02:35:37,0.00000419,9500.00000000
2018-03-01 02:35:37,0.00000419,43977.00000000
2018-03-01 02:35:38,0.00000420,34068.00000000
2018-03-01 02:35:38,0.00000420,2737.00000000
2018-03-01 02:35:38,0.00000420,438.00000000
2018-03-01 02:35:38,0.00000420,2375.00000000
2018-03-01 02:35:38,0.00000419,191063.00000000
2018-03-01 02:35:38,0.00000420,10000.00000000
2018-03-01 02:35:39,0.00000420,7626.00000000
2018-03-01 02:35:39,0.00000419,3175.00000000
2018-03-01 02:35:39,0.00000419,47882.00000000
2018-03-01 02:35:39,0.00000419,254229.00000000
2018-03-01 02:35:39,0.00000420,8537.00000000
2018-03-01 02:35:40,0.00000420,812.00000000
2018-03-01 02:35:40,0.00000419,412693.00000000
2018-03-01 02:35:40,0.00000419,35000.00000000
2018-03-01 02:35:40,0.00000419,609.00000000
2018-03-01 02:35:40,0.00000419,611.00000000
2018-03-01 02:35:41,0.00000419,268.00000000
2018-03-01 02:35:41,0.00000420,764.00000000
2018-03-01 02:35:41,0.00000419,4072.00000000
2018-03-01 02:35:42,0.00000419,138943.00000000
2018-03-01 02:35:42,0.00000419,4595.00000000
2018-03-01 02:35:42,0.00000419,68542.00000000
2018-03-01 02:35:43,0.00000419,1497.00000000
2018-03-01 02:35:43,0.00000419,12078.00000000
2018-03-01 02:35:43,0.00000419,2518.00000000
2018-03-01 02:35:45,0.00000418,293.00000000
2018-03-01 02:35:45,0.00000418,415.00000000
2018-03-01 02:35:45,0.00000419,2119.00000000
2018-03-01 02:35:45,0.00000418,1460.00000000
2018-03-01 02:35:46,0.00000418,607.00000000
2018-03-01 02:35:47,0.00000418,14853.00000000
2018-03-01 02:35:48,0.00000418,534.00000000
2018-03-01 02:35:48,0.00000418,564797.00000000
2018-03-01 02:35:49,0.00000418,1335.00000000
2018-03-01 02:35:50,0.00000418,292.00000000
2018-03-01 02:35:50,0.00000418,3862.00000000
2018-03-01 02:35:50,0.00000417,12357.00000000
2018-03-01 02:35:50,0.00000418,845.00000000
2018-03-01 02:35:51,0.00000418,10568.00000000
2018-03-01 02:35:51,0.00000418,444528.00000000
2018-03-01 02:35:51,0.00000418,1748.00000000
2018-03-01 02:35:51,0.00000417,5875.00000000
2018-03-01 02:35:52,0.00000418,37684.00000000
2018-03-01 02:35:52,0.00000419,531.00000000
2018-03-01 02:35:52,0.00000418,485.00000000
2018-03-01 02:35:52,0.00000418,1722.00000000
2018-03-01 02:35:53,0.00000419,5.00000000
2018-03-01 02:35:54,0.00000419,176.00000000
2018-03-01 02:35:54,0.00000419,35168.00000000
2018-03-01 02:35:54,0.00000418,300.00000000
2018-03-01 02:35:55,0.00000418,9403.00000000
2018-03-01 02:35:56,0.00000419,597.00000000
2018-03-01 02:35:56,0.00000418,102410.00000000
2018-03-01 02:35:56,0.00000419,59167.00000000
2018-03-01 02:35:57,0.00000418,31042.00000000
2018-03-01 02:35:57,0.00000418,300.00000000
2018-03-01 02:35:57,0.00000419,50000.00000000
2018-03-01 02:35:58,0.00000418,426.00000000
2018-03-01 02:36:00,0.00000419,946.00000000
2018-03-01 02:36:01,0.00000418,777.00000000
2018-03-01 02:36:02,0.00000419,40298.00000000
2018-03-01 02:36:03,0.00000419,19011.00000000
2018-03-01 02:36:04,0.00000420,25.00000000
2018-03-01 02:36:06,0.00000419,1218.00000000
2018-03-01 02:36:08,0.00000419,14354.00000000
2018-03-01 02:36:08,0.00000420,29539.00000000
2018-03-01 02:36:09,0.00000419,2375.00000000
2018-03-01 02:36:09,0.00000419,5798.00000000
2018-03-01 02:36:10,0.00000420,17194.00000000
2018-03-01 02:36:10,0.00000419,1039.00000000
2018-03-01 02:36:10,0.00000419,10321.00000000
2018-03-01 02:36:10,0.00000419,3828.00000000
2018-03-01 02:36:10,0.00000419,243.00000000
2018-03-01 02:36:11,0.00000419,9270.00000000
2018-03-01 02:36:11,0.00000419,164204.00000000
2018-03-01 02:36:15,0.00000420,64591.00000000
2018-03-01 02:36:18,0.00000419,2238.00000000
2018-03-01 02:36:19,0.00000420,29539.00000000
2018-03-01 02:36:19,0.00000419,1040.00000000
2018-03-01 02:36:23,0.00000419,300.00000000
2018-03-01 02:36:25,0.00000420,199757.00000000
2018-03-01 02:36:26,0.00000419,44965.00000000
2018-03-01 02:36:27,0.00000419,8435.00000000
2018-03-01 02:36:28,0.00000419,1534.00000000
2018-03-01 02:36:31,0.00000420,35015.00000000
2018-03-01 02:36:31,0.00000419,23578.00000000
2018-03-01 02:36:31,0.00000419,29351.00000000
2018-03-01 02:36:31,0.00000420,9480.00000000
2018-03-01 02:36:31,0.00000420,30969.00000000
2018-03-01 02:36:33,0.00000420,4039.00000000
2018-03-01 02:36:33,0.00000419,1471.00000000
2018-03-01 02:36:35,0.00000420,20274.00000000
2018-03-01 02:36:36,0.00000419,2192.00000000
2018-03-01 02:36:36,0.00000419,130000.00000000
2018-03-01 02:36:37,0.00000419,1196.00000000
2018-03-01 02:36:38,0.00000419,2166.00000000
2018-03-01 02:36:38,0.00000419,2392.00000000
2018-03-01 02:36:39,0.00000419,3826.00000000
2018-03-01 02:36:39,0.00000419,191658.00000000
2018-03-01 02:36:39,0.00000419,2391.00000000
2018-03-01 02:36:41,0.00000420,374533.00000000
2018-03-01 02:36:41,0.00000420,15142.00000000
2018-03-01 02:36:43,0.00000420,259.00000000
2018-03-01 02:36:44,0.00000420,1977.00000000
2018-03-01 02:36:45,0.00000419,66801.00000000
2018-03-01 02:36:52,0.00000419,1315.00000000
2018-03-01 02:36:52,0.00000420,4666.00000000
2018-03-01 02:36:56,0.00000420,1151.00000000
2018-03-01 02:36:57,0.00000420,28632.00000000
2018-03-01 02:36:57,0.00000420,10000.00000000
2018-03-01 02:36:57,0.00000420,20480.00000000
2018-03-01 02:36:58,0.00000420,17.00000000
2018-03-01 02:36:59,0.00000419,2500.00000000
2018-03-01 02:37:01,0.00000420,6185.00000000
2018-03-01 02:37:01,0.00000419,375.00000000
2018-03-01 02:37:03,0.00000420,14366.00000000
2018-03-01 02:37:04,0.00000420,23626.00000000
2018-03-01 02:37:06,0.00000419,143659.00000000
2018-03-01 02:37:08,0.00000419,1269.00000000
2018-03-01 02:37:09,0.00000419,399.00000000
2018-03-01 02:37:10,0.00000419,2186.00000000
2018-03-01 02:37:10,0.00000419,302.00000000
2018-03-01 02:37:11,0.00000420,3428.00000000
2018-03-01 02:37:14,0.00000420,345.00000000
2018-03-01 02:37:17,0.00000420,3878.00000000
2018-03-01 02:37:17,0.00000420,1178.00000000
2018-03-01 02:37:18,0.00000420,86631.00000000
2018-03-01 02:37:25,0.00000420,72127.00000000
2018-03-01 02:37:26,0.00000419,1309.00000000
2018-03-01 02:37:27,0.00000420,45.00000000
2018-03-01 02:37:27,0.00000419,6079.00000000
2018-03-01 02:37:29,0.00000419,45.00000000
2018-03-01 02:37:30,0.00000420,45.00000000
2018-03-01 02:37:31,0.00000419,35015.00000000
2018-03-01 02:37:32,0.00000419,45.00000000
2018-03-01 02:37:33,0.00000420,2249.00000000
2018-03-01 02:37:33,0.00000420,9109.00000000
2018-03-01 02:37:34,0.00000420,172705.00000000
2018-03-01 02:37:39,0.00000420,326.00000000
2018-03-01 02:37:39,0.00000420,35137.00000000
2018-03-01 02:37:40,0.00000420,11465.00000000
2018-03-01 02:37:41,0.00000420,500.00000000
2018-03-01 02:37:41,0.00000420,1650.00000000
2018-03-01 02:37:43,0.00000420,27696.00000000
2018-03-01 02:37:45,0.00000420,10879.00000000
2018-03-01 02:37:46,0.00000420,19220.00000000
2018-03-01 02:37:50,0.00000419,209379.00000000
2018-03-01 02:37:53,0.00000420,1103.00000000
2018-03-01 02:37:55,0.00000420,240.00000000
2018-03-01 02:37:56,0.00000419,4006.00000000
2018-03-01 02:38:00,0.00000420,1535.00000000
2018-03-01 02:38:07,0.00000420,2126.00000000
2018-03-01 02:38:12,0.00000420,5714.00000000
2018-03-01 02:38:13,0.00000419,79897.00000000
2018-03-01 02:38:17,0.00000419,204276.00000000
2018-03-01 02:38:18,0.00000420,69195.00000000
2018-03-01 02:38:18,0.00000419,36026.00000000
2018-03-01 02:38:19,0.00000420,424.00000000
2018-03-01 02:38:19,0.00000419,3389.00000000
2018-03-01 02:38:20,0.00000420,10.00000000
2018-03-01 02:38:20,0.00000419,205542.00000000
2018-03-01 02:38:22,0.00000420,13445.00000000
2018-03-01 02:38:23,0.00000420,64668.00000000
2018-03-01 02:38:25,0.00000419,94295.00000000
2018-03-01 02:38:25,0.00000419,211.00000000
2018-03-01 02:38:28,0.00000420,15725.00000000
2018-03-01 02:38:32,0.00000420,3547.00000000
2018-03-01 02:38:34,0.00000420,1446.00000000
2018-03-01 02:38:35,0.00000420,2150.00000000
2018-03-01 02:38:36,0.00000420,1293.00000000
2018-03-01 02:38:36,0.00000419,87031.00000000
2018-03-01 02:38:37,0.00000419,24822.00000000
2018-03-01 02:38:37,0.00000419,243127.00000000
2018-03-01 02:38:37,0.00000419,2382.00000000
2018-03-01 02:38:37,0.00000419,2381.00000000
2018-03-01 02:38:37,0.00000419,2381.00000000
2018-03-01 02:38:37,0.00000419,13724.00000000
2018-03-01 02:38:37,0.00000419,180455.00000000
2018-03-01 02:38:37,0.00000418,57091.00000000
2018-03-01 02:38:39,0.00000419,10078.00000000
2018-03-01 02:38:40,0.00000419,26830.00000000
2018-03-01 02:38:40,0.00000419,19.00000000
2018-03-01 02:38:41,0.00000419,1973.00000000
2018-03-01 02:38:41,0.00000419,210.00000000
2018-03-01 02:38:41,0.00000419,3116.00000000
2018-03-01 02:38:41,0.00000419,2380.00000000
2018-03-01 02:38:41,0.00000418,2380.00000000
2018-03-01 02:38:42,0.00000419,871.00000000
2018-03-01 02:38:43,0.00000418,1.00000000
2018-03-01 02:38:43,0.00000419,4773.00000000
2018-03-01 02:38:47,0.00000419,1384.00000000
2018-03-01 02:38:48,0.00000418,124122.00000000
2018-03-01 02:38:49,0.00000418,481.00000000
2018-03-01 02:38:50,0.00000418,18383.00000000
2018-03-01 02:38:50,0.00000419,35588.00000000
2018-03-01 02:38:51,0.00000419,2863.00000000
2018-03-01 02:38:51,0.00000418,1205.00000000
2018-03-01 02:38:51,0.00000418,1830.00000000
2018-03-01 02:38:53,0.00000418,298.00000000
2018-03-01 02:38:56,0.00000418,141791.00000000
2018-03-01 02:38:57,0.00000418,13817.00000000
2018-03-01 02:38:57,0.00000418,9083.00000000
2018-03-01 02:38:57,0.00000418,121739.00000000
2018-03-01 02:38:57,0.00000418,7811.00000000
2018-03-01 02:38:57,0.00000418,152.00000000
2018-03-01 02:38:57,0.00000418,2724.00000000
2018-03-01 02:38:58,0.00000418,4947.00000000
2018-03-01 02:38:59,0.00000418,9137.00000000
2018-03-01 02:39:00,0.00000418,300.00000000
2018-03-01 02:39:00,0.00000418,300.00000000
2018-03-01 02:39:02,0.00000418,9360.00000000
2018-03-01 02:39:05,0.00000418,12.00000000
2018-03-01 02:39:06,0.00000417,117.00000000
2018-03-01 02:39:06,0.00000418,1187.00000000
2018-03-01 02:39:06,0.00000418,367.00000000
2018-03-01 02:39:07,0.00000418,2714.00000000
2018-03-01 02:39:09,0.00000417,147396.00000000
2018-03-01 02:39:10,0.00000418,310.00000000
2018-03-01 02:39:10,0.00000418,550.00000000
2018-03-01 02:39:11,0.00000417,40000.00000000
2018-03-01 02:39:12,0.00000417,25.00000000
2018-03-01 02:39:12,0.00000418,9000.00000000
2018-03-01 02:39:12,0.00000417,2536.00000000
2018-03-01 02:39:15,0.00000417,621.00000000
2018-03-01 02:39:15,0.00000417,17177.00000000
2018-03-01 02:39:17,0.00000417,9471.00000000
2018-03-01 02:39:17,0.00000417,402965.00000000
2018-03-01 02:39:18,0.00000416,5016.00000000
2018-03-01 02:39:19,0.00000417,23980.00000000
2018-03-01 02:39:19,0.00000417,45878.00000000
2018-03-01 02:39:20,0.00000417,2173.00000000
2018-03-01 02:39:20,0.00000417,5000.00000000
2018-03-01 02:39:20,0.00000417,2509.00000000
2018-03-01 02:39:21,0.00000418,40756.00000000
2018-03-01 02:39:22,0.00000417,2484.00000000
2018-03-01 02:39:25,0.00000417,783.00000000
2018-03-01 02:39:27,0.00000417,69403.00000000
2018-03-01 02:39:27,0.00000417,126097.00000000
2018-03-01 02:39:28,0.00000417,7695.00000000
2018-03-01 02:39:33,0.00000417,2061.00000000
2018-03-01 02:39:33,0.00000418,2000.00000000
2018-03-01 02:39:33,0.00000418,10000.00000000
2018-03-01 02:39:33,0.00000418,1198.00000000
2018-03-01 02:39:36,0.00000418,1000.00000000
2018-03-01 02:39:37,0.00000417,1129.00000000
2018-03-01 02:39:37,0.00000417,2720.00000000
2018-03-01 02:39:38,0.00000418,1000.00000000
2018-03-01 02:39:39,0.00000417,22748.00000000
2018-03-01 02:39:40,0.00000418,4026.00000000
2018-03-01 02:39:47,0.00000417,895.00000000
2018-03-01 02:39:50,0.00000417,76027.00000000
2018-03-01 02:39:50,0.00000417,28643.00000000
2018-03-01 02:39:51,0.00000418,214836.00000000
2018-03-01 02:39:52,0.00000417,6160.00000000
2018-03-01 02:39:52,0.00000418,11554.00000000
2018-03-01 02:39:54,0.00000418,15248.00000000
2018-03-01 02:39:59,0.00000418,24885.00000000
2018-03-01 02:39:59,0.00000418,16000.00000000
2018-03-01 02:40:00,0.00000418,5821.00000000
2018-03-01 02:40:01,0.00000417,52.00000000
2018-03-01 02:40:05,0.00000417,99933.00000000
2018-03-01 02:40:06,0.00000418,349.00000000
2018-03-01 02:40:09,0.00000417,2203.00000000
2018-03-01 02:40:11,0.00000418,5239.00000000
2018-03-01 02:40:11,0.00000418,838.00000000
2018-03-01 02:40:13,0.00000417,123873.00000000
2018-03-01 02:40:14,0.00000417,69968.00000000
2018-03-01 02:40:15,0.00000417,20.00000000
2018-03-01 02:40:16,0.00000417,28547.00000000
2018-03-01 02:40:17,0.00000417,142307.00000000
2018-03-01 02:40:23,0.00000417,1817.00000000
2018-03-01 02:40:24,0.00000417,29970.00000000
2018-03-01 02:40:24,0.00000417,2404.00000000
2018-03-01 02:40:26,0.00000417,31307.00000000
2018-03-01 02:40:26,0.00000417,700.00000000
2018-03-01 02:40:26,0.00000417,16689.00000000
2018-03-01 02:40:29,0.00000417,1200.00000000
2018-03-01 02:40:29,0.00000417,1199.00000000
2018-03-01 02:40:32,0.00000417,3979.00000000
2018-03-01 02:40:33,0.00000418,1174.00000000
2018-03-01 02:40:33,0.00000417,98830.00000000
2018-03-01 02:40:34,0.00000417,38062.00000000
2018-03-01 02:40:36,0.00000417,15612.00000000
2018-03-01 02:40:36,0.00000417,5084.00000000
2018-03-01 02:40:37,0.00000417,2021.00000000
2018-03-01 02:40:37,0.00000417,108039.00000000
2018-03-01 02:40:37,0.00000418,75658.00000000
2018-03-01 02:40:43,0.00000417,6163.00000000
2018-03-01 02:40:44,0.00000417,4446.00000000
2018-03-01 02:40:46,0.00000418,26583.00000000
2018-03-01 02:40:49,0.00000418,1134.00000000
2018-03-01 02:40:49,0.00000417,36213.00000000
2018-03-01 02:40:49,0.00000416,75718.00000000
2018-03-01 02:40:49,0.00000418,7298.00000000
2018-03-01 02:40:50,0.00000417,491807.00000000
2018-03-01 02:40:51,0.00000417,17605.00000000
2018-03-01 02:40:51,0.00000418,296.00000000
2018-03-01 02:41:02,0.00000417,1000.00000000
2018-03-01 02:41:03,0.00000417,1130.00000000
2018-03-01 02:41:04,0.00000417,220.00000000
2018-03-01 02:41:04,0.00000417,681.00000000
2018-03-01 02:41:07,0.00000417,47556.00000000
2018-03-01 02:41:09,0.00000417,11111.00000000
2018-03-01 02:41:10,0.00000416,374.00000000
2018-03-01 02:41:12,0.00000416,2660.00000000
2018-03-01 02:41:13,0.00000417,59917.00000000
2018-03-01 02:41:16,0.00000418,16245.00000000
2018-03-01 02:41:17,0.00000418,210744.00000000
2018-03-01 02:41:17,0.00000418,574.00000000
2018-03-01 02:41:22,0.00000418,15248.00000000
2018-03-01 02:41:25,0.00000418,2971.00000000
2018-03-01 02:41:26,0.00000417,2946.00000000
2018-03-01 02:41:34,0.00000418,5565.00000000
2018-03-01 02:41:34,0.00000417,1408.00000000
2018-03-01 02:41:35,0.00000417,300.00000000
2018-03-01 02:41:35,0.00000417,9100.00000000
2018-03-01 02:41:35,0.00000417,305.00000000
2018-03-01 02:41:35,0.00000417,6756.00000000
2018-03-01 02:41:36,0.00000417,196389.00000000
2018-03-01 02:41:41,0.00000417,26575.00000000
2018-03-01 02:41:44,0.00000417,803.00000000
2018-03-01 02:41:44,0.00000417,1697.00000000
2018-03-01 02:41:45,0.00000417,774.00000000
2018-03-01 02:41:46,0.00000417,912.00000000
2018-03-01 02:41:47,0.00000417,1172.00000000
2018-03-01 02:41:48,0.00000418,510.00000000
2018-03-01 02:41:50,0.00000417,17627.00000000
2018-03-01 02:41:51,0.00000417,3227.00000000
2018-03-01 02:42:02,0.00000417,47732.00000000
2018-03-01 02:42:03,0.00000417,204192.00000000
2018-03-01 02:42:04,0.00000417,45302.00000000
2018-03-01 02:42:04,0.00000417,50000.00000000
2018-03-01 02:42:04,0.00000417,249.00000000
2018-03-01 02:42:07,0.00000417,1435.00000000
2018-03-01 02:42:07,0.00000418,785.00000000
2018-03-01 02:42:07,0.00000417,185207.00000000
2018-03-01 02:42:08,0.00000417,660.00000000
2018-03-01 02:42:09,0.00000417,1033.00000000
2018-03-01 02:42:10,0.00000417,3453.00000000
2018-03-01 02:42:11,0.00000417,29004.00000000
2018-03-01 02:42:11,0.00000417,10915.00000000
2018-03-01 02:42:12,0.00000417,475.00000000
2018-03-01 02:42:12,0.00000416,1123.00000000
2018-03-01 02:42:17,0.00000416,1987.00000000
2018-03-01 02:42:17,0.00000417,200.00000000
2018-03-01 02:42:18,0.00000416,6.00000000
2018-03-01 02:42:19,0.00000417,1420.00000000
2018-03-01 02:42:20,0.00000416,16000.00000000
2018-03-01 02:42:21,0.00000417,54677.00000000
2018-03-01 02:42:27,0.00000417,161797.00000000
2018-03-01 02:42:28,0.00000416,7044.00000000
2018-03-01 02:42:29,0.00000417,14.00000000
2018-03-01 02:42:32,0.00000417,49229.00000000
2018-03-01 02:42:35,0.00000416,5198.00000000
2018-03-01 02:42:36,0.00000417,19358.00000000
2018-03-01 02:42:37,0.00000417,30969.00000000
2018-03-01 02:42:38,0.00000417,824.00000000
2018-03-01 02:42:41,0.00000417,26376.00000000
2018-03-01 02:42:41,0.00000417,8183.00000000
2018-03-01 02:42:42,0.00000417,12103.00000000
2018-03-01 02:42:44,0.00000416,26410.00000000
2018-03-01 02:42:48,0.00000417,143319.00000000
2018-03-01 02:42:50,0.00000417,5351.00000000
2018-03-01 02:42:50,0.00000417,570.00000000
2018-03-01 02:42:50,0.00000417,3500.00000000
2018-03-01 02:42:52,0.00000417,6007.00000000
2018-03-01 02:42:55,0.00000417,12.00000000
2018-03-01 02:42:59,0.00000416,3405.00000000
2018-03-01 02:43:00,0.00000417,3453.00000000
2018-03-01 02:43:00,0.00000417,15005.00000000
2018-03-01 02:43:01,0.00000417,9208.00000000
2018-03-01 02:43:04,0.00000417,10.00000000
2018-03-01 02:43:04,0.00000416,4890.00000000
2018-03-01 02:43:05,0.00000417,6722.00000000
2018-03-01 02:43:06,0.00000417,15679.00000000
2018-03-01 02:43:07,0.00000417,246.00000000
2018-03-01 02:43:08,0.00000417,342.00000000
2018-03-01 02:43:08,0.00000417,30969.00000000
2018-03-01 02:43:11,0.00000417,214730.00000000
2018-03-01 02:43:12,0.00000417,1519.00000000
2018-03-01 02:43:15,0.00000417,57445.00000000
2018-03-01 02:43:17,0.00000417,500.00000000
2018-03-01 02:43:19,0.00000416,202533.00000000
2018-03-01 02:43:22,0.00000416,160730.00000000
2018-03-01 02:43:25,0.00000416,7618.00000000
2018-03-01 02:43:29,0.00000416,28603.00000000
2018-03-01 02:43:31,0.00000416,6255.00000000
2018-03-01 02:43:31,0.00000416,14175.00000000
2018-03-01 02:43:32,0.00000416,29614.00000000
2018-03-01 02:43:33,0.00000417,52304.00000000
2018-03-01 02:43:33,0.00000416,188159.00000000
2018-03-01 02:43:33,0.00000416,10106.00000000
2018-03-01 02:43:34,0.00000417,1000.00000000
2018-03-01 02:43:35,0.00000416,164572.00000000
2018-03-01 02:43:35,0.00000416,38517.00000000
2018-03-01 02:43:35,0.00000416,388.00000000
2018-03-01 02:43:36,0.00000416,87.00000000
2018-03-01 02:43:36,0.00000417,13400.00000000
2018-03-01 02:43:36,0.00000417,15000.00000000
2018-03-01 02:43:36,0.00000416,30874.00000000
2018-03-01 02:43:37,0.00000416,160237.00000000
2018-03-01 02:43:37,0.00000416,45166.00000000
2018-03-01 02:43:37,0.00000416,1030.00000000
2018-03-01 02:43:37,0.00000416,4796.00000000
2018-03-01 02:43:37,0.00000416,15465.00000000
2018-03-01 02:43:37,0.00000416,21000.00000000
2018-03-01 02:43:37,0.00000416,4000.00000000
2018-03-01 02:43:37,0.00000416,7330.00000000
2018-03-01 02:43:38,0.00000416,815.00000000
2018-03-01 02:43:38,0.00000416,5000.00000000
2018-03-01 02:43:38,0.00000416,6828.00000000
2018-03-01 02:43:38,0.00000416,2404.00000000
2018-03-01 02:43:39,0.00000415,30969.00000000
2018-03-01 02:43:39,0.00000415,284.00000000
2018-03-01 02:43:39,0.00000416,1000.00000000
2018-03-01 02:43:39,0.00000416,12.00000000
2018-03-01 02:43:40,0.00000416,2404.00000000
2018-03-01 02:43:40,0.00000416,775.00000000
2018-03-01 02:43:41,0.00000416,9800.00000000
2018-03-01 02:43:41,0.00000416,2404.00000000
2018-03-01 02:43:41,0.00000416,5854.00000000
2018-03-01 02:43:42,0.00000416,2146.00000000
2018-03-01 02:43:43,0.00000416,4502.00000000
2018-03-01 02:43:44,0.00000416,247.00000000
2018-03-01 02:43:45,0.00000415,866.00000000
2018-03-01 02:43:45,0.00000416,108001.00000000
2018-03-01 02:43:47,0.00000416,16488.00000000
2018-03-01 02:43:56,0.00000416,3425.00000000
2018-03-01 02:44:00,0.00000416,11246.00000000
2018-03-01 02:44:01,0.00000416,1002.00000000
2018-03-01 02:44:04,0.00000416,63370.00000000
2018-03-01 02:44:05,0.00000416,7177.00000000
2018-03-01 02:44:08,0.00000416,9167.00000000
2018-03-01 02:44:09,0.00000416,270479.00000000
2018-03-01 02:44:10,0.00000416,358.00000000
2018-03-01 02:44:10,0.00000416,680972.00000000
2018-03-01 02:44:10,0.00000416,992.00000000
2018-03-01 02:44:10,0.00000417,12019.00000000
2018-03-01 02:44:11,0.00000416,50000.00000000
2018-03-01 02:44:11,0.00000416,107199.00000000
2018-03-01 02:44:12,0.00000416,2420.00000000
2018-03-01 02:44:12,0.00000417,2401.00000000
2018-03-01 02:44:15,0.00000416,7192.00000000
2018-03-01 02:44:20,0.00000417,33088.00000000
2018-03-01 02:44:21,0.00000416,8352.00000000
2018-03-01 02:44:25,0.00000417,450.00000000
2018-03-01 02:44:26,0.00000417,4643.00000000
2018-03-01 02:44:28,0.00000416,11424.00000000
2018-03-01 02:44:30,0.00000417,1998.00000000
2018-03-01 02:44:32,0.00000416,329650.00000000
2018-03-01 02:44:38,0.00000417,1383.00000000
2018-03-01 02:44:42,0.00000417,134641.00000000
2018-03-01 02:44:49,0.00000417,5117.00000000
2018-03-01 02:44:49,0.00000417,3088.00000000
2018-03-01 02:44:52,0.00000417,972.00000000
2018-03-01 02:44:54,0.00000417,3290.00000000
2018-03-01 02:44:57,0.00000416,565.00000000
2018-03-01 02:44:59,0.00000416,64603.00000000
2018-03-01 02:45:01,0.00000417,50.00000000
2018-03-01 02:45:02,0.00000416,41034.00000000
2018-03-01 02:45:05,0.00000416,278.00000000
2018-03-01 02:45:07,0.00000416,992.00000000
2018-03-01 02:45:07,0.00000416,2103.00000000
2018-03-01 02:45:10,0.00000417,4719.00000000
2018-03-01 02:45:11,0.00000417,145190.00000000
2018-03-01 02:45:12,0.00000417,15647.00000000
2018-03-01 02:45:17,0.00000417,63545.00000000
2018-03-01 02:45:18,0.00000416,7118.00000000
2018-03-01 02:45:26,0.00000417,5.00000000
2018-03-01 02:45:27,0.00000417,300.00000000
2018-03-01 02:45:32,0.00000417,1948.00000000
2018-03-01 02:45:39,0.00000417,650.00000000
2018-03-01 02:45:40,0.00000417,22624.00000000
2018-03-01 02:45:42,0.00000416,13868.00000000
2018-03-01 02:45:45,0.00000417,163843.00000000
2018-03-01 02:45:46,0.00000417,300.00000000
2018-03-01 02:45:48,0.00000417,9.00000000
2018-03-01 02:45:54,0.00000417,3212.00000000
2018-03-01 02:45:55,0.00000417,15461.00000000
2018-03-01 02:45:55,0.00000417,236607.00000000
2018-03-01 02:45:56,0.00000417,8918.00000000
2018-03-01 02:45:58,0.00000417,1581.00000000
2018-03-01 02:46:11,0.00000417,118719.00000000
2018-03-01 02:46:12,0.00000417,302777.00000000
2018-03-01 02:46:12,0.00000417,9481.00000000
2018-03-01 02:46:14,0.00000417,76743.00000000
2018-03-01 02:46:17,0.00000417,840.00000000
2018-03-01 02:46:27,0.00000418,1000.00000000
2018-03-01 02:46:28,0.00000417,237657.00000000
2018-03-01 02:46:29,0.00000417,101212.00000000
2018-03-01 02:46:30,0.00000417,49282.00000000
2018-03-01 02:46:30,0.00000417,3667.00000000
2018-03-01 02:46:33,0.00000417,2700.00000000
2018-03-01 02:46:33,0.00000417,927.00000000
2018-03-01 02:46:33,0.00000417,109356.00000000
2018-03-01 02:46:34,0.00000417,234457.00000000
2018-03-01 02:46:39,0.00000417,1651.00000000
2018-03-01 02:46:41,0.00000417,50000.00000000
2018-03-01 02:46:44,0.00000417,11.00000000
2018-03-01 02:46:45,0.00000417,884.00000000
2018-03-01 02:46:52,0.00000417,1150.00000000
2018-03-01 02:46:54,0.00000417,8075.00000000
2018-03-01 02:46:57,0.00000417,3500.00000000
2018-03-01 02:46:57,0.00000417,130625.00000000
2018-03-01 02:46:57,0.00000418,106763.00000000
2018-03-01 02:46:57,0.00000417,2096.00000000
2018-03-01 02:47:01,0.00000417,2348.00000000
2018-03-01 02:47:02,0.00000417,1714.00000000
2018-03-01 02:47:09,0.00000417,130625.00000000
2018-03-01 02:47:11,0.00000417,4995.00000000
2018-03-01 02:47:15,0.00000417,10447.00000000
2018-03-01 02:47:20,0.00000418,3610.00000000
2018-03-01 02:47:22,0.00000418,2.00000000
2018-03-01 02:47:23,0.00000418,120758.00000000
2018-03-01 02:47:25,0.00000417,2060.00000000
2018-03-01 02:47:28,0.00000417,3869.00000000
2018-03-01 02:47:38,0.00000418,34399.00000000
2018-03-01 02:47:43,0.00000418,170520.00000000
2018-03-01 02:47:49,0.00000418,5000.00000000
2018-03-01 02:47:52,0.00000418,828.00000000
2018-03-01 02:48:01,0.00000417,121131.00000000
2018-03-01 02:48:02,0.00000417,363.00000000
2018-03-01 02:48:02,0.00000418,640.00000000
2018-03-01 02:48:03,0.00000417,216524.00000000
2018-03-01 02:48:07,0.00000418,22671.00000000
2018-03-01 02:48:08,0.00000418,300.00000000
2018-03-01 02:48:15,0.00000418,297.00000000
2018-03-01 02:48:17,0.00000418,475.00000000
2018-03-01 02:48:18,0.00000418,15906.00000000
2018-03-01 02:48:18,0.00000417,9.00000000
2018-03-01 02:48:19,0.00000418,28650.00000000
2018-03-01 02:48:28,0.00000418,113999.00000000
2018-03-01 02:48:29,0.00000418,119340.00000000
2018-03-01 02:48:31,0.00000418,2392.00000000
2018-03-01 02:48:36,0.00000418,383.00000000
2018-03-01 02:48:37,0.00000418,426.00000000
2018-03-01 02:48:37,0.00000418,13739.00000000
2018-03-01 02:48:40,0.00000418,47473.00000000
2018-03-01 02:48:42,0.00000417,30630.00000000
2018-03-01 02:48:42,0.00000417,3166.00000000
2018-03-01 02:48:46,0.00000418,360.00000000
2018-03-01 02:48:56,0.00000418,1493.00000000
2018-03-01 02:49:01,0.00000418,17235.00000000
2018-03-01 02:49:02,0.00000418,117902.00000000
2018-03-01 02:49:08,0.00000417,17419.00000000
2018-03-01 02:49:11,0.00000417,1162.00000000
2018-03-01 02:49:21,0.00000417,8997.00000000
2018-03-01 02:49:27,0.00000418,203672.00000000
2018-03-01 02:49:32,0.00000417,7643.00000000
2018-03-01 02:49:44,0.00000417,474.00000000
2018-03-01 02:49:45,0.00000417,1998.00000000
2018-03-01 02:49:49,0.00000417,100000.00000000
2018-03-01 02:49:49,0.00000418,107518.00000000
2018-03-01 02:49:54,0.00000417,21203.00000000
2018-03-01 02:49:55,0.00000417,516.00000000
2018-03-01 02:49:56,0.00000417,2061.00000000
2018-03-01 02:49:56,0.00000417,300.00000000
2018-03-01 02:50:02,0.00000418,681.00000000
2018-03-01 02:50:03,0.00000417,340.00000000
2018-03-01 02:50:09,0.00000417,906.00000000
2018-03-01 02:50:10,0.00000418,213766.00000000
2018-03-01 02:50:11,0.00000418,1462.00000000
2018-03-01 02:50:12,0.00000418,138044.00000000
2018-03-01 02:50:14,0.00000418,4098.00000000
2018-03-01 02:50:17,0.00000417,1422.00000000
2018-03-01 02:50:17,0.00000417,2041.00000000
2018-03-01 02:50:18,0.00000418,1502.00000000
2018-03-01 02:50:25,0.00000418,7015.00000000
2018-03-01 02:50:26,0.00000418,2467.00000000
2018-03-01 02:50:27,0.00000418,3.00000000
2018-03-01 02:50:30,0.00000418,3207.00000000
2018-03-01 02:50:31,0.00000417,412.00000000
2018-03-01 02:50:32,0.00000418,126885.00000000
2018-03-01 02:50:36,0.00000418,15480.00000000
2018-03-01 02:50:38,0.00000418,1350.00000000
2018-03-01 02:50:40,0.00000418,3001.00000000
2018-03-01 02:50:45,0.00000417,263815.00000000
2018-03-01 02:50:46,0.00000418,18545.00000000
2018-03-01 02:50:48,0.00000418,10710.00000000
2018-03-01 02:50:48,0.00000418,1156.00000000
2018-03-01 02:50:50,0.00000418,1929.00000000
2018-03-01 02:50:56,0.00000418,189144.00000000
2018-03-01 02:50:58,0.00000418,2467.00000000
2018-03-01 02:50:58,0.00000417,566290.00000000
2018-03-01 02:51:05,0.00000418,3.00000000
2018-03-01 02:51:06,0.00000418,500.00000000
2018-03-01 02:51:10,0.00000417,2000.00000000
2018-03-01 02:51:11,0.00000417,566291.00000000
2018-03-01 02:51:11,0.00000417,41093.00000000
2018-03-01 02:51:11,0.00000418,568.00000000
2018-03-01 02:51:14,0.00000418,15235.00000000
2018-03-01 02:51:15,0.00000417,827.00000000
2018-03-01 02:51:16,0.00000417,27000.00000000
2018-03-01 02:51:16,0.00000417,19855.00000000
2018-03-01 02:51:20,0.00000417,5000.00000000
2018-03-01 02:51:21,0.00000417,152508.00000000
2018-03-01 02:51:22,0.00000417,476.00000000
2018-03-01 02:51:28,0.00000417,80690.00000000
2018-03-01 02:51:28,0.00000417,62814.00000000
2018-03-01 02:51:30,0.00000417,9831.00000000
2018-03-01 02:51:31,0.00000417,8248.00000000
2018-03-01 02:51:31,0.00000417,25000.00000000
2018-03-01 02:51:31,0.00000418,428.00000000
2018-03-01 02:51:32,0.00000417,37611.00000000
2018-03-01 02:51:32,0.00000417,142.00000000
2018-03-01 02:51:38,0.00000417,9976.00000000
2018-03-01 02:51:40,0.00000417,19775.00000000
2018-03-01 02:51:45,0.00000417,500.00000000
2018-03-01 02:51:48,0.00000416,124388.00000000
2018-03-01 02:51:49,0.00000417,2847.00000000
2018-03-01 02:51:49,0.00000416,428.00000000
2018-03-01 02:51:52,0.00000416,18240.00000000
2018-03-01 02:51:58,0.00000416,12978.00000000
2018-03-01 02:52:00,0.00000416,6201.00000000
2018-03-01 02:52:01,0.00000416,215770.00000000
2018-03-01 02:52:06,0.00000417,443.00000000
2018-03-01 02:52:07,0.00000416,134099.00000000
2018-03-01 02:52:08,0.00000417,1159.00000000
2018-03-01 02:52:10,0.00000416,289673.00000000
2018-03-01 02:52:11,0.00000416,171655.00000000
2018-03-01 02:52:13,0.00000416,541406.00000000
2018-03-01 02:52:13,0.00000416,56857.00000000
2018-03-01 02:52:13,0.00000416,46487.00000000
2018-03-01 02:52:13,0.00000416,2397.00000000
2018-03-01 02:52:14,0.00000416,1191.00000000
2018-03-01 02:52:14,0.00000416,14589.00000000
2018-03-01 02:52:15,0.00000416,6669.00000000
2018-03-01 02:52:15,0.00000416,12778.00000000
2018-03-01 02:52:15,0.00000416,2397.00000000
2018-03-01 02:52:16,0.00000416,1575.00000000
2018-03-01 02:52:17,0.00000416,8650.00000000
2018-03-01 02:52:18,0.00000416,154857.00000000
2018-03-01 02:52:19,0.00000416,6195.00000000
2018-03-01 02:52:20,0.00000416,20000.00000000
2018-03-01 02:52:20,0.00000415,6757.00000000
2018-03-01 02:52:20,0.00000415,9692.00000000
2018-03-01 02:52:25,0.00000415,5712.00000000
2018-03-01 02:52:25,0.00000416,1561.00000000
2018-03-01 02:52:30,0.00000415,37122.00000000
2018-03-01 02:52:30,0.00000415,19347.00000000
2018-03-01 02:52:32,0.00000415,50000.00000000
2018-03-01 02:52:33,0.00000416,6.00000000
2018-03-01 02:52:38,0.00000416,7311.00000000
2018-03-01 02:52:40,0.00000415,3650.00000000
2018-03-01 02:52:41,0.00000415,634.00000000
2018-03-01 02:52:44,0.00000415,144044.00000000
2018-03-01 02:52:48,0.00000415,39723.00000000
2018-03-01 02:52:48,0.00000415,29296.00000000
2018-03-01 02:52:49,0.00000416,2178.00000000
2018-03-01 02:52:50,0.00000415,371.00000000
2018-03-01 02:52:55,0.00000416,2212.00000000
2018-03-01 02:52:56,0.00000415,34012.00000000
2018-03-01 02:53:00,0.00000416,7309.00000000
2018-03-01 02:53:01,0.00000415,7571.00000000
2018-03-01 02:53:02,0.00000415,4906.00000000
2018-03-01 02:53:03,0.00000415,4356.00000000
2018-03-01 02:53:04,0.00000415,2719.00000000
2018-03-01 02:53:05,0.00000416,1056.00000000
2018-03-01 02:53:11,0.00000416,250.00000000
2018-03-01 02:53:11,0.00000415,554.00000000
2018-03-01 02:53:12,0.00000415,4861.00000000
2018-03-01 02:53:13,0.00000415,241.00000000
2018-03-01 02:53:14,0.00000415,105501.00000000
2018-03-01 02:53:17,0.00000415,445.00000000
2018-03-01 02:53:26,0.00000416,581.00000000
2018-03-01 02:53:28,0.00000416,350.00000000
2018-03-01 02:53:30,0.00000415,2860.00000000
2018-03-01 02:53:33,0.00000416,44.00000000
2018-03-01 02:53:34,0.00000415,171751.00000000
2018-03-01 02:53:36,0.00000415,300.00000000
2018-03-01 02:53:42,0.00000415,67.00000000
2018-03-01 02:53:44,0.00000415,126235.00000000
2018-03-01 02:53:45,0.00000415,380.00000000
2018-03-01 02:53:45,0.00000416,1311.00000000
2018-03-01 02:53:49,0.00000416,2065.00000000
2018-03-01 02:53:54,0.00000416,3086.00000000
2018-03-01 02:53:55,0.00000416,10317.00000000
2018-03-01 02:53:58,0.00000416,5303.00000000
2018-03-01 02:53:59,0.00000415,572916.00000000
2018-03-01 02:53:59,0.00000416,3.00000000
2018-03-01 02:53:59,0.00000416,459.00000000
2018-03-01 02:54:02,0.00000415,9484.00000000
2018-03-01 02:54:02,0.00000415,1433.00000000
2018-03-01 02:54:06,0.00000416,172654.00000000
2018-03-01 02:54:07,0.00000415,5476.00000000
2018-03-01 02:54:08,0.00000416,2262.00000000
2018-03-01 02:54:09,0.00000415,69268.00000000
2018-03-01 02:54:16,0.00000415,44011.00000000
2018-03-01 02:54:24,0.00000415,5000.00000000
2018-03-01 02:54:24,0.00000416,626.00000000
2018-03-01 02:54:26,0.00000415,4629.00000000
2018-03-01 02:54:29,0.00000415,4032.00000000
2018-03-01 02:54:30,0.00000415,989.00000000
2018-03-01 02:54:31,0.00000416,199857.00000000
2018-03-01 02:54:38,0.00000415,83521.00000000
2018-03-01 02:54:38,0.00000416,2365.00000000
2018-03-01 02:54:41,0.00000416,3866.00000000
2018-03-01 02:54:41,0.00000416,36996.00000000
2018-03-01 02:54:42,0.00000415,2260.00000000
2018-03-01 02:54:49,0.00000416,153349.00000000
2018-03-01 02:54:50,0.00000415,7040.00000000
2018-03-01 02:54:54,0.00000415,2500.00000000
2018-03-01 02:54:55,0.00000416,11.00000000
2018-03-01 02:54:58,0.00000415,3214.00000000
2018-03-01 02:55:02,0.00000416,50231.00000000
2018-03-01 02:55:05,0.00000415,889.00000000
2018-03-01 02:55:07,0.00000415,2199.00000000
2018-03-01 02:55:10,0.00000416,530.00000000
2018-03-01 02:55:11,0.00000416,935.00000000
2018-03-01 02:55:11,0.00000415,36959.00000000
2018-03-01 02:55:17,0.00000415,1700.00000000
2018-03-01 02:55:18,0.00000415,17286.00000000
2018-03-01 02:55:19,0.00000416,216253.00000000
2018-03-01 02:55:24,0.00000416,1570.00000000
2018-03-01 02:55:30,0.00000416,600.00000000
2018-03-01 02:55:30,0.00000415,1000.00000000
2018-03-01 02:55:32,0.00000416,54292.00000000
2018-03-01 02:55:32,0.00000416,24096.00000000
