DATE,PRICE,VOLUME
2018-02-26 23:00:02,0.00000404,1999.00000000
2018-02-26 23:00:09,0.00000404,2111.00000000
2018-02-26 23:00:10,0.00000403,2.00000000
2018-02-26 23:00:18,0.00000403,30000.00000000
2018-02-26 23:00:19,0.00000403,4399.00000000
2018-02-26 23:00:20,0.00000403,8791.00000000
2018-02-26 23:00:23,0.00000403,186196.00000000
2018-02-26 23:00:27,0.00000404,53.00000000
2018-02-26 23:00:36,0.00000403,4399.00000000
2018-02-26 23:00:36,0.00000403,2658.00000000
2018-02-26 23:00:45,0.00000404,191176.00000000
2018-02-26 23:00:47,0.00000403,38273.00000000
2018-02-26 23:00:48,0.00000403,5941.00000000
2018-02-26 23:00:51,0.00000404,961.00000000
2018-02-26 23:00:53,0.00000403,5743.00000000
2018-02-26 23:00:53,0.00000403,1037.00000000
2018-02-26 23:01:03,0.00000404,100.00000000
2018-02-26 23:01:08,0.00000404,61.00000000
2018-02-26 23:01:09,0.00000404,148711.00000000
2018-02-26 23:01:11,0.00000403,3355.00000000
2018-02-26 23:01:16,0.00000404,3301.00000000
2018-02-26 23:01:21,0.00000404,84032.00000000
2018-02-26 23:01:27,0.00000403,43754.00000000
2018-02-26 23:01:29,0.00000404,107.00000000
2018-02-26 23:01:34,0.00000404,1000.00000000
2018-02-26 23:01:38,0.00000404,116530.00000000
2018-02-26 23:01:38,0.00000404,938.00000000
2018-02-26 23:01:45,0.00000404,40.00000000
2018-02-26 23:01:45,0.00000403,1160.00000000
2018-02-26 23:01:49,0.00000403,1359.00000000
2018-02-26 23:01:53,0.00000403,1720.00000000
2018-02-26 23:01:55,0.00000404,4239.00000000
2018-02-26 23:01:55,0.00000405,5000.00000000
2018-02-26 23:01:56,0.00000404,1189.00000000
2018-02-26 23:02:01,0.00000404,4735.00000000
2018-02-26 23:02:01,0.00000405,1920.00000000
2018-02-26 23:02:03,0.00000403,3352.00000000
2018-02-26 23:02:05,0.00000403,207.00000000
2018-02-26 23:02:08,0.00000403,2138.00000000
2018-02-26 23:02:12,0.00000405,832.00000000
2018-02-26 23:02:14,0.00000403,9804.00000000
2018-02-26 23:02:14,0.00000404,331351.00000000
2018-02-26 23:02:20,0.00000403,500.00000000
2018-02-26 23:02:23,0.00000404,4000.00000000
2018-02-26 23:02:23,0.00000404,2035.00000000
2018-02-26 23:02:26,0.00000404,412745.00000000
2018-02-26 23:02:27,0.00000403,479.00000000
2018-02-26 23:02:32,0.00000403,3966.00000000
2018-02-26 23:02:33,0.00000403,4952.00000000
2018-02-26 23:02:34,0.00000403,1238.00000000
2018-02-26 23:02:37,0.00000403,28501.00000000
2018-02-26 23:02:48,0.00000404,3970.00000000
2018-02-26 23:02:48,0.00000404,3305.00000000
2018-02-26 23:02:48,0.00000404,36364.00000000
2018-02-26 23:02:48,0.00000404,39704.00000000
2018-02-26 23:02:51,0.00000404,1827.00000000
2018-02-26 23:02:52,0.00000404,4.00000000
2018-02-26 23:02:52,0.00000404,15214.00000000
2018-02-26 23:02:52,0.00000404,479.00000000
2018-02-26 23:02:52,0.00000405,21836.00000000
2018-02-26 23:02:55,0.00000405,85345.00000000
2018-02-26 23:03:12,0.00000405,4938.00000000
2018-02-26 23:03:16,0.00000405,7028.00000000
2018-02-26 23:03:19,0.00000405,1242.00000000
2018-02-26 23:03:23,0.00000405,105453.00000000
2018-02-26 23:03:25,0.00000404,25109.00000000
2018-02-26 23:03:25,0.00000405,171614.00000000
2018-02-26 23:03:54,0.00000405,10.00000000
2018-02-26 23:03:54,0.00000405,85055.00000000
2018-02-26 23:03:55,0.00000404,2267.00000000
2018-02-26 23:03:55,0.00000404,39807.00000000
2018-02-26 23:03:57,0.00000404,3148.00000000
2018-02-26 23:03:59,0.00000404,115571.00000000
2018-02-26 23:03:59,0.00000404,60479.00000000
2018-02-26 23:03:59,0.00000405,5835.00000000
2018-02-26 23:04:11,0.00000405,11920.00000000
2018-02-26 23:04:11,0.00000405,968.00000000
2018-02-26 23:04:12,0.00000405,482.00000000
2018-02-26 23:04:12,0.00000404,51156.00000000
2018-02-26 23:04:22,0.00000404,1010.00000000
2018-02-26 23:04:22,0.00000404,913.00000000
2018-02-26 23:04:26,0.00000404,1062.00000000
2018-02-26 23:04:27,0.00000404,26507.00000000
2018-02-26 23:04:27,0.00000404,602.00000000
2018-02-26 23:04:29,0.00000404,781.00000000
2018-02-26 23:04:34,0.00000404,123353.00000000
2018-02-26 23:04:36,0.00000404,1238.00000000
2018-02-26 23:04:46,0.00000404,1992.00000000
2018-02-26 23:04:49,0.00000404,125669.00000000
2018-02-26 23:04:52,0.00000404,728.00000000
2018-02-26 23:04:55,0.00000403,1238.00000000
2018-02-26 23:05:06,0.00000404,170599.00000000
2018-02-26 23:05:11,0.00000403,1293.00000000
2018-02-26 23:05:11,0.00000403,1637.00000000
2018-02-26 23:05:12,0.00000403,2476.00000000
2018-02-26 23:05:16,0.00000403,45377.00000000
2018-02-26 23:05:30,0.00000403,23154.00000000
2018-02-26 23:05:32,0.00000403,160928.00000000
2018-02-26 23:05:33,0.00000404,165901.00000000
2018-02-26 23:05:37,0.00000404,371.00000000
2018-02-26 23:05:46,0.00000404,52355.00000000
2018-02-26 23:05:59,0.00000403,900.00000000
2018-02-26 23:06:00,0.00000403,600.00000000
2018-02-26 23:06:01,0.00000404,18636.00000000
2018-02-26 23:06:06,0.00000404,85349.00000000
2018-02-26 23:06:12,0.00000403,683.00000000
2018-02-26 23:06:18,0.00000403,1414.00000000
2018-02-26 23:06:20,0.00000403,3148.00000000
2018-02-26 23:06:23,0.00000404,919.00000000
2018-02-26 23:06:27,0.00000403,125212.00000000
2018-02-26 23:06:31,0.00000404,155392.00000000
2018-02-26 23:06:33,0.00000403,18000.00000000
2018-02-26 23:06:35,0.00000403,46315.00000000
2018-02-26 23:06:36,0.00000404,25.00000000
2018-02-26 23:06:41,0.00000403,1457.00000000
2018-02-26 23:06:59,0.00000403,351.00000000
2018-02-26 23:07:01,0.00000403,2883.00000000
2018-02-26 23:07:02,0.00000403,4122.00000000
2018-02-26 23:07:03,0.00000403,250.00000000
2018-02-26 23:07:06,0.00000403,670.00000000
2018-02-26 23:07:07,0.00000404,351.00000000
2018-02-26 23:07:07,0.00000403,250.00000000
2018-02-26 23:07:08,0.00000404,27974.00000000
2018-02-26 23:07:08,0.00000403,1000.00000000
2018-02-26 23:07:08,0.00000404,139507.00000000
2018-02-26 23:07:08,0.00000404,1956.00000000
2018-02-26 23:07:11,0.00000404,1467.00000000
2018-02-26 23:07:12,0.00000403,250.00000000
2018-02-26 23:07:13,0.00000404,5732.00000000
2018-02-26 23:07:13,0.00000405,1209.00000000
2018-02-26 23:07:17,0.00000405,2282.00000000
2018-02-26 23:07:20,0.00000403,250.00000000
2018-02-26 23:07:21,0.00000404,579.00000000
2018-02-26 23:07:21,0.00000404,318153.00000000
2018-02-26 23:07:27,0.00000405,2000.00000000
2018-02-26 23:07:28,0.00000404,579.00000000
2018-02-26 23:07:28,0.00000403,2421.00000000
2018-02-26 23:07:30,0.00000405,2469.00000000
2018-02-26 23:07:30,0.00000405,1.00000000
2018-02-26 23:07:35,0.00000405,988.00000000
2018-02-26 23:07:37,0.00000404,5000.00000000
2018-02-26 23:07:38,0.00000404,1238.00000000
2018-02-26 23:07:45,0.00000404,15000.00000000
2018-02-26 23:07:48,0.00000405,1.00000000
2018-02-26 23:07:49,0.00000405,155005.00000000
2018-02-26 23:07:51,0.00000404,27495.00000000
2018-02-26 23:07:52,0.00000404,1238.00000000
2018-02-26 23:07:57,0.00000404,18417.00000000
2018-02-26 23:07:59,0.00000404,3743.00000000
2018-02-26 23:08:00,0.00000404,1000.00000000
2018-02-26 23:08:02,0.00000405,5188.00000000
2018-02-26 23:08:03,0.00000404,397.00000000
2018-02-26 23:08:06,0.00000404,2983.00000000
2018-02-26 23:08:12,0.00000404,10000.00000000
2018-02-26 23:08:16,0.00000404,396.00000000
2018-02-26 23:08:21,0.00000405,84155.00000000
2018-02-26 23:08:29,0.00000404,500.00000000
2018-02-26 23:08:34,0.00000404,5000.00000000
2018-02-26 23:08:39,0.00000404,2142.00000000
2018-02-26 23:08:45,0.00000404,8336.00000000
2018-02-26 23:08:52,0.00000405,71592.00000000
2018-02-26 23:08:55,0.00000404,700.00000000
2018-02-26 23:09:11,0.00000405,64.00000000
2018-02-26 23:09:19,0.00000404,10145.00000000
2018-02-26 23:09:21,0.00000404,8454.00000000
2018-02-26 23:09:21,0.00000404,1237.00000000
2018-02-26 23:09:32,0.00000405,151442.00000000
2018-02-26 23:09:45,0.00000405,2147.00000000
2018-02-26 23:09:48,0.00000405,7403.00000000
2018-02-26 23:09:57,0.00000405,367.00000000
2018-02-26 23:10:03,0.00000405,597.00000000
2018-02-26 23:10:10,0.00000404,196369.00000000
2018-02-26 23:10:14,0.00000404,22900.00000000
2018-02-26 23:10:21,0.00000404,7992.00000000
2018-02-26 23:10:24,0.00000404,5613.00000000
2018-02-26 23:10:28,0.00000404,561.00000000
2018-02-26 23:10:39,0.00000404,76397.00000000
2018-02-26 23:10:40,0.00000404,7401.00000000
2018-02-26 23:10:40,0.00000405,2469.00000000
2018-02-26 23:10:45,0.00000404,2000.00000000
2018-02-26 23:10:51,0.00000404,2462.00000000
2018-02-26 23:10:51,0.00000405,28.00000000
2018-02-26 23:11:03,0.00000405,5000.00000000
2018-02-26 23:11:14,0.00000405,145411.00000000
2018-02-26 23:11:21,0.00000405,2500.00000000
2018-02-26 23:11:26,0.00000404,443.00000000
2018-02-26 23:11:28,0.00000404,36165.00000000
2018-02-26 23:11:35,0.00000404,251081.00000000
2018-02-26 23:11:38,0.00000404,85798.00000000
2018-02-26 23:11:39,0.00000404,14092.00000000
2018-02-26 23:11:41,0.00000403,148575.00000000
2018-02-26 23:11:46,0.00000404,4250.00000000
2018-02-26 23:11:50,0.00000404,23613.00000000
2018-02-26 23:11:53,0.00000403,20.00000000
2018-02-26 23:11:53,0.00000403,16344.00000000
2018-02-26 23:11:58,0.00000404,1577.00000000
2018-02-26 23:12:08,0.00000403,87461.00000000
2018-02-26 23:12:10,0.00000403,13170.00000000
2018-02-26 23:12:10,0.00000403,20.00000000
2018-02-26 23:12:15,0.00000404,3163.00000000
2018-02-26 23:12:18,0.00000403,20.00000000
2018-02-26 23:12:20,0.00000403,12000.00000000
2018-02-26 23:12:29,0.00000404,1000.00000000
2018-02-26 23:12:31,0.00000404,64.00000000
2018-02-26 23:12:32,0.00000404,17331.00000000
2018-02-26 23:12:36,0.00000404,272.00000000
2018-02-26 23:12:39,0.00000404,71910.00000000
2018-02-26 23:12:40,0.00000404,197248.00000000
2018-02-26 23:12:41,0.00000404,15627.00000000
2018-02-26 23:12:41,0.00000404,21652.00000000
2018-02-26 23:12:41,0.00000405,10000.00000000
2018-02-26 23:12:41,0.00000404,34489.00000000
2018-02-26 23:12:41,0.00000404,859.00000000
2018-02-26 23:12:52,0.00000404,4000.00000000
2018-02-26 23:12:53,0.00000404,3275.00000000
2018-02-26 23:12:54,0.00000405,19.00000000
2018-02-26 23:12:54,0.00000405,21210.00000000
2018-02-26 23:12:59,0.00000404,60182.00000000
2018-02-26 23:13:05,0.00000404,22852.00000000
2018-02-26 23:13:08,0.00000404,555.00000000
2018-02-26 23:13:09,0.00000405,68389.00000000
2018-02-26 23:13:11,0.00000405,2062.00000000
2018-02-26 23:13:17,0.00000404,2557.00000000
2018-02-26 23:13:25,0.00000405,617.00000000
2018-02-26 23:13:30,0.00000405,1707.00000000
2018-02-26 23:13:32,0.00000405,993.00000000
2018-02-26 23:13:37,0.00000405,66.00000000
2018-02-26 23:13:39,0.00000405,132283.00000000
2018-02-26 23:13:46,0.00000404,2011.00000000
2018-02-26 23:13:46,0.00000405,5619.00000000
2018-02-26 23:13:52,0.00000404,327.00000000
2018-02-26 23:13:53,0.00000405,91114.00000000
2018-02-26 23:13:58,0.00000404,15587.00000000
2018-02-26 23:14:01,0.00000405,79040.00000000
2018-02-26 23:14:01,0.00000404,4952.00000000
2018-02-26 23:14:05,0.00000404,68998.00000000
2018-02-26 23:14:15,0.00000404,95071.00000000
2018-02-26 23:14:16,0.00000405,10.00000000
2018-02-26 23:14:22,0.00000404,300.00000000
2018-02-26 23:14:24,0.00000405,28.00000000
2018-02-26 23:14:31,0.00000405,1369.00000000
2018-02-26 23:14:35,0.00000404,496.00000000
2018-02-26 23:14:35,0.00000404,33884.00000000
2018-02-26 23:14:36,0.00000404,131888.00000000
2018-02-26 23:14:36,0.00000405,29500.00000000
2018-02-26 23:14:43,0.00000405,543.00000000
2018-02-26 23:14:48,0.00000405,7719.00000000
2018-02-26 23:14:51,0.00000404,200.00000000
2018-02-26 23:14:56,0.00000405,2190.00000000
2018-02-26 23:14:58,0.00000405,1154.00000000
2018-02-26 23:15:00,0.00000405,92516.00000000
2018-02-26 23:15:01,0.00000405,14337.00000000
2018-02-26 23:15:03,0.00000404,2997.00000000
2018-02-26 23:15:07,0.00000405,3000.00000000
2018-02-26 23:15:24,0.00000405,18779.00000000
2018-02-26 23:15:36,0.00000405,78920.00000000
2018-02-26 23:15:44,0.00000405,3125.00000000
2018-02-26 23:15:46,0.00000405,2161.00000000
2018-02-26 23:15:55,0.00000405,9174.00000000
2018-02-26 23:15:59,0.00000404,782.00000000
2018-02-26 23:16:00,0.00000405,273.00000000
2018-02-26 23:16:05,0.00000404,332.00000000
2018-02-26 23:16:06,0.00000405,140663.00000000
2018-02-26 23:16:08,0.00000404,29397.00000000
2018-02-26 23:16:17,0.00000404,5741.00000000
2018-02-26 23:16:24,0.00000403,31140.00000000
2018-02-26 23:16:28,0.00000403,171205.00000000
2018-02-26 23:16:30,0.00000404,5784.00000000
2018-02-26 23:16:31,0.00000404,24813.00000000
2018-02-26 23:16:31,0.00000404,970.00000000
2018-02-26 23:16:32,0.00000404,1581.00000000
2018-02-26 23:16:53,0.00000404,667.00000000
2018-02-26 23:17:00,0.00000404,248.00000000
2018-02-26 23:17:04,0.00000404,25000.00000000
2018-02-26 23:17:05,0.00000404,73223.00000000
2018-02-26 23:17:12,0.00000403,2220.00000000
2018-02-26 23:17:21,0.00000404,302.00000000
2018-02-26 23:17:22,0.00000404,348.00000000
2018-02-26 23:17:28,0.00000403,1886.00000000
2018-02-26 23:17:29,0.00000403,2500.00000000
2018-02-26 23:17:30,0.00000403,5918.00000000
2018-02-26 23:17:32,0.00000404,1.00000000
2018-02-26 23:17:36,0.00000404,131899.00000000
2018-02-26 23:17:46,0.00000404,386.00000000
2018-02-26 23:17:49,0.00000404,7047.00000000
2018-02-26 23:17:58,0.00000404,3700.00000000
2018-02-26 23:18:02,0.00000404,26000.00000000
2018-02-26 23:18:05,0.00000404,111700.00000000
2018-02-26 23:18:14,0.00000404,76660.00000000
2018-02-26 23:18:18,0.00000403,1362.00000000
2018-02-26 23:18:23,0.00000404,378802.00000000
2018-02-26 23:18:36,0.00000404,535132.00000000
2018-02-26 23:18:37,0.00000403,1218.00000000
2018-02-26 23:18:47,0.00000404,1.00000000
2018-02-26 23:19:03,0.00000404,79553.00000000
2018-02-26 23:19:10,0.00000404,140436.00000000
2018-02-26 23:19:13,0.00000404,976.00000000
2018-02-26 23:19:14,0.00000404,4024.00000000
2018-02-26 23:19:17,0.00000404,32944.00000000
2018-02-26 23:19:18,0.00000404,5339.00000000
2018-02-26 23:19:23,0.00000405,17.00000000
2018-02-26 23:19:25,0.00000405,687.00000000
2018-02-26 23:19:25,0.00000404,3530.00000000
2018-02-26 23:19:25,0.00000404,4781.00000000
2018-02-26 23:19:25,0.00000405,5474.00000000
2018-02-26 23:19:27,0.00000404,727.00000000
2018-02-26 23:19:28,0.00000404,2815.00000000
2018-02-26 23:19:30,0.00000404,14007.00000000
2018-02-26 23:19:38,0.00000404,35506.00000000
2018-02-26 23:19:39,0.00000404,2095.00000000
2018-02-26 23:19:39,0.00000404,2403.00000000
2018-02-26 23:19:42,0.00000404,32084.00000000
2018-02-26 23:19:46,0.00000404,439301.00000000
2018-02-26 23:19:46,0.00000404,5053.00000000
2018-02-26 23:19:46,0.00000405,106304.00000000
2018-02-26 23:19:49,0.00000404,3599.00000000
2018-02-26 23:19:51,0.00000404,27583.00000000
2018-02-26 23:19:54,0.00000404,5175.00000000
2018-02-26 23:19:54,0.00000404,400.00000000
2018-02-26 23:19:55,0.00000404,889.00000000
2018-02-26 23:19:58,0.00000404,6680.00000000
2018-02-26 23:20:01,0.00000404,3589.00000000
2018-02-26 23:20:03,0.00000404,3004.00000000
2018-02-26 23:20:10,0.00000404,1826.00000000
2018-02-26 23:20:12,0.00000404,30.00000000
2018-02-26 23:20:14,0.00000403,185202.00000000
2018-02-26 23:20:18,0.00000404,12394.00000000
2018-02-26 23:20:18,0.00000404,3600.00000000
2018-02-26 23:20:20,0.00000404,193277.00000000
2018-02-26 23:20:21,0.00000405,3491.00000000
2018-02-26 23:20:23,0.00000404,1915.00000000
2018-02-26 23:20:39,0.00000404,18626.00000000
2018-02-26 23:20:39,0.00000404,97526.00000000
2018-02-26 23:20:40,0.00000404,18626.00000000
2018-02-26 23:20:40,0.00000404,6394.00000000
2018-02-26 23:20:42,0.00000403,4.00000000
2018-02-26 23:20:52,0.00000404,4998.00000000
2018-02-26 23:20:59,0.00000404,432209.00000000
2018-02-26 23:21:06,0.00000404,10591.00000000
2018-02-26 23:21:07,0.00000403,74.00000000
2018-02-26 23:21:07,0.00000404,248.00000000
2018-02-26 23:21:09,0.00000403,5663.00000000
2018-02-26 23:21:12,0.00000403,1775.00000000
2018-02-26 23:21:12,0.00000404,3000.00000000
2018-02-26 23:21:14,0.00000404,498.00000000
2018-02-26 23:21:18,0.00000404,3812.00000000
2018-02-26 23:21:24,0.00000404,24813.00000000
2018-02-26 23:21:24,0.00000404,58022.00000000
2018-02-26 23:21:28,0.00000403,87443.00000000
2018-02-26 23:21:30,0.00000403,1594.00000000
2018-02-26 23:21:34,0.00000404,1.00000000
2018-02-26 23:21:36,0.00000404,498.00000000
2018-02-26 23:21:36,0.00000404,1886.00000000
2018-02-26 23:21:37,0.00000403,999.00000000
2018-02-26 23:21:42,0.00000403,1000.00000000
2018-02-26 23:21:45,0.00000404,224.00000000
2018-02-26 23:21:46,0.00000404,8816.00000000
2018-02-26 23:21:46,0.00000405,17747.00000000
2018-02-26 23:21:48,0.00000403,94905.00000000
2018-02-26 23:21:55,0.00000405,473.00000000
2018-02-26 23:21:59,0.00000404,20.00000000
2018-02-26 23:22:00,0.00000405,84033.00000000
2018-02-26 23:22:01,0.00000404,3758.00000000
2018-02-26 23:22:01,0.00000404,468.00000000
2018-02-26 23:22:01,0.00000404,1259.00000000
2018-02-26 23:22:01,0.00000405,35762.00000000
2018-02-26 23:22:01,0.00000405,1259.00000000
2018-02-26 23:22:03,0.00000405,38915.00000000
2018-02-26 23:22:06,0.00000405,1.00000000
2018-02-26 23:22:09,0.00000404,20.00000000
2018-02-26 23:22:12,0.00000405,145.00000000
2018-02-26 23:22:13,0.00000405,48.00000000
2018-02-26 23:22:14,0.00000404,2565.00000000
2018-02-26 23:22:21,0.00000404,27553.00000000
2018-02-26 23:22:22,0.00000404,3182.00000000
2018-02-26 23:22:38,0.00000404,44753.00000000
2018-02-26 23:22:38,0.00000404,24371.00000000
2018-02-26 23:22:38,0.00000404,3262.00000000
2018-02-26 23:22:40,0.00000405,2.00000000
2018-02-26 23:22:42,0.00000404,996.00000000
2018-02-26 23:22:43,0.00000404,25705.00000000
2018-02-26 23:22:47,0.00000404,520.00000000
2018-02-26 23:22:52,0.00000404,1284.00000000
2018-02-26 23:22:55,0.00000404,6228.00000000
2018-02-26 23:22:59,0.00000404,1384.00000000
2018-02-26 23:23:00,0.00000404,800.00000000
2018-02-26 23:23:03,0.00000403,100.00000000
2018-02-26 23:23:09,0.00000404,555003.00000000
2018-02-26 23:23:13,0.00000404,2992.00000000
2018-02-26 23:23:14,0.00000404,893.00000000
2018-02-26 23:23:16,0.00000403,2208.00000000
2018-02-26 23:23:18,0.00000404,547.00000000
2018-02-26 23:23:23,0.00000404,4685.00000000
2018-02-26 23:23:24,0.00000405,74172.00000000
2018-02-26 23:23:36,0.00000405,3955.00000000
2018-02-26 23:23:37,0.00000404,23904.00000000
2018-02-26 23:23:37,0.00000404,24813.00000000
2018-02-26 23:23:37,0.00000404,12115.00000000
2018-02-26 23:23:37,0.00000404,3183.00000000
2018-02-26 23:23:37,0.00000404,67223.00000000
2018-02-26 23:23:54,0.00000405,25916.00000000
2018-02-26 23:24:01,0.00000404,2075.00000000
2018-02-26 23:24:01,0.00000404,17365.00000000
2018-02-26 23:24:06,0.00000404,17853.00000000
2018-02-26 23:24:06,0.00000404,11013.00000000
2018-02-26 23:24:06,0.00000403,289281.00000000
2018-02-26 23:24:08,0.00000404,6049.00000000
2018-02-26 23:24:08,0.00000404,549.00000000
2018-02-26 23:24:10,0.00000404,12429.00000000
2018-02-26 23:24:11,0.00000404,3554.00000000
2018-02-26 23:24:11,0.00000404,10766.00000000
2018-02-26 23:24:11,0.00000404,70732.00000000
2018-02-26 23:24:12,0.00000404,415.00000000
2018-02-26 23:24:13,0.00000404,415.00000000
2018-02-26 23:24:14,0.00000404,24813.00000000
2018-02-26 23:24:14,0.00000404,12575.00000000
2018-02-26 23:24:14,0.00000404,3094.00000000
2018-02-26 23:24:14,0.00000404,14456.00000000
2018-02-26 23:24:16,0.00000404,1353.00000000
2018-02-26 23:24:37,0.00000404,11600.00000000
2018-02-26 23:24:40,0.00000405,702.00000000
2018-02-26 23:24:42,0.00000405,159529.00000000
2018-02-26 23:24:43,0.00000404,3924.00000000
2018-02-26 23:24:49,0.00000404,11595.00000000
2018-02-26 23:24:52,0.00000403,1872.00000000
2018-02-26 23:24:56,0.00000404,837.00000000
2018-02-26 23:24:56,0.00000404,914.00000000
2018-02-26 23:25:01,0.00000404,865.00000000
2018-02-26 23:25:03,0.00000404,217.00000000
2018-02-26 23:25:05,0.00000404,72.00000000
2018-02-26 23:25:10,0.00000403,11389.00000000
2018-02-26 23:25:10,0.00000403,2403.00000000
2018-02-26 23:25:13,0.00000403,145278.00000000
2018-02-26 23:25:17,0.00000403,13754.00000000
2018-02-26 23:25:31,0.00000403,25461.00000000
2018-02-26 23:25:35,0.00000404,394.00000000
2018-02-26 23:25:35,0.00000404,26989.00000000
2018-02-26 23:25:37,0.00000404,5963.00000000
2018-02-26 23:25:39,0.00000404,24813.00000000
2018-02-26 23:25:39,0.00000404,79077.00000000
2018-02-26 23:25:41,0.00000404,1246.00000000
2018-02-26 23:25:45,0.00000404,2327.00000000
2018-02-26 23:25:51,0.00000403,150552.00000000
2018-02-26 23:25:52,0.00000403,12135.00000000
2018-02-26 23:26:02,0.00000404,3341.00000000
2018-02-26 23:26:06,0.00000404,33088.00000000
2018-02-26 23:26:06,0.00000404,26035.00000000
2018-02-26 23:26:09,0.00000404,2242.00000000
2018-02-26 23:26:09,0.00000404,1734.00000000
2018-02-26 23:26:19,0.00000403,1466.00000000
2018-02-26 23:26:19,0.00000404,500.00000000
2018-02-26 23:26:20,0.00000404,271.00000000
2018-02-26 23:26:25,0.00000403,38876.00000000
2018-02-26 23:26:28,0.00000404,1767.00000000
2018-02-26 23:26:31,0.00000403,184686.00000000
2018-02-26 23:26:40,0.00000404,1461.00000000
2018-02-26 23:26:42,0.00000404,2274.00000000
2018-02-26 23:26:48,0.00000404,480.00000000
2018-02-26 23:26:51,0.00000404,5032.00000000
2018-02-26 23:26:56,0.00000404,1186.00000000
2018-02-26 23:26:58,0.00000403,1842.00000000
2018-02-26 23:27:07,0.00000404,164535.00000000
2018-02-26 23:27:22,0.00000404,1750.00000000
2018-02-26 23:27:25,0.00000404,2475.00000000
2018-02-26 23:27:28,0.00000403,9839.00000000
2018-02-26 23:27:33,0.00000404,9024.00000000
2018-02-26 23:27:39,0.00000403,76229.00000000
2018-02-26 23:27:46,0.00000404,1720.00000000
2018-02-26 23:27:49,0.00000403,27488.00000000
2018-02-26 23:27:50,0.00000404,259.00000000
2018-02-26 23:28:09,0.00000404,25859.00000000
2018-02-26 23:28:09,0.00000404,14.00000000
2018-02-26 23:28:12,0.00000404,39093.00000000
2018-02-26 23:28:12,0.00000403,99133.00000000
2018-02-26 23:28:13,0.00000403,31153.00000000
2018-02-26 23:28:20,0.00000403,3278.00000000
2018-02-26 23:28:20,0.00000403,224902.00000000
2018-02-26 23:28:29,0.00000404,110.00000000
2018-02-26 23:28:38,0.00000404,1296.00000000
2018-02-26 23:28:39,0.00000404,89935.00000000
2018-02-26 23:28:39,0.00000404,12351.00000000
2018-02-26 23:28:44,0.00000404,30000.00000000
2018-02-26 23:28:46,0.00000405,324.00000000
2018-02-26 23:28:46,0.00000404,14772.00000000
2018-02-26 23:28:47,0.00000404,165320.00000000
2018-02-26 23:28:49,0.00000405,108.00000000
2018-02-26 23:28:51,0.00000405,16288.00000000
2018-02-26 23:28:54,0.00000404,14772.00000000
2018-02-26 23:28:54,0.00000403,66703.00000000
2018-02-26 23:28:55,0.00000405,2000.00000000
2018-02-26 23:29:02,0.00000404,4000.00000000
2018-02-26 23:29:06,0.00000404,8023.00000000
2018-02-26 23:29:10,0.00000404,33.00000000
2018-02-26 23:29:11,0.00000404,5970.00000000
2018-02-26 23:29:12,0.00000403,2254.00000000
2018-02-26 23:29:16,0.00000404,443.00000000
2018-02-26 23:29:16,0.00000403,176475.00000000
2018-02-26 23:29:20,0.00000404,95506.00000000
2018-02-26 23:29:26,0.00000404,467.00000000
2018-02-26 23:29:29,0.00000403,4.00000000
2018-02-26 23:29:31,0.00000404,132143.00000000
2018-02-26 23:29:41,0.00000403,2000.00000000
2018-02-26 23:29:41,0.00000403,2386.00000000
2018-02-26 23:29:50,0.00000403,9679.00000000
2018-02-26 23:29:51,0.00000403,73191.00000000
2018-02-26 23:29:58,0.00000404,2000.00000000
2018-02-26 23:29:58,0.00000403,7263.00000000
2018-02-26 23:30:05,0.00000403,65.00000000
2018-02-26 23:30:08,0.00000404,2474.00000000
2018-02-26 23:30:12,0.00000404,684.00000000
2018-02-26 23:30:15,0.00000403,4000.00000000
2018-02-26 23:30:19,0.00000403,72810.00000000
2018-02-26 23:30:21,0.00000403,192687.00000000
2018-02-26 23:30:22,0.00000404,2988.00000000
2018-02-26 23:30:25,0.00000404,132.00000000
2018-02-26 23:30:27,0.00000404,924.00000000
2018-02-26 23:30:29,0.00000403,7147.00000000
2018-02-26 23:30:33,0.00000404,1108.00000000
2018-02-26 23:30:34,0.00000403,2409.00000000
2018-02-26 23:30:54,0.00000403,106820.00000000
2018-02-26 23:31:01,0.00000403,1342.00000000
2018-02-26 23:31:06,0.00000403,20015.00000000
2018-02-26 23:31:08,0.00000404,1212.00000000
2018-02-26 23:31:10,0.00000404,400.00000000
2018-02-26 23:31:18,0.00000404,12183.00000000
2018-02-26 23:31:28,0.00000404,191.00000000
2018-02-26 23:31:28,0.00000404,53000.00000000
2018-02-26 23:31:30,0.00000403,4089.00000000
2018-02-26 23:31:31,0.00000404,41933.00000000
2018-02-26 23:31:33,0.00000403,132098.00000000
2018-02-26 23:31:53,0.00000403,800.00000000
2018-02-26 23:31:55,0.00000403,4648.00000000
2018-02-26 23:31:57,0.00000403,25691.00000000
2018-02-26 23:31:58,0.00000403,162964.00000000
2018-02-26 23:32:00,0.00000403,3608.00000000
2018-02-26 23:32:17,0.00000404,32194.00000000
2018-02-26 23:32:27,0.00000404,163485.00000000
2018-02-26 23:32:29,0.00000404,273756.00000000
2018-02-26 23:32:42,0.00000404,2646.00000000
2018-02-26 23:32:54,0.00000404,8383.00000000
2018-02-26 23:32:55,0.00000404,21872.00000000
2018-02-26 23:33:03,0.00000403,101644.00000000
2018-02-26 23:33:09,0.00000403,1000.00000000
2018-02-26 23:33:11,0.00000404,609.00000000
2018-02-26 23:33:13,0.00000404,603.00000000
2018-02-26 23:33:15,0.00000404,1500.00000000
2018-02-26 23:33:20,0.00000403,365.00000000
2018-02-26 23:33:24,0.00000403,5000.00000000
2018-02-26 23:33:25,0.00000403,2804.00000000
2018-02-26 23:33:30,0.00000404,75517.00000000
2018-02-26 23:33:32,0.00000403,30.00000000
2018-02-26 23:33:34,0.00000404,3229.00000000
2018-02-26 23:33:41,0.00000404,2118.00000000
2018-02-26 23:33:46,0.00000404,1258.00000000
2018-02-26 23:33:47,0.00000404,10000.00000000
2018-02-26 23:33:49,0.00000403,100.00000000
2018-02-26 23:33:54,0.00000404,197597.00000000
2018-02-26 23:33:55,0.00000403,1407.00000000
2018-02-26 23:33:55,0.00000403,602.00000000
2018-02-26 23:34:04,0.00000403,566.00000000
2018-02-26 23:34:08,0.00000404,17.00000000
2018-02-26 23:34:10,0.00000403,41680.00000000
2018-02-26 23:34:11,0.00000404,2968.00000000
2018-02-26 23:34:18,0.00000404,36637.00000000
2018-02-26 23:34:21,0.00000404,51425.00000000
2018-02-26 23:34:22,0.00000403,181067.00000000
2018-02-26 23:34:38,0.00000403,43305.00000000
2018-02-26 23:34:39,0.00000403,355.00000000
2018-02-26 23:34:40,0.00000404,17087.00000000
2018-02-26 23:34:46,0.00000404,4088.00000000
2018-02-26 23:34:56,0.00000403,67999.00000000
2018-02-26 23:34:57,0.00000403,620.00000000
2018-02-26 23:35:04,0.00000404,59273.00000000
2018-02-26 23:35:07,0.00000404,6753.00000000
2018-02-26 23:35:09,0.00000404,3378.00000000
2018-02-26 23:35:15,0.00000404,357.00000000
2018-02-26 23:35:16,0.00000404,479.00000000
2018-02-26 23:35:17,0.00000405,10.00000000
2018-02-26 23:35:22,0.00000405,157221.00000000
2018-02-26 23:35:23,0.00000404,30000.00000000
2018-02-26 23:35:28,0.00000404,12005.00000000
2018-02-26 23:35:31,0.00000404,12370.00000000
2018-02-26 23:35:42,0.00000404,6438.00000000
2018-02-26 23:35:43,0.00000404,9207.00000000
2018-02-26 23:35:43,0.00000403,8582.00000000
2018-02-26 23:35:47,0.00000404,77407.00000000
2018-02-26 23:35:49,0.00000403,2000.00000000
2018-02-26 23:35:55,0.00000403,180220.00000000
2018-02-26 23:36:19,0.00000403,1322.00000000
2018-02-26 23:36:22,0.00000403,2149.00000000
2018-02-26 23:36:28,0.00000404,127233.00000000
2018-02-26 23:36:29,0.00000404,858.00000000
2018-02-26 23:36:29,0.00000403,12540.00000000
2018-02-26 23:36:30,0.00000404,168563.00000000
2018-02-26 23:36:38,0.00000404,486.00000000
2018-02-26 23:36:39,0.00000404,5348.00000000
2018-02-26 23:36:40,0.00000404,1516.00000000
2018-02-26 23:36:42,0.00000404,286.00000000
2018-02-26 23:36:42,0.00000404,24564.00000000
2018-02-26 23:36:43,0.00000404,9484.00000000
2018-02-26 23:36:43,0.00000404,272.00000000
2018-02-26 23:36:45,0.00000404,1455.00000000
2018-02-26 23:36:48,0.00000404,60.00000000
2018-02-26 23:36:51,0.00000404,2511.00000000
2018-02-26 23:36:54,0.00000404,558.00000000
2018-02-26 23:36:54,0.00000404,109521.00000000
2018-02-26 23:37:10,0.00000404,260.00000000
2018-02-26 23:37:13,0.00000404,3267.00000000
2018-02-26 23:37:21,0.00000404,11702.00000000
2018-02-26 23:37:21,0.00000404,560.00000000
2018-02-26 23:37:21,0.00000404,174628.00000000
2018-02-26 23:37:26,0.00000404,300.00000000
2018-02-26 23:37:46,0.00000405,1201.00000000
2018-02-26 23:37:47,0.00000404,61981.00000000
2018-02-26 23:37:54,0.00000405,103889.00000000
2018-02-26 23:38:03,0.00000405,1000.00000000
2018-02-26 23:38:06,0.00000405,100.00000000
2018-02-26 23:38:06,0.00000404,136878.00000000
2018-02-26 23:38:06,0.00000404,530.00000000
2018-02-26 23:38:08,0.00000404,2500.00000000
2018-02-26 23:38:25,0.00000404,5019.00000000
2018-02-26 23:38:28,0.00000404,116043.00000000
2018-02-26 23:38:33,0.00000405,102.00000000
2018-02-26 23:38:40,0.00000405,375.00000000
2018-02-26 23:38:42,0.00000405,3257.00000000
2018-02-26 23:38:51,0.00000404,14182.00000000
2018-02-26 23:38:56,0.00000405,130753.00000000
2018-02-26 23:39:01,0.00000404,4379.00000000
2018-02-26 23:39:04,0.00000404,3000.00000000
2018-02-26 23:39:09,0.00000404,2.00000000
2018-02-26 23:39:10,0.00000404,9499.00000000
2018-02-26 23:39:11,0.00000404,61327.00000000
2018-02-26 23:39:14,0.00000404,3000.00000000
2018-02-26 23:39:21,0.00000404,82090.00000000
2018-02-26 23:39:29,0.00000405,81.00000000
2018-02-26 23:39:45,0.00000404,90778.00000000
2018-02-26 23:39:47,0.00000404,1544.00000000
2018-02-26 23:39:51,0.00000404,26470.00000000
2018-02-26 23:39:57,0.00000404,20000.00000000
2018-02-26 23:40:01,0.00000405,349598.00000000
2018-02-26 23:40:02,0.00000404,5604.00000000
2018-02-26 23:40:12,0.00000404,6596.00000000
2018-02-26 23:40:17,0.00000404,129990.00000000
2018-02-26 23:40:17,0.00000404,66376.00000000
2018-02-26 23:40:18,0.00000405,770.00000000
2018-02-26 23:40:21,0.00000405,3.00000000
2018-02-26 23:40:28,0.00000404,8396.00000000
2018-02-26 23:40:29,0.00000404,1500.00000000
2018-02-26 23:40:41,0.00000404,182496.00000000
2018-02-26 23:40:51,0.00000404,23472.00000000
2018-02-26 23:40:58,0.00000404,5000.00000000
2018-02-26 23:41:05,0.00000404,4124.00000000
2018-02-26 23:41:08,0.00000404,19452.00000000
2018-02-26 23:41:12,0.00000404,999.00000000
2018-02-26 23:41:15,0.00000404,14406.00000000
2018-02-26 23:41:21,0.00000404,70263.00000000
2018-02-26 23:41:25,0.00000404,3305.00000000
2018-02-26 23:41:30,0.00000404,1368.00000000
2018-02-26 23:41:41,0.00000405,260.00000000
2018-02-26 23:41:47,0.00000404,134338.00000000
2018-02-26 23:41:47,0.00000405,2634.00000000
2018-02-26 23:41:49,0.00000405,24752.00000000
2018-02-26 23:42:05,0.00000405,9134.00000000
2018-02-26 23:42:06,0.00000405,24475.00000000
2018-02-26 23:42:07,0.00000405,24752.00000000
2018-02-26 23:42:07,0.00000405,8532.00000000
2018-02-26 23:42:08,0.00000405,1621.00000000
2018-02-26 23:42:12,0.00000405,4465.00000000
2018-02-26 23:42:14,0.00000405,15202.00000000
2018-02-26 23:42:15,0.00000405,12120.00000000
2018-02-26 23:42:18,0.00000404,127598.00000000
2018-02-26 23:42:18,0.00000405,300.00000000
2018-02-26 23:42:25,0.00000405,1000.00000000
2018-02-26 23:42:32,0.00000405,24752.00000000
2018-02-26 23:42:32,0.00000405,24506.00000000
2018-02-26 23:42:34,0.00000405,24752.00000000
2018-02-26 23:42:34,0.00000405,47435.00000000
2018-02-26 23:42:35,0.00000405,1869.00000000
2018-02-26 23:42:35,0.00000405,4938.00000000
2018-02-26 23:42:36,0.00000405,24752.00000000
2018-02-26 23:42:36,0.00000405,58753.00000000
2018-02-26 23:42:37,0.00000405,24752.00000000
2018-02-26 23:42:37,0.00000405,80768.00000000
2018-02-26 23:42:38,0.00000405,1177540.00000000
2018-02-26 23:42:38,0.00000405,7940.00000000
2018-02-26 23:42:42,0.00000405,25833.00000000
2018-02-26 23:42:50,0.00000405,32520.00000000
2018-02-26 23:42:54,0.00000406,156094.00000000
2018-02-26 23:43:04,0.00000406,1360.00000000
2018-02-26 23:43:05,0.00000406,376918.00000000
2018-02-26 23:43:09,0.00000406,17626.00000000
2018-02-26 23:43:11,0.00000405,5000.00000000
2018-02-26 23:43:12,0.00000406,2568.00000000
2018-02-26 23:43:12,0.00000405,1577.00000000
2018-02-26 23:43:18,0.00000405,11114.00000000
2018-02-26 23:43:19,0.00000406,5322.00000000
2018-02-26 23:43:24,0.00000405,2694.00000000
2018-02-26 23:43:27,0.00000406,3000.00000000
2018-02-26 23:43:27,0.00000406,179629.00000000
2018-02-26 23:43:33,0.00000405,8870.00000000
2018-02-26 23:43:34,0.00000406,50.00000000
2018-02-26 23:43:39,0.00000406,3359.00000000
2018-02-26 23:43:41,0.00000405,7998.00000000
2018-02-26 23:43:41,0.00000405,800.00000000
2018-02-26 23:43:47,0.00000405,7811.00000000
2018-02-26 23:43:50,0.00000406,89679.00000000
2018-02-26 23:43:58,0.00000406,8078.00000000
2018-02-26 23:43:59,0.00000406,16922.00000000
2018-02-26 23:43:59,0.00000405,2469.00000000
2018-02-26 23:44:09,0.00000405,200.00000000
2018-02-26 23:44:13,0.00000405,12.00000000
2018-02-26 23:44:22,0.00000406,167436.00000000
2018-02-26 23:44:28,0.00000405,9870.00000000
2018-02-26 23:44:28,0.00000406,22.00000000
2018-02-26 23:44:29,0.00000406,2008.00000000
2018-02-26 23:44:35,0.00000406,34572.00000000
2018-02-26 23:44:41,0.00000406,5284.00000000
2018-02-26 23:44:48,0.00000406,239.00000000
2018-02-26 23:44:55,0.00000406,198179.00000000
2018-02-26 23:44:56,0.00000406,1031.00000000
2018-02-26 23:45:00,0.00000406,6938.00000000
2018-02-26 23:45:19,0.00000406,742.00000000
2018-02-26 23:45:21,0.00000407,178996.00000000
2018-02-26 23:45:23,0.00000406,12502.00000000
2018-02-26 23:45:24,0.00000406,178345.00000000
2018-02-26 23:45:34,0.00000405,1232.00000000
2018-02-26 23:45:36,0.00000405,4002.00000000
2018-02-26 23:45:37,0.00000406,728.00000000
2018-02-26 23:45:40,0.00000406,19690.00000000
2018-02-26 23:45:47,0.00000406,666.00000000
2018-02-26 23:45:52,0.00000406,512.00000000
2018-02-26 23:45:56,0.00000406,2159.00000000
2018-02-26 23:45:57,0.00000406,96225.00000000
2018-02-26 23:46:00,0.00000406,3213.00000000
2018-02-26 23:46:01,0.00000406,3000.00000000
2018-02-26 23:46:05,0.00000406,700.00000000
2018-02-26 23:46:14,0.00000406,5000.00000000
2018-02-26 23:46:18,0.00000406,500.00000000
2018-02-26 23:46:23,0.00000406,3280.00000000
2018-02-26 23:46:24,0.00000407,1067.00000000
2018-02-26 23:46:25,0.00000407,18515.00000000
2018-02-26 23:46:28,0.00000406,100414.00000000
2018-02-26 23:46:34,0.00000407,745.00000000
2018-02-26 23:46:35,0.00000406,391808.00000000
2018-02-26 23:46:36,0.00000406,6836.00000000
2018-02-26 23:46:38,0.00000406,269.00000000
2018-02-26 23:46:41,0.00000406,2943.00000000
2018-02-26 23:46:42,0.00000406,7362.00000000
2018-02-26 23:46:42,0.00000406,1303.00000000
2018-02-26 23:46:48,0.00000405,7436.00000000
2018-02-26 23:46:49,0.00000406,819.00000000
2018-02-26 23:47:00,0.00000405,122828.00000000
2018-02-26 23:47:01,0.00000406,1458.00000000
2018-02-26 23:47:05,0.00000405,1421.00000000
2018-02-26 23:47:18,0.00000405,941.00000000
2018-02-26 23:47:18,0.00000406,800.00000000
2018-02-26 23:47:20,0.00000406,1680.00000000
2018-02-26 23:47:21,0.00000406,218.00000000
2018-02-26 23:47:24,0.00000405,340.00000000
2018-02-26 23:47:25,0.00000406,296.00000000
2018-02-26 23:47:33,0.00000405,69068.00000000
2018-02-26 23:47:37,0.00000405,1456.00000000
2018-02-26 23:47:47,0.00000406,3381.00000000
2018-02-26 23:48:04,0.00000406,4104.00000000
2018-02-26 23:48:07,0.00000405,175959.00000000
2018-02-26 23:48:07,0.00000405,18754.00000000
2018-02-26 23:48:08,0.00000406,25032.00000000
2018-02-26 23:48:11,0.00000406,1968.00000000
2018-02-26 23:48:14,0.00000405,24146.00000000
2018-02-26 23:48:31,0.00000405,134734.00000000
2018-02-26 23:48:36,0.00000405,13211.00000000
2018-02-26 23:48:36,0.00000405,7161.00000000
2018-02-26 23:48:38,0.00000406,3159.00000000
2018-02-26 23:48:44,0.00000406,1042.00000000
2018-02-26 23:48:48,0.00000406,1985.00000000
2018-02-26 23:48:51,0.00000405,84415.00000000
2018-02-26 23:48:51,0.00000406,1000.00000000
2018-02-26 23:48:55,0.00000406,105419.00000000
2018-02-26 23:48:57,0.00000406,6692.00000000
2018-02-26 23:48:59,0.00000406,81437.00000000
2018-02-26 23:49:04,0.00000405,193036.00000000
2018-02-26 23:49:09,0.00000406,3.00000000
2018-02-26 23:49:10,0.00000405,13036.00000000
2018-02-26 23:49:11,0.00000405,13310.00000000
2018-02-26 23:49:20,0.00000406,20400.00000000
2018-02-26 23:49:26,0.00000405,150078.00000000
2018-02-26 23:49:47,0.00000405,1366.00000000
2018-02-26 23:49:57,0.00000405,177268.00000000
2018-02-26 23:50:04,0.00000405,15000.00000000
2018-02-26 23:50:05,0.00000405,419329.00000000
2018-02-26 23:50:17,0.00000406,21.00000000
2018-02-26 23:50:32,0.00000406,183049.00000000
2018-02-26 23:50:39,0.00000406,1000.00000000
2018-02-26 23:50:39,0.00000406,7.00000000
2018-02-26 23:50:53,0.00000405,1000.00000000
2018-02-26 23:50:58,0.00000406,14335.00000000
2018-02-26 23:50:58,0.00000406,11185.00000000
2018-02-26 23:51:03,0.00000405,109320.00000000
2018-02-26 23:51:07,0.00000405,18283.00000000
2018-02-26 23:51:31,0.00000405,78930.00000000
2018-02-26 23:51:33,0.00000406,79762.00000000
2018-02-26 23:51:34,0.00000405,2356.00000000
2018-02-26 23:51:46,0.00000406,1000.00000000
2018-02-26 23:51:52,0.00000406,190.00000000
2018-02-26 23:51:53,0.00000406,1513.00000000
2018-02-26 23:51:55,0.00000406,7024.00000000
2018-02-26 23:51:56,0.00000406,69401.00000000
2018-02-26 23:51:56,0.00000406,510.00000000
2018-02-26 23:51:57,0.00000405,60.00000000
2018-02-26 23:52:06,0.00000405,138850.00000000
2018-02-26 23:52:08,0.00000406,247.00000000
2018-02-26 23:52:13,0.00000405,48781.00000000
2018-02-26 23:52:21,0.00000405,15000.00000000
2018-02-26 23:52:26,0.00000406,2000.00000000
2018-02-26 23:52:34,0.00000405,78699.00000000
2018-02-26 23:52:52,0.00000405,2000.00000000
2018-02-26 23:53:05,0.00000406,162554.00000000
2018-02-26 23:53:07,0.00000406,3918.00000000
2018-02-26 23:53:07,0.00000405,5000.00000000
2018-02-26 23:53:12,0.00000405,3000.00000000
2018-02-26 23:53:14,0.00000406,1000.00000000
2018-02-26 23:53:23,0.00000405,273.00000000
2018-02-26 23:53:25,0.00000405,12.00000000
2018-02-26 23:53:26,0.00000405,4914.00000000
2018-02-26 23:53:30,0.00000405,1007.00000000
2018-02-26 23:53:34,0.00000406,85734.00000000
2018-02-26 23:53:39,0.00000406,17800.00000000
2018-02-26 23:53:45,0.00000405,349249.00000000
2018-02-26 23:53:47,0.00000406,3029.00000000
2018-02-26 23:53:50,0.00000406,35438.00000000
2018-02-26 23:54:07,0.00000406,523.00000000
2018-02-26 23:54:10,0.00000406,85859.00000000
2018-02-26 23:54:12,0.00000406,1000.00000000
2018-02-26 23:54:13,0.00000406,9694.00000000
2018-02-26 23:54:21,0.00000405,89.00000000
2018-02-26 23:54:23,0.00000405,900.00000000
2018-02-26 23:54:25,0.00000405,900.00000000
2018-02-26 23:54:25,0.00000406,66297.00000000
2018-02-26 23:54:26,0.00000405,900.00000000
2018-02-26 23:54:27,0.00000405,900.00000000
2018-02-26 23:54:28,0.00000405,900.00000000
2018-02-26 23:54:30,0.00000405,900.00000000
2018-02-26 23:54:31,0.00000405,900.00000000
2018-02-26 23:54:32,0.00000406,33423.00000000
2018-02-26 23:54:32,0.00000405,900.00000000
2018-02-26 23:54:34,0.00000405,900.00000000
2018-02-26 23:54:35,0.00000405,900.00000000
2018-02-26 23:54:35,0.00000405,159080.00000000
2018-02-26 23:54:39,0.00000406,5857.00000000
2018-02-26 23:54:40,0.00000405,500.00000000
2018-02-26 23:54:55,0.00000405,9924.00000000
2018-02-26 23:54:58,0.00000406,300.00000000
2018-02-26 23:55:01,0.00000405,3756.00000000
2018-02-26 23:55:03,0.00000406,87784.00000000
2018-02-26 23:55:15,0.00000405,511.00000000
2018-02-26 23:55:19,0.00000406,3.00000000
2018-02-26 23:55:27,0.00000405,287300.00000000
2018-02-26 23:55:35,0.00000405,36601.00000000
2018-02-26 23:55:37,0.00000406,526.00000000
2018-02-26 23:55:38,0.00000406,193210.00000000
2018-02-26 23:55:47,0.00000406,1125.00000000
2018-02-26 23:55:55,0.00000406,8134.00000000
2018-02-26 23:56:05,0.00000406,7624.00000000
2018-02-26 23:56:06,0.00000406,8068.00000000
2018-02-26 23:56:06,0.00000406,27503.00000000
2018-02-26 23:56:08,0.00000406,2111.00000000
2018-02-26 23:56:08,0.00000405,73023.00000000
2018-02-26 23:56:08,0.00000405,24691.00000000
2018-02-26 23:56:08,0.00000405,1782.00000000
2018-02-26 23:56:09,0.00000406,3487.00000000
2018-02-26 23:56:11,0.00000406,1569.00000000
2018-02-26 23:56:17,0.00000406,1782.00000000
2018-02-26 23:56:22,0.00000406,2590.00000000
2018-02-26 23:56:26,0.00000406,762.00000000
2018-02-26 23:56:34,0.00000406,645.00000000
2018-02-26 23:56:40,0.00000406,1443.00000000
2018-02-26 23:56:44,0.00000405,6382.00000000
2018-02-26 23:56:44,0.00000405,1953.00000000
2018-02-26 23:56:45,0.00000405,12793.00000000
2018-02-26 23:56:45,0.00000405,1411.00000000
2018-02-26 23:56:45,0.00000405,108348.00000000
2018-02-26 23:56:46,0.00000406,6176.00000000
2018-02-26 23:56:57,0.00000405,500.00000000
2018-02-26 23:57:09,0.00000406,700.00000000
2018-02-26 23:57:17,0.00000406,191243.00000000
2018-02-26 23:57:26,0.00000405,22510.00000000
2018-02-26 23:57:31,0.00000405,26302.00000000
2018-02-26 23:57:44,0.00000405,9730.00000000
2018-02-26 23:57:48,0.00000405,500.00000000
2018-02-26 23:57:52,0.00000406,128068.00000000
2018-02-26 23:57:53,0.00000405,999.00000000
2018-02-26 23:58:00,0.00000405,4000.00000000
2018-02-26 23:58:10,0.00000406,247.00000000
2018-02-26 23:58:12,0.00000405,575359.00000000
2018-02-26 23:58:12,0.00000404,739397.00000000
2018-02-26 23:58:12,0.00000404,48294.00000000
2018-02-26 23:58:12,0.00000404,144378.00000000
2018-02-26 23:58:12,0.00000404,11230.00000000
2018-02-26 23:58:12,0.00000404,73487.00000000
2018-02-26 23:58:13,0.00000405,8000.00000000
2018-02-26 23:58:16,0.00000405,2374.00000000
2018-02-26 23:58:17,0.00000405,2014.00000000
2018-02-26 23:58:19,0.00000405,2340.00000000
2018-02-26 23:58:20,0.00000405,5272.00000000
2018-02-26 23:58:20,0.00000406,5994.00000000
2018-02-26 23:58:21,0.00000405,558556.00000000
2018-02-26 23:58:22,0.00000404,27426.00000000
2018-02-26 23:58:22,0.00000404,22658.00000000
2018-02-26 23:58:22,0.00000405,40256.00000000
2018-02-26 23:58:24,0.00000405,1530.00000000
2018-02-26 23:58:25,0.00000405,28001.00000000
2018-02-26 23:58:26,0.00000403,779.00000000
2018-02-26 23:58:29,0.00000405,11814.00000000
2018-02-26 23:58:37,0.00000405,52750.00000000
2018-02-26 23:58:41,0.00000404,20000.00000000
2018-02-26 23:58:41,0.00000404,3038.00000000
2018-02-26 23:58:41,0.00000404,2468.00000000
2018-02-26 23:58:41,0.00000404,9881.00000000
2018-02-26 23:58:41,0.00000404,2469.00000000
2018-02-26 23:58:41,0.00000403,2468.00000000
2018-02-26 23:58:41,0.00000404,366.00000000
2018-02-26 23:58:41,0.00000403,2469.00000000
2018-02-26 23:58:41,0.00000404,20770.00000000
2018-02-26 23:58:41,0.00000404,42731.00000000
2018-02-26 23:58:42,0.00000404,415.00000000
2018-02-26 23:58:42,0.00000404,42605.00000000
2018-02-26 23:58:42,0.00000404,14268.00000000
2018-02-26 23:58:43,0.00000404,75937.00000000
2018-02-26 23:58:44,0.00000404,14183.00000000
2018-02-26 23:58:45,0.00000404,24813.00000000
2018-02-26 23:58:45,0.00000404,9768.00000000
2018-02-26 23:58:51,0.00000404,2002.00000000
2018-02-26 23:58:51,0.00000403,111810.00000000
2018-02-26 23:58:58,0.00000403,9657.00000000
2018-02-26 23:58:59,0.00000404,533.00000000
2018-02-26 23:59:07,0.00000404,14360.00000000
2018-02-26 23:59:17,0.00000403,50132.00000000
2018-02-26 23:59:18,0.00000403,4306.00000000
2018-02-26 23:59:19,0.00000404,167109.00000000
2018-02-26 23:59:31,0.00000404,2000.00000000
2018-02-26 23:59:32,0.00000403,300000.00000000
2018-02-26 23:59:47,0.00000404,418.00000000
2018-02-26 23:59:47,0.00000403,300.00000000
2018-02-26 23:59:52,0.00000404,85761.00000000
2018-02-26 23:59:58,0.00000404,131021.00000000
