DATE,PRICE,VOLUME
2018-02-28 17:00:00,0.00000416,678.00000000
2018-02-28 17:00:01,0.00000416,20.00000000
2018-02-28 17:00:02,0.00000416,300.00000000
2018-02-28 17:00:02,0.00000417,10110.00000000
2018-02-28 17:00:05,0.00000417,50316.00000000
2018-02-28 17:00:07,0.00000416,24038.00000000
2018-02-28 17:00:07,0.00000416,1819.00000000
2018-02-28 17:00:08,0.00000417,38778.00000000
2018-02-28 17:00:09,0.00000416,15955.00000000
2018-02-28 17:00:09,0.00000416,23973.00000000
2018-02-28 17:00:09,0.00000416,8887.00000000
2018-02-28 17:00:10,0.00000417,369181.00000000
2018-02-28 17:00:11,0.00000416,29338.00000000
2018-02-28 17:00:11,0.00000416,24038.00000000
2018-02-28 17:00:11,0.00000416,66800.00000000
2018-02-28 17:00:12,0.00000417,58311.00000000
2018-02-28 17:00:12,0.00000417,18103.00000000
2018-02-28 17:00:13,0.00000417,2398.00000000
2018-02-28 17:00:13,0.00000417,335.00000000
2018-02-28 17:00:13,0.00000417,47747.00000000
2018-02-28 17:00:13,0.00000417,227526.00000000
2018-02-28 17:00:13,0.00000417,32060.00000000
2018-02-28 17:00:13,0.00000417,3725.00000000
2018-02-28 17:00:13,0.00000417,338.00000000
2018-02-28 17:00:14,0.00000417,21320.00000000
2018-02-28 17:00:14,0.00000417,63628.00000000
2018-02-28 17:00:14,0.00000417,2970.00000000
2018-02-28 17:00:14,0.00000418,44016.00000000
2018-02-28 17:00:14,0.00000417,4963.00000000
2018-02-28 17:00:14,0.00000417,3020.00000000
2018-02-28 17:00:15,0.00000417,3364.00000000
2018-02-28 17:00:15,0.00000418,3179.00000000
2018-02-28 17:00:16,0.00000418,102314.00000000
2018-02-28 17:00:16,0.00000417,46692.00000000
2018-02-28 17:00:17,0.00000417,5553.00000000
2018-02-28 17:00:17,0.00000417,5555.00000000
2018-02-28 17:00:17,0.00000417,196930.00000000
2018-02-28 17:00:22,0.00000418,755.00000000
2018-02-28 17:00:23,0.00000418,766.00000000
2018-02-28 17:00:23,0.00000417,807.00000000
2018-02-28 17:00:23,0.00000417,57007.00000000
2018-02-28 17:00:23,0.00000417,21829.00000000
2018-02-28 17:00:23,0.00000418,15907.00000000
2018-02-28 17:00:24,0.00000418,2379.00000000
2018-02-28 17:00:24,0.00000418,1057.00000000
2018-02-28 17:00:26,0.00000418,589.00000000
2018-02-28 17:00:28,0.00000418,147.00000000
2018-02-28 17:00:29,0.00000418,7600.00000000
2018-02-28 17:00:29,0.00000418,3296.00000000
2018-02-28 17:00:30,0.00000418,37.00000000
2018-02-28 17:00:30,0.00000418,50000.00000000
2018-02-28 17:00:30,0.00000418,39.00000000
2018-02-28 17:00:32,0.00000418,9.00000000
2018-02-28 17:00:32,0.00000418,85.00000000
2018-02-28 17:00:33,0.00000418,237895.00000000
2018-02-28 17:00:34,0.00000418,841.00000000
2018-02-28 17:00:36,0.00000418,69138.00000000
2018-02-28 17:00:37,0.00000418,1.00000000
2018-02-28 17:00:38,0.00000417,34247.00000000
2018-02-28 17:00:39,0.00000418,1.00000000
2018-02-28 17:00:40,0.00000418,31245.00000000
2018-02-28 17:00:40,0.00000417,124925.00000000
2018-02-28 17:00:41,0.00000418,1.00000000
2018-02-28 17:00:43,0.00000418,1.00000000
2018-02-28 17:00:43,0.00000418,154244.00000000
2018-02-28 17:00:43,0.00000418,18893.00000000
2018-02-28 17:00:44,0.00000418,897.00000000
2018-02-28 17:00:44,0.00000418,87466.00000000
2018-02-28 17:00:44,0.00000417,1808.00000000
2018-02-28 17:00:44,0.00000418,1.00000000
2018-02-28 17:00:46,0.00000418,1.00000000
2018-02-28 17:00:47,0.00000418,37758.00000000
2018-02-28 17:00:47,0.00000417,4905.00000000
2018-02-28 17:00:47,0.00000418,87048.00000000
2018-02-28 17:00:47,0.00000418,1.00000000
2018-02-28 17:00:48,0.00000417,856.00000000
2018-02-28 17:00:48,0.00000418,5625.00000000
2018-02-28 17:00:49,0.00000417,1550.00000000
2018-02-28 17:00:49,0.00000418,1.00000000
2018-02-28 17:00:51,0.00000418,1.00000000
2018-02-28 17:00:51,0.00000418,65.00000000
2018-02-28 17:00:52,0.00000418,466.00000000
2018-02-28 17:00:53,0.00000418,1.00000000
2018-02-28 17:00:53,0.00000418,74646.00000000
2018-02-28 17:00:54,0.00000418,522.00000000
2018-02-28 17:00:55,0.00000418,1.00000000
2018-02-28 17:00:55,0.00000418,130093.00000000
2018-02-28 17:00:57,0.00000418,35823.00000000
2018-02-28 17:01:00,0.00000418,22485.00000000
2018-02-28 17:01:00,0.00000418,22491.00000000
2018-02-28 17:01:00,0.00000418,12534.00000000
2018-02-28 17:01:00,0.00000418,400.00000000
2018-02-28 17:01:00,0.00000419,2.00000000
2018-02-28 17:01:01,0.00000418,15374.00000000
2018-02-28 17:01:01,0.00000418,15558.00000000
2018-02-28 17:01:02,0.00000418,1366.00000000
2018-02-28 17:01:03,0.00000419,149229.00000000
2018-02-28 17:01:04,0.00000419,3.00000000
2018-02-28 17:01:04,0.00000418,23808.00000000
2018-02-28 17:01:04,0.00000418,757.00000000
2018-02-28 17:01:05,0.00000418,5660.00000000
2018-02-28 17:01:05,0.00000419,32257.00000000
2018-02-28 17:01:06,0.00000419,1.00000000
2018-02-28 17:01:07,0.00000419,1.00000000
2018-02-28 17:01:07,0.00000418,19423.00000000
2018-02-28 17:01:09,0.00000419,1.00000000
2018-02-28 17:01:09,0.00000418,1500.00000000
2018-02-28 17:01:10,0.00000419,1.00000000
2018-02-28 17:01:10,0.00000418,1804.00000000
2018-02-28 17:01:11,0.00000419,1.00000000
2018-02-28 17:01:12,0.00000418,121954.00000000
2018-02-28 17:01:14,0.00000419,1.00000000
2018-02-28 17:01:15,0.00000419,1.00000000
2018-02-28 17:01:16,0.00000419,6993.00000000
2018-02-28 17:01:16,0.00000419,36951.00000000
2018-02-28 17:01:17,0.00000419,1.00000000
2018-02-28 17:01:18,0.00000419,2874.00000000
2018-02-28 17:01:18,0.00000419,12018.00000000
2018-02-28 17:01:19,0.00000419,1.00000000
2018-02-28 17:01:19,0.00000419,928.00000000
2018-02-28 17:01:19,0.00000418,24518.00000000
2018-02-28 17:01:20,0.00000419,12316.00000000
2018-02-28 17:01:20,0.00000419,323729.00000000
2018-02-28 17:01:20,0.00000419,1.00000000
2018-02-28 17:01:21,0.00000419,4723.00000000
2018-02-28 17:01:21,0.00000419,97193.00000000
2018-02-28 17:01:22,0.00000419,1.00000000
2018-02-28 17:01:23,0.00000418,4738.00000000
2018-02-28 17:01:24,0.00000419,300975.00000000
2018-02-28 17:01:24,0.00000419,10439.00000000
2018-02-28 17:01:24,0.00000419,19295.00000000
2018-02-28 17:01:24,0.00000419,10418.00000000
2018-02-28 17:01:25,0.00000419,23866.00000000
2018-02-28 17:01:25,0.00000419,71444.00000000
2018-02-28 17:01:25,0.00000420,1.00000000
2018-02-28 17:01:25,0.00000419,46394.00000000
2018-02-28 17:01:25,0.00000419,1196.00000000
2018-02-28 17:01:26,0.00000419,240.00000000
2018-02-28 17:01:26,0.00000420,8.00000000
2018-02-28 17:01:26,0.00000419,58063.00000000
2018-02-28 17:01:28,0.00000418,17539.00000000
2018-02-28 17:01:28,0.00000419,5.00000000
2018-02-28 17:01:31,0.00000419,3621.00000000
2018-02-28 17:01:31,0.00000419,23281.00000000
2018-02-28 17:01:32,0.00000418,2539.00000000
2018-02-28 17:01:33,0.00000419,118018.00000000
2018-02-28 17:01:35,0.00000419,48222.00000000
2018-02-28 17:01:36,0.00000418,302.00000000
2018-02-28 17:01:37,0.00000419,4736.00000000
2018-02-28 17:01:37,0.00000419,98766.00000000
2018-02-28 17:01:39,0.00000419,324.00000000
2018-02-28 17:01:40,0.00000420,4553.00000000
2018-02-28 17:01:40,0.00000419,11087.00000000
2018-02-28 17:01:41,0.00000420,24000.00000000
2018-02-28 17:01:41,0.00000419,30096.00000000
2018-02-28 17:01:44,0.00000419,453.00000000
2018-02-28 17:01:44,0.00000420,12500.00000000
2018-02-28 17:01:45,0.00000419,4316.00000000
2018-02-28 17:01:45,0.00000419,291995.00000000
2018-02-28 17:01:46,0.00000418,5822.00000000
2018-02-28 17:01:49,0.00000419,5630.00000000
2018-02-28 17:01:49,0.00000418,818.00000000
2018-02-28 17:01:51,0.00000419,595.00000000
2018-02-28 17:01:52,0.00000418,623302.00000000
2018-02-28 17:01:54,0.00000418,500.00000000
2018-02-28 17:01:54,0.00000418,139346.00000000
2018-02-28 17:01:55,0.00000418,56991.00000000
2018-02-28 17:01:57,0.00000419,400.00000000
2018-02-28 17:02:03,0.00000419,12499.00000000
2018-02-28 17:02:05,0.00000418,744.00000000
2018-02-28 17:02:06,0.00000419,5724.00000000
2018-02-28 17:02:10,0.00000418,287360.00000000
2018-02-28 17:02:10,0.00000418,440031.00000000
2018-02-28 17:02:11,0.00000418,1065.00000000
2018-02-28 17:02:11,0.00000418,1064.00000000
2018-02-28 17:02:12,0.00000418,11962.00000000
2018-02-28 17:02:12,0.00000418,266.00000000
2018-02-28 17:02:13,0.00000418,11962.00000000
2018-02-28 17:02:13,0.00000417,644.00000000
2018-02-28 17:02:14,0.00000418,1765.00000000
2018-02-28 17:02:15,0.00000418,11962.00000000
2018-02-28 17:02:15,0.00000418,7262.00000000
2018-02-28 17:02:17,0.00000418,19790.00000000
2018-02-28 17:02:17,0.00000418,3152.00000000
2018-02-28 17:02:18,0.00000417,209738.00000000
2018-02-28 17:02:19,0.00000418,1.00000000
2018-02-28 17:02:20,0.00000418,126300.00000000
2018-02-28 17:02:23,0.00000418,2953.00000000
2018-02-28 17:02:23,0.00000418,50000.00000000
2018-02-28 17:02:24,0.00000418,10006.00000000
2018-02-28 17:02:24,0.00000417,621.00000000
2018-02-28 17:02:25,0.00000418,19372.00000000
2018-02-28 17:02:25,0.00000418,7944.00000000
2018-02-28 17:02:25,0.00000417,15139.00000000
2018-02-28 17:02:26,0.00000418,23980.00000000
2018-02-28 17:02:26,0.00000418,108413.00000000
2018-02-28 17:02:26,0.00000417,621.00000000
2018-02-28 17:02:28,0.00000417,323.00000000
2018-02-28 17:02:28,0.00000418,20997.00000000
2018-02-28 17:02:30,0.00000418,4376.00000000
2018-02-28 17:02:31,0.00000418,30198.00000000
2018-02-28 17:02:33,0.00000417,4356.00000000
2018-02-28 17:02:34,0.00000418,38654.00000000
2018-02-28 17:02:36,0.00000418,250.00000000
2018-02-28 17:02:37,0.00000418,164770.00000000
2018-02-28 17:02:39,0.00000418,6000.00000000
2018-02-28 17:02:40,0.00000417,150.00000000
2018-02-28 17:02:40,0.00000417,1011.00000000
2018-02-28 17:02:42,0.00000417,2465.00000000
2018-02-28 17:02:43,0.00000418,12080.00000000
2018-02-28 17:02:44,0.00000417,3997.00000000
2018-02-28 17:02:44,0.00000417,958.00000000
2018-02-28 17:02:45,0.00000418,5412.00000000
2018-02-28 17:02:47,0.00000417,10399.00000000
2018-02-28 17:02:51,0.00000417,3001.00000000
2018-02-28 17:02:51,0.00000417,15245.00000000
2018-02-28 17:02:52,0.00000417,6646.00000000
2018-02-28 17:02:53,0.00000418,196064.00000000
2018-02-28 17:02:53,0.00000417,7625.00000000
2018-02-28 17:02:55,0.00000417,7877.00000000
2018-02-28 17:02:56,0.00000417,300.00000000
2018-02-28 17:02:56,0.00000417,34481.00000000
2018-02-28 17:03:00,0.00000417,16566.00000000
2018-02-28 17:03:00,0.00000417,365569.00000000
2018-02-28 17:03:01,0.00000417,32303.00000000
2018-02-28 17:03:02,0.00000418,9542.00000000
2018-02-28 17:03:02,0.00000417,3807.00000000
2018-02-28 17:03:04,0.00000417,68508.00000000
2018-02-28 17:03:05,0.00000418,23900.00000000
2018-02-28 17:03:06,0.00000418,2998.00000000
2018-02-28 17:03:07,0.00000417,43064.00000000
2018-02-28 17:03:08,0.00000418,10769.00000000
2018-02-28 17:03:09,0.00000418,5211.00000000
2018-02-28 17:03:09,0.00000417,39372.00000000
2018-02-28 17:03:10,0.00000418,22685.00000000
2018-02-28 17:03:11,0.00000417,692500.00000000
2018-02-28 17:03:12,0.00000417,300567.00000000
2018-02-28 17:03:12,0.00000418,401.00000000
2018-02-28 17:03:12,0.00000417,32525.00000000
2018-02-28 17:03:13,0.00000417,45182.00000000
2018-02-28 17:03:13,0.00000417,16187.00000000
2018-02-28 17:03:13,0.00000417,98076.00000000
2018-02-28 17:03:13,0.00000417,11784.00000000
2018-02-28 17:03:13,0.00000417,11784.00000000
2018-02-28 17:03:14,0.00000417,240.00000000
2018-02-28 17:03:14,0.00000417,5000.00000000
2018-02-28 17:03:14,0.00000417,211896.00000000
2018-02-28 17:03:14,0.00000416,43972.00000000
2018-02-28 17:03:14,0.00000416,55668.00000000
2018-02-28 17:03:14,0.00000417,36773.00000000
2018-02-28 17:03:15,0.00000416,33284.00000000
2018-02-28 17:03:18,0.00000417,32629.00000000
2018-02-28 17:03:18,0.00000417,16096.00000000
2018-02-28 17:03:18,0.00000417,5000.00000000
2018-02-28 17:03:18,0.00000417,431.00000000
2018-02-28 17:03:20,0.00000417,3164.00000000
2018-02-28 17:03:20,0.00000416,23.00000000
2018-02-28 17:03:21,0.00000417,1000.00000000
2018-02-28 17:03:23,0.00000416,6295.00000000
2018-02-28 17:03:24,0.00000417,263.00000000
2018-02-28 17:03:25,0.00000417,792.00000000
2018-02-28 17:03:27,0.00000417,35211.00000000
2018-02-28 17:03:28,0.00000417,29684.00000000
2018-02-28 17:03:28,0.00000417,11737.00000000
2018-02-28 17:03:29,0.00000417,3620.00000000
2018-02-28 17:03:31,0.00000416,8145.00000000
2018-02-28 17:03:31,0.00000417,11280.00000000
2018-02-28 17:03:31,0.00000417,4512.00000000
2018-02-28 17:03:32,0.00000417,2256.00000000
2018-02-28 17:03:34,0.00000417,3923.00000000
2018-02-28 17:03:36,0.00000417,2557.00000000
2018-02-28 17:03:36,0.00000417,5938.00000000
2018-02-28 17:03:36,0.00000416,45.00000000
2018-02-28 17:03:37,0.00000417,2460.00000000
2018-02-28 17:03:37,0.00000417,1800.00000000
2018-02-28 17:03:38,0.00000417,78757.00000000
2018-02-28 17:03:39,0.00000416,4244.00000000
2018-02-28 17:03:39,0.00000416,1300.00000000
2018-02-28 17:03:39,0.00000417,66322.00000000
2018-02-28 17:03:40,0.00000416,1417.00000000
2018-02-28 17:03:40,0.00000416,126869.00000000
2018-02-28 17:03:42,0.00000416,24359.00000000
2018-02-28 17:03:43,0.00000417,8022.00000000
2018-02-28 17:03:45,0.00000416,5000.00000000
2018-02-28 17:03:47,0.00000417,10000.00000000
2018-02-28 17:03:54,0.00000416,5062.00000000
2018-02-28 17:03:54,0.00000416,7532.00000000
2018-02-28 17:03:55,0.00000416,8969.00000000
2018-02-28 17:03:55,0.00000416,19800.00000000
2018-02-28 17:03:56,0.00000416,2183.00000000
2018-02-28 17:03:57,0.00000416,115.00000000
2018-02-28 17:03:57,0.00000416,21186.00000000
2018-02-28 17:03:57,0.00000417,333.00000000
2018-02-28 17:03:58,0.00000417,573173.00000000
2018-02-28 17:03:58,0.00000417,381.00000000
2018-02-28 17:03:58,0.00000417,30431.00000000
2018-02-28 17:03:59,0.00000416,10219.00000000
2018-02-28 17:04:02,0.00000416,1519.00000000
2018-02-28 17:04:02,0.00000417,33594.00000000
2018-02-28 17:04:04,0.00000416,111241.00000000
2018-02-28 17:04:05,0.00000416,492.00000000
2018-02-28 17:04:06,0.00000417,101275.00000000
2018-02-28 17:04:06,0.00000416,16008.00000000
2018-02-28 17:04:06,0.00000416,5000.00000000
2018-02-28 17:04:06,0.00000416,308.00000000
2018-02-28 17:04:06,0.00000416,1000.00000000
2018-02-28 17:04:07,0.00000417,50.00000000
2018-02-28 17:04:08,0.00000416,10000.00000000
2018-02-28 17:04:09,0.00000416,2954.00000000
2018-02-28 17:04:14,0.00000417,3579.00000000
2018-02-28 17:04:15,0.00000417,28939.00000000
2018-02-28 17:04:15,0.00000416,12584.00000000
2018-02-28 17:04:17,0.00000416,45182.00000000
2018-02-28 17:04:17,0.00000416,4718.00000000
2018-02-28 17:04:18,0.00000416,250.00000000
2018-02-28 17:04:18,0.00000416,14276.00000000
2018-02-28 17:04:19,0.00000417,111.00000000
2018-02-28 17:04:19,0.00000417,2818.00000000
2018-02-28 17:04:20,0.00000416,5864.00000000
2018-02-28 17:04:20,0.00000416,748.00000000
2018-02-28 17:04:20,0.00000416,10804.00000000
2018-02-28 17:04:21,0.00000416,10257.00000000
2018-02-28 17:04:22,0.00000417,22625.00000000
2018-02-28 17:04:23,0.00000416,26654.00000000
2018-02-28 17:04:23,0.00000417,821.00000000
2018-02-28 17:04:24,0.00000417,342.00000000
2018-02-28 17:04:24,0.00000416,135623.00000000
2018-02-28 17:04:24,0.00000417,1432.00000000
2018-02-28 17:04:24,0.00000417,500.00000000
2018-02-28 17:04:28,0.00000417,27085.00000000
2018-02-28 17:04:28,0.00000417,183120.00000000
2018-02-28 17:04:29,0.00000417,964.00000000
2018-02-28 17:04:30,0.00000416,161400.00000000
2018-02-28 17:04:30,0.00000417,20123.00000000
2018-02-28 17:04:30,0.00000416,236148.00000000
2018-02-28 17:04:31,0.00000417,985255.00000000
2018-02-28 17:04:31,0.00000416,202279.00000000
2018-02-28 17:04:31,0.00000416,17081.00000000
2018-02-28 17:04:31,0.00000416,16799.00000000
2018-02-28 17:04:31,0.00000416,99325.00000000
2018-02-28 17:04:31,0.00000416,179779.00000000
2018-02-28 17:04:32,0.00000417,1639.00000000
2018-02-28 17:04:32,0.00000416,15457.00000000
2018-02-28 17:04:32,0.00000416,1937.00000000
2018-02-28 17:04:33,0.00000416,32080.00000000
2018-02-28 17:04:33,0.00000416,1500.00000000
2018-02-28 17:04:34,0.00000416,54031.00000000
2018-02-28 17:04:34,0.00000417,265840.00000000
2018-02-28 17:04:34,0.00000417,186078.00000000
2018-02-28 17:04:34,0.00000417,267506.00000000
2018-02-28 17:04:34,0.00000416,140178.00000000
2018-02-28 17:04:34,0.00000416,4580.00000000
2018-02-28 17:04:35,0.00000416,92.00000000
2018-02-28 17:04:35,0.00000417,4877.00000000
2018-02-28 17:04:36,0.00000417,2800.00000000
2018-02-28 17:04:36,0.00000418,992.00000000
2018-02-28 17:04:37,0.00000418,12792.00000000
2018-02-28 17:04:37,0.00000417,2216.00000000
2018-02-28 17:04:38,0.00000418,2815.00000000
2018-02-28 17:04:38,0.00000417,1390.00000000
2018-02-28 17:04:40,0.00000417,7679.00000000
2018-02-28 17:04:40,0.00000417,14282.00000000
2018-02-28 17:04:40,0.00000417,1030.00000000
2018-02-28 17:04:41,0.00000416,23186.00000000
2018-02-28 17:04:41,0.00000416,829.00000000
2018-02-28 17:04:42,0.00000417,1593.00000000
2018-02-28 17:04:47,0.00000417,32131.00000000
2018-02-28 17:04:48,0.00000417,22734.00000000
2018-02-28 17:04:49,0.00000416,17073.00000000
2018-02-28 17:04:52,0.00000416,35460.00000000
2018-02-28 17:04:53,0.00000416,525.00000000
2018-02-28 17:04:54,0.00000417,2.00000000
2018-02-28 17:04:54,0.00000416,2322.00000000
2018-02-28 17:04:55,0.00000416,8593.00000000
2018-02-28 17:04:55,0.00000416,6406.00000000
2018-02-28 17:04:56,0.00000416,124786.00000000
2018-02-28 17:04:57,0.00000416,2069.00000000
2018-02-28 17:04:57,0.00000417,52335.00000000
2018-02-28 17:04:57,0.00000417,14588.00000000
2018-02-28 17:04:57,0.00000417,6274.00000000
2018-02-28 17:04:58,0.00000417,2436.00000000
2018-02-28 17:04:58,0.00000418,4921.00000000
2018-02-28 17:04:59,0.00000416,1148031.00000000
2018-02-28 17:04:59,0.00000415,315070.00000000
2018-02-28 17:04:59,0.00000417,436.00000000
2018-02-28 17:04:59,0.00000417,20452.00000000
2018-02-28 17:05:01,0.00000417,636.00000000
2018-02-28 17:05:01,0.00000416,8979.00000000
2018-02-28 17:05:01,0.00000415,1185.00000000
2018-02-28 17:05:01,0.00000417,29900.00000000
2018-02-28 17:05:02,0.00000417,1000.00000000
2018-02-28 17:05:02,0.00000415,11792.00000000
2018-02-28 17:05:02,0.00000417,16788.00000000
2018-02-28 17:05:06,0.00000417,3913.00000000
2018-02-28 17:05:08,0.00000416,1554.00000000
2018-02-28 17:05:08,0.00000417,318.00000000
2018-02-28 17:05:09,0.00000417,10388.00000000
2018-02-28 17:05:09,0.00000417,2214.00000000
2018-02-28 17:05:10,0.00000416,15315.00000000
2018-02-28 17:05:11,0.00000416,15000.00000000
2018-02-28 17:05:13,0.00000417,451.00000000
2018-02-28 17:05:14,0.00000416,1232.00000000
2018-02-28 17:05:14,0.00000416,3625.00000000
2018-02-28 17:05:14,0.00000416,6267.00000000
2018-02-28 17:05:15,0.00000416,10999.00000000
2018-02-28 17:05:15,0.00000417,34367.00000000
2018-02-28 17:05:16,0.00000416,21378.00000000
2018-02-28 17:05:21,0.00000416,76178.00000000
2018-02-28 17:05:21,0.00000416,47054.00000000
2018-02-28 17:05:21,0.00000416,47054.00000000
2018-02-28 17:05:21,0.00000416,9766.00000000
2018-02-28 17:05:22,0.00000417,2921.00000000
2018-02-28 17:05:23,0.00000417,24982.00000000
2018-02-28 17:05:23,0.00000416,50000.00000000
2018-02-28 17:05:23,0.00000416,11713.00000000
2018-02-28 17:05:27,0.00000416,391.00000000
2018-02-28 17:05:27,0.00000417,76533.00000000
2018-02-28 17:05:28,0.00000416,3698.00000000
2018-02-28 17:05:29,0.00000416,1536.00000000
2018-02-28 17:05:29,0.00000416,8379.00000000
2018-02-28 17:05:30,0.00000417,11890.00000000
2018-02-28 17:05:31,0.00000416,3391.00000000
2018-02-28 17:05:32,0.00000416,70993.00000000
2018-02-28 17:05:33,0.00000416,399.00000000
2018-02-28 17:05:33,0.00000416,323729.00000000
2018-02-28 17:05:33,0.00000416,644.00000000
2018-02-28 17:05:34,0.00000416,11265.00000000
2018-02-28 17:05:35,0.00000416,3250.00000000
2018-02-28 17:05:36,0.00000416,2893.00000000
2018-02-28 17:05:41,0.00000415,5063.00000000
2018-02-28 17:05:41,0.00000416,4000.00000000
2018-02-28 17:05:42,0.00000416,126.00000000
2018-02-28 17:05:43,0.00000416,17.00000000
2018-02-28 17:05:43,0.00000415,130318.00000000
2018-02-28 17:05:45,0.00000416,201656.00000000
2018-02-28 17:05:46,0.00000416,2611.00000000
2018-02-28 17:05:48,0.00000416,3481.00000000
2018-02-28 17:05:48,0.00000416,682.00000000
2018-02-28 17:05:52,0.00000416,11752.00000000
2018-02-28 17:05:57,0.00000416,4128.00000000
2018-02-28 17:05:57,0.00000416,53414.00000000
2018-02-28 17:05:59,0.00000416,563.00000000
2018-02-28 17:05:59,0.00000416,1994.00000000
2018-02-28 17:05:59,0.00000416,2065.00000000
2018-02-28 17:06:00,0.00000416,24038.00000000
2018-02-28 17:06:01,0.00000416,12.00000000
2018-02-28 17:06:02,0.00000415,170222.00000000
2018-02-28 17:06:03,0.00000416,500.00000000
2018-02-28 17:06:04,0.00000415,6986.00000000
2018-02-28 17:06:05,0.00000416,395.00000000
2018-02-28 17:06:06,0.00000416,5000.00000000
2018-02-28 17:06:07,0.00000416,30365.00000000
2018-02-28 17:06:08,0.00000416,5000.00000000
2018-02-28 17:06:09,0.00000416,354.00000000
2018-02-28 17:06:09,0.00000416,251.00000000
2018-02-28 17:06:09,0.00000416,1000.00000000
2018-02-28 17:06:10,0.00000416,500.00000000
2018-02-28 17:06:11,0.00000416,5000.00000000
2018-02-28 17:06:12,0.00000415,56.00000000
2018-02-28 17:06:13,0.00000416,5000.00000000
2018-02-28 17:06:13,0.00000416,4829.00000000
2018-02-28 17:06:13,0.00000415,64633.00000000
2018-02-28 17:06:13,0.00000416,1504.00000000
2018-02-28 17:06:14,0.00000416,19000.00000000
2018-02-28 17:06:16,0.00000416,6246.00000000
2018-02-28 17:06:18,0.00000415,8072.00000000
2018-02-28 17:06:18,0.00000416,551.00000000
2018-02-28 17:06:18,0.00000416,334.00000000
2018-02-28 17:06:19,0.00000415,8456.00000000
2018-02-28 17:06:20,0.00000416,14083.00000000
2018-02-28 17:06:20,0.00000415,749.00000000
2018-02-28 17:06:21,0.00000415,29650.00000000
2018-02-28 17:06:21,0.00000415,116889.00000000
2018-02-28 17:06:25,0.00000416,582.00000000
2018-02-28 17:06:28,0.00000415,12006.00000000
2018-02-28 17:06:29,0.00000416,3873.00000000
2018-02-28 17:06:32,0.00000415,6333.00000000
2018-02-28 17:06:32,0.00000416,38734.00000000
2018-02-28 17:06:33,0.00000415,28081.00000000
2018-02-28 17:06:34,0.00000415,152883.00000000
2018-02-28 17:06:34,0.00000415,11000.00000000
2018-02-28 17:06:34,0.00000416,1388.00000000
2018-02-28 17:06:34,0.00000416,12061.00000000
2018-02-28 17:06:34,0.00000416,21176.00000000
2018-02-28 17:06:35,0.00000415,12544.00000000
2018-02-28 17:06:35,0.00000415,355199.00000000
2018-02-28 17:06:35,0.00000415,42118.00000000
2018-02-28 17:06:37,0.00000415,60809.00000000
2018-02-28 17:06:37,0.00000415,473.00000000
2018-02-28 17:06:37,0.00000415,165195.00000000
2018-02-28 17:06:37,0.00000415,249022.00000000
2018-02-28 17:06:37,0.00000415,8011.00000000
2018-02-28 17:06:38,0.00000415,767.00000000
2018-02-28 17:06:38,0.00000415,3072.00000000
2018-02-28 17:06:38,0.00000415,190850.00000000
2018-02-28 17:06:38,0.00000415,78710.00000000
2018-02-28 17:06:39,0.00000415,967.00000000
2018-02-28 17:06:40,0.00000415,6216.00000000
2018-02-28 17:06:40,0.00000416,4018.00000000
2018-02-28 17:06:41,0.00000416,106579.00000000
2018-02-28 17:06:41,0.00000415,58935.00000000
2018-02-28 17:06:42,0.00000415,7545.00000000
2018-02-28 17:06:42,0.00000415,36347.00000000
2018-02-28 17:06:44,0.00000415,55383.00000000
2018-02-28 17:06:45,0.00000415,10748.00000000
2018-02-28 17:06:47,0.00000415,2442.00000000
2018-02-28 17:06:47,0.00000415,6531.00000000
2018-02-28 17:06:47,0.00000415,62579.00000000
2018-02-28 17:06:48,0.00000416,18918.00000000
2018-02-28 17:06:49,0.00000415,10584.00000000
2018-02-28 17:06:50,0.00000415,25572.00000000
2018-02-28 17:06:50,0.00000415,500.00000000
2018-02-28 17:06:53,0.00000415,5.00000000
2018-02-28 17:06:54,0.00000415,528.00000000
2018-02-28 17:06:55,0.00000415,14959.00000000
2018-02-28 17:06:55,0.00000415,12642.00000000
2018-02-28 17:06:58,0.00000416,5020.00000000
2018-02-28 17:07:00,0.00000416,334.00000000
2018-02-28 17:07:01,0.00000415,5417.00000000
2018-02-28 17:07:01,0.00000416,1075.00000000
2018-02-28 17:07:02,0.00000415,800.00000000
2018-02-28 17:07:03,0.00000415,4044.00000000
2018-02-28 17:07:03,0.00000416,11258.00000000
2018-02-28 17:07:04,0.00000415,4000.00000000
2018-02-28 17:07:04,0.00000415,190978.00000000
2018-02-28 17:07:05,0.00000416,383.00000000
2018-02-28 17:07:06,0.00000415,9108.00000000
2018-02-28 17:07:06,0.00000415,10.00000000
2018-02-28 17:07:06,0.00000415,5624.00000000
2018-02-28 17:07:07,0.00000415,23320.00000000
2018-02-28 17:07:08,0.00000415,43758.00000000
2018-02-28 17:07:09,0.00000415,17533.00000000
2018-02-28 17:07:10,0.00000415,7261.00000000
2018-02-28 17:07:11,0.00000416,1854.00000000
2018-02-28 17:07:13,0.00000415,24096.00000000
2018-02-28 17:07:13,0.00000415,54576.00000000
2018-02-28 17:07:16,0.00000415,24096.00000000
2018-02-28 17:07:16,0.00000415,27721.00000000
2018-02-28 17:07:17,0.00000415,9315.00000000
2018-02-28 17:07:19,0.00000416,1000.00000000
2018-02-28 17:07:19,0.00000415,3055.00000000
2018-02-28 17:07:20,0.00000416,12010.00000000
2018-02-28 17:07:22,0.00000415,7156.00000000
2018-02-28 17:07:22,0.00000415,2317.00000000
2018-02-28 17:07:22,0.00000415,51993.00000000
2018-02-28 17:07:22,0.00000415,514.00000000
2018-02-28 17:07:23,0.00000415,19018.00000000
2018-02-28 17:07:23,0.00000416,2080.00000000
2018-02-28 17:07:23,0.00000415,395452.00000000
2018-02-28 17:07:24,0.00000415,13723.00000000
2018-02-28 17:07:24,0.00000416,25718.00000000
2018-02-28 17:07:26,0.00000414,2500.00000000
2018-02-28 17:07:27,0.00000415,242.00000000
2018-02-28 17:07:27,0.00000415,500.00000000
2018-02-28 17:07:27,0.00000415,2078.00000000
2018-02-28 17:07:30,0.00000414,186.00000000
2018-02-28 17:07:32,0.00000415,3913.00000000
2018-02-28 17:07:32,0.00000414,1205.00000000
2018-02-28 17:07:33,0.00000414,2152.00000000
2018-02-28 17:07:34,0.00000414,3218.00000000
2018-02-28 17:07:36,0.00000415,130765.00000000
2018-02-28 17:07:36,0.00000414,45533.00000000
2018-02-28 17:07:38,0.00000415,1207.00000000
2018-02-28 17:07:38,0.00000415,5000.00000000
2018-02-28 17:07:40,0.00000415,5000.00000000
2018-02-28 17:07:46,0.00000414,6332.00000000
2018-02-28 17:07:47,0.00000415,2044.00000000
2018-02-28 17:07:47,0.00000414,10191.00000000
2018-02-28 17:07:48,0.00000414,122883.00000000
2018-02-28 17:07:48,0.00000414,4896.00000000
2018-02-28 17:07:48,0.00000414,65400.00000000
2018-02-28 17:07:49,0.00000414,1011.00000000
2018-02-28 17:07:51,0.00000414,21038.00000000
2018-02-28 17:07:51,0.00000414,829.00000000
2018-02-28 17:07:52,0.00000414,7958.00000000
2018-02-28 17:07:53,0.00000414,3526.00000000
2018-02-28 17:07:53,0.00000414,7085.00000000
2018-02-28 17:07:54,0.00000415,249.00000000
2018-02-28 17:07:54,0.00000414,236748.00000000
2018-02-28 17:07:55,0.00000414,2367.00000000
2018-02-28 17:07:55,0.00000414,14949.00000000
2018-02-28 17:07:56,0.00000414,26079.00000000
2018-02-28 17:07:57,0.00000414,13351.00000000
2018-02-28 17:07:57,0.00000414,28493.00000000
2018-02-28 17:07:57,0.00000414,10609.00000000
2018-02-28 17:07:59,0.00000414,13047.00000000
2018-02-28 17:07:59,0.00000414,50890.00000000
2018-02-28 17:08:00,0.00000414,41486.00000000
2018-02-28 17:08:00,0.00000414,84.00000000
2018-02-28 17:08:00,0.00000415,334.00000000
2018-02-28 17:08:01,0.00000414,8296.00000000
2018-02-28 17:08:03,0.00000414,1510.00000000
2018-02-28 17:08:03,0.00000414,370.00000000
2018-02-28 17:08:03,0.00000415,151931.00000000
2018-02-28 17:08:03,0.00000414,1892.00000000
2018-02-28 17:08:04,0.00000415,6018.00000000
2018-02-28 17:08:05,0.00000415,334.00000000
2018-02-28 17:08:05,0.00000414,29494.00000000
2018-02-28 17:08:05,0.00000414,29915.00000000
2018-02-28 17:08:06,0.00000414,48774.00000000
2018-02-28 17:08:06,0.00000415,7000.00000000
2018-02-28 17:08:06,0.00000415,888.00000000
2018-02-28 17:08:06,0.00000414,51397.00000000
2018-02-28 17:08:06,0.00000414,3745.00000000
2018-02-28 17:08:07,0.00000414,3000.00000000
2018-02-28 17:08:08,0.00000414,8869.00000000
2018-02-28 17:08:08,0.00000414,11860.00000000
2018-02-28 17:08:08,0.00000414,518574.00000000
2018-02-28 17:08:09,0.00000414,145822.00000000
2018-02-28 17:08:09,0.00000414,60876.00000000
2018-02-28 17:08:10,0.00000414,79917.00000000
2018-02-28 17:08:10,0.00000414,128962.00000000
2018-02-28 17:08:10,0.00000414,89156.00000000
2018-02-28 17:08:10,0.00000415,10169.00000000
2018-02-28 17:08:10,0.00000414,12543.00000000
2018-02-28 17:08:10,0.00000414,3020.00000000
2018-02-28 17:08:11,0.00000414,1285.00000000
2018-02-28 17:08:11,0.00000414,1400.00000000
2018-02-28 17:08:12,0.00000414,1251.00000000
2018-02-28 17:08:12,0.00000414,146.00000000
2018-02-28 17:08:14,0.00000413,8979.00000000
2018-02-28 17:08:15,0.00000414,13666.00000000
2018-02-28 17:08:15,0.00000414,13666.00000000
2018-02-28 17:08:15,0.00000414,2408.00000000
2018-02-28 17:08:15,0.00000414,13696.00000000
2018-02-28 17:08:15,0.00000414,13666.00000000
2018-02-28 17:08:15,0.00000414,11764.00000000
2018-02-28 17:08:15,0.00000413,80000.00000000
2018-02-28 17:08:15,0.00000414,13666.00000000
2018-02-28 17:08:15,0.00000413,2408.00000000
2018-02-28 17:08:15,0.00000413,46450.00000000
2018-02-28 17:08:16,0.00000414,7140.00000000
2018-02-28 17:08:16,0.00000413,5131.00000000
2018-02-28 17:08:16,0.00000413,13666.00000000
2018-02-28 17:08:16,0.00000414,1093.00000000
2018-02-28 17:08:16,0.00000413,221.00000000
2018-02-28 17:08:19,0.00000414,335.00000000
2018-02-28 17:08:20,0.00000413,48549.00000000
2018-02-28 17:08:20,0.00000413,13666.00000000
2018-02-28 17:08:20,0.00000413,7818.00000000
2018-02-28 17:08:24,0.00000414,1000.00000000
2018-02-28 17:08:24,0.00000413,5670.00000000
2018-02-28 17:08:24,0.00000414,244772.00000000
2018-02-28 17:08:25,0.00000413,1501.00000000
2018-02-28 17:08:26,0.00000413,1492621.00000000
2018-02-28 17:08:26,0.00000413,500.00000000
2018-02-28 17:08:26,0.00000413,500.00000000
2018-02-28 17:08:26,0.00000413,2419.00000000
2018-02-28 17:08:26,0.00000413,2932.00000000
2018-02-28 17:08:26,0.00000413,1000.00000000
2018-02-28 17:08:26,0.00000413,314181.00000000
2018-02-28 17:08:26,0.00000413,2409.00000000
2018-02-28 17:08:26,0.00000413,4356.00000000
2018-02-28 17:08:27,0.00000413,140987.00000000
2018-02-28 17:08:27,0.00000413,2409.00000000
2018-02-28 17:08:27,0.00000413,78822.00000000
2018-02-28 17:08:27,0.00000413,420.00000000
2018-02-28 17:08:27,0.00000413,172517.00000000
2018-02-28 17:08:27,0.00000414,420.00000000
2018-02-28 17:08:28,0.00000413,48173.00000000
2018-02-28 17:08:28,0.00000414,335.00000000
2018-02-28 17:08:29,0.00000413,53867.00000000
2018-02-28 17:08:30,0.00000414,41644.00000000
2018-02-28 17:08:30,0.00000414,335.00000000
2018-02-28 17:08:30,0.00000413,12158.00000000
2018-02-28 17:08:30,0.00000413,4298.00000000
2018-02-28 17:08:30,0.00000413,76340.00000000
2018-02-28 17:08:30,0.00000413,25572.00000000
2018-02-28 17:08:31,0.00000413,845.00000000
2018-02-28 17:08:32,0.00000413,30212.00000000
2018-02-28 17:08:32,0.00000413,11593.00000000
2018-02-28 17:08:32,0.00000414,22400.00000000
2018-02-28 17:08:32,0.00000413,15569.00000000
2018-02-28 17:08:32,0.00000414,850000.00000000
2018-02-28 17:08:33,0.00000413,7339.00000000
2018-02-28 17:08:33,0.00000413,1069.00000000
2018-02-28 17:08:33,0.00000414,95611.00000000
2018-02-28 17:08:34,0.00000415,4594.00000000
2018-02-28 17:08:34,0.00000414,78303.00000000
2018-02-28 17:08:35,0.00000413,68382.00000000
2018-02-28 17:08:35,0.00000414,405.00000000
2018-02-28 17:08:36,0.00000413,21908.00000000
2018-02-28 17:08:37,0.00000413,7396.00000000
2018-02-28 17:08:37,0.00000413,47213.00000000
2018-02-28 17:08:38,0.00000413,22272.00000000
2018-02-28 17:08:40,0.00000413,9990.00000000
2018-02-28 17:08:40,0.00000413,39.00000000
2018-02-28 17:08:40,0.00000414,1000.00000000
2018-02-28 17:08:41,0.00000413,56991.00000000
2018-02-28 17:08:41,0.00000413,45936.00000000
2018-02-28 17:08:41,0.00000413,23701.00000000
2018-02-28 17:08:43,0.00000414,9000.00000000
2018-02-28 17:08:44,0.00000414,335.00000000
2018-02-28 17:08:44,0.00000414,14075.00000000
2018-02-28 17:08:45,0.00000413,10696.00000000
2018-02-28 17:08:45,0.00000413,6669.00000000
2018-02-28 17:08:45,0.00000413,493.00000000
2018-02-28 17:08:46,0.00000413,10378.00000000
2018-02-28 17:08:48,0.00000413,742792.00000000
2018-02-28 17:08:48,0.00000413,42282.00000000
2018-02-28 17:08:49,0.00000414,2080.00000000
2018-02-28 17:08:49,0.00000414,1738.00000000
2018-02-28 17:08:50,0.00000413,27274.00000000
2018-02-28 17:08:50,0.00000413,23773.00000000
2018-02-28 17:08:51,0.00000414,177954.00000000
2018-02-28 17:08:52,0.00000413,469.00000000
2018-02-28 17:08:52,0.00000413,58918.00000000
2018-02-28 17:08:53,0.00000413,10805.00000000
2018-02-28 17:08:53,0.00000413,21560.00000000
2018-02-28 17:08:53,0.00000413,1677.00000000
2018-02-28 17:08:54,0.00000413,720.00000000
2018-02-28 17:08:56,0.00000413,12107.00000000
2018-02-28 17:08:56,0.00000412,118277.00000000
2018-02-28 17:08:56,0.00000412,2557.00000000
2018-02-28 17:08:56,0.00000412,373971.00000000
2018-02-28 17:08:57,0.00000412,8323.00000000
2018-02-28 17:08:57,0.00000413,12107.00000000
2018-02-28 17:08:57,0.00000413,7040.00000000
2018-02-28 17:08:57,0.00000412,130.00000000
2018-02-28 17:08:58,0.00000412,4829.00000000
2018-02-28 17:08:59,0.00000413,39200.00000000
2018-02-28 17:08:59,0.00000412,12485.00000000
2018-02-28 17:09:00,0.00000413,2141.00000000
2018-02-28 17:09:02,0.00000413,1000.00000000
2018-02-28 17:09:03,0.00000412,5135.00000000
2018-02-28 17:09:03,0.00000413,2855.00000000
2018-02-28 17:09:03,0.00000412,5208.00000000
2018-02-28 17:09:04,0.00000412,23859.00000000
2018-02-28 17:09:05,0.00000413,20000.00000000
2018-02-28 17:09:05,0.00000413,3976.00000000
2018-02-28 17:09:06,0.00000412,5417.00000000
2018-02-28 17:09:06,0.00000413,71437.00000000
2018-02-28 17:09:07,0.00000412,5343.00000000
2018-02-28 17:09:07,0.00000412,1402.00000000
2018-02-28 17:09:08,0.00000412,2702.00000000
2018-02-28 17:09:08,0.00000412,6193.00000000
2018-02-28 17:09:08,0.00000412,1003.00000000
2018-02-28 17:09:09,0.00000413,336.00000000
2018-02-28 17:09:09,0.00000412,1704.00000000
2018-02-28 17:09:09,0.00000412,8443.00000000
2018-02-28 17:09:11,0.00000412,3646.00000000
2018-02-28 17:09:11,0.00000412,60763.00000000
2018-02-28 17:09:12,0.00000412,22438.00000000
2018-02-28 17:09:12,0.00000413,1577.00000000
2018-02-28 17:09:12,0.00000413,75133.00000000
2018-02-28 17:09:13,0.00000412,5433.00000000
2018-02-28 17:09:13,0.00000412,4910.00000000
2018-02-28 17:09:15,0.00000412,122296.00000000
2018-02-28 17:09:16,0.00000412,106450.00000000
2018-02-28 17:09:16,0.00000412,13783.00000000
2018-02-28 17:09:16,0.00000412,313867.00000000
2018-02-28 17:09:17,0.00000412,140871.00000000
2018-02-28 17:09:17,0.00000412,6027.00000000
2018-02-28 17:09:18,0.00000412,714605.00000000
2018-02-28 17:09:18,0.00000412,10907.00000000
2018-02-28 17:09:19,0.00000412,1500.00000000
2018-02-28 17:09:19,0.00000412,1430.00000000
2018-02-28 17:09:19,0.00000412,12136.00000000
2018-02-28 17:09:19,0.00000411,89038.00000000
2018-02-28 17:09:19,0.00000411,7456.00000000
2018-02-28 17:09:20,0.00000412,12136.00000000
2018-02-28 17:09:20,0.00000411,1735.00000000
2018-02-28 17:09:21,0.00000412,1268.00000000
2018-02-28 17:09:22,0.00000412,12136.00000000
2018-02-28 17:09:22,0.00000412,4782.00000000
2018-02-28 17:09:23,0.00000412,500.00000000
2018-02-28 17:09:23,0.00000412,12136.00000000
2018-02-28 17:09:25,0.00000412,12136.00000000
2018-02-28 17:09:25,0.00000412,32760.00000000
2018-02-28 17:09:25,0.00000411,2000.00000000
2018-02-28 17:09:25,0.00000411,16815.00000000
2018-02-28 17:09:26,0.00000412,12136.00000000
2018-02-28 17:09:26,0.00000412,500.00000000
2018-02-28 17:09:26,0.00000411,877984.00000000
2018-02-28 17:09:26,0.00000411,18240.00000000
2018-02-28 17:09:26,0.00000411,147543.00000000
2018-02-28 17:09:28,0.00000411,5187.00000000
2018-02-28 17:09:28,0.00000412,24.00000000
2018-02-28 17:09:28,0.00000412,168076.00000000
2018-02-28 17:09:28,0.00000411,31372.00000000
2018-02-28 17:09:29,0.00000411,4995.00000000
2018-02-28 17:09:29,0.00000411,24002.00000000
2018-02-28 17:09:29,0.00000411,50911.00000000
2018-02-28 17:09:30,0.00000411,50560.00000000
2018-02-28 17:09:30,0.00000412,7534.00000000
2018-02-28 17:09:30,0.00000411,9034.00000000
2018-02-28 17:09:31,0.00000411,5141.00000000
2018-02-28 17:09:31,0.00000411,453.00000000
2018-02-28 17:09:31,0.00000411,16663.00000000
2018-02-28 17:09:31,0.00000411,89012.00000000
2018-02-28 17:09:31,0.00000410,44653.00000000
2018-02-28 17:09:31,0.00000410,1200.00000000
2018-02-28 17:09:31,0.00000410,3029.00000000
2018-02-28 17:09:31,0.00000410,8758.00000000
2018-02-28 17:09:31,0.00000410,104403.00000000
2018-02-28 17:09:31,0.00000410,50660.00000000
2018-02-28 17:09:31,0.00000410,1723.00000000
2018-02-28 17:09:31,0.00000410,9073.00000000
2018-02-28 17:09:31,0.00000410,6002.00000000
2018-02-28 17:09:31,0.00000410,3000.00000000
2018-02-28 17:09:31,0.00000410,19634.00000000
2018-02-28 17:09:31,0.00000410,9857.00000000
2018-02-28 17:09:31,0.00000410,5031.00000000
2018-02-28 17:09:31,0.00000410,1000.00000000
2018-02-28 17:09:31,0.00000410,2871.00000000
2018-02-28 17:09:31,0.00000410,3457.00000000
2018-02-28 17:09:31,0.00000411,3967.00000000
2018-02-28 17:09:32,0.00000411,11594.00000000
2018-02-28 17:09:32,0.00000411,66157.00000000
2018-02-28 17:09:32,0.00000411,21753.00000000
2018-02-28 17:09:32,0.00000411,56494.00000000
2018-02-28 17:09:32,0.00000411,43333.00000000
2018-02-28 17:09:32,0.00000411,37884.00000000
2018-02-28 17:09:32,0.00000411,46681.00000000
2018-02-28 17:09:32,0.00000411,2426.00000000
2018-02-28 17:09:32,0.00000411,1822.00000000
2018-02-28 17:09:32,0.00000411,12626.00000000
2018-02-28 17:09:32,0.00000411,6071.00000000
2018-02-28 17:09:33,0.00000411,2676.00000000
2018-02-28 17:09:33,0.00000410,50594.00000000
2018-02-28 17:09:34,0.00000411,25852.00000000
2018-02-28 17:09:34,0.00000410,12000.00000000
2018-02-28 17:09:34,0.00000410,4160.00000000
2018-02-28 17:09:35,0.00000411,12682.00000000
2018-02-28 17:09:35,0.00000412,605.00000000
2018-02-28 17:09:35,0.00000411,7019.00000000
2018-02-28 17:09:35,0.00000410,517379.00000000
2018-02-28 17:09:36,0.00000410,25522.00000000
2018-02-28 17:09:36,0.00000410,63918.00000000
2018-02-28 17:09:36,0.00000410,30946.00000000
2018-02-28 17:09:36,0.00000412,291.00000000
2018-02-28 17:09:36,0.00000412,12136.00000000
2018-02-28 17:09:36,0.00000411,23225.00000000
2018-02-28 17:09:37,0.00000411,3753.00000000
2018-02-28 17:09:37,0.00000411,2617.00000000
2018-02-28 17:09:38,0.00000411,2359.00000000
2018-02-28 17:09:38,0.00000412,12142.00000000
2018-02-28 17:09:38,0.00000411,11808.00000000
2018-02-28 17:09:38,0.00000411,141737.00000000
2018-02-28 17:09:38,0.00000411,720.00000000
2018-02-28 17:09:39,0.00000411,687.00000000
2018-02-28 17:09:40,0.00000411,98678.00000000
2018-02-28 17:09:40,0.00000410,15000.00000000
2018-02-28 17:09:40,0.00000411,3796.00000000
2018-02-28 17:09:40,0.00000412,3122.00000000
2018-02-28 17:09:41,0.00000411,33420.00000000
2018-02-28 17:09:41,0.00000411,1987.00000000
2018-02-28 17:09:41,0.00000411,46679.00000000
2018-02-28 17:09:41,0.00000411,10000.00000000
2018-02-28 17:09:41,0.00000412,2359.00000000
2018-02-28 17:09:42,0.00000411,36662.00000000
2018-02-28 17:09:42,0.00000411,10000.00000000
2018-02-28 17:09:43,0.00000411,919.00000000
2018-02-28 17:09:43,0.00000411,30699.00000000
2018-02-28 17:09:43,0.00000411,12165.00000000
2018-02-28 17:09:44,0.00000411,3471.00000000
2018-02-28 17:09:44,0.00000410,314.00000000
2018-02-28 17:09:44,0.00000411,3026.00000000
2018-02-28 17:09:44,0.00000411,2427.00000000
2018-02-28 17:09:45,0.00000411,12165.00000000
2018-02-28 17:09:45,0.00000410,11500.00000000
2018-02-28 17:09:45,0.00000411,478.00000000
2018-02-28 17:09:46,0.00000411,2182.00000000
2018-02-28 17:09:46,0.00000410,8765.00000000
2018-02-28 17:09:46,0.00000411,6336.00000000
2018-02-28 17:09:46,0.00000411,12165.00000000
2018-02-28 17:09:47,0.00000411,8964.00000000
2018-02-28 17:09:47,0.00000411,4785.00000000
2018-02-28 17:09:47,0.00000411,2524.00000000
2018-02-28 17:09:48,0.00000411,12165.00000000
2018-02-28 17:09:48,0.00000411,12985.00000000
2018-02-28 17:09:49,0.00000411,11732.00000000
2018-02-28 17:09:49,0.00000411,11757.00000000
2018-02-28 17:09:49,0.00000411,12062.00000000
2018-02-28 17:09:49,0.00000410,53188.00000000
2018-02-28 17:09:49,0.00000410,29999.00000000
2018-02-28 17:09:49,0.00000411,12165.00000000
2018-02-28 17:09:49,0.00000410,5027.00000000
2018-02-28 17:09:49,0.00000411,363862.00000000
2018-02-28 17:09:50,0.00000411,338.00000000
2018-02-28 17:09:52,0.00000410,6615.00000000
2018-02-28 17:09:53,0.00000411,17284.00000000
2018-02-28 17:09:53,0.00000411,361.00000000
2018-02-28 17:09:54,0.00000411,4000.00000000
2018-02-28 17:09:54,0.00000411,11304.00000000
2018-02-28 17:09:55,0.00000412,4800.00000000
2018-02-28 17:09:55,0.00000411,3812.00000000
2018-02-28 17:09:55,0.00000411,858.00000000
2018-02-28 17:09:55,0.00000411,9415.00000000
2018-02-28 17:09:56,0.00000411,2339.00000000
2018-02-28 17:09:56,0.00000411,3093.00000000
2018-02-28 17:09:56,0.00000411,3665.00000000
2018-02-28 17:09:58,0.00000412,189137.00000000
2018-02-28 17:09:58,0.00000411,23324.00000000
2018-02-28 17:09:59,0.00000411,9016.00000000
2018-02-28 17:09:59,0.00000411,1229.00000000
2018-02-28 17:10:00,0.00000412,490000.00000000
2018-02-28 17:10:00,0.00000412,350000.00000000
2018-02-28 17:10:00,0.00000412,205824.00000000
2018-02-28 17:10:00,0.00000412,12481.00000000
2018-02-28 17:10:00,0.00000412,11500.00000000
2018-02-28 17:10:00,0.00000412,1394.00000000
2018-02-28 17:10:00,0.00000412,1216.00000000
2018-02-28 17:10:00,0.00000412,1447.00000000
2018-02-28 17:10:01,0.00000412,210128.00000000
2018-02-28 17:10:02,0.00000412,8784.00000000
2018-02-28 17:10:02,0.00000412,323.00000000
2018-02-28 17:10:02,0.00000412,2426.00000000
2018-02-28 17:10:02,0.00000412,5951.00000000
2018-02-28 17:10:02,0.00000412,12454.00000000
2018-02-28 17:10:03,0.00000412,23197.00000000
2018-02-28 17:10:03,0.00000412,3000.00000000
2018-02-28 17:10:03,0.00000412,8447.00000000
2018-02-28 17:10:04,0.00000413,19293.00000000
2018-02-28 17:10:04,0.00000412,1250.00000000
2018-02-28 17:10:04,0.00000412,10910.00000000
2018-02-28 17:10:05,0.00000413,1321.00000000
2018-02-28 17:10:06,0.00000413,1172385.00000000
2018-02-28 17:10:08,0.00000413,506.00000000
2018-02-28 17:10:09,0.00000414,44196.00000000
2018-02-28 17:10:10,0.00000414,252.00000000
2018-02-28 17:10:11,0.00000413,8143.00000000
2018-02-28 17:10:11,0.00000414,5682.00000000
2018-02-28 17:10:12,0.00000414,2062.00000000
2018-02-28 17:10:12,0.00000414,302.00000000
2018-02-28 17:10:12,0.00000414,353.00000000
2018-02-28 17:10:13,0.00000413,482258.00000000
2018-02-28 17:10:13,0.00000412,2132.00000000
2018-02-28 17:10:13,0.00000413,1564.00000000
2018-02-28 17:10:17,0.00000412,100.00000000
2018-02-28 17:10:17,0.00000413,18913.00000000
2018-02-28 17:10:18,0.00000413,14044.00000000
2018-02-28 17:10:20,0.00000413,3308.00000000
2018-02-28 17:10:20,0.00000413,1105.00000000
2018-02-28 17:10:21,0.00000413,275.00000000
2018-02-28 17:10:22,0.00000413,53634.00000000
2018-02-28 17:10:23,0.00000413,16145.00000000
2018-02-28 17:10:23,0.00000413,78664.00000000
2018-02-28 17:10:24,0.00000413,2639.00000000
2018-02-28 17:10:25,0.00000413,8469.00000000
2018-02-28 17:10:26,0.00000413,317939.00000000
2018-02-28 17:10:26,0.00000414,100.00000000
2018-02-28 17:10:27,0.00000414,378.00000000
2018-02-28 17:10:27,0.00000414,3069.00000000
2018-02-28 17:10:28,0.00000414,49771.00000000
2018-02-28 17:10:28,0.00000413,500.00000000
2018-02-28 17:10:29,0.00000413,4532.00000000
2018-02-28 17:10:29,0.00000414,9752.00000000
2018-02-28 17:10:30,0.00000414,6208.00000000
2018-02-28 17:10:30,0.00000413,6316.00000000
2018-02-28 17:10:30,0.00000413,3754.00000000
2018-02-28 17:10:31,0.00000413,7840.00000000
2018-02-28 17:10:31,0.00000414,116565.00000000
2018-02-28 17:10:32,0.00000413,3997.00000000
2018-02-28 17:10:32,0.00000413,119113.00000000
2018-02-28 17:10:34,0.00000413,3500.00000000
2018-02-28 17:10:34,0.00000414,30080.00000000
2018-02-28 17:10:37,0.00000413,198655.00000000
2018-02-28 17:10:38,0.00000413,2542.00000000
2018-02-28 17:10:40,0.00000413,167836.00000000
2018-02-28 17:10:41,0.00000413,1701.00000000
2018-02-28 17:10:41,0.00000413,70.00000000
2018-02-28 17:10:41,0.00000412,16907.00000000
2018-02-28 17:10:42,0.00000412,14413.00000000
2018-02-28 17:10:42,0.00000412,18326.00000000
2018-02-28 17:10:42,0.00000413,7859.00000000
2018-02-28 17:10:43,0.00000412,7002.00000000
2018-02-28 17:10:43,0.00000413,622.00000000
2018-02-28 17:10:43,0.00000413,34039.00000000
2018-02-28 17:10:44,0.00000412,90.00000000
2018-02-28 17:10:44,0.00000412,81914.00000000
2018-02-28 17:10:45,0.00000412,128018.00000000
2018-02-28 17:10:46,0.00000412,1762.00000000
2018-02-28 17:10:48,0.00000413,4317.00000000
2018-02-28 17:10:48,0.00000412,49449.00000000
2018-02-28 17:10:49,0.00000413,2300.00000000
2018-02-28 17:10:49,0.00000412,1950.00000000
2018-02-28 17:10:50,0.00000412,15976.00000000
2018-02-28 17:10:50,0.00000413,5031.00000000
2018-02-28 17:10:51,0.00000412,4378.00000000
2018-02-28 17:10:52,0.00000412,23759.00000000
2018-02-28 17:10:53,0.00000412,983.00000000
2018-02-28 17:10:53,0.00000413,612.00000000
2018-02-28 17:10:55,0.00000412,1212.00000000
2018-02-28 17:10:55,0.00000413,179316.00000000
2018-02-28 17:10:56,0.00000412,1212.00000000
2018-02-28 17:10:56,0.00000412,957.00000000
2018-02-28 17:10:58,0.00000412,20000.00000000
2018-02-28 17:10:58,0.00000412,7037.00000000
2018-02-28 17:10:59,0.00000413,286.00000000
2018-02-28 17:11:00,0.00000412,27064.00000000
2018-02-28 17:11:01,0.00000412,1566.00000000
2018-02-28 17:11:01,0.00000412,100.00000000
2018-02-28 17:11:03,0.00000412,11443.00000000
2018-02-28 17:11:03,0.00000412,572610.00000000
2018-02-28 17:11:04,0.00000412,222209.00000000
2018-02-28 17:11:04,0.00000412,2000.00000000
2018-02-28 17:11:05,0.00000412,24330.00000000
2018-02-28 17:11:05,0.00000412,37856.00000000
2018-02-28 17:11:06,0.00000412,9844.00000000
2018-02-28 17:11:08,0.00000412,2931.00000000
2018-02-28 17:11:09,0.00000411,44196.00000000
2018-02-28 17:11:11,0.00000412,65090.00000000
2018-02-28 17:11:12,0.00000411,26040.00000000
2018-02-28 17:11:12,0.00000412,2341.00000000
2018-02-28 17:11:13,0.00000412,600.00000000
2018-02-28 17:11:14,0.00000411,250.00000000
2018-02-28 17:11:14,0.00000411,2907.00000000
2018-02-28 17:11:15,0.00000411,37351.00000000
2018-02-28 17:11:15,0.00000412,20000.00000000
2018-02-28 17:11:17,0.00000412,337.00000000
2018-02-28 17:11:18,0.00000411,300.00000000
2018-02-28 17:11:19,0.00000412,19168.00000000
2018-02-28 17:11:20,0.00000412,11749.00000000
2018-02-28 17:11:22,0.00000411,53127.00000000
2018-02-28 17:11:22,0.00000411,119943.00000000
2018-02-28 17:11:22,0.00000412,299.00000000
2018-02-28 17:11:25,0.00000411,125776.00000000
2018-02-28 17:11:26,0.00000412,134133.00000000
2018-02-28 17:11:28,0.00000411,927.00000000
2018-02-28 17:11:28,0.00000412,88.00000000
2018-02-28 17:11:29,0.00000412,3759.00000000
2018-02-28 17:11:30,0.00000412,40890.00000000
2018-02-28 17:11:30,0.00000411,65714.00000000
2018-02-28 17:11:30,0.00000412,33256.00000000
2018-02-28 17:11:31,0.00000411,81810.00000000
2018-02-28 17:11:31,0.00000411,14735.00000000
2018-02-28 17:11:31,0.00000411,14229.00000000
2018-02-28 17:11:33,0.00000411,6774.00000000
2018-02-28 17:11:33,0.00000411,1542.00000000
2018-02-28 17:11:33,0.00000411,1859.00000000
2018-02-28 17:11:34,0.00000412,228622.00000000
2018-02-28 17:11:34,0.00000412,27067.00000000
2018-02-28 17:11:36,0.00000411,16140.00000000
2018-02-28 17:11:36,0.00000411,7424.00000000
2018-02-28 17:11:38,0.00000411,365.00000000
2018-02-28 17:11:39,0.00000411,7749.00000000
2018-02-28 17:11:40,0.00000412,7095.00000000
2018-02-28 17:11:41,0.00000411,4609.00000000
2018-02-28 17:11:41,0.00000412,2796.00000000
2018-02-28 17:11:42,0.00000411,1103.00000000
2018-02-28 17:11:42,0.00000412,51617.00000000
2018-02-28 17:11:43,0.00000411,8964.00000000
2018-02-28 17:11:43,0.00000411,3154.00000000
2018-02-28 17:11:43,0.00000412,416916.00000000
2018-02-28 17:11:44,0.00000412,37762.00000000
2018-02-28 17:11:44,0.00000411,326.00000000
2018-02-28 17:11:46,0.00000412,447.00000000
2018-02-28 17:11:46,0.00000411,500.00000000
2018-02-28 17:11:46,0.00000411,2929.00000000
2018-02-28 17:11:47,0.00000412,490000.00000000
2018-02-28 17:11:48,0.00000412,10863.00000000
2018-02-28 17:11:49,0.00000412,393761.00000000
2018-02-28 17:11:49,0.00000412,2426.00000000
2018-02-28 17:11:49,0.00000412,2427.00000000
2018-02-28 17:11:49,0.00000412,9151.00000000
2018-02-28 17:11:50,0.00000412,37260.00000000
2018-02-28 17:11:51,0.00000412,9778.00000000
2018-02-28 17:11:51,0.00000412,73665.00000000
2018-02-28 17:11:51,0.00000412,36695.00000000
2018-02-28 17:11:51,0.00000412,1672.00000000
2018-02-28 17:11:56,0.00000412,19959.00000000
2018-02-28 17:11:57,0.00000413,356082.00000000
2018-02-28 17:11:57,0.00000412,3029.00000000
2018-02-28 17:11:58,0.00000412,1394.00000000
2018-02-28 17:11:59,0.00000412,1619.00000000
2018-02-28 17:11:59,0.00000413,15000.00000000
2018-02-28 17:12:00,0.00000412,429.00000000
2018-02-28 17:12:01,0.00000412,797.00000000
2018-02-28 17:12:01,0.00000412,260.00000000
2018-02-28 17:12:02,0.00000412,1478.00000000
2018-02-28 17:12:02,0.00000412,15000.00000000
2018-02-28 17:12:03,0.00000413,264475.00000000
2018-02-28 17:12:03,0.00000413,500.00000000
2018-02-28 17:12:03,0.00000413,500.00000000
2018-02-28 17:12:03,0.00000413,16970.00000000
2018-02-28 17:12:03,0.00000413,12179.00000000
2018-02-28 17:12:03,0.00000413,440.00000000
2018-02-28 17:12:05,0.00000413,300.00000000
2018-02-28 17:12:06,0.00000413,440.00000000
2018-02-28 17:12:06,0.00000414,50579.00000000
2018-02-28 17:12:09,0.00000413,4000.00000000
2018-02-28 17:12:10,0.00000413,8208.00000000
2018-02-28 17:12:13,0.00000413,177148.00000000
2018-02-28 17:12:13,0.00000413,34346.00000000
2018-02-28 17:12:13,0.00000413,2420.00000000
2018-02-28 17:12:13,0.00000413,2421.00000000
2018-02-28 17:12:13,0.00000413,2420.00000000
2018-02-28 17:12:13,0.00000413,2421.00000000
2018-02-28 17:12:15,0.00000413,243.00000000
2018-02-28 17:12:16,0.00000414,1099.00000000
2018-02-28 17:12:17,0.00000413,2196.00000000
2018-02-28 17:12:17,0.00000414,936.00000000
2018-02-28 17:12:18,0.00000413,9835.00000000
2018-02-28 17:12:18,0.00000413,243.00000000
2018-02-28 17:12:19,0.00000413,34822.00000000
2018-02-28 17:12:20,0.00000413,484617.00000000
2018-02-28 17:12:21,0.00000413,5383.00000000
2018-02-28 17:12:21,0.00000413,27965.00000000
2018-02-28 17:12:21,0.00000413,4941.00000000
2018-02-28 17:12:21,0.00000413,299.00000000
2018-02-28 17:12:22,0.00000412,3409.00000000
2018-02-28 17:12:22,0.00000413,7013.00000000
2018-02-28 17:12:23,0.00000413,21100.00000000
2018-02-28 17:12:24,0.00000412,50528.00000000
2018-02-28 17:12:24,0.00000412,10339.00000000
2018-02-28 17:12:24,0.00000413,3059.00000000
2018-02-28 17:12:26,0.00000413,82427.00000000
2018-02-28 17:12:27,0.00000413,144.00000000
2018-02-28 17:12:27,0.00000413,7511.00000000
2018-02-28 17:12:28,0.00000413,69510.00000000
2018-02-28 17:12:29,0.00000413,824.00000000
2018-02-28 17:12:29,0.00000413,4776.00000000
2018-02-28 17:12:29,0.00000413,524.00000000
2018-02-28 17:12:30,0.00000412,18593.00000000
2018-02-28 17:12:32,0.00000413,202635.00000000
2018-02-28 17:12:32,0.00000412,32718.00000000
2018-02-28 17:12:34,0.00000413,336.00000000
2018-02-28 17:12:35,0.00000412,3.00000000
2018-02-28 17:12:35,0.00000412,729.00000000
2018-02-28 17:12:35,0.00000413,33012.00000000
2018-02-28 17:12:36,0.00000413,2500.00000000
2018-02-28 17:12:37,0.00000413,1.00000000
2018-02-28 17:12:38,0.00000413,10897.00000000
2018-02-28 17:12:39,0.00000412,13947.00000000
2018-02-28 17:12:41,0.00000412,8838.00000000
2018-02-28 17:12:43,0.00000413,188127.00000000
2018-02-28 17:12:48,0.00000412,2074.00000000
2018-02-28 17:12:50,0.00000412,17758.00000000
2018-02-28 17:12:51,0.00000413,2932.00000000
2018-02-28 17:12:51,0.00000413,2161.00000000
2018-02-28 17:12:51,0.00000413,244.00000000
2018-02-28 17:12:52,0.00000412,518790.00000000
2018-02-28 17:12:52,0.00000412,4040.00000000
2018-02-28 17:12:53,0.00000413,73.00000000
2018-02-28 17:12:53,0.00000412,18347.00000000
2018-02-28 17:12:53,0.00000412,5000.00000000
2018-02-28 17:12:55,0.00000412,9800.00000000
2018-02-28 17:12:57,0.00000412,71365.00000000
2018-02-28 17:12:58,0.00000412,18326.00000000
2018-02-28 17:13:01,0.00000412,4362.00000000
2018-02-28 17:13:01,0.00000412,52267.00000000
2018-02-28 17:13:03,0.00000412,300505.00000000
2018-02-28 17:13:03,0.00000412,59995.00000000
2018-02-28 17:13:03,0.00000412,20037.00000000
2018-02-28 17:13:03,0.00000412,31193.00000000
2018-02-28 17:13:03,0.00000413,19107.00000000
2018-02-28 17:13:03,0.00000413,30268.00000000
2018-02-28 17:13:05,0.00000411,128280.00000000
2018-02-28 17:13:05,0.00000411,2304.00000000
2018-02-28 17:13:07,0.00000411,20023.00000000
2018-02-28 17:13:07,0.00000412,6070.00000000
2018-02-28 17:13:08,0.00000412,5590.00000000
2018-02-28 17:13:10,0.00000412,1951.00000000
2018-02-28 17:13:10,0.00000412,11465.00000000
2018-02-28 17:13:14,0.00000413,291.00000000
2018-02-28 17:13:14,0.00000412,1476.00000000
2018-02-28 17:13:20,0.00000412,7219.00000000
2018-02-28 17:13:21,0.00000412,5000.00000000
2018-02-28 17:13:22,0.00000412,7816.00000000
2018-02-28 17:13:22,0.00000412,7829.00000000
2018-02-28 17:13:24,0.00000412,78697.00000000
2018-02-28 17:13:25,0.00000412,10191.00000000
2018-02-28 17:13:26,0.00000412,609.00000000
2018-02-28 17:13:27,0.00000412,337.00000000
2018-02-28 17:13:27,0.00000412,22604.00000000
2018-02-28 17:13:28,0.00000412,302.00000000
2018-02-28 17:13:29,0.00000412,1000.00000000
2018-02-28 17:13:30,0.00000412,192001.00000000
2018-02-28 17:13:33,0.00000412,112210.00000000
2018-02-28 17:13:37,0.00000412,15935.00000000
2018-02-28 17:13:38,0.00000412,30147.00000000
2018-02-28 17:13:39,0.00000412,1781.00000000
2018-02-28 17:13:40,0.00000412,23000.00000000
2018-02-28 17:13:41,0.00000411,1500.00000000
2018-02-28 17:13:42,0.00000411,506.00000000
2018-02-28 17:13:42,0.00000412,3690.00000000
2018-02-28 17:13:43,0.00000412,19980.00000000
2018-02-28 17:13:43,0.00000412,29681.00000000
2018-02-28 17:13:43,0.00000412,16045.00000000
2018-02-28 17:13:44,0.00000412,3589.00000000
2018-02-28 17:13:45,0.00000412,892.00000000
2018-02-28 17:13:47,0.00000412,1500.00000000
2018-02-28 17:13:50,0.00000411,2600000.00000000
2018-02-28 17:13:52,0.00000412,14985.00000000
2018-02-28 17:13:53,0.00000411,23590.00000000
2018-02-28 17:13:54,0.00000412,13654.00000000
2018-02-28 17:13:54,0.00000411,169790.00000000
2018-02-28 17:13:54,0.00000411,23477.00000000
2018-02-28 17:13:54,0.00000411,9595.00000000
2018-02-28 17:13:54,0.00000411,2424.00000000
2018-02-28 17:13:54,0.00000411,4595.00000000
2018-02-28 17:13:54,0.00000411,4595.00000000
2018-02-28 17:13:54,0.00000411,36305.00000000
2018-02-28 17:13:54,0.00000411,22082.00000000
2018-02-28 17:13:54,0.00000411,4595.00000000
2018-02-28 17:13:54,0.00000411,10000.00000000
2018-02-28 17:13:56,0.00000411,4928.00000000
2018-02-28 17:13:56,0.00000411,236382.00000000
2018-02-28 17:13:57,0.00000411,7973.00000000
2018-02-28 17:13:58,0.00000412,633.00000000
2018-02-28 17:14:00,0.00000411,1558.00000000
2018-02-28 17:14:02,0.00000411,564.00000000
2018-02-28 17:14:03,0.00000412,8483.00000000
2018-02-28 17:14:05,0.00000411,2500.00000000
2018-02-28 17:14:06,0.00000411,2200.00000000
2018-02-28 17:14:08,0.00000412,15396.00000000
2018-02-28 17:14:08,0.00000412,2257.00000000
2018-02-28 17:14:09,0.00000411,50000.00000000
2018-02-28 17:14:10,0.00000411,1011.00000000
2018-02-28 17:14:15,0.00000411,3495.00000000
2018-02-28 17:14:15,0.00000411,1740.00000000
2018-02-28 17:14:15,0.00000411,1372.00000000
2018-02-28 17:14:17,0.00000411,694159.00000000
2018-02-28 17:14:18,0.00000411,333.00000000
2018-02-28 17:14:19,0.00000410,378.00000000
2018-02-28 17:14:19,0.00000410,60020.00000000
2018-02-28 17:14:19,0.00000410,365.00000000
2018-02-28 17:14:20,0.00000410,109429.00000000
2018-02-28 17:14:20,0.00000411,10219.00000000
2018-02-28 17:14:21,0.00000411,5631.00000000
2018-02-28 17:14:23,0.00000411,4209.00000000
2018-02-28 17:14:23,0.00000411,1792.00000000
2018-02-28 17:14:26,0.00000411,6315.00000000
2018-02-28 17:14:27,0.00000410,4255.00000000
2018-02-28 17:14:27,0.00000410,57447.00000000
2018-02-28 17:14:28,0.00000411,2934.00000000
2018-02-28 17:14:28,0.00000411,269.00000000
2018-02-28 17:14:29,0.00000410,731.00000000
2018-02-28 17:14:30,0.00000410,284080.00000000
2018-02-28 17:14:31,0.00000410,1.00000000
2018-02-28 17:14:31,0.00000411,1582.00000000
2018-02-28 17:14:31,0.00000410,209942.00000000
2018-02-28 17:14:32,0.00000410,199692.00000000
2018-02-28 17:14:32,0.00000410,416286.00000000
2018-02-28 17:14:32,0.00000410,51566.00000000
2018-02-28 17:14:32,0.00000410,38270.00000000
2018-02-28 17:14:32,0.00000410,5530.00000000
2018-02-28 17:14:32,0.00000410,38543.00000000
2018-02-28 17:14:33,0.00000410,99953.00000000
2018-02-28 17:14:33,0.00000410,8225.00000000
2018-02-28 17:14:33,0.00000410,16145.00000000
2018-02-28 17:14:33,0.00000410,78618.00000000
2018-02-28 17:14:34,0.00000410,4498.00000000
2018-02-28 17:14:34,0.00000410,83144.00000000
2018-02-28 17:14:34,0.00000411,3558.00000000
2018-02-28 17:14:34,0.00000410,416567.00000000
2018-02-28 17:14:34,0.00000410,16135.00000000
2018-02-28 17:14:34,0.00000410,26978.00000000
2018-02-28 17:14:34,0.00000410,15411.00000000
2018-02-28 17:14:35,0.00000410,122593.00000000
2018-02-28 17:14:35,0.00000410,91923.00000000
2018-02-28 17:14:35,0.00000410,25398.00000000
2018-02-28 17:14:36,0.00000410,59713.00000000
2018-02-28 17:14:36,0.00000410,30000.00000000
2018-02-28 17:14:36,0.00000410,82366.00000000
2018-02-28 17:14:36,0.00000410,2432.00000000
2018-02-28 17:14:36,0.00000410,11253.00000000
2018-02-28 17:14:36,0.00000410,11253.00000000
2018-02-28 17:14:36,0.00000409,519.00000000
2018-02-28 17:14:36,0.00000409,6487.00000000
2018-02-28 17:14:36,0.00000409,57094.00000000
2018-02-28 17:14:36,0.00000409,4933.00000000
2018-02-28 17:14:36,0.00000409,94290.00000000
2018-02-28 17:14:36,0.00000409,36736.00000000
2018-02-28 17:14:36,0.00000410,10589.00000000
2018-02-28 17:14:36,0.00000411,10589.00000000
2018-02-28 17:14:36,0.00000410,6452.00000000
2018-02-28 17:14:36,0.00000410,2433.00000000
2018-02-28 17:14:37,0.00000410,2421.00000000
2018-02-28 17:14:37,0.00000410,7028.00000000
2018-02-28 17:14:37,0.00000410,589.00000000
2018-02-28 17:14:37,0.00000410,750.00000000
2018-02-28 17:14:38,0.00000409,66464.00000000
2018-02-28 17:14:38,0.00000410,1212.00000000
2018-02-28 17:14:38,0.00000410,1870.00000000
2018-02-28 17:14:38,0.00000410,47.00000000
2018-02-28 17:14:39,0.00000410,7333.00000000
2018-02-28 17:14:39,0.00000410,589.00000000
2018-02-28 17:14:40,0.00000410,4060.00000000
2018-02-28 17:14:40,0.00000410,107696.00000000
2018-02-28 17:14:40,0.00000410,12979.00000000
2018-02-28 17:14:40,0.00000410,21348.00000000
2018-02-28 17:14:41,0.00000409,309.00000000
2018-02-28 17:14:42,0.00000409,790.00000000
2018-02-28 17:14:42,0.00000409,183217.00000000
2018-02-28 17:14:43,0.00000409,3886.00000000
2018-02-28 17:14:43,0.00000409,7632.00000000
2018-02-28 17:14:43,0.00000409,2408.00000000
2018-02-28 17:14:43,0.00000409,50250.00000000
2018-02-28 17:14:44,0.00000409,28907.00000000
2018-02-28 17:14:45,0.00000409,29415.00000000
2018-02-28 17:14:46,0.00000409,12109.00000000
2018-02-28 17:14:46,0.00000409,49950.00000000
2018-02-28 17:14:47,0.00000409,300.00000000
2018-02-28 17:14:47,0.00000410,339.00000000
2018-02-28 17:14:47,0.00000409,58155.00000000
2018-02-28 17:14:47,0.00000409,786.00000000
2018-02-28 17:14:48,0.00000409,7287.00000000
2018-02-28 17:14:48,0.00000410,500.00000000
2018-02-28 17:14:48,0.00000408,6202.00000000
2018-02-28 17:14:48,0.00000408,5675.00000000
2018-02-28 17:14:48,0.00000408,69549.00000000
2018-02-28 17:14:48,0.00000408,4500.00000000
2018-02-28 17:14:48,0.00000408,60019.00000000
2018-02-28 17:14:48,0.00000409,2351.00000000
2018-02-28 17:14:49,0.00000409,2636.00000000
2018-02-28 17:14:49,0.00000410,37105.00000000
2018-02-28 17:14:49,0.00000410,14842.00000000
2018-02-28 17:14:49,0.00000410,7425.00000000
2018-02-28 17:14:49,0.00000409,4387.00000000
2018-02-28 17:14:51,0.00000409,9566.00000000
2018-02-28 17:14:52,0.00000409,6978.00000000
2018-02-28 17:14:52,0.00000409,1126.00000000
2018-02-28 17:14:52,0.00000408,6854.00000000
2018-02-28 17:14:52,0.00000408,18050.00000000
2018-02-28 17:14:53,0.00000409,138458.00000000
2018-02-28 17:14:53,0.00000408,21681.00000000
2018-02-28 17:14:54,0.00000409,788.00000000
2018-02-28 17:14:54,0.00000409,3630.00000000
2018-02-28 17:14:54,0.00000409,1593.00000000
2018-02-28 17:14:54,0.00000409,2128.00000000
2018-02-28 17:14:54,0.00000408,3593.00000000
2018-02-28 17:14:55,0.00000408,19980.00000000
2018-02-28 17:14:56,0.00000408,460045.00000000
2018-02-28 17:14:57,0.00000409,6.00000000
2018-02-28 17:14:57,0.00000408,3356.00000000
2018-02-28 17:14:57,0.00000408,24975.00000000
2018-02-28 17:14:59,0.00000408,6890.00000000
2018-02-28 17:15:00,0.00000408,23538.00000000
2018-02-28 17:15:01,0.00000409,799.00000000
2018-02-28 17:15:02,0.00000408,55985.00000000
2018-02-28 17:15:02,0.00000409,48899.00000000
2018-02-28 17:15:02,0.00000408,1591.00000000
2018-02-28 17:15:03,0.00000408,3067.00000000
2018-02-28 17:15:04,0.00000408,26616.00000000
2018-02-28 17:15:04,0.00000408,3391.00000000
2018-02-28 17:15:04,0.00000408,7006.00000000
2018-02-28 17:15:05,0.00000408,3312.00000000
2018-02-28 17:15:06,0.00000409,254.00000000
2018-02-28 17:15:06,0.00000408,5442.00000000
2018-02-28 17:15:07,0.00000408,246.00000000
2018-02-28 17:15:08,0.00000409,899.00000000
2018-02-28 17:15:08,0.00000409,4095.00000000
2018-02-28 17:15:10,0.00000408,28720.00000000
2018-02-28 17:15:10,0.00000409,356.00000000
2018-02-28 17:15:10,0.00000408,2457.00000000
2018-02-28 17:15:11,0.00000409,1862.00000000
2018-02-28 17:15:11,0.00000408,6548.00000000
2018-02-28 17:15:12,0.00000408,4103.00000000
2018-02-28 17:15:13,0.00000408,11244.00000000
2018-02-28 17:15:13,0.00000409,1684.00000000
2018-02-28 17:15:16,0.00000409,28085.00000000
2018-02-28 17:15:16,0.00000408,2450.00000000
2018-02-28 17:15:16,0.00000408,519.00000000
2018-02-28 17:15:17,0.00000408,153381.00000000
2018-02-28 17:15:18,0.00000409,2809.00000000
2018-02-28 17:15:19,0.00000408,113068.00000000
2018-02-28 17:15:19,0.00000408,19392.00000000
2018-02-28 17:15:20,0.00000408,2565.00000000
2018-02-28 17:15:20,0.00000409,115367.00000000
2018-02-28 17:15:21,0.00000408,25051.00000000
2018-02-28 17:15:21,0.00000408,26639.00000000
2018-02-28 17:15:22,0.00000408,4842.00000000
2018-02-28 17:15:23,0.00000409,3208.00000000
2018-02-28 17:15:24,0.00000408,20655.00000000
2018-02-28 17:15:24,0.00000409,479.00000000
2018-02-28 17:15:24,0.00000409,11319.00000000
2018-02-28 17:15:24,0.00000408,2524.00000000
2018-02-28 17:15:25,0.00000408,200.00000000
2018-02-28 17:15:25,0.00000409,24977.00000000
2018-02-28 17:15:26,0.00000409,804.00000000
2018-02-28 17:15:26,0.00000408,380.00000000
2018-02-28 17:15:26,0.00000408,38739.00000000
2018-02-28 17:15:27,0.00000409,988.00000000
2018-02-28 17:15:27,0.00000409,768899.00000000
2018-02-28 17:15:27,0.00000408,1392.00000000
2018-02-28 17:15:28,0.00000408,705822.00000000
2018-02-28 17:15:28,0.00000409,300000.00000000
2018-02-28 17:15:28,0.00000408,14030.00000000
2018-02-28 17:15:28,0.00000409,400000.00000000
2018-02-28 17:15:29,0.00000409,84202.00000000
2018-02-28 17:15:29,0.00000409,592.00000000
2018-02-28 17:15:29,0.00000408,16260.00000000
2018-02-28 17:15:29,0.00000409,124944.00000000
2018-02-28 17:15:30,0.00000409,258.00000000
2018-02-28 17:15:30,0.00000409,17091.00000000
2018-02-28 17:15:31,0.00000409,51000.00000000
2018-02-28 17:15:31,0.00000409,78732.00000000
2018-02-28 17:15:31,0.00000409,267.00000000
2018-02-28 17:15:31,0.00000408,3123.00000000
2018-02-28 17:15:32,0.00000409,51641.00000000
2018-02-28 17:15:32,0.00000409,21954.00000000
2018-02-28 17:15:32,0.00000409,6258.00000000
2018-02-28 17:15:33,0.00000409,14175.00000000
2018-02-28 17:15:33,0.00000409,2251.00000000
2018-02-28 17:15:33,0.00000410,133.00000000
2018-02-28 17:15:33,0.00000409,13446.00000000
2018-02-28 17:15:33,0.00000409,9990.00000000
2018-02-28 17:15:35,0.00000410,5680.00000000
2018-02-28 17:15:36,0.00000409,1640.00000000
2018-02-28 17:15:36,0.00000409,33000.00000000
2018-02-28 17:15:36,0.00000410,33.00000000
2018-02-28 17:15:36,0.00000409,23338.00000000
2018-02-28 17:15:36,0.00000409,17000.00000000
2018-02-28 17:15:39,0.00000410,50.00000000
2018-02-28 17:15:40,0.00000409,44736.00000000
2018-02-28 17:15:40,0.00000409,500.00000000
2018-02-28 17:15:40,0.00000409,300.00000000
2018-02-28 17:15:41,0.00000410,54762.00000000
2018-02-28 17:15:41,0.00000409,2193.00000000
2018-02-28 17:15:42,0.00000410,37.00000000
2018-02-28 17:15:42,0.00000410,759.00000000
2018-02-28 17:15:43,0.00000409,204646.00000000
2018-02-28 17:15:46,0.00000410,3.00000000
2018-02-28 17:15:46,0.00000409,24391.00000000
2018-02-28 17:15:47,0.00000409,12542.00000000
2018-02-28 17:15:48,0.00000409,136294.00000000
2018-02-28 17:15:48,0.00000409,269.00000000
2018-02-28 17:15:49,0.00000410,4.00000000
2018-02-28 17:15:49,0.00000409,300.00000000
2018-02-28 17:15:50,0.00000409,850000.00000000
2018-02-28 17:15:50,0.00000409,140846.00000000
2018-02-28 17:15:52,0.00000410,4.00000000
2018-02-28 17:15:52,0.00000409,5332.00000000
2018-02-28 17:15:52,0.00000409,78654.00000000
2018-02-28 17:15:53,0.00000409,200611.00000000
2018-02-28 17:15:53,0.00000409,71657.00000000
2018-02-28 17:15:54,0.00000409,397.00000000
2018-02-28 17:15:54,0.00000409,1336.00000000
2018-02-28 17:15:54,0.00000410,152633.00000000
2018-02-28 17:15:55,0.00000409,1414.00000000
2018-02-28 17:15:57,0.00000408,12196.00000000
2018-02-28 17:15:58,0.00000409,15544.00000000
2018-02-28 17:15:58,0.00000409,1568.00000000
2018-02-28 17:15:58,0.00000409,1.00000000
2018-02-28 17:15:58,0.00000409,5622.00000000
2018-02-28 17:16:00,0.00000409,24449.00000000
2018-02-28 17:16:00,0.00000408,300.00000000
2018-02-28 17:16:00,0.00000409,1077.00000000
2018-02-28 17:16:00,0.00000409,1025.00000000
2018-02-28 17:16:02,0.00000408,10019.00000000
2018-02-28 17:16:02,0.00000409,50114.00000000
2018-02-28 17:16:03,0.00000409,5622.00000000
2018-02-28 17:16:04,0.00000408,12960.00000000
2018-02-28 17:16:04,0.00000408,25163.00000000
2018-02-28 17:16:05,0.00000408,43865.00000000
2018-02-28 17:16:05,0.00000408,92855.00000000
2018-02-28 17:16:05,0.00000408,5037.00000000
2018-02-28 17:16:05,0.00000408,4548.00000000
2018-02-28 17:16:07,0.00000409,400000.00000000
2018-02-28 17:16:08,0.00000408,467.00000000
2018-02-28 17:16:08,0.00000409,99740.00000000
2018-02-28 17:16:08,0.00000408,99900.00000000
2018-02-28 17:16:08,0.00000409,78575.00000000
2018-02-28 17:16:09,0.00000409,490000.00000000
2018-02-28 17:16:10,0.00000408,6098.00000000
2018-02-28 17:16:10,0.00000409,200000.00000000
2018-02-28 17:16:11,0.00000409,250.00000000
2018-02-28 17:16:11,0.00000409,141050.00000000
2018-02-28 17:16:12,0.00000409,70490.00000000
2018-02-28 17:16:12,0.00000409,3964.00000000
2018-02-28 17:16:13,0.00000409,21264.00000000
2018-02-28 17:16:13,0.00000409,67466.00000000
2018-02-28 17:16:13,0.00000408,500.00000000
2018-02-28 17:16:13,0.00000409,132703.00000000
2018-02-28 17:16:13,0.00000409,380.00000000
2018-02-28 17:16:13,0.00000409,21291.00000000
2018-02-28 17:16:14,0.00000409,89682.00000000
2018-02-28 17:16:18,0.00000408,9990.00000000
2018-02-28 17:16:18,0.00000408,130888.00000000
2018-02-28 17:16:19,0.00000408,944.00000000
2018-02-28 17:16:19,0.00000408,15594.00000000
2018-02-28 17:16:19,0.00000408,1229.00000000
2018-02-28 17:16:20,0.00000408,3719.00000000
2018-02-28 17:16:21,0.00000408,220477.00000000
2018-02-28 17:16:21,0.00000408,400000.00000000
2018-02-28 17:16:22,0.00000408,60606.00000000
2018-02-28 17:16:22,0.00000408,34821.00000000
2018-02-28 17:16:22,0.00000408,501.00000000
2018-02-28 17:16:22,0.00000408,500.00000000
2018-02-28 17:16:22,0.00000408,50000.00000000
2018-02-28 17:16:23,0.00000408,5204.00000000
2018-02-28 17:16:23,0.00000408,15701.00000000
2018-02-28 17:16:23,0.00000408,35817.00000000
2018-02-28 17:16:25,0.00000408,858.00000000
2018-02-28 17:16:25,0.00000408,24449.00000000
2018-02-28 17:16:26,0.00000408,500.00000000
2018-02-28 17:16:27,0.00000408,906.00000000
2018-02-28 17:16:27,0.00000408,10719.00000000
2018-02-28 17:16:27,0.00000408,493572.00000000
2018-02-28 17:16:28,0.00000408,7182.00000000
2018-02-28 17:16:29,0.00000408,9100.00000000
2018-02-28 17:16:29,0.00000408,1000.00000000
2018-02-28 17:16:30,0.00000407,1000.00000000
2018-02-28 17:16:30,0.00000407,1243.00000000
2018-02-28 17:16:30,0.00000407,13008.00000000
2018-02-28 17:16:30,0.00000407,1209.00000000
2018-02-28 17:16:30,0.00000407,1706.00000000
2018-02-28 17:16:31,0.00000408,340.00000000
2018-02-28 17:16:31,0.00000408,7000.00000000
2018-02-28 17:16:31,0.00000408,35441.00000000
2018-02-28 17:16:32,0.00000408,1000.00000000
2018-02-28 17:16:32,0.00000408,500.00000000
2018-02-28 17:16:32,0.00000408,6067.00000000
2018-02-28 17:16:32,0.00000408,6067.00000000
2018-02-28 17:16:33,0.00000408,133040.00000000
2018-02-28 17:16:33,0.00000408,15737.00000000
2018-02-28 17:16:34,0.00000408,380.00000000
2018-02-28 17:16:34,0.00000408,78125.00000000
2018-02-28 17:16:35,0.00000408,29278.00000000
2018-02-28 17:16:36,0.00000408,473767.00000000
2018-02-28 17:16:36,0.00000408,1098.00000000
2018-02-28 17:16:37,0.00000408,10806.00000000
2018-02-28 17:16:37,0.00000409,291.00000000
2018-02-28 17:16:38,0.00000408,3087.00000000
2018-02-28 17:16:38,0.00000408,185099.00000000
2018-02-28 17:16:39,0.00000408,46695.00000000
2018-02-28 17:16:40,0.00000409,98545.00000000
2018-02-28 17:16:40,0.00000408,168.00000000
2018-02-28 17:16:41,0.00000408,1562.00000000
2018-02-28 17:16:42,0.00000408,1842.00000000
2018-02-28 17:16:43,0.00000408,750.00000000
2018-02-28 17:16:44,0.00000409,17412.00000000
2018-02-28 17:16:45,0.00000409,132313.00000000
2018-02-28 17:16:45,0.00000408,6330.00000000
2018-02-28 17:16:46,0.00000409,3545.00000000
2018-02-28 17:16:47,0.00000408,200.00000000
2018-02-28 17:16:47,0.00000408,20000.00000000
2018-02-28 17:16:47,0.00000409,1500.00000000
2018-02-28 17:16:47,0.00000409,2.00000000
2018-02-28 17:16:48,0.00000409,200.00000000
2018-02-28 17:16:50,0.00000408,2032.00000000
2018-02-28 17:16:50,0.00000408,4905.00000000
2018-02-28 17:16:51,0.00000408,200000.00000000
2018-02-28 17:16:52,0.00000408,64266.00000000
2018-02-28 17:16:54,0.00000408,1.00000000
2018-02-28 17:16:57,0.00000408,1000.00000000
2018-02-28 17:16:57,0.00000408,259233.00000000
2018-02-28 17:16:59,0.00000408,50000.00000000
2018-02-28 17:16:59,0.00000408,3482.00000000
2018-02-28 17:17:00,0.00000408,1981.00000000
2018-02-28 17:17:00,0.00000409,1233.00000000
2018-02-28 17:17:02,0.00000408,112019.00000000
2018-02-28 17:17:02,0.00000408,89798.00000000
2018-02-28 17:17:02,0.00000408,164817.00000000
2018-02-28 17:17:03,0.00000408,94672.00000000
2018-02-28 17:17:04,0.00000408,4500.00000000
2018-02-28 17:17:04,0.00000407,2795187.00000000
2018-02-28 17:17:04,0.00000407,13198.00000000
2018-02-28 17:17:04,0.00000407,1679.00000000
2018-02-28 17:17:04,0.00000407,3463.00000000
2018-02-28 17:17:04,0.00000407,7205.00000000
2018-02-28 17:17:04,0.00000408,26960.00000000
2018-02-28 17:17:04,0.00000407,1262.00000000
2018-02-28 17:17:04,0.00000408,500.00000000
2018-02-28 17:17:06,0.00000408,3184.00000000
2018-02-28 17:17:08,0.00000407,1974.00000000
2018-02-28 17:17:08,0.00000408,3620.00000000
2018-02-28 17:17:08,0.00000407,4739.00000000
2018-02-28 17:17:08,0.00000407,335.00000000
2018-02-28 17:17:08,0.00000407,111160.00000000
2018-02-28 17:17:08,0.00000408,8731.00000000
2018-02-28 17:17:09,0.00000407,2954.00000000
2018-02-28 17:17:09,0.00000407,17744.00000000
2018-02-28 17:17:09,0.00000407,8679.00000000
2018-02-28 17:17:09,0.00000407,116234.00000000
2018-02-28 17:17:09,0.00000406,3116.00000000
2018-02-28 17:17:09,0.00000406,305.00000000
2018-02-28 17:17:09,0.00000407,24509.00000000
2018-02-28 17:17:09,0.00000407,3059.00000000
2018-02-28 17:17:10,0.00000407,16419.00000000
2018-02-28 17:17:10,0.00000407,10138.00000000
2018-02-28 17:17:10,0.00000407,4500.00000000
2018-02-28 17:17:10,0.00000407,5009.00000000
2018-02-28 17:17:10,0.00000406,38922.00000000
2018-02-28 17:17:10,0.00000407,12285.00000000
2018-02-28 17:17:11,0.00000407,1000.00000000
2018-02-28 17:17:11,0.00000407,7000.00000000
2018-02-28 17:17:11,0.00000407,500.00000000
2018-02-28 17:17:11,0.00000407,1138.00000000
2018-02-28 17:17:11,0.00000407,24509.00000000
2018-02-28 17:17:11,0.00000407,9918.00000000
2018-02-28 17:17:12,0.00000407,4878.00000000
2018-02-28 17:17:12,0.00000407,12285.00000000
2018-02-28 17:17:12,0.00000407,1137.00000000
2018-02-28 17:17:12,0.00000407,50050.00000000
2018-02-28 17:17:13,0.00000407,500.00000000
2018-02-28 17:17:13,0.00000406,7193.00000000
2018-02-28 17:17:13,0.00000406,11685.00000000
2018-02-28 17:17:13,0.00000407,12285.00000000
2018-02-28 17:17:13,0.00000406,36475.00000000
2018-02-28 17:17:14,0.00000406,1226.00000000
2018-02-28 17:17:14,0.00000406,1936.00000000
2018-02-28 17:17:14,0.00000406,17074.00000000
2018-02-28 17:17:15,0.00000407,12285.00000000
2018-02-28 17:17:15,0.00000406,975323.00000000
2018-02-28 17:17:16,0.00000407,12285.00000000
2018-02-28 17:17:16,0.00000406,200000.00000000
2018-02-28 17:17:17,0.00000407,1084677.00000000
2018-02-28 17:17:17,0.00000406,11372.00000000
2018-02-28 17:17:17,0.00000406,23716.00000000
2018-02-28 17:17:17,0.00000407,12285.00000000
2018-02-28 17:17:18,0.00000406,336859.00000000
2018-02-28 17:17:18,0.00000406,24630.00000000
2018-02-28 17:17:18,0.00000406,99325.00000000
2018-02-28 17:17:18,0.00000406,24691.00000000
2018-02-28 17:17:18,0.00000406,37324.00000000
2018-02-28 17:17:18,0.00000406,1318.00000000
2018-02-28 17:17:18,0.00000406,3938.00000000
2018-02-28 17:17:19,0.00000406,84202.00000000
2018-02-28 17:17:19,0.00000406,26909.00000000
2018-02-28 17:17:19,0.00000406,67592.00000000
2018-02-28 17:17:19,0.00000406,10329.00000000
2018-02-28 17:17:19,0.00000406,2456.00000000
2018-02-28 17:17:19,0.00000406,451655.00000000
2018-02-28 17:17:19,0.00000406,18101.00000000
2018-02-28 17:17:19,0.00000406,1360.00000000
2018-02-28 17:17:19,0.00000406,31707.00000000
2018-02-28 17:17:20,0.00000406,24691.00000000
2018-02-28 17:17:20,0.00000406,202632.00000000
2018-02-28 17:17:20,0.00000406,1500.00000000
2018-02-28 17:17:20,0.00000406,53441.00000000
2018-02-28 17:17:21,0.00000406,12315.00000000
2018-02-28 17:17:21,0.00000406,1959.00000000
2018-02-28 17:17:21,0.00000406,903.00000000
2018-02-28 17:17:21,0.00000406,627985.00000000
2018-02-28 17:17:21,0.00000407,540.00000000
2018-02-28 17:17:21,0.00000406,6649.00000000
2018-02-28 17:17:22,0.00000407,4800.00000000
2018-02-28 17:17:22,0.00000406,21738.00000000
2018-02-28 17:17:22,0.00000406,27634.00000000
2018-02-28 17:17:22,0.00000406,22017.00000000
2018-02-28 17:17:23,0.00000406,23539.00000000
2018-02-28 17:17:24,0.00000406,6559.00000000
2018-02-28 17:17:25,0.00000406,22911.00000000
2018-02-28 17:17:25,0.00000406,300.00000000
2018-02-28 17:17:25,0.00000407,7000.00000000
2018-02-28 17:17:25,0.00000407,581290.00000000
2018-02-28 17:17:25,0.00000407,14494.00000000
2018-02-28 17:17:27,0.00000407,2050.00000000
2018-02-28 17:17:27,0.00000407,16632.00000000
2018-02-28 17:17:27,0.00000407,6231.00000000
2018-02-28 17:17:28,0.00000407,3270.00000000
2018-02-28 17:17:28,0.00000407,96121.00000000
2018-02-28 17:17:29,0.00000407,37878.00000000
2018-02-28 17:17:29,0.00000407,24570.00000000
2018-02-28 17:17:29,0.00000407,2456.00000000
2018-02-28 17:17:29,0.00000407,46782.00000000
2018-02-28 17:17:30,0.00000408,1000.00000000
2018-02-28 17:17:30,0.00000408,9720.00000000
2018-02-28 17:17:30,0.00000407,242.00000000
2018-02-28 17:17:30,0.00000407,3523.00000000
2018-02-28 17:17:31,0.00000407,12345.00000000
2018-02-28 17:17:31,0.00000407,3806.00000000
2018-02-28 17:17:31,0.00000408,368.00000000
2018-02-28 17:17:32,0.00000407,138735.00000000
2018-02-28 17:17:33,0.00000407,654.00000000
2018-02-28 17:17:33,0.00000408,15.00000000
2018-02-28 17:17:34,0.00000407,150476.00000000
2018-02-28 17:17:34,0.00000407,3579.00000000
2018-02-28 17:17:35,0.00000408,1.00000000
2018-02-28 17:17:35,0.00000408,42106.00000000
2018-02-28 17:17:35,0.00000407,30000.00000000
2018-02-28 17:17:35,0.00000408,3374.00000000
2018-02-28 17:17:36,0.00000408,1813.00000000
2018-02-28 17:17:36,0.00000407,78496.00000000
2018-02-28 17:17:37,0.00000407,9.00000000
2018-02-28 17:17:38,0.00000407,4805.00000000
2018-02-28 17:17:39,0.00000408,24467.00000000
2018-02-28 17:17:39,0.00000407,4286.00000000
2018-02-28 17:17:40,0.00000407,2043.00000000
2018-02-28 17:17:40,0.00000407,2077.00000000
2018-02-28 17:17:40,0.00000407,5573.00000000
2018-02-28 17:17:41,0.00000408,1700.00000000
2018-02-28 17:17:42,0.00000407,6328.00000000
2018-02-28 17:17:43,0.00000408,2444.00000000
2018-02-28 17:17:43,0.00000407,4842.00000000
2018-02-28 17:17:43,0.00000407,3066.00000000
2018-02-28 17:17:43,0.00000408,167970.00000000
2018-02-28 17:17:44,0.00000407,8611.00000000
2018-02-28 17:17:44,0.00000407,86475.00000000
2018-02-28 17:17:44,0.00000407,5894.00000000
2018-02-28 17:17:45,0.00000407,49244.00000000
2018-02-28 17:17:46,0.00000407,16035.00000000
2018-02-28 17:17:46,0.00000408,15019.00000000
2018-02-28 17:17:48,0.00000407,3797.00000000
2018-02-28 17:17:49,0.00000407,2803.00000000
2018-02-28 17:17:50,0.00000407,50000.00000000
2018-02-28 17:17:51,0.00000407,6620.00000000
2018-02-28 17:17:51,0.00000407,1564.00000000
2018-02-28 17:17:51,0.00000407,773.00000000
2018-02-28 17:17:52,0.00000406,2377.00000000
2018-02-28 17:17:55,0.00000406,300.00000000
2018-02-28 17:17:55,0.00000407,9348.00000000
2018-02-28 17:17:55,0.00000406,3327.00000000
2018-02-28 17:17:57,0.00000407,1130976.00000000
2018-02-28 17:17:59,0.00000407,249474.00000000
2018-02-28 17:17:59,0.00000407,1892.00000000
2018-02-28 17:18:00,0.00000408,32657.00000000
2018-02-28 17:18:00,0.00000407,2711.00000000
2018-02-28 17:18:01,0.00000407,621391.00000000
2018-02-28 17:18:01,0.00000407,1343.00000000
2018-02-28 17:18:01,0.00000407,150000.00000000
2018-02-28 17:18:03,0.00000408,2.00000000
2018-02-28 17:18:03,0.00000407,17194.00000000
2018-02-28 17:18:04,0.00000407,19849.00000000
2018-02-28 17:18:04,0.00000407,166349.00000000
2018-02-28 17:18:04,0.00000408,16717.00000000
2018-02-28 17:18:05,0.00000407,634.00000000
2018-02-28 17:18:05,0.00000407,537.00000000
2018-02-28 17:18:06,0.00000408,1045.00000000
2018-02-28 17:18:06,0.00000408,1025.00000000
2018-02-28 17:18:07,0.00000407,19430.00000000
2018-02-28 17:18:07,0.00000408,94752.00000000
2018-02-28 17:18:07,0.00000407,660.00000000
2018-02-28 17:18:08,0.00000407,767.00000000
2018-02-28 17:18:08,0.00000408,3059.00000000
2018-02-28 17:18:08,0.00000407,35621.00000000
2018-02-28 17:18:09,0.00000407,15843.00000000
2018-02-28 17:18:11,0.00000408,10873.00000000
2018-02-28 17:18:12,0.00000407,73417.00000000
2018-02-28 17:18:12,0.00000408,15800.00000000
2018-02-28 17:18:13,0.00000407,6754.00000000
2018-02-28 17:18:14,0.00000407,440.00000000
2018-02-28 17:18:14,0.00000407,1759.00000000
2018-02-28 17:18:15,0.00000408,547.00000000
2018-02-28 17:18:15,0.00000408,24146.00000000
2018-02-28 17:18:15,0.00000407,300.00000000
2018-02-28 17:18:16,0.00000408,417156.00000000
2018-02-28 17:18:19,0.00000408,294250.00000000
2018-02-28 17:18:19,0.00000408,7643.00000000
2018-02-28 17:18:20,0.00000408,7500.00000000
2018-02-28 17:18:20,0.00000408,74988.00000000
2018-02-28 17:18:21,0.00000408,52910.00000000
2018-02-28 17:18:21,0.00000408,25627.00000000
2018-02-28 17:18:25,0.00000408,1563.00000000
2018-02-28 17:18:25,0.00000408,73042.00000000
2018-02-28 17:18:25,0.00000408,15727.00000000
2018-02-28 17:18:27,0.00000409,169032.00000000
2018-02-28 17:18:30,0.00000408,18236.00000000
2018-02-28 17:18:30,0.00000409,416887.00000000
2018-02-28 17:18:30,0.00000409,53082.00000000
2018-02-28 17:18:30,0.00000408,1000.00000000
2018-02-28 17:18:31,0.00000409,50.00000000
2018-02-28 17:18:31,0.00000409,220508.00000000
2018-02-28 17:18:31,0.00000409,1530.00000000
2018-02-28 17:18:31,0.00000409,24589.00000000
2018-02-28 17:18:31,0.00000409,400444.00000000
2018-02-28 17:18:32,0.00000409,5204.00000000
2018-02-28 17:18:33,0.00000409,21672.00000000
2018-02-28 17:18:33,0.00000410,1594.00000000
2018-02-28 17:18:33,0.00000410,100.00000000
2018-02-28 17:18:34,0.00000410,15366.00000000
2018-02-28 17:18:35,0.00000410,214103.00000000
2018-02-28 17:18:36,0.00000409,9404.00000000
2018-02-28 17:18:36,0.00000410,48835.00000000
2018-02-28 17:18:36,0.00000410,94073.00000000
2018-02-28 17:18:36,0.00000410,223870.00000000
2018-02-28 17:18:37,0.00000409,10319.00000000
2018-02-28 17:18:37,0.00000410,6201.00000000
2018-02-28 17:18:38,0.00000409,541.00000000
2018-02-28 17:18:38,0.00000410,237182.00000000
2018-02-28 17:18:38,0.00000410,60751.00000000
2018-02-28 17:18:38,0.00000410,499.00000000
2018-02-28 17:18:38,0.00000410,2438.00000000
2018-02-28 17:18:38,0.00000410,386.00000000
2018-02-28 17:18:39,0.00000410,2000.00000000
2018-02-28 17:18:39,0.00000410,1050.00000000
2018-02-28 17:18:39,0.00000410,6711.00000000
2018-02-28 17:18:40,0.00000411,1300.00000000
2018-02-28 17:18:40,0.00000410,3328.00000000
2018-02-28 17:18:40,0.00000410,22130.00000000
2018-02-28 17:18:41,0.00000410,87233.00000000
2018-02-28 17:18:41,0.00000410,87198.00000000
2018-02-28 17:18:41,0.00000410,1657.00000000
2018-02-28 17:18:41,0.00000411,4208.00000000
2018-02-28 17:18:41,0.00000410,9800.00000000
2018-02-28 17:18:42,0.00000411,28276.00000000
2018-02-28 17:18:45,0.00000411,27544.00000000
2018-02-28 17:18:45,0.00000410,4256.00000000
2018-02-28 17:18:46,0.00000411,7109.00000000
2018-02-28 17:18:47,0.00000411,583732.00000000
2018-02-28 17:18:48,0.00000410,9800.00000000
2018-02-28 17:18:49,0.00000411,68539.00000000
2018-02-28 17:18:49,0.00000411,947.00000000
2018-02-28 17:18:49,0.00000411,42645.00000000
2018-02-28 17:18:49,0.00000410,5000.00000000
2018-02-28 17:18:50,0.00000412,2276.00000000
2018-02-28 17:18:52,0.00000410,135381.00000000
2018-02-28 17:18:52,0.00000410,916.00000000
2018-02-28 17:18:53,0.00000410,71984.00000000
2018-02-28 17:18:53,0.00000411,37262.00000000
2018-02-28 17:18:54,0.00000410,1000.00000000
2018-02-28 17:18:55,0.00000411,13178.00000000
2018-02-28 17:18:56,0.00000411,2664.00000000
2018-02-28 17:18:56,0.00000411,93596.00000000
2018-02-28 17:18:56,0.00000411,2673.00000000
2018-02-28 17:18:57,0.00000410,3000.00000000
2018-02-28 17:18:57,0.00000410,5000.00000000
2018-02-28 17:18:57,0.00000411,926.00000000
2018-02-28 17:18:59,0.00000411,75391.00000000
2018-02-28 17:18:59,0.00000411,4744.00000000
2018-02-28 17:18:59,0.00000411,44343.00000000
2018-02-28 17:19:00,0.00000411,4866.00000000
2018-02-28 17:19:00,0.00000410,246.00000000
2018-02-28 17:19:00,0.00000410,8400.00000000
2018-02-28 17:19:01,0.00000411,559.00000000
2018-02-28 17:19:01,0.00000411,3400.00000000
2018-02-28 17:19:02,0.00000410,48899.00000000
2018-02-28 17:19:02,0.00000411,9108.00000000
2018-02-28 17:19:03,0.00000411,12290.00000000
2018-02-28 17:19:03,0.00000412,5831.00000000
2018-02-28 17:19:03,0.00000411,447.00000000
2018-02-28 17:19:04,0.00000411,2498.00000000
2018-02-28 17:19:04,0.00000411,261.00000000
2018-02-28 17:19:07,0.00000411,12165.00000000
2018-02-28 17:19:07,0.00000412,2900.00000000
2018-02-28 17:19:08,0.00000412,261.00000000
2018-02-28 17:19:09,0.00000411,2442.00000000
2018-02-28 17:19:09,0.00000411,1953.00000000
2018-02-28 17:19:10,0.00000412,199.00000000
2018-02-28 17:19:11,0.00000412,89.00000000
2018-02-28 17:19:11,0.00000412,11784.00000000
2018-02-28 17:19:12,0.00000411,980000.00000000
2018-02-28 17:19:13,0.00000412,1867.00000000
2018-02-28 17:19:13,0.00000411,209115.00000000
2018-02-28 17:19:13,0.00000411,2433.00000000
2018-02-28 17:19:14,0.00000411,3448.00000000
2018-02-28 17:19:14,0.00000411,613659.00000000
2018-02-28 17:19:15,0.00000411,487.00000000
2018-02-28 17:19:16,0.00000412,5000.00000000
2018-02-28 17:19:16,0.00000412,29289.00000000
2018-02-28 17:19:17,0.00000411,15366.00000000
2018-02-28 17:19:17,0.00000411,6559.00000000
2018-02-28 17:19:19,0.00000412,607.00000000
2018-02-28 17:19:20,0.00000412,33.00000000
2018-02-28 17:19:20,0.00000412,50614.00000000
2018-02-28 17:19:21,0.00000412,31.00000000
2018-02-28 17:19:21,0.00000411,3541.00000000
2018-02-28 17:19:21,0.00000412,3272.00000000
2018-02-28 17:19:21,0.00000412,4231.00000000
2018-02-28 17:19:23,0.00000412,14942.00000000
2018-02-28 17:19:23,0.00000411,7818.00000000
2018-02-28 17:19:24,0.00000412,14148.00000000
2018-02-28 17:19:24,0.00000411,149102.00000000
2018-02-28 17:19:25,0.00000411,4317.00000000
2018-02-28 17:19:25,0.00000411,508563.00000000
2018-02-28 17:19:25,0.00000411,243.00000000
2018-02-28 17:19:26,0.00000411,2427.00000000
2018-02-28 17:19:27,0.00000411,1872.00000000
2018-02-28 17:19:31,0.00000411,14953.00000000
2018-02-28 17:19:32,0.00000411,30.00000000
2018-02-28 17:19:34,0.00000410,4050.00000000
2018-02-28 17:19:34,0.00000411,1895.00000000
2018-02-28 17:19:35,0.00000411,18246.00000000
2018-02-28 17:19:35,0.00000410,6781.00000000
2018-02-28 17:19:37,0.00000411,57157.00000000
2018-02-28 17:19:37,0.00000411,1173.00000000
2018-02-28 17:19:38,0.00000411,5904.00000000
2018-02-28 17:19:40,0.00000411,607.00000000
2018-02-28 17:19:42,0.00000411,2066.00000000
2018-02-28 17:19:42,0.00000411,203.00000000
2018-02-28 17:19:43,0.00000411,43502.00000000
2018-02-28 17:19:44,0.00000410,119777.00000000
2018-02-28 17:19:45,0.00000411,4050.00000000
2018-02-28 17:19:47,0.00000410,199.00000000
2018-02-28 17:19:47,0.00000411,2523.00000000
2018-02-28 17:19:47,0.00000411,28482.00000000
2018-02-28 17:19:48,0.00000411,4.00000000
2018-02-28 17:19:49,0.00000410,18237.00000000
2018-02-28 17:19:51,0.00000411,6500.00000000
2018-02-28 17:19:58,0.00000411,21923.00000000
2018-02-28 17:19:59,0.00000411,1105.00000000
2018-02-28 17:20:00,0.00000411,72743.00000000
2018-02-28 17:20:01,0.00000410,630648.00000000
2018-02-28 17:20:02,0.00000410,339.00000000
2018-02-28 17:20:03,0.00000410,11592.00000000
2018-02-28 17:20:04,0.00000410,10000.00000000
2018-02-28 17:20:04,0.00000410,339.00000000
2018-02-28 17:20:07,0.00000409,881684.00000000
2018-02-28 17:20:07,0.00000409,13662.00000000
2018-02-28 17:20:07,0.00000409,13662.00000000
2018-02-28 17:20:07,0.00000409,66042.00000000
2018-02-28 17:20:07,0.00000409,2438.00000000
2018-02-28 17:20:07,0.00000409,13692.00000000
2018-02-28 17:20:07,0.00000409,24989.00000000
2018-02-28 17:20:07,0.00000408,2438.00000000
2018-02-28 17:20:07,0.00000409,5200.00000000
2018-02-28 17:20:07,0.00000409,620.00000000
2018-02-28 17:20:08,0.00000409,24509.00000000
2018-02-28 17:20:08,0.00000409,61031.00000000
2018-02-28 17:20:08,0.00000409,244.00000000
2018-02-28 17:20:09,0.00000408,147710.00000000
2018-02-28 17:20:10,0.00000409,1500.00000000
2018-02-28 17:20:11,0.00000409,6700.00000000
2018-02-28 17:20:12,0.00000409,2445.00000000
2018-02-28 17:20:16,0.00000409,400.00000000
2018-02-28 17:20:16,0.00000409,2500.00000000
2018-02-28 17:20:16,0.00000409,134075.00000000
2018-02-28 17:20:16,0.00000408,10198.00000000
2018-02-28 17:20:16,0.00000409,21272.00000000
2018-02-28 17:20:19,0.00000409,39199.00000000
2018-02-28 17:20:22,0.00000409,5103.00000000
2018-02-28 17:20:23,0.00000410,1434.00000000
2018-02-28 17:20:26,0.00000410,3209.00000000
2018-02-28 17:20:26,0.00000409,4659.00000000
2018-02-28 17:20:27,0.00000409,43691.00000000
2018-02-28 17:20:32,0.00000409,13655.00000000
2018-02-28 17:20:33,0.00000409,207070.00000000
2018-02-28 17:20:34,0.00000409,5385.00000000
2018-02-28 17:20:34,0.00000409,1293.00000000
2018-02-28 17:20:34,0.00000409,1434.00000000
2018-02-28 17:20:34,0.00000409,136869.00000000
2018-02-28 17:20:35,0.00000409,11620.00000000
2018-02-28 17:20:35,0.00000409,339.00000000
2018-02-28 17:20:37,0.00000409,24509.00000000
2018-02-28 17:20:37,0.00000409,34753.00000000
2018-02-28 17:20:38,0.00000408,5.00000000
2018-02-28 17:20:40,0.00000408,4502.00000000
2018-02-28 17:20:41,0.00000408,302.00000000
2018-02-28 17:20:43,0.00000409,100.00000000
2018-02-28 17:20:44,0.00000408,42938.00000000
2018-02-28 17:20:44,0.00000408,17770.00000000
2018-02-28 17:20:47,0.00000408,20533.00000000
2018-02-28 17:20:47,0.00000408,78187.00000000
2018-02-28 17:20:48,0.00000409,150170.00000000
2018-02-28 17:20:49,0.00000409,10313.00000000
2018-02-28 17:20:50,0.00000409,966320.00000000
2018-02-28 17:20:51,0.00000408,43459.00000000
2018-02-28 17:20:53,0.00000409,4578.00000000
2018-02-28 17:20:53,0.00000409,1317.00000000
2018-02-28 17:20:54,0.00000408,2604.00000000
2018-02-28 17:20:56,0.00000408,111532.00000000
2018-02-28 17:20:57,0.00000409,13735.00000000
2018-02-28 17:20:57,0.00000408,2279.00000000
2018-02-28 17:20:58,0.00000409,2445.00000000
2018-02-28 17:20:58,0.00000409,2128.00000000
2018-02-28 17:20:59,0.00000409,233954.00000000
2018-02-28 17:20:59,0.00000409,2445.00000000
2018-02-28 17:21:01,0.00000409,714.00000000
2018-02-28 17:21:02,0.00000409,6104.00000000
2018-02-28 17:21:03,0.00000409,13981.00000000
2018-02-28 17:21:04,0.00000409,2667.00000000
2018-02-28 17:21:05,0.00000409,25977.00000000
2018-02-28 17:21:06,0.00000409,2814.00000000
2018-02-28 17:21:07,0.00000409,33638.00000000
2018-02-28 17:21:08,0.00000409,3902.00000000
2018-02-28 17:21:08,0.00000409,8475.00000000
2018-02-28 17:21:08,0.00000409,6001.00000000
2018-02-28 17:21:10,0.00000409,3.00000000
2018-02-28 17:21:10,0.00000409,247.00000000
2018-02-28 17:21:10,0.00000408,521386.00000000
2018-02-28 17:21:10,0.00000408,16151.00000000
2018-02-28 17:21:15,0.00000409,4302.00000000
2018-02-28 17:21:16,0.00000409,3817.00000000
2018-02-28 17:21:16,0.00000408,2008.00000000
2018-02-28 17:21:17,0.00000408,3400.00000000
2018-02-28 17:21:18,0.00000409,1848.00000000
2018-02-28 17:21:18,0.00000409,130909.00000000
2018-02-28 17:21:20,0.00000409,8871.00000000
2018-02-28 17:21:22,0.00000408,46064.00000000
2018-02-28 17:21:22,0.00000409,12580.00000000
2018-02-28 17:21:22,0.00000409,7319.00000000
2018-02-28 17:21:24,0.00000409,9901.00000000
2018-02-28 17:21:26,0.00000409,1297.00000000
2018-02-28 17:21:28,0.00000408,510.00000000
2018-02-28 17:21:31,0.00000409,1489.00000000
2018-02-28 17:21:31,0.00000409,617.00000000
2018-02-28 17:21:35,0.00000409,1000.00000000
2018-02-28 17:21:37,0.00000408,130146.00000000
2018-02-28 17:21:39,0.00000408,8403.00000000
2018-02-28 17:21:39,0.00000409,6832.00000000
2018-02-28 17:21:47,0.00000408,997.00000000
2018-02-28 17:21:47,0.00000409,419.00000000
2018-02-28 17:21:48,0.00000409,14059.00000000
2018-02-28 17:21:49,0.00000408,9891.00000000
2018-02-28 17:21:53,0.00000408,72476.00000000
2018-02-28 17:21:54,0.00000409,4322.00000000
2018-02-28 17:21:56,0.00000408,2960.00000000
2018-02-28 17:21:56,0.00000408,6947.00000000
2018-02-28 17:21:57,0.00000409,339.00000000
2018-02-28 17:22:00,0.00000409,193449.00000000
2018-02-28 17:22:00,0.00000409,18245.00000000
2018-02-28 17:22:01,0.00000409,36738.00000000
2018-02-28 17:22:02,0.00000409,67898.00000000
2018-02-28 17:22:02,0.00000409,2800.00000000
2018-02-28 17:22:03,0.00000410,254.00000000
2018-02-28 17:22:03,0.00000410,7482.00000000
2018-02-28 17:22:04,0.00000410,244.00000000
2018-02-28 17:22:06,0.00000409,136979.00000000
2018-02-28 17:22:07,0.00000409,112221.00000000
2018-02-28 17:22:09,0.00000410,114364.00000000
2018-02-28 17:22:11,0.00000409,374632.00000000
2018-02-28 17:22:11,0.00000409,1499.00000000
2018-02-28 17:22:11,0.00000409,8984.00000000
2018-02-28 17:22:12,0.00000409,141656.00000000
2018-02-28 17:22:15,0.00000409,15504.00000000
2018-02-28 17:22:15,0.00000408,1267.00000000
2018-02-28 17:22:17,0.00000409,141963.00000000
2018-02-28 17:22:17,0.00000409,5045.00000000
2018-02-28 17:22:19,0.00000409,2981.00000000
2018-02-28 17:22:24,0.00000409,5808.00000000
2018-02-28 17:22:26,0.00000409,6070.00000000
2018-02-28 17:22:27,0.00000409,68285.00000000
2018-02-28 17:22:27,0.00000409,20000.00000000
2018-02-28 17:22:28,0.00000409,4416.00000000
2018-02-28 17:22:32,0.00000409,1473.00000000
2018-02-28 17:22:34,0.00000410,212285.00000000
2018-02-28 17:22:35,0.00000410,966011.00000000
2018-02-28 17:22:36,0.00000410,246.00000000
2018-02-28 17:22:38,0.00000410,20913.00000000
2018-02-28 17:22:38,0.00000410,24390.00000000
2018-02-28 17:22:38,0.00000410,9911.00000000
2018-02-28 17:22:38,0.00000410,659.00000000
2018-02-28 17:22:39,0.00000411,1594.00000000
2018-02-28 17:22:41,0.00000410,2000.00000000
2018-02-28 17:22:43,0.00000410,7000.00000000
2018-02-28 17:22:45,0.00000410,1930.00000000
2018-02-28 17:22:46,0.00000410,978.00000000
2018-02-28 17:22:50,0.00000410,496.00000000
2018-02-28 17:22:52,0.00000410,500.00000000
2018-02-28 17:22:53,0.00000410,616.00000000
2018-02-28 17:22:53,0.00000410,193660.00000000
2018-02-28 17:22:55,0.00000410,336.00000000
2018-02-28 17:23:01,0.00000410,9545.00000000
2018-02-28 17:23:03,0.00000410,71920.00000000
2018-02-28 17:23:04,0.00000410,4017.00000000
2018-02-28 17:23:05,0.00000410,5527.00000000
2018-02-28 17:23:05,0.00000410,23081.00000000
2018-02-28 17:23:05,0.00000410,9182.00000000
2018-02-28 17:23:13,0.00000409,153104.00000000
2018-02-28 17:23:13,0.00000410,1830.00000000
2018-02-28 17:23:15,0.00000410,13809.00000000
2018-02-28 17:23:16,0.00000410,15754.00000000
2018-02-28 17:23:21,0.00000410,251.00000000
2018-02-28 17:23:22,0.00000409,1680.00000000
2018-02-28 17:23:23,0.00000410,10700.00000000
2018-02-28 17:23:25,0.00000410,24165.00000000
2018-02-28 17:23:26,0.00000409,85.00000000
2018-02-28 17:23:26,0.00000410,674.00000000
2018-02-28 17:23:26,0.00000410,227371.00000000
2018-02-28 17:23:27,0.00000409,38961.00000000
2018-02-28 17:23:28,0.00000410,135434.00000000
2018-02-28 17:23:29,0.00000410,250.00000000
2018-02-28 17:23:34,0.00000410,518680.00000000
2018-02-28 17:23:34,0.00000410,4689.00000000
2018-02-28 17:23:35,0.00000410,3540.00000000
2018-02-28 17:23:37,0.00000411,181208.00000000
2018-02-28 17:23:39,0.00000410,13967.00000000
2018-02-28 17:23:46,0.00000411,72992.00000000
2018-02-28 17:23:48,0.00000410,728.00000000
2018-02-28 17:23:50,0.00000410,5718.00000000
2018-02-28 17:23:52,0.00000410,4360.00000000
2018-02-28 17:23:53,0.00000410,1356.00000000
2018-02-28 17:23:53,0.00000410,1203.00000000
2018-02-28 17:23:54,0.00000410,509.00000000
2018-02-28 17:23:54,0.00000410,22472.00000000
2018-02-28 17:23:55,0.00000410,4542.00000000
2018-02-28 17:23:56,0.00000411,2500.00000000
2018-02-28 17:23:56,0.00000411,9838.00000000
2018-02-28 17:23:58,0.00000410,17870.00000000
2018-02-28 17:23:58,0.00000411,32512.00000000
2018-02-28 17:23:59,0.00000410,2931.00000000
2018-02-28 17:23:59,0.00000410,24390.00000000
2018-02-28 17:24:00,0.00000410,88530.00000000
2018-02-28 17:24:01,0.00000411,21409.00000000
2018-02-28 17:24:01,0.00000411,112012.00000000
2018-02-28 17:24:02,0.00000411,3146.00000000
2018-02-28 17:24:06,0.00000411,5350.00000000
2018-02-28 17:24:08,0.00000411,18820.00000000
2018-02-28 17:24:08,0.00000411,2845.00000000
2018-02-28 17:24:10,0.00000410,5781.00000000
2018-02-28 17:24:12,0.00000411,600.00000000
2018-02-28 17:24:14,0.00000410,2829.00000000
2018-02-28 17:24:14,0.00000411,1.00000000
2018-02-28 17:24:17,0.00000410,30808.00000000
2018-02-28 17:24:18,0.00000411,15792.00000000
2018-02-28 17:24:19,0.00000410,363.00000000
2018-02-28 17:24:19,0.00000410,392805.00000000
2018-02-28 17:24:20,0.00000410,23054.00000000
2018-02-28 17:24:20,0.00000410,1429.00000000
2018-02-28 17:24:22,0.00000411,171330.00000000
2018-02-28 17:24:24,0.00000411,707.00000000
2018-02-28 17:24:28,0.00000411,20986.00000000
2018-02-28 17:24:30,0.00000411,2433.00000000
2018-02-28 17:24:32,0.00000411,8425.00000000
2018-02-28 17:24:34,0.00000411,244.00000000
2018-02-28 17:24:35,0.00000411,4102.00000000
2018-02-28 17:24:36,0.00000411,1996.00000000
2018-02-28 17:24:36,0.00000411,86273.00000000
2018-02-28 17:24:38,0.00000411,118106.00000000
2018-02-28 17:24:38,0.00000411,10285.00000000
2018-02-28 17:24:39,0.00000411,71237.00000000
2018-02-28 17:24:40,0.00000411,73474.00000000
2018-02-28 17:24:41,0.00000411,144451.00000000
2018-02-28 17:24:41,0.00000411,88682.00000000
2018-02-28 17:24:41,0.00000411,89695.00000000
2018-02-28 17:24:41,0.00000411,461158.00000000
2018-02-28 17:24:41,0.00000411,34892.00000000
2018-02-28 17:24:42,0.00000411,2432.00000000
2018-02-28 17:24:42,0.00000411,19123.00000000
2018-02-28 17:24:42,0.00000411,43226.00000000
2018-02-28 17:24:42,0.00000411,2432.00000000
2018-02-28 17:24:42,0.00000411,2425.00000000
2018-02-28 17:24:42,0.00000411,33010.00000000
2018-02-28 17:24:42,0.00000411,32993.00000000
2018-02-28 17:24:43,0.00000411,10490.00000000
2018-02-28 17:24:43,0.00000411,2049.00000000
2018-02-28 17:24:44,0.00000412,5757.00000000
2018-02-28 17:24:45,0.00000412,29317.00000000
2018-02-28 17:24:46,0.00000411,223476.00000000
2018-02-28 17:24:47,0.00000411,1072.00000000
2018-02-28 17:24:47,0.00000411,107505.00000000
2018-02-28 17:24:48,0.00000411,9000.00000000
2018-02-28 17:24:49,0.00000412,41491.00000000
2018-02-28 17:24:50,0.00000412,17891.00000000
2018-02-28 17:24:57,0.00000412,65133.00000000
2018-02-28 17:24:58,0.00000412,42599.00000000
2018-02-28 17:24:58,0.00000412,71500.00000000
2018-02-28 17:24:58,0.00000412,869.00000000
2018-02-28 17:24:59,0.00000412,170577.00000000
2018-02-28 17:24:59,0.00000412,441.00000000
2018-02-28 17:25:01,0.00000412,24245.00000000
2018-02-28 17:25:02,0.00000412,256.00000000
2018-02-28 17:25:02,0.00000412,151787.00000000
2018-02-28 17:25:02,0.00000412,13277.00000000
2018-02-28 17:25:03,0.00000412,12094.00000000
2018-02-28 17:25:04,0.00000412,26913.00000000
2018-02-28 17:25:04,0.00000412,99240.00000000
2018-02-28 17:25:04,0.00000412,102400.00000000
2018-02-28 17:25:04,0.00000412,16050.00000000
2018-02-28 17:25:05,0.00000413,138.00000000
2018-02-28 17:25:06,0.00000412,421.00000000
2018-02-28 17:25:06,0.00000412,5000.00000000
2018-02-28 17:25:06,0.00000413,293.00000000
2018-02-28 17:25:07,0.00000412,7700.00000000
2018-02-28 17:25:09,0.00000412,177617.00000000
2018-02-28 17:25:09,0.00000413,266.00000000
2018-02-28 17:25:10,0.00000413,731.00000000
2018-02-28 17:25:11,0.00000413,32940.00000000
2018-02-28 17:25:13,0.00000413,6914.00000000
2018-02-28 17:25:14,0.00000413,15819.00000000
2018-02-28 17:25:15,0.00000413,53545.00000000
2018-02-28 17:25:15,0.00000412,430.00000000
2018-02-28 17:25:16,0.00000413,7432.00000000
2018-02-28 17:25:16,0.00000413,500.00000000
2018-02-28 17:25:17,0.00000412,430.00000000
2018-02-28 17:25:19,0.00000412,41792.00000000
2018-02-28 17:25:20,0.00000412,430.00000000
2018-02-28 17:25:22,0.00000412,2125.00000000
2018-02-28 17:25:24,0.00000413,1939.00000000
2018-02-28 17:25:25,0.00000412,9060.00000000
2018-02-28 17:25:25,0.00000413,23797.00000000
2018-02-28 17:25:25,0.00000413,300.00000000
2018-02-28 17:25:25,0.00000413,93203.00000000
2018-02-28 17:25:25,0.00000412,31412.00000000
2018-02-28 17:25:25,0.00000412,1003661.00000000
2018-02-28 17:25:26,0.00000412,22557.00000000
2018-02-28 17:25:26,0.00000412,58555.00000000
2018-02-28 17:25:27,0.00000412,804.00000000
2018-02-28 17:25:27,0.00000412,1216.00000000
2018-02-28 17:25:27,0.00000412,221368.00000000
2018-02-28 17:25:28,0.00000413,12462.00000000
2018-02-28 17:25:28,0.00000412,1134.00000000
2018-02-28 17:25:28,0.00000412,199299.00000000
2018-02-28 17:25:30,0.00000413,12000.00000000
2018-02-28 17:25:30,0.00000412,54708.00000000
2018-02-28 17:25:30,0.00000412,7000.00000000
2018-02-28 17:25:31,0.00000412,99944.00000000
2018-02-28 17:25:31,0.00000412,10895.00000000
2018-02-28 17:25:32,0.00000412,2175.00000000
2018-02-28 17:25:32,0.00000412,335409.00000000
2018-02-28 17:25:32,0.00000413,464795.00000000
2018-02-28 17:25:32,0.00000412,17367.00000000
2018-02-28 17:25:32,0.00000412,6879.00000000
2018-02-28 17:25:33,0.00000412,6140.00000000
2018-02-28 17:25:33,0.00000412,1048.00000000
2018-02-28 17:25:35,0.00000412,44299.00000000
2018-02-28 17:25:35,0.00000412,2800.00000000
2018-02-28 17:25:35,0.00000412,26913.00000000
2018-02-28 17:25:36,0.00000413,30.00000000
2018-02-28 17:25:38,0.00000412,500.00000000
2018-02-28 17:25:39,0.00000412,1261.00000000
2018-02-28 17:25:40,0.00000412,3822.00000000
2018-02-28 17:25:40,0.00000413,196121.00000000
2018-02-28 17:25:41,0.00000413,8349.00000000
2018-02-28 17:25:41,0.00000413,10.00000000
2018-02-28 17:25:43,0.00000413,290.00000000
2018-02-28 17:25:45,0.00000412,2279.00000000
2018-02-28 17:25:45,0.00000413,5.00000000
2018-02-28 17:25:47,0.00000413,11361.00000000
2018-02-28 17:25:48,0.00000413,105996.00000000
2018-02-28 17:25:49,0.00000413,17.00000000
2018-02-28 17:25:50,0.00000413,17857.00000000
2018-02-28 17:25:50,0.00000413,398226.00000000
2018-02-28 17:25:50,0.00000413,35446.00000000
2018-02-28 17:25:50,0.00000413,1000.00000000
2018-02-28 17:25:50,0.00000413,4999.00000000
2018-02-28 17:25:50,0.00000413,1600.00000000
2018-02-28 17:25:50,0.00000413,5256.00000000
2018-02-28 17:25:51,0.00000413,158930.00000000
2018-02-28 17:25:51,0.00000413,48491.00000000
2018-02-28 17:25:51,0.00000413,60680.00000000
2018-02-28 17:25:52,0.00000413,500.00000000
