DATE,PRICE,VOLUME
2018-02-28 07:00:03,0.00000396,300.00000000
2018-02-28 07:00:09,0.00000396,519.00000000
2018-02-28 07:00:09,0.00000396,500.00000000
2018-02-28 07:00:09,0.00000395,923.00000000
2018-02-28 07:00:10,0.00000396,181.00000000
2018-02-28 07:00:11,0.00000396,274.00000000
2018-02-28 07:00:11,0.00000395,11690.00000000
2018-02-28 07:00:12,0.00000395,561923.00000000
2018-02-28 07:00:13,0.00000396,569698.00000000
2018-02-28 07:00:18,0.00000396,10010.00000000
2018-02-28 07:00:19,0.00000397,3895.00000000
2018-02-28 07:00:22,0.00000397,631.00000000
2018-02-28 07:00:23,0.00000396,573.00000000
2018-02-28 07:00:23,0.00000397,631.00000000
2018-02-28 07:00:24,0.00000397,631.00000000
2018-02-28 07:00:24,0.00000397,631.00000000
2018-02-28 07:00:24,0.00000397,631.00000000
2018-02-28 07:00:24,0.00000397,542.00000000
2018-02-28 07:00:25,0.00000397,631.00000000
2018-02-28 07:00:25,0.00000397,631.00000000
2018-02-28 07:00:27,0.00000397,1010.00000000
2018-02-28 07:00:27,0.00000397,631.00000000
2018-02-28 07:00:27,0.00000397,757.00000000
2018-02-28 07:00:32,0.00000396,22061.00000000
2018-02-28 07:00:32,0.00000396,171061.00000000
2018-02-28 07:00:36,0.00000397,1851.00000000
2018-02-28 07:00:38,0.00000397,12594.00000000
2018-02-28 07:00:41,0.00000396,20808.00000000
2018-02-28 07:00:45,0.00000396,2705.00000000
2018-02-28 07:00:46,0.00000396,7822.00000000
2018-02-28 07:00:46,0.00000396,6293.00000000
2018-02-28 07:00:47,0.00000395,573.00000000
2018-02-28 07:00:48,0.00000395,1246.00000000
2018-02-28 07:00:57,0.00000397,100.00000000
2018-02-28 07:01:01,0.00000397,131492.00000000
2018-02-28 07:01:02,0.00000397,300.00000000
2018-02-28 07:01:02,0.00000396,25542.00000000
2018-02-28 07:01:02,0.00000396,300.00000000
2018-02-28 07:01:03,0.00000396,9775.00000000
2018-02-28 07:01:03,0.00000396,9775.00000000
2018-02-28 07:01:04,0.00000396,300.00000000
2018-02-28 07:01:06,0.00000396,2000.00000000
2018-02-28 07:01:07,0.00000395,6929.00000000
2018-02-28 07:01:08,0.00000396,2685.00000000
2018-02-28 07:01:08,0.00000397,1892.00000000
2018-02-28 07:01:10,0.00000397,50.00000000
2018-02-28 07:01:12,0.00000396,462496.00000000
2018-02-28 07:01:15,0.00000397,10.00000000
2018-02-28 07:01:22,0.00000397,10.00000000
2018-02-28 07:01:25,0.00000397,3565.00000000
2018-02-28 07:01:28,0.00000396,25000.00000000
2018-02-28 07:01:34,0.00000397,515.00000000
2018-02-28 07:01:34,0.00000396,2328.00000000
2018-02-28 07:01:35,0.00000396,378.00000000
2018-02-28 07:01:36,0.00000396,148911.00000000
2018-02-28 07:01:37,0.00000397,5.00000000
2018-02-28 07:01:45,0.00000397,17153.00000000
2018-02-28 07:01:47,0.00000396,10293.00000000
2018-02-28 07:01:47,0.00000397,15777.00000000
2018-02-28 07:01:55,0.00000397,10.00000000
2018-02-28 07:02:03,0.00000397,194624.00000000
2018-02-28 07:02:05,0.00000396,80946.00000000
2018-02-28 07:02:12,0.00000396,38039.00000000
2018-02-28 07:02:19,0.00000397,682725.00000000
2018-02-28 07:02:21,0.00000397,106800.00000000
2018-02-28 07:02:22,0.00000397,66706.00000000
2018-02-28 07:02:27,0.00000396,17872.00000000
2018-02-28 07:02:27,0.00000396,198225.00000000
2018-02-28 07:02:29,0.00000396,2375.00000000
2018-02-28 07:02:41,0.00000396,254823.00000000
2018-02-28 07:02:43,0.00000396,500.00000000
2018-02-28 07:02:46,0.00000396,17000.00000000
2018-02-28 07:02:53,0.00000397,161329.00000000
2018-02-28 07:02:56,0.00000396,10000.00000000
2018-02-28 07:03:07,0.00000397,6217.00000000
2018-02-28 07:03:13,0.00000396,10442.00000000
2018-02-28 07:03:13,0.00000396,60579.00000000
2018-02-28 07:03:20,0.00000396,147633.00000000
2018-02-28 07:03:20,0.00000396,33502.00000000
2018-02-28 07:03:38,0.00000396,12221.00000000
2018-02-28 07:03:43,0.00000396,159580.00000000
2018-02-28 07:03:43,0.00000396,7404.00000000
2018-02-28 07:03:43,0.00000396,12097.00000000
2018-02-28 07:03:49,0.00000396,14872.00000000
2018-02-28 07:03:49,0.00000397,62972.00000000
2018-02-28 07:04:00,0.00000396,9999.00000000
2018-02-28 07:04:04,0.00000397,37202.00000000
2018-02-28 07:04:07,0.00000396,30000.00000000
2018-02-28 07:04:07,0.00000397,137252.00000000
2018-02-28 07:04:10,0.00000396,20022.00000000
2018-02-28 07:04:20,0.00000396,4397.00000000
2018-02-28 07:04:22,0.00000397,6729.00000000
2018-02-28 07:04:22,0.00000397,2389.00000000
2018-02-28 07:04:23,0.00000396,2605.00000000
2018-02-28 07:04:30,0.00000396,8001.00000000
2018-02-28 07:04:32,0.00000397,174222.00000000
2018-02-28 07:04:40,0.00000396,24073.00000000
2018-02-28 07:04:42,0.00000397,6931.00000000
2018-02-28 07:04:43,0.00000397,356.00000000
2018-02-28 07:04:45,0.00000396,47829.00000000
2018-02-28 07:04:48,0.00000397,552.00000000
2018-02-28 07:04:54,0.00000396,3002.00000000
2018-02-28 07:04:55,0.00000397,25252.00000000
2018-02-28 07:04:55,0.00000397,7483.00000000
2018-02-28 07:04:55,0.00000397,491.00000000
2018-02-28 07:04:56,0.00000397,21795.00000000
2018-02-28 07:04:56,0.00000397,31333.00000000
2018-02-28 07:04:57,0.00000396,19595.00000000
2018-02-28 07:04:58,0.00000397,1000.00000000
2018-02-28 07:04:59,0.00000396,104366.00000000
2018-02-28 07:05:02,0.00000396,5000.00000000
2018-02-28 07:05:08,0.00000396,6831.00000000
2018-02-28 07:05:09,0.00000397,16976.00000000
2018-02-28 07:05:10,0.00000397,1227.00000000
2018-02-28 07:05:11,0.00000397,447.00000000
2018-02-28 07:05:12,0.00000397,511.00000000
2018-02-28 07:05:14,0.00000396,74562.00000000
2018-02-28 07:05:16,0.00000397,777.00000000
2018-02-28 07:05:17,0.00000397,4684.00000000
2018-02-28 07:05:19,0.00000396,167792.00000000
2018-02-28 07:05:20,0.00000397,859.00000000
2018-02-28 07:05:21,0.00000396,50000.00000000
2018-02-28 07:05:25,0.00000397,2497.00000000
2018-02-28 07:05:27,0.00000396,8410.00000000
2018-02-28 07:05:28,0.00000397,99325.00000000
2018-02-28 07:05:28,0.00000397,70976.00000000
2018-02-28 07:05:28,0.00000397,2509.00000000
2018-02-28 07:05:28,0.00000397,212134.00000000
2018-02-28 07:05:28,0.00000397,9864.00000000
2018-02-28 07:05:28,0.00000397,212134.00000000
2018-02-28 07:05:28,0.00000397,4093.00000000
2018-02-28 07:05:28,0.00000397,5116.00000000
2018-02-28 07:05:28,0.00000397,23240.00000000
2018-02-28 07:05:28,0.00000397,9874.00000000
2018-02-28 07:05:28,0.00000396,2509.00000000
2018-02-28 07:05:29,0.00000396,23240.00000000
2018-02-28 07:05:30,0.00000397,100.00000000
2018-02-28 07:05:30,0.00000396,142495.00000000
2018-02-28 07:05:30,0.00000396,8000.00000000
2018-02-28 07:05:30,0.00000396,2519.00000000
2018-02-28 07:05:30,0.00000396,1977.00000000
2018-02-28 07:05:30,0.00000396,2519.00000000
2018-02-28 07:05:31,0.00000396,410.00000000
2018-02-28 07:05:31,0.00000395,2519.00000000
2018-02-28 07:05:31,0.00000396,2519.00000000
2018-02-28 07:05:31,0.00000396,2519.00000000
2018-02-28 07:05:31,0.00000396,2520.00000000
2018-02-28 07:05:31,0.00000396,15658.00000000
2018-02-28 07:05:32,0.00000396,2340.00000000
2018-02-28 07:05:32,0.00000396,19266.00000000
2018-02-28 07:05:32,0.00000396,9392.00000000
2018-02-28 07:05:32,0.00000395,45011.00000000
2018-02-28 07:05:35,0.00000396,8118.00000000
2018-02-28 07:05:37,0.00000397,2.00000000
2018-02-28 07:05:38,0.00000396,3339.00000000
2018-02-28 07:05:39,0.00000396,19642.00000000
2018-02-28 07:05:41,0.00000396,30224.00000000
2018-02-28 07:05:44,0.00000396,33825.00000000
2018-02-28 07:05:44,0.00000396,22390.00000000
2018-02-28 07:05:44,0.00000396,2512.00000000
2018-02-28 07:05:44,0.00000396,52244.00000000
2018-02-28 07:05:45,0.00000396,18327.00000000
2018-02-28 07:05:45,0.00000396,2512.00000000
2018-02-28 07:05:45,0.00000396,5457.00000000
2018-02-28 07:05:45,0.00000396,2174.00000000
2018-02-28 07:05:45,0.00000396,12626.00000000
2018-02-28 07:05:45,0.00000396,754.00000000
2018-02-28 07:05:46,0.00000396,31811.00000000
2018-02-28 07:05:46,0.00000396,7871.00000000
2018-02-28 07:05:50,0.00000396,5788.00000000
2018-02-28 07:05:50,0.00000396,172084.00000000
2018-02-28 07:05:51,0.00000395,2698.00000000
2018-02-28 07:05:52,0.00000396,26268.00000000
2018-02-28 07:05:55,0.00000395,46218.00000000
2018-02-28 07:05:58,0.00000396,1067.00000000
2018-02-28 07:06:01,0.00000396,1806.00000000
2018-02-28 07:06:03,0.00000396,7999.00000000
2018-02-28 07:06:03,0.00000396,141281.00000000
2018-02-28 07:06:05,0.00000396,648.00000000
2018-02-28 07:06:06,0.00000396,2018.00000000
2018-02-28 07:06:07,0.00000396,410.00000000
2018-02-28 07:06:12,0.00000396,14603.00000000
2018-02-28 07:06:15,0.00000397,142690.00000000
2018-02-28 07:06:20,0.00000396,1830.00000000
2018-02-28 07:06:26,0.00000396,3473.00000000
2018-02-28 07:06:26,0.00000396,686.00000000
2018-02-28 07:06:26,0.00000397,300.00000000
2018-02-28 07:06:27,0.00000397,25.00000000
2018-02-28 07:06:28,0.00000396,75427.00000000
2018-02-28 07:06:29,0.00000396,500.00000000
2018-02-28 07:06:34,0.00000396,2525.00000000
2018-02-28 07:06:40,0.00000396,3874.00000000
2018-02-28 07:06:46,0.00000396,428.00000000
2018-02-28 07:06:47,0.00000396,14470.00000000
2018-02-28 07:06:47,0.00000395,466.00000000
2018-02-28 07:06:47,0.00000396,131059.00000000
2018-02-28 07:06:49,0.00000395,2530.00000000
2018-02-28 07:06:55,0.00000395,882.00000000
2018-02-28 07:07:02,0.00000396,4026.00000000
2018-02-28 07:07:03,0.00000396,1894.00000000
2018-02-28 07:07:08,0.00000395,4157.00000000
2018-02-28 07:07:11,0.00000395,647.00000000
2018-02-28 07:07:12,0.00000396,13950.00000000
2018-02-28 07:07:14,0.00000395,1942.00000000
2018-02-28 07:07:17,0.00000395,216275.00000000
2018-02-28 07:07:19,0.00000396,304.00000000
2018-02-28 07:07:20,0.00000395,173515.00000000
2018-02-28 07:07:24,0.00000395,32123.00000000
2018-02-28 07:07:26,0.00000396,811.00000000
2018-02-28 07:07:28,0.00000395,6643.00000000
2018-02-28 07:07:32,0.00000395,11769.00000000
2018-02-28 07:07:36,0.00000396,377.00000000
2018-02-28 07:07:36,0.00000395,20154.00000000
2018-02-28 07:07:39,0.00000395,10096.00000000
2018-02-28 07:07:42,0.00000395,113483.00000000
2018-02-28 07:07:51,0.00000396,253.00000000
2018-02-28 07:07:57,0.00000396,10000.00000000
2018-02-28 07:08:01,0.00000395,7881.00000000
2018-02-28 07:08:09,0.00000395,999.00000000
2018-02-28 07:08:10,0.00000396,472.00000000
2018-02-28 07:08:10,0.00000396,150543.00000000
2018-02-28 07:08:12,0.00000396,9087.00000000
2018-02-28 07:08:12,0.00000396,32897.00000000
2018-02-28 07:08:14,0.00000395,49015.00000000
2018-02-28 07:08:17,0.00000396,4838.00000000
2018-02-28 07:08:19,0.00000396,410.00000000
2018-02-28 07:08:20,0.00000396,11360.00000000
2018-02-28 07:08:34,0.00000395,726.00000000
2018-02-28 07:08:38,0.00000396,168250.00000000
2018-02-28 07:08:39,0.00000395,37529.00000000
2018-02-28 07:08:47,0.00000396,79.00000000
2018-02-28 07:08:51,0.00000395,900.00000000
2018-02-28 07:08:53,0.00000396,110883.00000000
2018-02-28 07:08:53,0.00000396,37047.00000000
2018-02-28 07:08:53,0.00000396,2519.00000000
2018-02-28 07:08:53,0.00000395,2519.00000000
2018-02-28 07:08:55,0.00000396,376.00000000
2018-02-28 07:08:59,0.00000396,8903.00000000
2018-02-28 07:09:01,0.00000396,282.00000000
2018-02-28 07:09:05,0.00000396,4235.00000000
2018-02-28 07:09:09,0.00000396,146629.00000000
2018-02-28 07:09:10,0.00000396,862.00000000
2018-02-28 07:09:11,0.00000396,33456.00000000
2018-02-28 07:09:12,0.00000395,2307.00000000
2018-02-28 07:09:13,0.00000396,2500.00000000
2018-02-28 07:09:16,0.00000395,2120.00000000
2018-02-28 07:09:21,0.00000396,1.00000000
2018-02-28 07:09:26,0.00000395,15522.00000000
2018-02-28 07:09:27,0.00000396,6645.00000000
2018-02-28 07:09:30,0.00000395,501.00000000
2018-02-28 07:09:33,0.00000396,2525.00000000
2018-02-28 07:09:37,0.00000395,123763.00000000
2018-02-28 07:09:38,0.00000395,1216.00000000
2018-02-28 07:09:44,0.00000395,2582.00000000
2018-02-28 07:09:48,0.00000395,1174.00000000
2018-02-28 07:09:51,0.00000395,3072.00000000
2018-02-28 07:09:52,0.00000395,16841.00000000
2018-02-28 07:09:59,0.00000396,198633.00000000
2018-02-28 07:10:00,0.00000396,8824.00000000
2018-02-28 07:10:01,0.00000395,116866.00000000
2018-02-28 07:10:13,0.00000396,4394.00000000
2018-02-28 07:10:22,0.00000395,216467.00000000
2018-02-28 07:10:24,0.00000395,9820.00000000
2018-02-28 07:10:30,0.00000395,999.00000000
2018-02-28 07:10:38,0.00000396,6.00000000
2018-02-28 07:10:41,0.00000396,1239533.00000000
2018-02-28 07:10:42,0.00000396,11414.00000000
2018-02-28 07:10:44,0.00000396,2426.00000000
2018-02-28 07:10:48,0.00000397,108.00000000
2018-02-28 07:10:52,0.00000396,146478.00000000
2018-02-28 07:10:53,0.00000397,1519.00000000
2018-02-28 07:10:54,0.00000397,700.00000000
2018-02-28 07:10:58,0.00000396,18030.00000000
2018-02-28 07:11:00,0.00000396,36.00000000
2018-02-28 07:11:01,0.00000397,7.00000000
2018-02-28 07:11:06,0.00000397,21940.00000000
2018-02-28 07:11:19,0.00000397,195772.00000000
2018-02-28 07:11:26,0.00000396,15641.00000000
2018-02-28 07:11:28,0.00000396,4683.00000000
2018-02-28 07:11:32,0.00000396,38611.00000000
2018-02-28 07:11:42,0.00000397,2278.00000000
2018-02-28 07:11:43,0.00000397,5588.00000000
2018-02-28 07:11:49,0.00000396,152630.00000000
2018-02-28 07:11:49,0.00000397,4527.00000000
2018-02-28 07:11:54,0.00000396,59851.00000000
2018-02-28 07:11:55,0.00000396,300.00000000
2018-02-28 07:11:56,0.00000396,43943.00000000
2018-02-28 07:12:09,0.00000396,10933.00000000
2018-02-28 07:12:12,0.00000396,599.00000000
2018-02-28 07:12:12,0.00000396,7005.00000000
2018-02-28 07:12:13,0.00000396,2533.00000000
2018-02-28 07:12:15,0.00000396,1102.00000000
2018-02-28 07:12:17,0.00000396,214847.00000000
2018-02-28 07:12:21,0.00000396,5185.00000000
2018-02-28 07:12:24,0.00000396,2323.00000000
2018-02-28 07:12:27,0.00000396,13285.00000000
2018-02-28 07:12:27,0.00000396,50929.00000000
2018-02-28 07:12:30,0.00000397,4104.00000000
2018-02-28 07:12:31,0.00000396,20581.00000000
2018-02-28 07:12:42,0.00000397,491.00000000
2018-02-28 07:12:42,0.00000397,123956.00000000
2018-02-28 07:12:43,0.00000397,36143.00000000
2018-02-28 07:12:54,0.00000397,2714.00000000
2018-02-28 07:13:03,0.00000396,78360.00000000
2018-02-28 07:13:03,0.00000396,2519.00000000
2018-02-28 07:13:03,0.00000396,19162.00000000
2018-02-28 07:13:03,0.00000396,2541.00000000
2018-02-28 07:13:03,0.00000396,2545.00000000
2018-02-28 07:13:03,0.00000396,10874.00000000
2018-02-28 07:13:03,0.00000396,42281.00000000
2018-02-28 07:13:03,0.00000396,974.00000000
2018-02-28 07:13:04,0.00000396,21369.00000000
2018-02-28 07:13:06,0.00000396,93658.00000000
2018-02-28 07:13:11,0.00000396,712.00000000
2018-02-28 07:13:15,0.00000396,2292.00000000
2018-02-28 07:13:22,0.00000395,6100.00000000
2018-02-28 07:13:22,0.00000395,122531.00000000
2018-02-28 07:13:23,0.00000396,3932.00000000
2018-02-28 07:13:29,0.00000395,2714.00000000
2018-02-28 07:13:31,0.00000396,1756.00000000
2018-02-28 07:13:33,0.00000396,34659.00000000
2018-02-28 07:13:34,0.00000396,13694.00000000
2018-02-28 07:13:35,0.00000396,86182.00000000
2018-02-28 07:13:41,0.00000396,37529.00000000
2018-02-28 07:13:42,0.00000396,2102.00000000
2018-02-28 07:13:42,0.00000397,928.00000000
2018-02-28 07:13:43,0.00000396,60429.00000000
2018-02-28 07:13:46,0.00000396,54129.00000000
2018-02-28 07:13:47,0.00000397,2304.00000000
2018-02-28 07:13:50,0.00000397,115086.00000000
2018-02-28 07:13:51,0.00000396,10.00000000
2018-02-28 07:13:56,0.00000396,1623.00000000
2018-02-28 07:13:58,0.00000397,25188.00000000
2018-02-28 07:14:00,0.00000397,23960.00000000
2018-02-28 07:14:07,0.00000396,1011.00000000
2018-02-28 07:14:14,0.00000397,124643.00000000
2018-02-28 07:14:33,0.00000397,112718.00000000
2018-02-28 07:14:38,0.00000396,3038.00000000
2018-02-28 07:14:39,0.00000397,1259.00000000
2018-02-28 07:14:41,0.00000396,2888.00000000
2018-02-28 07:14:43,0.00000396,6613.00000000
2018-02-28 07:14:53,0.00000396,66987.00000000
2018-02-28 07:14:55,0.00000397,156729.00000000
2018-02-28 07:14:57,0.00000396,112592.00000000
2018-02-28 07:14:58,0.00000396,2582.00000000
2018-02-28 07:15:08,0.00000397,1050.00000000
2018-02-28 07:15:15,0.00000397,7469.00000000
2018-02-28 07:15:19,0.00000396,272.00000000
2018-02-28 07:15:24,0.00000397,167778.00000000
2018-02-28 07:15:33,0.00000396,1959.00000000
2018-02-28 07:15:35,0.00000397,30848.00000000
2018-02-28 07:15:41,0.00000396,1383.00000000
2018-02-28 07:15:43,0.00000396,3518.00000000
2018-02-28 07:15:47,0.00000396,1000.00000000
2018-02-28 07:15:50,0.00000396,130715.00000000
2018-02-28 07:15:51,0.00000397,3806.00000000
2018-02-28 07:15:58,0.00000397,1966.00000000
2018-02-28 07:16:05,0.00000397,22067.00000000
2018-02-28 07:16:08,0.00000397,8105.00000000
2018-02-28 07:16:08,0.00000397,8751.00000000
2018-02-28 07:16:20,0.00000396,169842.00000000
2018-02-28 07:16:26,0.00000396,4921.00000000
2018-02-28 07:16:31,0.00000396,411.00000000
2018-02-28 07:16:31,0.00000396,2352.00000000
2018-02-28 07:16:39,0.00000396,123919.00000000
2018-02-28 07:16:44,0.00000396,25399.00000000
2018-02-28 07:16:46,0.00000396,7704.00000000
2018-02-28 07:16:48,0.00000396,37175.00000000
2018-02-28 07:16:48,0.00000396,16407.00000000
2018-02-28 07:16:51,0.00000396,1519.00000000
2018-02-28 07:16:57,0.00000396,100000.00000000
2018-02-28 07:17:00,0.00000396,4995.00000000
2018-02-28 07:17:03,0.00000396,59900.00000000
2018-02-28 07:17:05,0.00000397,140383.00000000
2018-02-28 07:17:20,0.00000396,999.00000000
2018-02-28 07:17:22,0.00000396,12798.00000000
2018-02-28 07:17:27,0.00000396,25947.00000000
2018-02-28 07:17:27,0.00000396,2548.00000000
2018-02-28 07:17:27,0.00000396,404.00000000
2018-02-28 07:17:27,0.00000396,147316.00000000
2018-02-28 07:17:33,0.00000397,2240.00000000
2018-02-28 07:17:36,0.00000397,9259.00000000
2018-02-28 07:17:44,0.00000396,576.00000000
2018-02-28 07:17:49,0.00000396,378.00000000
2018-02-28 07:17:49,0.00000396,9.00000000
2018-02-28 07:17:56,0.00000396,2085.00000000
2018-02-28 07:17:59,0.00000395,175568.00000000
2018-02-28 07:17:59,0.00000395,6498.00000000
2018-02-28 07:18:03,0.00000395,7861.00000000
2018-02-28 07:18:07,0.00000396,510.00000000
2018-02-28 07:18:11,0.00000396,1530.00000000
2018-02-28 07:18:14,0.00000395,753.00000000
2018-02-28 07:18:16,0.00000397,202754.00000000
2018-02-28 07:18:18,0.00000396,1301.00000000
2018-02-28 07:18:19,0.00000396,400.00000000
2018-02-28 07:18:22,0.00000396,378.00000000
2018-02-28 07:18:23,0.00000396,1622.00000000
2018-02-28 07:18:36,0.00000396,12700.00000000
2018-02-28 07:18:36,0.00000395,9240.00000000
2018-02-28 07:18:38,0.00000397,1634.00000000
2018-02-28 07:18:42,0.00000396,5260.00000000
2018-02-28 07:18:42,0.00000396,6424.00000000
2018-02-28 07:18:42,0.00000397,2525.00000000
2018-02-28 07:18:43,0.00000397,10500.00000000
2018-02-28 07:18:44,0.00000396,5058.00000000
2018-02-28 07:18:44,0.00000395,23452.00000000
2018-02-28 07:18:45,0.00000396,582203.00000000
2018-02-28 07:18:47,0.00000396,335.00000000
2018-02-28 07:18:47,0.00000396,10547.00000000
2018-02-28 07:18:58,0.00000396,451448.00000000
2018-02-28 07:19:10,0.00000396,8176.00000000
2018-02-28 07:19:10,0.00000396,3565.00000000
2018-02-28 07:19:10,0.00000396,335248.00000000
2018-02-28 07:19:27,0.00000396,560.00000000
2018-02-28 07:19:29,0.00000396,13011.00000000
2018-02-28 07:19:29,0.00000396,68696.00000000
2018-02-28 07:19:29,0.00000396,40516.00000000
2018-02-28 07:19:35,0.00000396,1639.00000000
2018-02-28 07:19:36,0.00000396,1563.00000000
2018-02-28 07:19:49,0.00000397,14961.00000000
2018-02-28 07:19:50,0.00000397,16943.00000000
2018-02-28 07:19:50,0.00000396,15201.00000000
2018-02-28 07:19:50,0.00000396,14134.00000000
2018-02-28 07:19:50,0.00000395,82236.00000000
2018-02-28 07:19:51,0.00000397,1962.00000000
2018-02-28 07:19:51,0.00000397,12461.00000000
2018-02-28 07:19:51,0.00000396,3405.00000000
2018-02-28 07:19:51,0.00000396,18620.00000000
2018-02-28 07:19:51,0.00000396,11482.00000000
2018-02-28 07:19:51,0.00000396,99325.00000000
2018-02-28 07:19:51,0.00000396,21843.00000000
2018-02-28 07:19:51,0.00000396,21809.00000000
2018-02-28 07:19:51,0.00000396,21809.00000000
2018-02-28 07:19:51,0.00000396,1197.00000000
2018-02-28 07:19:51,0.00000396,2516.00000000
2018-02-28 07:19:51,0.00000396,18434.00000000
2018-02-28 07:19:51,0.00000396,120314.00000000
2018-02-28 07:19:52,0.00000396,216.00000000
2018-02-28 07:19:55,0.00000396,24975.00000000
2018-02-28 07:19:57,0.00000396,600.00000000
2018-02-28 07:19:58,0.00000396,2124.00000000
2018-02-28 07:19:59,0.00000397,12594.00000000
2018-02-28 07:20:04,0.00000396,47505.00000000
2018-02-28 07:20:05,0.00000396,2111.00000000
2018-02-28 07:20:12,0.00000396,5142.00000000
2018-02-28 07:20:13,0.00000396,76770.00000000
2018-02-28 07:20:17,0.00000396,2334.00000000
2018-02-28 07:20:17,0.00000396,171720.00000000
2018-02-28 07:20:30,0.00000396,70.00000000
2018-02-28 07:20:33,0.00000396,1500.00000000
2018-02-28 07:20:43,0.00000397,2518.00000000
2018-02-28 07:20:45,0.00000396,74821.00000000
2018-02-28 07:20:45,0.00000396,25252.00000000
2018-02-28 07:20:45,0.00000396,11500.00000000
2018-02-28 07:20:45,0.00000396,14156.00000000
2018-02-28 07:20:45,0.00000396,664.00000000
2018-02-28 07:20:47,0.00000396,7379.00000000
2018-02-28 07:20:51,0.00000396,1770.00000000
2018-02-28 07:20:52,0.00000397,25252.00000000
2018-02-28 07:20:52,0.00000397,80311.00000000
2018-02-28 07:20:54,0.00000396,1813.00000000
2018-02-28 07:20:58,0.00000396,12000.00000000
2018-02-28 07:21:04,0.00000396,500.00000000
2018-02-28 07:21:04,0.00000396,4397.00000000
2018-02-28 07:21:05,0.00000397,1251.00000000
2018-02-28 07:21:07,0.00000396,27235.00000000
2018-02-28 07:21:07,0.00000396,2521.00000000
2018-02-28 07:21:10,0.00000397,211624.00000000
2018-02-28 07:21:10,0.00000396,11956.00000000
2018-02-28 07:21:11,0.00000397,2947.00000000
2018-02-28 07:21:13,0.00000397,2461.00000000
2018-02-28 07:21:24,0.00000396,51155.00000000
2018-02-28 07:21:24,0.00000395,18098.00000000
2018-02-28 07:21:25,0.00000395,718.00000000
2018-02-28 07:21:26,0.00000396,6999.00000000
2018-02-28 07:21:27,0.00000397,25252.00000000
2018-02-28 07:21:27,0.00000397,79297.00000000
2018-02-28 07:21:29,0.00000396,18816.00000000
2018-02-28 07:21:29,0.00000397,5.00000000
2018-02-28 07:21:33,0.00000396,1741.00000000
2018-02-28 07:21:34,0.00000397,865.00000000
2018-02-28 07:21:34,0.00000397,2441.00000000
2018-02-28 07:21:36,0.00000396,2000.00000000
2018-02-28 07:21:36,0.00000396,6203.00000000
2018-02-28 07:21:41,0.00000396,13797.00000000
2018-02-28 07:21:42,0.00000396,1074.00000000
2018-02-28 07:21:43,0.00000396,379971.00000000
2018-02-28 07:21:44,0.00000397,1059.00000000
2018-02-28 07:21:47,0.00000397,2958.00000000
2018-02-28 07:21:56,0.00000396,438.00000000
2018-02-28 07:21:59,0.00000396,51.00000000
2018-02-28 07:21:59,0.00000397,1692.00000000
2018-02-28 07:21:59,0.00000396,29306.00000000
2018-02-28 07:22:07,0.00000396,26555.00000000
2018-02-28 07:22:07,0.00000396,117222.00000000
2018-02-28 07:22:10,0.00000397,300.00000000
2018-02-28 07:22:14,0.00000396,45.00000000
2018-02-28 07:22:14,0.00000396,26555.00000000
2018-02-28 07:22:21,0.00000396,15000.00000000
2018-02-28 07:22:24,0.00000396,24463.00000000
2018-02-28 07:22:28,0.00000397,2714.00000000
2018-02-28 07:22:29,0.00000396,1388.00000000
2018-02-28 07:22:29,0.00000396,170693.00000000
2018-02-28 07:22:36,0.00000396,12722.00000000
2018-02-28 07:22:36,0.00000395,2057.00000000
2018-02-28 07:22:40,0.00000396,408505.00000000
2018-02-28 07:22:43,0.00000396,7.00000000
2018-02-28 07:22:45,0.00000396,14618.00000000
2018-02-28 07:22:48,0.00000397,10000.00000000
2018-02-28 07:22:50,0.00000396,6589.00000000
2018-02-28 07:23:01,0.00000396,1168.00000000
2018-02-28 07:23:12,0.00000396,88822.00000000
2018-02-28 07:23:12,0.00000396,11772.00000000
2018-02-28 07:23:12,0.00000396,2519.00000000
2018-02-28 07:23:12,0.00000396,2671.00000000
2018-02-28 07:23:12,0.00000395,764.00000000
2018-02-28 07:23:12,0.00000396,411.00000000
2018-02-28 07:23:12,0.00000396,10460.00000000
2018-02-28 07:23:12,0.00000396,443.00000000
2018-02-28 07:23:25,0.00000396,10908.00000000
2018-02-28 07:23:25,0.00000396,10922.00000000
2018-02-28 07:23:25,0.00000396,842.00000000
2018-02-28 07:23:25,0.00000396,9941.00000000
2018-02-28 07:23:25,0.00000396,591063.00000000
2018-02-28 07:23:27,0.00000397,7704.00000000
2018-02-28 07:23:27,0.00000396,13494.00000000
2018-02-28 07:23:33,0.00000396,739.00000000
2018-02-28 07:23:36,0.00000396,12890.00000000
2018-02-28 07:23:51,0.00000396,33388.00000000
2018-02-28 07:23:52,0.00000396,1530.00000000
2018-02-28 07:23:52,0.00000396,119847.00000000
2018-02-28 07:24:00,0.00000396,12209.00000000
2018-02-28 07:24:14,0.00000396,380.00000000
2018-02-28 07:24:15,0.00000396,25000.00000000
2018-02-28 07:24:15,0.00000396,60152.00000000
2018-02-28 07:24:16,0.00000396,142000.00000000
2018-02-28 07:24:30,0.00000396,1262.00000000
2018-02-28 07:24:40,0.00000396,147919.00000000
2018-02-28 07:24:41,0.00000396,2430.00000000
2018-02-28 07:24:45,0.00000395,2960.00000000
2018-02-28 07:24:46,0.00000395,5000.00000000
2018-02-28 07:24:49,0.00000396,511.00000000
2018-02-28 07:24:49,0.00000396,1000.00000000
2018-02-28 07:24:51,0.00000395,32897.00000000
2018-02-28 07:24:59,0.00000395,1928.00000000
2018-02-28 07:25:00,0.00000395,328.00000000
2018-02-28 07:25:01,0.00000395,22946.00000000
2018-02-28 07:25:01,0.00000396,2782.00000000
2018-02-28 07:25:01,0.00000396,705.00000000
2018-02-28 07:25:04,0.00000397,155012.00000000
2018-02-28 07:25:04,0.00000396,2893.00000000
2018-02-28 07:25:09,0.00000396,2510.00000000
2018-02-28 07:25:13,0.00000396,308.00000000
2018-02-28 07:25:14,0.00000397,2240.00000000
2018-02-28 07:25:14,0.00000396,420.00000000
2018-02-28 07:25:16,0.00000396,49611.00000000
2018-02-28 07:25:19,0.00000396,940.00000000
2018-02-28 07:25:21,0.00000396,5000.00000000
2018-02-28 07:25:28,0.00000397,195835.00000000
2018-02-28 07:25:29,0.00000396,381.00000000
2018-02-28 07:25:29,0.00000396,1000.00000000
2018-02-28 07:25:30,0.00000396,18140.00000000
2018-02-28 07:25:33,0.00000397,84208.00000000
2018-02-28 07:25:34,0.00000397,2518.00000000
2018-02-28 07:25:38,0.00000397,660.00000000
2018-02-28 07:25:39,0.00000397,500.00000000
2018-02-28 07:25:41,0.00000396,1060.00000000
2018-02-28 07:25:46,0.00000396,29412.00000000
2018-02-28 07:25:47,0.00000397,167823.00000000
2018-02-28 07:25:48,0.00000396,1851.00000000
2018-02-28 07:25:49,0.00000396,11412.00000000
2018-02-28 07:25:49,0.00000396,2856.00000000
2018-02-28 07:25:51,0.00000397,88.00000000
2018-02-28 07:25:54,0.00000397,29.00000000
2018-02-28 07:25:54,0.00000396,1227.00000000
2018-02-28 07:25:58,0.00000396,271.00000000
2018-02-28 07:26:01,0.00000396,2022.00000000
2018-02-28 07:26:01,0.00000396,11208.00000000
2018-02-28 07:26:02,0.00000396,6231.00000000
2018-02-28 07:26:02,0.00000396,51332.00000000
2018-02-28 07:26:04,0.00000396,35614.00000000
2018-02-28 07:26:05,0.00000396,30400.00000000
2018-02-28 07:26:09,0.00000396,21144.00000000
2018-02-28 07:26:11,0.00000397,157067.00000000
2018-02-28 07:26:11,0.00000396,1479.00000000
2018-02-28 07:26:12,0.00000396,8079.00000000
2018-02-28 07:26:13,0.00000396,10339.00000000
2018-02-28 07:26:14,0.00000396,2024.00000000
2018-02-28 07:26:15,0.00000396,463.00000000
2018-02-28 07:26:19,0.00000396,2382.00000000
2018-02-28 07:26:26,0.00000397,330000.00000000
2018-02-28 07:26:34,0.00000396,500.00000000
2018-02-28 07:26:38,0.00000396,31149.00000000
2018-02-28 07:26:39,0.00000396,30864.00000000
2018-02-28 07:26:40,0.00000396,4112.00000000
2018-02-28 07:26:40,0.00000397,123194.00000000
2018-02-28 07:26:41,0.00000396,25000.00000000
2018-02-28 07:26:44,0.00000396,791.00000000
2018-02-28 07:26:44,0.00000396,48.00000000
2018-02-28 07:26:45,0.00000397,2481.00000000
2018-02-28 07:26:47,0.00000396,25356.00000000
2018-02-28 07:26:58,0.00000396,1143.00000000
2018-02-28 07:27:02,0.00000396,124508.00000000
2018-02-28 07:27:06,0.00000396,16275.00000000
2018-02-28 07:27:06,0.00000397,176467.00000000
2018-02-28 07:27:11,0.00000396,859.00000000
2018-02-28 07:27:13,0.00000397,129409.00000000
2018-02-28 07:27:23,0.00000397,548.00000000
2018-02-28 07:27:28,0.00000396,122235.00000000
2018-02-28 07:27:33,0.00000396,377.00000000
2018-02-28 07:27:43,0.00000397,529.00000000
2018-02-28 07:27:51,0.00000396,105216.00000000
2018-02-28 07:27:55,0.00000397,183.00000000
2018-02-28 07:28:02,0.00000396,13761.00000000
2018-02-28 07:28:04,0.00000397,11134.00000000
2018-02-28 07:28:05,0.00000397,18.00000000
2018-02-28 07:28:10,0.00000397,250.00000000
2018-02-28 07:28:11,0.00000396,2500.00000000
2018-02-28 07:28:14,0.00000396,11776.00000000
2018-02-28 07:28:15,0.00000397,1000.00000000
2018-02-28 07:28:15,0.00000397,157146.00000000
2018-02-28 07:28:15,0.00000396,62321.00000000
2018-02-28 07:28:15,0.00000396,265337.00000000
2018-02-28 07:28:15,0.00000396,6839.00000000
2018-02-28 07:28:16,0.00000396,1026.00000000
2018-02-28 07:28:16,0.00000396,8483.00000000
2018-02-28 07:28:16,0.00000396,16533.00000000
2018-02-28 07:28:16,0.00000396,156092.00000000
2018-02-28 07:28:17,0.00000396,676.00000000
2018-02-28 07:28:17,0.00000396,9943.00000000
2018-02-28 07:28:18,0.00000396,662.00000000
2018-02-28 07:28:21,0.00000396,11895.00000000
2018-02-28 07:28:22,0.00000396,14215.00000000
2018-02-28 07:28:23,0.00000396,11709.00000000
2018-02-28 07:28:24,0.00000396,2510.00000000
2018-02-28 07:28:24,0.00000396,20631.00000000
2018-02-28 07:28:24,0.00000396,9371.00000000
2018-02-28 07:28:25,0.00000396,4509.00000000
2018-02-28 07:28:33,0.00000396,2186.00000000
2018-02-28 07:28:33,0.00000395,28963.00000000
2018-02-28 07:28:35,0.00000396,206948.00000000
2018-02-28 07:28:36,0.00000395,13958.00000000
2018-02-28 07:28:40,0.00000395,179898.00000000
2018-02-28 07:28:48,0.00000395,9839.00000000
2018-02-28 07:28:48,0.00000396,252.00000000
2018-02-28 07:28:52,0.00000395,10000.00000000
2018-02-28 07:28:56,0.00000396,326.00000000
2018-02-28 07:28:59,0.00000396,990.00000000
2018-02-28 07:29:02,0.00000395,350.00000000
2018-02-28 07:29:03,0.00000395,2007.00000000
2018-02-28 07:29:03,0.00000395,529.00000000
2018-02-28 07:29:05,0.00000396,12017.00000000
2018-02-28 07:29:05,0.00000395,50000.00000000
2018-02-28 07:29:07,0.00000395,9990.00000000
2018-02-28 07:29:10,0.00000395,2090.00000000
2018-02-28 07:29:12,0.00000396,188039.00000000
2018-02-28 07:29:16,0.00000395,2513.00000000
2018-02-28 07:29:17,0.00000396,23424.00000000
2018-02-28 07:29:21,0.00000395,999.00000000
2018-02-28 07:29:22,0.00000395,1931.00000000
2018-02-28 07:29:25,0.00000396,2120.00000000
2018-02-28 07:29:31,0.00000395,20.00000000
2018-02-28 07:29:35,0.00000396,109689.00000000
2018-02-28 07:29:39,0.00000396,187920.00000000
2018-02-28 07:29:41,0.00000396,500.00000000
2018-02-28 07:29:53,0.00000395,27727.00000000
2018-02-28 07:29:59,0.00000396,160222.00000000
2018-02-28 07:30:00,0.00000395,1508.00000000
2018-02-28 07:30:04,0.00000396,636.00000000
2018-02-28 07:30:14,0.00000396,3.00000000
2018-02-28 07:30:16,0.00000396,1667.00000000
2018-02-28 07:30:20,0.00000396,2585.00000000
2018-02-28 07:30:26,0.00000396,823.00000000
2018-02-28 07:30:27,0.00000395,451.00000000
2018-02-28 07:30:30,0.00000395,145028.00000000
2018-02-28 07:30:31,0.00000395,65.00000000
2018-02-28 07:30:32,0.00000395,260.00000000
2018-02-28 07:30:42,0.00000395,4536.00000000
2018-02-28 07:30:44,0.00000395,1999.00000000
2018-02-28 07:30:45,0.00000395,2000.00000000
2018-02-28 07:30:51,0.00000395,50871.00000000
2018-02-28 07:30:54,0.00000396,139307.00000000
2018-02-28 07:30:57,0.00000395,418.00000000
2018-02-28 07:30:57,0.00000396,7232.00000000
2018-02-28 07:30:58,0.00000395,3774.00000000
2018-02-28 07:30:58,0.00000396,915.00000000
2018-02-28 07:31:00,0.00000396,3106.00000000
2018-02-28 07:31:06,0.00000396,930.00000000
2018-02-28 07:31:06,0.00000396,76005.00000000
2018-02-28 07:31:06,0.00000395,29762.00000000
2018-02-28 07:31:07,0.00000396,4000.00000000
2018-02-28 07:31:11,0.00000396,24100.00000000
2018-02-28 07:31:12,0.00000396,24530.00000000
2018-02-28 07:31:14,0.00000395,6000.00000000
2018-02-28 07:31:19,0.00000396,209867.00000000
2018-02-28 07:31:20,0.00000395,835.00000000
2018-02-28 07:31:21,0.00000395,3292.00000000
2018-02-28 07:31:22,0.00000395,9053.00000000
2018-02-28 07:31:25,0.00000396,2505.00000000
2018-02-28 07:31:30,0.00000396,575.00000000
2018-02-28 07:31:30,0.00000396,1.00000000
2018-02-28 07:31:30,0.00000395,1902.00000000
2018-02-28 07:31:33,0.00000396,1720.00000000
2018-02-28 07:31:34,0.00000396,255.00000000
2018-02-28 07:31:37,0.00000396,396.00000000
2018-02-28 07:31:37,0.00000395,1598.00000000
2018-02-28 07:31:38,0.00000395,5884.00000000
2018-02-28 07:31:39,0.00000395,4814.00000000
2018-02-28 07:31:40,0.00000395,25316.00000000
2018-02-28 07:31:40,0.00000395,19341.00000000
2018-02-28 07:31:41,0.00000396,485700.00000000
2018-02-28 07:31:43,0.00000395,2054.00000000
2018-02-28 07:31:44,0.00000396,524.00000000
2018-02-28 07:31:51,0.00000395,10866.00000000
2018-02-28 07:31:54,0.00000395,2100.00000000
2018-02-28 07:31:58,0.00000395,5062.00000000
2018-02-28 07:32:03,0.00000395,321.00000000
2018-02-28 07:32:03,0.00000396,176064.00000000
2018-02-28 07:32:20,0.00000396,9879.00000000
2018-02-28 07:32:28,0.00000395,2000.00000000
2018-02-28 07:32:32,0.00000395,215872.00000000
2018-02-28 07:32:36,0.00000395,3798.00000000
2018-02-28 07:32:37,0.00000395,112327.00000000
2018-02-28 07:32:44,0.00000396,292.00000000
2018-02-28 07:32:55,0.00000395,177803.00000000
2018-02-28 07:32:56,0.00000395,1008.00000000
2018-02-28 07:32:57,0.00000395,9053.00000000
2018-02-28 07:33:01,0.00000395,20684.00000000
2018-02-28 07:33:04,0.00000396,4671.00000000
2018-02-28 07:33:09,0.00000395,25316.00000000
2018-02-28 07:33:09,0.00000395,14053.00000000
2018-02-28 07:33:17,0.00000395,2574.00000000
2018-02-28 07:33:19,0.00000395,1566.00000000
2018-02-28 07:33:19,0.00000395,485953.00000000
2018-02-28 07:33:23,0.00000395,112257.00000000
2018-02-28 07:33:34,0.00000396,9445.00000000
2018-02-28 07:33:34,0.00000396,236.00000000
2018-02-28 07:33:39,0.00000395,761.00000000
2018-02-28 07:33:44,0.00000395,113401.00000000
2018-02-28 07:33:46,0.00000395,5000.00000000
2018-02-28 07:33:50,0.00000396,125245.00000000
2018-02-28 07:33:50,0.00000395,19887.00000000
2018-02-28 07:34:05,0.00000396,77.00000000
2018-02-28 07:34:06,0.00000396,5058.00000000
2018-02-28 07:34:06,0.00000396,16476.00000000
2018-02-28 07:34:07,0.00000396,12626.00000000
2018-02-28 07:34:07,0.00000396,15015.00000000
2018-02-28 07:34:08,0.00000396,6890.00000000
2018-02-28 07:34:17,0.00000395,5882.00000000
2018-02-28 07:34:18,0.00000396,150912.00000000
2018-02-28 07:34:24,0.00000396,10000.00000000
2018-02-28 07:34:31,0.00000396,1590.00000000
2018-02-28 07:34:39,0.00000395,500.00000000
2018-02-28 07:34:42,0.00000395,790196.00000000
2018-02-28 07:34:46,0.00000395,124975.00000000
2018-02-28 07:34:47,0.00000395,3451.00000000
2018-02-28 07:34:57,0.00000395,11620.00000000
2018-02-28 07:35:04,0.00000395,35867.00000000
2018-02-28 07:35:08,0.00000395,452.00000000
2018-02-28 07:35:11,0.00000395,106864.00000000
2018-02-28 07:35:12,0.00000395,68813.00000000
2018-02-28 07:35:13,0.00000395,1751.00000000
2018-02-28 07:35:19,0.00000395,1000.00000000
2018-02-28 07:35:23,0.00000395,5243.00000000
2018-02-28 07:35:23,0.00000395,16067.00000000
2018-02-28 07:35:24,0.00000395,9440.00000000
2018-02-28 07:35:34,0.00000395,20667.00000000
2018-02-28 07:35:36,0.00000394,170705.00000000
2018-02-28 07:35:38,0.00000394,541.00000000
2018-02-28 07:35:42,0.00000394,432.00000000
2018-02-28 07:35:43,0.00000394,400.00000000
2018-02-28 07:35:50,0.00000395,1030.00000000
2018-02-28 07:35:55,0.00000394,43023.00000000
2018-02-28 07:35:56,0.00000395,300.00000000
2018-02-28 07:35:57,0.00000395,71.00000000
2018-02-28 07:35:58,0.00000395,122614.00000000
2018-02-28 07:35:59,0.00000395,1982.00000000
2018-02-28 07:36:03,0.00000394,4591.00000000
2018-02-28 07:36:06,0.00000394,1077.00000000
2018-02-28 07:36:11,0.00000394,21403.00000000
2018-02-28 07:36:18,0.00000395,670.00000000
2018-02-28 07:36:20,0.00000394,9869.00000000
2018-02-28 07:36:29,0.00000395,119849.00000000
2018-02-28 07:36:29,0.00000394,7998.00000000
2018-02-28 07:36:32,0.00000394,4021.00000000
2018-02-28 07:36:51,0.00000395,198286.00000000
2018-02-28 07:36:55,0.00000394,284.00000000
2018-02-28 07:37:13,0.00000395,211187.00000000
2018-02-28 07:37:19,0.00000395,3468.00000000
2018-02-28 07:37:20,0.00000394,914.00000000
2018-02-28 07:37:23,0.00000395,306248.00000000
2018-02-28 07:37:24,0.00000395,1142.00000000
2018-02-28 07:37:34,0.00000395,7898.00000000
2018-02-28 07:37:34,0.00000396,6738.00000000
2018-02-28 07:37:42,0.00000395,56587.00000000
2018-02-28 07:37:43,0.00000395,1297.00000000
2018-02-28 07:37:43,0.00000395,169956.00000000
2018-02-28 07:37:44,0.00000395,3069.00000000
2018-02-28 07:37:44,0.00000395,2080.00000000
2018-02-28 07:37:44,0.00000395,500.00000000
2018-02-28 07:37:45,0.00000395,9064.00000000
2018-02-28 07:37:46,0.00000395,8220.00000000
2018-02-28 07:37:46,0.00000395,4490.00000000
2018-02-28 07:37:48,0.00000396,6167.00000000
2018-02-28 07:37:50,0.00000395,3711.00000000
2018-02-28 07:37:53,0.00000396,949.00000000
2018-02-28 07:37:55,0.00000395,4380.00000000
2018-02-28 07:37:57,0.00000395,5809.00000000
2018-02-28 07:37:59,0.00000395,300.00000000
2018-02-28 07:37:59,0.00000395,17413.00000000
2018-02-28 07:38:08,0.00000395,829.00000000
2018-02-28 07:38:11,0.00000395,2786.00000000
2018-02-28 07:38:12,0.00000395,8827.00000000
2018-02-28 07:38:14,0.00000395,5686.00000000
2018-02-28 07:38:15,0.00000395,2029.00000000
2018-02-28 07:38:15,0.00000395,1357.00000000
2018-02-28 07:38:15,0.00000395,9487.00000000
2018-02-28 07:38:15,0.00000395,161537.00000000
2018-02-28 07:38:18,0.00000395,1528.00000000
2018-02-28 07:38:22,0.00000395,7959.00000000
2018-02-28 07:38:29,0.00000395,4041.00000000
2018-02-28 07:38:31,0.00000395,8105.00000000
2018-02-28 07:38:31,0.00000395,75.00000000
2018-02-28 07:38:49,0.00000395,10040.00000000
2018-02-28 07:38:50,0.00000395,65765.00000000
2018-02-28 07:38:50,0.00000395,1621.00000000
2018-02-28 07:38:50,0.00000395,6687.00000000
2018-02-28 07:38:51,0.00000395,5721.00000000
2018-02-28 07:38:52,0.00000396,157891.00000000
2018-02-28 07:39:01,0.00000395,4550.00000000
2018-02-28 07:39:02,0.00000395,500.00000000
2018-02-28 07:39:05,0.00000396,1251.00000000
2018-02-28 07:39:08,0.00000396,1624139.00000000
2018-02-28 07:39:08,0.00000396,75638.00000000
2018-02-28 07:39:08,0.00000396,84454.00000000
2018-02-28 07:39:08,0.00000395,75638.00000000
2018-02-28 07:39:08,0.00000395,2530.00000000
2018-02-28 07:39:08,0.00000396,4715.00000000
2018-02-28 07:39:10,0.00000396,45285.00000000
2018-02-28 07:39:10,0.00000396,365954.00000000
2018-02-28 07:39:10,0.00000395,2524.00000000
2018-02-28 07:39:11,0.00000396,500.00000000
2018-02-28 07:39:11,0.00000397,8816.00000000
2018-02-28 07:39:12,0.00000397,24038.00000000
2018-02-28 07:39:15,0.00000396,2800.00000000
2018-02-28 07:39:15,0.00000397,414811.00000000
2018-02-28 07:39:15,0.00000398,185177.00000000
2018-02-28 07:39:16,0.00000395,162292.00000000
2018-02-28 07:39:16,0.00000395,27552.00000000
2018-02-28 07:39:16,0.00000396,2524.00000000
2018-02-28 07:39:17,0.00000397,1005.00000000
2018-02-28 07:39:17,0.00000397,2500.00000000
2018-02-28 07:39:17,0.00000397,3405.00000000
2018-02-28 07:39:17,0.00000397,2507.00000000
2018-02-28 07:39:17,0.00000397,1074.00000000
2018-02-28 07:39:17,0.00000397,1005.00000000
2018-02-28 07:39:17,0.00000397,13203.00000000
2018-02-28 07:39:17,0.00000397,2517.00000000
2018-02-28 07:39:18,0.00000397,2800.00000000
2018-02-28 07:39:18,0.00000397,697.00000000
2018-02-28 07:39:18,0.00000397,1595.00000000
2018-02-28 07:39:18,0.00000397,2523.00000000
2018-02-28 07:39:19,0.00000397,4244.00000000
2018-02-28 07:39:19,0.00000397,9860.00000000
2018-02-28 07:39:19,0.00000397,1474.00000000
2018-02-28 07:39:20,0.00000397,5006.00000000
2018-02-28 07:39:20,0.00000396,11048.00000000
2018-02-28 07:39:20,0.00000396,366.00000000
2018-02-28 07:39:21,0.00000397,307.00000000
2018-02-28 07:39:24,0.00000397,767.00000000
2018-02-28 07:39:26,0.00000397,3979.00000000
2018-02-28 07:39:27,0.00000397,24407.00000000
2018-02-28 07:39:27,0.00000398,18606.00000000
2018-02-28 07:39:28,0.00000398,14255.00000000
2018-02-28 07:39:30,0.00000397,678.00000000
2018-02-28 07:39:30,0.00000397,2526.00000000
2018-02-28 07:39:31,0.00000397,3274.00000000
2018-02-28 07:39:33,0.00000397,376.00000000
2018-02-28 07:39:34,0.00000397,21538.00000000
2018-02-28 07:39:34,0.00000396,14255.00000000
2018-02-28 07:39:35,0.00000397,498010.00000000
2018-02-28 07:39:38,0.00000397,3474.00000000
2018-02-28 07:39:39,0.00000397,3000.00000000
2018-02-28 07:39:40,0.00000396,4723.00000000
2018-02-28 07:39:42,0.00000396,2560.00000000
2018-02-28 07:39:49,0.00000397,1244.00000000
2018-02-28 07:39:52,0.00000397,2373.00000000
2018-02-28 07:39:53,0.00000397,1706.00000000
2018-02-28 07:39:58,0.00000396,5735.00000000
2018-02-28 07:40:04,0.00000396,138018.00000000
2018-02-28 07:40:08,0.00000396,2482.00000000
2018-02-28 07:40:09,0.00000397,25840.00000000
2018-02-28 07:40:10,0.00000397,8.00000000
2018-02-28 07:40:14,0.00000397,121152.00000000
2018-02-28 07:40:14,0.00000396,122370.00000000
2018-02-28 07:40:15,0.00000396,16.00000000
2018-02-28 07:40:15,0.00000396,933.00000000
2018-02-28 07:40:16,0.00000396,5000.00000000
2018-02-28 07:40:20,0.00000397,2762.00000000
2018-02-28 07:40:22,0.00000397,8105.00000000
2018-02-28 07:40:24,0.00000397,25033.00000000
2018-02-28 07:40:29,0.00000396,290.00000000
2018-02-28 07:40:35,0.00000397,465.00000000
2018-02-28 07:40:37,0.00000396,209122.00000000
2018-02-28 07:40:41,0.00000397,27009.00000000
2018-02-28 07:40:44,0.00000397,17056.00000000
2018-02-28 07:40:49,0.00000396,299782.00000000
2018-02-28 07:40:49,0.00000397,11369.00000000
2018-02-28 07:40:50,0.00000397,5881.00000000
2018-02-28 07:40:50,0.00000397,857.00000000
2018-02-28 07:40:51,0.00000397,11739.00000000
2018-02-28 07:40:57,0.00000396,2482.00000000
2018-02-28 07:40:58,0.00000397,22486.00000000
2018-02-28 07:41:00,0.00000397,25000.00000000
2018-02-28 07:41:01,0.00000397,259.00000000
2018-02-28 07:41:03,0.00000396,137680.00000000
2018-02-28 07:41:05,0.00000397,2087.00000000
2018-02-28 07:41:07,0.00000396,3322.00000000
2018-02-28 07:41:21,0.00000396,500.00000000
2018-02-28 07:41:24,0.00000397,175876.00000000
2018-02-28 07:41:34,0.00000397,8566.00000000
2018-02-28 07:41:35,0.00000397,3331.00000000
2018-02-28 07:41:38,0.00000397,31071.00000000
2018-02-28 07:41:39,0.00000397,6484.00000000
2018-02-28 07:41:42,0.00000397,23209.00000000
2018-02-28 07:41:47,0.00000397,28165.00000000
2018-02-28 07:41:48,0.00000397,203256.00000000
2018-02-28 07:41:50,0.00000397,8617.00000000
2018-02-28 07:41:50,0.00000397,2523.00000000
2018-02-28 07:41:56,0.00000396,272.00000000
2018-02-28 07:42:13,0.00000397,130908.00000000
2018-02-28 07:42:13,0.00000397,17462.00000000
2018-02-28 07:42:22,0.00000397,10978.00000000
2018-02-28 07:42:23,0.00000397,9098.00000000
2018-02-28 07:42:27,0.00000396,114156.00000000
2018-02-28 07:42:40,0.00000396,193881.00000000
2018-02-28 07:42:52,0.00000396,1780.00000000
2018-02-28 07:42:57,0.00000397,2000.00000000
2018-02-28 07:42:57,0.00000396,73243.00000000
2018-02-28 07:43:05,0.00000396,193046.00000000
2018-02-28 07:43:12,0.00000396,407.00000000
2018-02-28 07:43:13,0.00000396,105208.00000000
2018-02-28 07:43:32,0.00000397,126830.00000000
2018-02-28 07:43:34,0.00000396,2809.00000000
2018-02-28 07:43:41,0.00000397,1367.00000000
2018-02-28 07:43:52,0.00000397,2899.00000000
2018-02-28 07:43:53,0.00000396,1401.00000000
2018-02-28 07:43:57,0.00000396,212627.00000000
2018-02-28 07:44:11,0.00000396,282839.00000000
2018-02-28 07:44:11,0.00000396,27161.00000000
2018-02-28 07:44:11,0.00000396,2519.00000000
2018-02-28 07:44:11,0.00000396,9586.00000000
2018-02-28 07:44:12,0.00000396,2519.00000000
2018-02-28 07:44:12,0.00000396,7376.00000000
2018-02-28 07:44:13,0.00000396,24038.00000000
2018-02-28 07:44:13,0.00000397,24038.00000000
2018-02-28 07:44:20,0.00000396,26729.00000000
2018-02-28 07:44:20,0.00000396,75564.00000000
2018-02-28 07:44:29,0.00000396,2666.00000000
2018-02-28 07:44:36,0.00000396,5000.00000000
2018-02-28 07:44:46,0.00000397,119958.00000000
2018-02-28 07:44:50,0.00000396,27009.00000000
2018-02-28 07:44:50,0.00000397,10993.00000000
2018-02-28 07:44:51,0.00000396,5419.00000000
2018-02-28 07:44:51,0.00000395,6228.00000000
2018-02-28 07:44:53,0.00000396,3064.00000000
2018-02-28 07:45:05,0.00000396,7411.00000000
2018-02-28 07:45:08,0.00000397,5020.00000000
2018-02-28 07:45:11,0.00000397,213892.00000000
2018-02-28 07:45:15,0.00000396,8562.00000000
2018-02-28 07:45:15,0.00000396,6931.00000000
2018-02-28 07:45:18,0.00000397,19242.00000000
2018-02-28 07:45:18,0.00000396,802.00000000
2018-02-28 07:45:28,0.00000396,6000.00000000
2018-02-28 07:45:31,0.00000396,1000.00000000
2018-02-28 07:45:32,0.00000396,168545.00000000
2018-02-28 07:45:34,0.00000396,1000.00000000
2018-02-28 07:45:34,0.00000396,10001.00000000
2018-02-28 07:45:52,0.00000396,6478.00000000
2018-02-28 07:45:55,0.00000397,206526.00000000
2018-02-28 07:46:01,0.00000397,2122.00000000
2018-02-28 07:46:10,0.00000397,5809.00000000
2018-02-28 07:46:13,0.00000397,2001.00000000
2018-02-28 07:46:18,0.00000396,2196.00000000
2018-02-28 07:46:19,0.00000396,17902.00000000
2018-02-28 07:46:20,0.00000396,4449.00000000
2018-02-28 07:46:25,0.00000396,142612.00000000
2018-02-28 07:46:25,0.00000396,17426.00000000
2018-02-28 07:46:26,0.00000396,17413.00000000
2018-02-28 07:46:36,0.00000396,24472.00000000
2018-02-28 07:46:36,0.00000396,1023.00000000
2018-02-28 07:46:36,0.00000396,442138.00000000
2018-02-28 07:46:36,0.00000397,2460.00000000
2018-02-28 07:46:43,0.00000396,402.00000000
2018-02-28 07:46:46,0.00000397,1173.00000000
2018-02-28 07:46:55,0.00000397,1796.00000000
2018-02-28 07:46:59,0.00000396,1052.00000000
2018-02-28 07:46:59,0.00000396,168795.00000000
2018-02-28 07:46:59,0.00000396,12382.00000000
2018-02-28 07:47:01,0.00000397,7252.00000000
2018-02-28 07:47:14,0.00000396,500.00000000
2018-02-28 07:47:20,0.00000396,140742.00000000
2018-02-28 07:47:25,0.00000396,11544.00000000
2018-02-28 07:47:25,0.00000397,10002.00000000
2018-02-28 07:47:29,0.00000396,1977.00000000
2018-02-28 07:47:31,0.00000397,771.00000000
2018-02-28 07:47:31,0.00000396,928.00000000
2018-02-28 07:47:34,0.00000396,24768.00000000
2018-02-28 07:47:36,0.00000397,8.00000000
2018-02-28 07:47:37,0.00000396,5477.00000000
2018-02-28 07:47:42,0.00000396,14991.00000000
2018-02-28 07:47:47,0.00000396,57369.00000000
2018-02-28 07:47:47,0.00000396,157257.00000000
2018-02-28 07:47:56,0.00000396,641145.00000000
2018-02-28 07:47:59,0.00000396,15870.00000000
2018-02-28 07:48:09,0.00000396,2312.00000000
2018-02-28 07:48:10,0.00000396,4289.00000000
2018-02-28 07:48:10,0.00000396,31648.00000000
2018-02-28 07:48:12,0.00000396,107570.00000000
2018-02-28 07:48:17,0.00000396,5025.00000000
2018-02-28 07:48:18,0.00000396,1133.00000000
2018-02-28 07:48:21,0.00000396,2800.00000000
2018-02-28 07:48:21,0.00000396,4555.00000000
2018-02-28 07:48:21,0.00000396,2471.00000000
2018-02-28 07:48:23,0.00000395,1059.00000000
2018-02-28 07:48:24,0.00000396,500.00000000
2018-02-28 07:48:24,0.00000395,190135.00000000
2018-02-28 07:48:32,0.00000395,929.00000000
2018-02-28 07:48:36,0.00000395,1000.00000000
2018-02-28 07:48:38,0.00000396,4332.00000000
2018-02-28 07:48:40,0.00000396,2053.00000000
2018-02-28 07:48:41,0.00000395,3075.00000000
2018-02-28 07:48:42,0.00000396,16673.00000000
2018-02-28 07:48:43,0.00000395,110044.00000000
2018-02-28 07:48:45,0.00000396,7624.00000000
2018-02-28 07:48:46,0.00000396,389299.00000000
2018-02-28 07:48:47,0.00000396,110044.00000000
2018-02-28 07:48:52,0.00000396,10.00000000
2018-02-28 07:48:54,0.00000396,1097.00000000
2018-02-28 07:49:04,0.00000396,5004.00000000
2018-02-28 07:49:05,0.00000396,8741.00000000
2018-02-28 07:49:09,0.00000396,433827.00000000
2018-02-28 07:49:15,0.00000396,1936.00000000
2018-02-28 07:49:21,0.00000396,5000.00000000
2018-02-28 07:49:22,0.00000395,500.00000000
2018-02-28 07:49:28,0.00000396,28835.00000000
2018-02-28 07:49:33,0.00000396,1214.00000000
2018-02-28 07:49:34,0.00000396,127034.00000000
2018-02-28 07:49:37,0.00000397,12895.00000000
2018-02-28 07:49:42,0.00000397,3739.00000000
2018-02-28 07:49:51,0.00000396,1117.00000000
2018-02-28 07:49:51,0.00000397,252.00000000
2018-02-28 07:49:57,0.00000397,870.00000000
2018-02-28 07:50:05,0.00000397,194500.00000000
2018-02-28 07:50:07,0.00000397,195384.00000000
2018-02-28 07:50:09,0.00000396,16832.00000000
2018-02-28 07:50:20,0.00000397,199.00000000
2018-02-28 07:50:20,0.00000396,1998.00000000
2018-02-28 07:50:30,0.00000397,187585.00000000
2018-02-28 07:50:33,0.00000396,9098.00000000
2018-02-28 07:50:35,0.00000397,38920.00000000
2018-02-28 07:50:41,0.00000396,300.00000000
2018-02-28 07:50:48,0.00000396,18111.00000000
2018-02-28 07:50:52,0.00000397,137072.00000000
2018-02-28 07:50:58,0.00000396,935.00000000
2018-02-28 07:51:07,0.00000396,1298.00000000
2018-02-28 07:51:09,0.00000396,1388.00000000
2018-02-28 07:51:10,0.00000396,430.00000000
2018-02-28 07:51:17,0.00000397,190446.00000000
2018-02-28 07:51:19,0.00000396,8533.00000000
2018-02-28 07:51:20,0.00000396,2365.00000000
2018-02-28 07:51:21,0.00000397,2496.00000000
2018-02-28 07:51:25,0.00000396,8191.00000000
2018-02-28 07:51:28,0.00000397,65840.00000000
2018-02-28 07:51:35,0.00000397,7417.00000000
2018-02-28 07:51:38,0.00000397,127164.00000000
2018-02-28 07:51:44,0.00000396,1262.00000000
2018-02-28 07:51:47,0.00000397,1610.00000000
2018-02-28 07:51:51,0.00000396,4086.00000000
2018-02-28 07:52:01,0.00000396,350.00000000
2018-02-28 07:52:03,0.00000396,168457.00000000
2018-02-28 07:52:06,0.00000397,349.00000000
2018-02-28 07:52:06,0.00000396,1000.00000000
2018-02-28 07:52:19,0.00000396,891.00000000
2018-02-28 07:52:27,0.00000397,4.00000000
2018-02-28 07:52:28,0.00000397,127377.00000000
2018-02-28 07:52:29,0.00000397,523.00000000
2018-02-28 07:52:30,0.00000397,5469.00000000
2018-02-28 07:52:32,0.00000396,5810.00000000
2018-02-28 07:52:41,0.00000396,330.00000000
2018-02-28 07:52:44,0.00000396,1963.00000000
2018-02-28 07:52:45,0.00000396,7056.00000000
2018-02-28 07:52:45,0.00000396,1265.00000000
2018-02-28 07:52:47,0.00000396,271.00000000
2018-02-28 07:52:55,0.00000396,127681.00000000
2018-02-28 07:53:03,0.00000396,3216.00000000
2018-02-28 07:53:09,0.00000397,197.00000000
2018-02-28 07:53:17,0.00000397,10846.00000000
2018-02-28 07:53:20,0.00000396,153488.00000000
2018-02-28 07:53:31,0.00000396,17.00000000
2018-02-28 07:53:34,0.00000396,44549.00000000
2018-02-28 07:53:35,0.00000396,10161.00000000
2018-02-28 07:53:47,0.00000396,202432.00000000
2018-02-28 07:53:51,0.00000396,181761.00000000
2018-02-28 07:54:03,0.00000396,2462.00000000
2018-02-28 07:54:10,0.00000396,2481.00000000
2018-02-28 07:54:13,0.00000396,14304.00000000
2018-02-28 07:54:18,0.00000396,19203.00000000
2018-02-28 07:54:20,0.00000397,119983.00000000
2018-02-28 07:54:36,0.00000397,387.00000000
2018-02-28 07:54:37,0.00000397,149593.00000000
2018-02-28 07:54:37,0.00000397,23881.00000000
2018-02-28 07:54:42,0.00000396,1000.00000000
2018-02-28 07:54:44,0.00000396,2524.00000000
2018-02-28 07:54:45,0.00000396,8220.00000000
2018-02-28 07:54:57,0.00000396,159264.00000000
2018-02-28 07:54:58,0.00000396,46476.00000000
2018-02-28 07:55:05,0.00000396,1437.00000000
2018-02-28 07:55:09,0.00000396,21745.00000000
2018-02-28 07:55:15,0.00000396,25894.00000000
2018-02-28 07:55:25,0.00000396,1129.00000000
2018-02-28 07:55:30,0.00000396,113561.00000000
2018-02-28 07:55:32,0.00000396,5000.00000000
2018-02-28 07:55:35,0.00000397,5741.00000000
2018-02-28 07:55:40,0.00000397,94.00000000
2018-02-28 07:55:44,0.00000397,3334.00000000
2018-02-28 07:55:47,0.00000396,822.00000000
2018-02-28 07:55:51,0.00000396,637.00000000
2018-02-28 07:55:53,0.00000396,25252.00000000
2018-02-28 07:55:53,0.00000396,10530.00000000
2018-02-28 07:55:54,0.00000396,5000.00000000
2018-02-28 07:55:55,0.00000396,2262.00000000
2018-02-28 07:55:55,0.00000397,135617.00000000
2018-02-28 07:55:58,0.00000397,25000.00000000
2018-02-28 07:56:00,0.00000397,5.00000000
2018-02-28 07:56:00,0.00000396,4047.00000000
2018-02-28 07:56:01,0.00000396,3790.00000000
2018-02-28 07:56:04,0.00000396,616.00000000
2018-02-28 07:56:06,0.00000396,13000.00000000
2018-02-28 07:56:07,0.00000396,2732.00000000
2018-02-28 07:56:09,0.00000396,1264.00000000
2018-02-28 07:56:10,0.00000396,5359.00000000
2018-02-28 07:56:10,0.00000396,2527.00000000
2018-02-28 07:56:13,0.00000396,38629.00000000
2018-02-28 07:56:14,0.00000397,4500.00000000
2018-02-28 07:56:15,0.00000396,2500.00000000
2018-02-28 07:56:15,0.00000396,274.00000000
2018-02-28 07:56:18,0.00000397,23426.00000000
2018-02-28 07:56:20,0.00000396,5129.00000000
2018-02-28 07:56:20,0.00000396,287.00000000
2018-02-28 07:56:24,0.00000397,146457.00000000
2018-02-28 07:56:26,0.00000396,1297.00000000
2018-02-28 07:56:26,0.00000397,3023.00000000
2018-02-28 07:56:27,0.00000396,1000.00000000
2018-02-28 07:56:37,0.00000396,2537.00000000
2018-02-28 07:56:39,0.00000396,3217.00000000
2018-02-28 07:56:41,0.00000396,35970.00000000
2018-02-28 07:56:44,0.00000396,5969.00000000
2018-02-28 07:56:44,0.00000396,114945.00000000
2018-02-28 07:56:52,0.00000397,11073.00000000
2018-02-28 07:56:57,0.00000396,507.00000000
2018-02-28 07:56:57,0.00000396,1048.00000000
2018-02-28 07:56:58,0.00000397,467.00000000
2018-02-28 07:57:04,0.00000396,390.00000000
2018-02-28 07:57:05,0.00000396,30031.00000000
2018-02-28 07:57:07,0.00000396,3459.00000000
2018-02-28 07:57:08,0.00000396,191473.00000000
2018-02-28 07:57:09,0.00000396,262900.00000000
2018-02-28 07:57:10,0.00000396,50.00000000
2018-02-28 07:57:12,0.00000396,1151.00000000
2018-02-28 07:57:13,0.00000396,4994.00000000
2018-02-28 07:57:14,0.00000396,25252.00000000
2018-02-28 07:57:14,0.00000396,41597.00000000
2018-02-28 07:57:19,0.00000397,3000.00000000
2018-02-28 07:57:22,0.00000396,4377.00000000
2018-02-28 07:57:30,0.00000396,2000.00000000
2018-02-28 07:57:31,0.00000397,2518.00000000
2018-02-28 07:57:34,0.00000396,154684.00000000
2018-02-28 07:57:34,0.00000397,926.00000000
2018-02-28 07:57:35,0.00000396,962.00000000
2018-02-28 07:57:35,0.00000396,34.00000000
2018-02-28 07:57:38,0.00000396,57211.00000000
2018-02-28 07:57:41,0.00000396,999.00000000
2018-02-28 07:57:41,0.00000396,2839.00000000
2018-02-28 07:57:41,0.00000396,52188.00000000
2018-02-28 07:57:42,0.00000396,2712.00000000
2018-02-28 07:57:46,0.00000396,7000.00000000
2018-02-28 07:57:47,0.00000396,7375.00000000
2018-02-28 07:57:54,0.00000397,550.00000000
2018-02-28 07:57:57,0.00000396,33453.00000000
2018-02-28 07:58:00,0.00000396,5000.00000000
2018-02-28 07:58:01,0.00000396,10317.00000000
2018-02-28 07:58:02,0.00000396,164390.00000000
2018-02-28 07:58:07,0.00000396,35338.00000000
2018-02-28 07:58:09,0.00000396,20279.00000000
2018-02-28 07:58:14,0.00000396,411.00000000
2018-02-28 07:58:16,0.00000396,16831.00000000
2018-02-28 07:58:20,0.00000396,25252.00000000
2018-02-28 07:58:20,0.00000396,12988.00000000
2018-02-28 07:58:20,0.00000396,72217.00000000
2018-02-28 07:58:24,0.00000396,147888.00000000
2018-02-28 07:58:27,0.00000396,3.00000000
2018-02-28 07:58:32,0.00000396,2660.00000000
2018-02-28 07:58:37,0.00000395,2526.00000000
2018-02-28 07:58:38,0.00000396,57704.00000000
2018-02-28 07:58:39,0.00000396,1000.00000000
2018-02-28 07:58:46,0.00000395,155294.00000000
2018-02-28 07:58:48,0.00000395,8161.00000000
2018-02-28 07:58:51,0.00000396,253.00000000
2018-02-28 07:58:51,0.00000396,27238.00000000
2018-02-28 07:59:03,0.00000395,172977.00000000
2018-02-28 07:59:21,0.00000395,6135.00000000
2018-02-28 07:59:24,0.00000395,701.00000000
2018-02-28 07:59:25,0.00000395,2771.00000000
2018-02-28 07:59:25,0.00000395,80902.00000000
2018-02-28 07:59:26,0.00000396,1262.00000000
2018-02-28 07:59:27,0.00000395,521.00000000
2018-02-28 07:59:28,0.00000396,255.00000000
2018-02-28 07:59:28,0.00000395,205037.00000000
2018-02-28 07:59:31,0.00000395,6012.00000000
2018-02-28 07:59:35,0.00000395,14185.00000000
2018-02-28 07:59:36,0.00000395,630.00000000
2018-02-28 07:59:41,0.00000395,549.00000000
2018-02-28 07:59:52,0.00000395,196799.00000000
