DATE,PRICE,VOLUME
2018-02-23 11:00:00,0.00104980,185.37000000
2018-02-23 11:00:00,0.00105000,61.85000000
2018-02-23 11:00:00,0.00104860,1.92000000
2018-02-23 11:00:01,0.00104990,0.89000000
2018-02-23 11:00:01,0.00104990,1.42000000
2018-02-23 11:00:02,0.00104990,0.23000000
2018-02-23 11:00:02,0.00104990,21.80000000
2018-02-23 11:00:02,0.00105000,224.00000000
2018-02-23 11:00:02,0.00104860,2.99000000
2018-02-23 11:00:02,0.00104800,15.83000000
2018-02-23 11:00:03,0.00104890,315.29000000
2018-02-23 11:00:05,0.00104880,3.35000000
2018-02-23 11:00:05,0.00104800,191.65000000
2018-02-23 11:00:06,0.00104810,10.80000000
2018-02-23 11:00:06,0.00104800,1.37000000
2018-02-23 11:00:08,0.00104940,10.80000000
2018-02-23 11:00:08,0.00104950,136.60000000
2018-02-23 11:00:10,0.00104950,1.00000000
2018-02-23 11:00:10,0.00104950,4.80000000
2018-02-23 11:00:10,0.00104970,5.00000000
2018-02-23 11:00:10,0.00104980,40.20000000
2018-02-23 11:00:14,0.00105000,28.57000000
2018-02-23 11:00:15,0.00105020,132.55000000
2018-02-23 11:00:17,0.00105060,2.50000000
2018-02-23 11:00:17,0.00105130,70.17000000
2018-02-23 11:00:17,0.00105200,83.09000000
2018-02-23 11:00:18,0.00105200,15.74000000
2018-02-23 11:00:25,0.00105050,6.37000000
2018-02-23 11:00:25,0.00105200,3.04000000
2018-02-23 11:00:26,0.00105200,21.66000000
2018-02-23 11:00:27,0.00105200,6.37000000
2018-02-23 11:00:27,0.00105200,2.35000000
2018-02-23 11:00:28,0.00105220,2.23000000
2018-02-23 11:00:28,0.00105230,7.23000000
2018-02-23 11:00:28,0.00105200,0.44000000
2018-02-23 11:00:29,0.00105230,65.20000000
2018-02-23 11:00:30,0.00105230,1.40000000
2018-02-23 11:00:31,0.00105210,7.00000000
2018-02-23 11:00:34,0.00105230,18.99000000
2018-02-23 11:00:34,0.00105230,24.56000000
2018-02-23 11:00:35,0.00105260,332.53000000
2018-02-23 11:00:35,0.00105230,144.36000000
2018-02-23 11:00:35,0.00105220,1.41000000
2018-02-23 11:00:35,0.00105210,44.96000000
2018-02-23 11:00:35,0.00105200,188.15000000
2018-02-23 11:00:37,0.00105250,38.72000000
2018-02-23 11:00:38,0.00105250,380.90000000
2018-02-23 11:00:38,0.00105300,77.97000000
2018-02-23 11:00:38,0.00105390,4.75000000
2018-02-23 11:00:39,0.00105390,55.03000000
2018-02-23 11:00:41,0.00105390,0.28000000
2018-02-23 11:00:41,0.00105300,1.76000000
2018-02-23 11:00:42,0.00105400,0.95000000
2018-02-23 11:00:42,0.00105320,1.90000000
2018-02-23 11:00:42,0.00105300,69.11000000
2018-02-23 11:00:42,0.00105260,17.28000000
2018-02-23 11:00:42,0.00105250,128.38000000
2018-02-23 11:00:44,0.00105380,1.90000000
2018-02-23 11:00:44,0.00105390,4.27000000
2018-02-23 11:00:45,0.00105250,14.24000000
2018-02-23 11:00:45,0.00105390,53.02000000
2018-02-23 11:00:46,0.00105390,1.90000000
2018-02-23 11:00:46,0.00105390,75.54000000
2018-02-23 11:00:46,0.00105400,126.39000000
2018-02-23 11:00:46,0.00105400,7.68000000
2018-02-23 11:00:47,0.00105400,19.00000000
2018-02-23 11:00:47,0.00105400,1.53000000
2018-02-23 11:00:47,0.00105400,9.44000000
2018-02-23 11:00:48,0.00105400,4.00000000
2018-02-23 11:00:48,0.00105410,17.67000000
2018-02-23 11:00:48,0.00105400,4.47000000
2018-02-23 11:00:48,0.00105390,101.27000000
2018-02-23 11:00:50,0.00105410,4.73000000
2018-02-23 11:00:50,0.00105400,149.79000000
2018-02-23 11:00:52,0.00105410,35.61000000
2018-02-23 11:00:53,0.00105410,17.80000000
2018-02-23 11:00:54,0.00105410,36.20000000
2018-02-23 11:00:54,0.00105470,3.50000000
2018-02-23 11:00:54,0.00105400,8.18000000
2018-02-23 11:00:54,0.00105390,39.78000000
2018-02-23 11:00:54,0.00105390,655.45000000
2018-02-23 11:00:55,0.00105390,1.90000000
2018-02-23 11:00:55,0.00105390,4.91000000
2018-02-23 11:00:56,0.00105390,13.35000000
2018-02-23 11:00:56,0.00105390,74.52000000
2018-02-23 11:00:57,0.00105390,2.06000000
2018-02-23 11:00:57,0.00105280,5.02000000
2018-02-23 11:00:57,0.00105390,4.46000000
2018-02-23 11:00:57,0.00105280,3.67000000
2018-02-23 11:00:58,0.00105280,2.90000000
2018-02-23 11:00:58,0.00105300,1.90000000
2018-02-23 11:00:58,0.00105280,0.96000000
2018-02-23 11:00:58,0.00105390,60.82000000
2018-02-23 11:00:59,0.00105280,3.87000000
2018-02-23 11:01:00,0.00105280,78.58000000
2018-02-23 11:01:00,0.00105270,1.90000000
2018-02-23 11:01:00,0.00105250,17.41000000
2018-02-23 11:01:00,0.00105230,93.62000000
2018-02-23 11:01:00,0.00105200,27.23000000
2018-02-23 11:01:01,0.00105370,3.80000000
2018-02-23 11:01:01,0.00105390,5.83000000
2018-02-23 11:01:01,0.00105390,4.04000000
2018-02-23 11:01:01,0.00105390,94.50000000
2018-02-23 11:01:01,0.00105310,1.90000000
2018-02-23 11:01:01,0.00105290,8.57000000
2018-02-23 11:01:02,0.00105350,1.90000000
2018-02-23 11:01:02,0.00105390,9.49000000
2018-02-23 11:01:02,0.00105370,0.96000000
2018-02-23 11:01:02,0.00105390,27.49000000
2018-02-23 11:01:02,0.00105390,28.45000000
2018-02-23 11:01:02,0.00105390,12.73000000
2018-02-23 11:01:02,0.00105400,81.69000000
2018-02-23 11:01:02,0.00105290,4.74000000
2018-02-23 11:01:02,0.00105210,73.66000000
2018-02-23 11:01:02,0.00105200,68.95000000
2018-02-23 11:01:03,0.00105370,6.43000000
2018-02-23 11:01:03,0.00105370,6.43000000
2018-02-23 11:01:03,0.00105390,28.45000000
2018-02-23 11:01:04,0.00105390,32.35000000
2018-02-23 11:01:04,0.00105400,147.15000000
2018-02-23 11:01:04,0.00105400,20.71000000
2018-02-23 11:01:04,0.00105390,28.44000000
2018-02-23 11:01:04,0.00105250,1.27000000
2018-02-23 11:01:05,0.00105390,0.06000000
2018-02-23 11:01:05,0.00105410,33.69000000
2018-02-23 11:01:05,0.00105410,28.44000000
2018-02-23 11:01:05,0.00105410,28.44000000
2018-02-23 11:01:05,0.00105410,6.70000000
2018-02-23 11:01:05,0.00105300,7.68000000
2018-02-23 11:01:06,0.00105300,0.99000000
2018-02-23 11:01:06,0.00105250,0.65000000
2018-02-23 11:01:06,0.00105240,14.96000000
2018-02-23 11:01:06,0.00105380,1.92000000
2018-02-23 11:01:06,0.00105310,6.71000000
2018-02-23 11:01:06,0.00105400,12.86000000
2018-02-23 11:01:06,0.00105450,1.90000000
2018-02-23 11:01:06,0.00105470,2.35000000
2018-02-23 11:01:06,0.00105480,29.50000000
2018-02-23 11:01:06,0.00105490,55.06000000
2018-02-23 11:01:06,0.00105500,379.27000000
2018-02-23 11:01:07,0.00105400,2.11000000
2018-02-23 11:01:07,0.00105400,1.44000000
2018-02-23 11:01:07,0.00105400,2.68000000
2018-02-23 11:01:08,0.00105400,4.70000000
2018-02-23 11:01:09,0.00105420,1.90000000
2018-02-23 11:01:09,0.00105400,0.21000000
2018-02-23 11:01:09,0.00105400,1.72000000
2018-02-23 11:01:09,0.00105390,1.22000000
2018-02-23 11:01:09,0.00105340,4.70000000
2018-02-23 11:01:09,0.00105470,6.71000000
2018-02-23 11:01:09,0.00105480,1.90000000
2018-02-23 11:01:09,0.00105500,55.03000000
2018-02-23 11:01:11,0.00105500,0.50000000
2018-02-23 11:01:11,0.00105520,349.77000000
2018-02-23 11:01:12,0.00105500,76.20000000
2018-02-23 11:01:12,0.00105500,6.79000000
2018-02-23 11:01:13,0.00105550,85.75000000
2018-02-23 11:01:13,0.00105560,50.63000000
2018-02-23 11:01:13,0.00105580,81.61000000
2018-02-23 11:01:14,0.00105550,3.98000000
2018-02-23 11:01:14,0.00105580,152.87000000
2018-02-23 11:01:14,0.00105580,16.21000000
2018-02-23 11:01:14,0.00105580,12.77000000
2018-02-23 11:01:14,0.00105580,27.60000000
2018-02-23 11:01:14,0.00105580,5.79000000
2018-02-23 11:01:15,0.00105580,20.22000000
2018-02-23 11:01:16,0.00105580,77.37000000
2018-02-23 11:01:17,0.00105650,2.08000000
2018-02-23 11:01:18,0.00105650,4.29000000
2018-02-23 11:01:18,0.00105660,12.59000000
2018-02-23 11:01:19,0.00105710,4.70000000
2018-02-23 11:01:19,0.00105760,2.35000000
2018-02-23 11:01:19,0.00105770,7.45000000
2018-02-23 11:01:20,0.00105660,6.00000000
2018-02-23 11:01:20,0.00105680,1.90000000
2018-02-23 11:01:20,0.00105660,35.88000000
2018-02-23 11:01:20,0.00105580,5.68000000
2018-02-23 11:01:20,0.00105560,16.58000000
2018-02-23 11:01:20,0.00105740,1.90000000
2018-02-23 11:01:20,0.00105760,1.42000000
2018-02-23 11:01:20,0.00105770,0.27000000
2018-02-23 11:01:21,0.00105770,0.90000000
2018-02-23 11:01:22,0.00105770,2.83000000
2018-02-23 11:01:22,0.00105800,26.18000000
2018-02-23 11:01:23,0.00105800,0.23000000
2018-02-23 11:01:23,0.00105670,10.78000000
2018-02-23 11:01:24,0.00105660,10.78000000
2018-02-23 11:01:24,0.00105670,5.80000000
2018-02-23 11:01:24,0.00105800,2.97000000
2018-02-23 11:01:24,0.00105800,5.80000000
2018-02-23 11:01:24,0.00105880,8.77000000
2018-02-23 11:01:24,0.00105880,94.71000000
2018-02-23 11:01:25,0.00105850,4.75000000
2018-02-23 11:01:25,0.00105800,2.97000000
2018-02-23 11:01:25,0.00105800,89.00000000
2018-02-23 11:01:25,0.00105800,0.75000000
2018-02-23 11:01:25,0.00105900,27.57000000
2018-02-23 11:01:25,0.00105770,28.32000000
2018-02-23 11:01:25,0.00105770,79.22000000
2018-02-23 11:01:25,0.00105770,28.31000000
2018-02-23 11:01:25,0.00105690,1.42000000
2018-02-23 11:01:25,0.00105770,28.32000000
2018-02-23 11:01:25,0.00105770,102.57000000
2018-02-23 11:01:26,0.00105770,159.21000000
2018-02-23 11:01:27,0.00105790,1.80000000
2018-02-23 11:01:27,0.00105780,84.87000000
2018-02-23 11:01:27,0.00105730,4.69000000
2018-02-23 11:01:28,0.00105890,32.50000000
2018-02-23 11:01:28,0.00105800,5.21000000
2018-02-23 11:01:28,0.00105770,167.03000000
2018-02-23 11:01:29,0.00105770,50.90000000
2018-02-23 11:01:29,0.00105830,53.79000000
2018-02-23 11:01:29,0.00105840,51.60000000
2018-02-23 11:01:30,0.00105800,19.10000000
2018-02-23 11:01:31,0.00105790,1.43000000
2018-02-23 11:01:31,0.00105840,111.51000000
2018-02-23 11:01:31,0.00105840,0.44000000
2018-02-23 11:01:31,0.00105770,6.41000000
2018-02-23 11:01:32,0.00105840,4.97000000
2018-02-23 11:01:32,0.00105770,2.38000000
2018-02-23 11:01:32,0.00105840,9.93000000
2018-02-23 11:01:33,0.00105850,2.00000000
2018-02-23 11:01:33,0.00105840,4.26000000
2018-02-23 11:01:34,0.00105840,44.87000000
2018-02-23 11:01:35,0.00105850,11.26000000
2018-02-23 11:01:35,0.00105850,32.56000000
2018-02-23 11:01:35,0.00105870,1.90000000
2018-02-23 11:01:35,0.00105890,13.38000000
2018-02-23 11:01:35,0.00105900,169.79000000
2018-02-23 11:01:36,0.00105840,1.53000000
2018-02-23 11:01:38,0.00105900,217.56000000
2018-02-23 11:01:38,0.00105910,8.00000000
2018-02-23 11:01:38,0.00105930,29.05000000
2018-02-23 11:01:38,0.00105950,64.37000000
2018-02-23 11:01:38,0.00105960,37.27000000
2018-02-23 11:01:38,0.00105970,30.66000000
2018-02-23 11:01:38,0.00105900,59.87000000
2018-02-23 11:01:38,0.00105900,66.21000000
2018-02-23 11:01:38,0.00105850,22.44000000
2018-02-23 11:01:40,0.00105900,35.14000000
2018-02-23 11:01:40,0.00105850,1.00000000
2018-02-23 11:01:40,0.00105850,1.00000000
2018-02-23 11:01:40,0.00105850,1.00000000
2018-02-23 11:01:40,0.00105850,1.00000000
2018-02-23 11:01:41,0.00105900,114.75000000
2018-02-23 11:01:41,0.00105900,73.51000000
2018-02-23 11:01:41,0.00105850,50.71000000
2018-02-23 11:01:41,0.00105900,500.00000000
2018-02-23 11:01:41,0.00105850,47.35000000
2018-02-23 11:01:42,0.00105900,260.24000000
2018-02-23 11:01:42,0.00105900,74.10000000
2018-02-23 11:01:42,0.00105900,738.22000000
2018-02-23 11:01:42,0.00105970,67.52000000
2018-02-23 11:01:42,0.00105980,4.82000000
2018-02-23 11:01:42,0.00105990,69.35000000
2018-02-23 11:01:42,0.00105880,2.38000000
2018-02-23 11:01:43,0.00105900,22.17000000
2018-02-23 11:01:43,0.00105900,0.01000000
2018-02-23 11:01:43,0.00105900,128.52000000
2018-02-23 11:01:44,0.00105900,6.43000000
2018-02-23 11:01:44,0.00105900,13.47000000
2018-02-23 11:01:44,0.00105910,1.07000000
2018-02-23 11:01:45,0.00105910,2.00000000
2018-02-23 11:01:45,0.00105910,26.89000000
2018-02-23 11:01:46,0.00105900,18.58000000
2018-02-23 11:01:46,0.00105910,54.95000000
2018-02-23 11:01:47,0.00105990,4.10000000
2018-02-23 11:01:47,0.00106000,374.10000000
2018-02-23 11:01:47,0.00106000,59.74000000
2018-02-23 11:01:48,0.00105930,1.90000000
2018-02-23 11:01:48,0.00105910,187.59000000
2018-02-23 11:01:48,0.00105880,30.01000000
2018-02-23 11:01:48,0.00105970,1.90000000
2018-02-23 11:01:48,0.00106000,0.10000000
2018-02-23 11:01:48,0.00106000,97.27000000
2018-02-23 11:01:48,0.00106000,1.26000000
2018-02-23 11:01:48,0.00106000,7.15000000
2018-02-23 11:01:48,0.00106000,4.99000000
2018-02-23 11:01:48,0.00106000,47.00000000
2018-02-23 11:01:48,0.00106000,7.15000000
2018-02-23 11:01:49,0.00106000,226.30000000
2018-02-23 11:01:49,0.00105920,84.85000000
2018-02-23 11:01:49,0.00105900,8.36000000
2018-02-23 11:01:50,0.00106010,380.55000000
2018-02-23 11:01:50,0.00106000,176.64000000
2018-02-23 11:01:51,0.00106000,106.83000000
2018-02-23 11:01:51,0.00105910,14.26000000
2018-02-23 11:01:51,0.00106010,2.36000000
2018-02-23 11:01:52,0.00106000,506.13000000
2018-02-23 11:01:52,0.00105860,10.62000000
2018-02-23 11:01:53,0.00105880,1.90000000
2018-02-23 11:01:54,0.00105950,35.13000000
2018-02-23 11:01:54,0.00105950,15.28000000
2018-02-23 11:01:54,0.00105950,8.31000000
2018-02-23 11:01:54,0.00105950,156.81000000
2018-02-23 11:01:55,0.00105950,2.38000000
2018-02-23 11:01:55,0.00105950,5.43000000
2018-02-23 11:01:55,0.00105950,11.43000000
2018-02-23 11:01:55,0.00105950,5.36000000
2018-02-23 11:01:56,0.00105950,2.88000000
2018-02-23 11:01:56,0.00105950,8.95000000
2018-02-23 11:01:57,0.00105950,10.64000000
2018-02-23 11:01:57,0.00105950,1.92000000
2018-02-23 11:01:57,0.00105950,21.48000000
2018-02-23 11:01:58,0.00105950,0.02000000
2018-02-23 11:01:59,0.00105960,183.89000000
2018-02-23 11:02:00,0.00105950,82.49000000
2018-02-23 11:02:01,0.00105960,10.62000000
2018-02-23 11:02:01,0.00105990,1.90000000
2018-02-23 11:02:01,0.00106000,6.03000000
2018-02-23 11:02:01,0.00106010,2.16000000
2018-02-23 11:02:01,0.00106020,1.91000000
2018-02-23 11:02:01,0.00106080,78.74000000
2018-02-23 11:02:01,0.00106100,7.03000000
2018-02-23 11:02:01,0.00106110,8.00000000
2018-02-23 11:02:01,0.00106160,9.90000000
2018-02-23 11:02:01,0.00106200,50.83000000
2018-02-23 11:02:01,0.00106220,8.35000000
2018-02-23 11:02:01,0.00106250,23.99000000
2018-02-23 11:02:01,0.00106270,27.35000000
2018-02-23 11:02:01,0.00106290,40.83000000
2018-02-23 11:02:01,0.00106300,2.89000000
2018-02-23 11:02:01,0.00106340,62.53000000
2018-02-23 11:02:01,0.00106400,207.20000000
2018-02-23 11:02:01,0.00106420,66.64000000
2018-02-23 11:02:01,0.00106460,66.37000000
2018-02-23 11:02:01,0.00106470,10.75000000
2018-02-23 11:02:02,0.00106000,6.69000000
2018-02-23 11:02:03,0.00106100,1.73000000
2018-02-23 11:02:04,0.00106100,3.02000000
2018-02-23 11:02:04,0.00106440,71.60000000
2018-02-23 11:02:04,0.00106450,53.22000000
2018-02-23 11:02:05,0.00106020,17.00000000
2018-02-23 11:02:06,0.00106440,31.44000000
2018-02-23 11:02:06,0.00106100,3.36000000
2018-02-23 11:02:07,0.00106110,75.90000000
2018-02-23 11:02:07,0.00106100,45.70000000
2018-02-23 11:02:07,0.00106040,32.01000000
2018-02-23 11:02:07,0.00106030,84.80000000
2018-02-23 11:02:07,0.00106010,229.53000000
2018-02-23 11:02:08,0.00106390,25.90000000
2018-02-23 11:02:08,0.00106400,25.11000000
2018-02-23 11:02:08,0.00106400,0.50000000
2018-02-23 11:02:08,0.00106120,6.58000000
2018-02-23 11:02:08,0.00106400,2.32000000
2018-02-23 11:02:08,0.00106130,6.43000000
2018-02-23 11:02:08,0.00106130,78.37000000
2018-02-23 11:02:09,0.00106290,6.43000000
2018-02-23 11:02:09,0.00106380,0.54000000
2018-02-23 11:02:09,0.00106150,78.10000000
2018-02-23 11:02:09,0.00106130,12.86000000
2018-02-23 11:02:09,0.00106120,23.53000000
2018-02-23 11:02:10,0.00106130,10.63000000
2018-02-23 11:02:10,0.00106100,138.69000000
2018-02-23 11:02:10,0.00106290,3.00000000
2018-02-23 11:02:10,0.00106150,1.90000000
2018-02-23 11:02:11,0.00106110,84.66000000
2018-02-23 11:02:11,0.00106100,112.73000000
2018-02-23 11:02:11,0.00106020,28.29000000
2018-02-23 11:02:11,0.00105950,31.56000000
2018-02-23 11:02:11,0.00106250,12.86000000
2018-02-23 11:02:11,0.00105960,20.00000000
2018-02-23 11:02:12,0.00105960,2.32000000
2018-02-23 11:02:12,0.00106000,2.26000000
2018-02-23 11:02:12,0.00106000,7.74000000
2018-02-23 11:02:12,0.00105960,18.91000000
2018-02-23 11:02:13,0.00106010,1.76000000
2018-02-23 11:02:13,0.00105960,133.98000000
2018-02-23 11:02:13,0.00105950,50.64000000
2018-02-23 11:02:13,0.00106230,76.68000000
2018-02-23 11:02:13,0.00106240,73.32000000
2018-02-23 11:02:13,0.00106030,1.90000000
2018-02-23 11:02:13,0.00105900,10.40000000
2018-02-23 11:02:14,0.00105900,18.59000000
2018-02-23 11:02:14,0.00106110,10.51000000
2018-02-23 11:02:14,0.00106100,1.90000000
2018-02-23 11:02:14,0.00106100,1.92000000
2018-02-23 11:02:14,0.00106200,7.48000000
2018-02-23 11:02:15,0.00106090,56.60000000
2018-02-23 11:02:15,0.00106090,4.98000000
2018-02-23 11:02:15,0.00106090,27.57000000
2018-02-23 11:02:15,0.00106100,7.18000000
2018-02-23 11:02:15,0.00106100,32.77000000
2018-02-23 11:02:15,0.00106090,14.40000000
2018-02-23 11:02:16,0.00106090,2.87000000
2018-02-23 11:02:16,0.00106090,3.34000000
2018-02-23 11:02:16,0.00106090,3.44000000
2018-02-23 11:02:16,0.00106050,4.98000000
2018-02-23 11:02:16,0.00105960,29.84000000
2018-02-23 11:02:16,0.00106000,100.00000000
2018-02-23 11:02:16,0.00105960,56.42000000
2018-02-23 11:02:16,0.00105960,5.73000000
2018-02-23 11:02:16,0.00105960,3.54000000
2018-02-23 11:02:16,0.00105960,1.72000000
2018-02-23 11:02:16,0.00106140,3.11000000
2018-02-23 11:02:16,0.00105960,2.96000000
2018-02-23 11:02:16,0.00105960,4.81000000
2018-02-23 11:02:16,0.00105960,3.35000000
2018-02-23 11:02:16,0.00105960,17.24000000
2018-02-23 11:02:16,0.00105960,12.10000000
2018-02-23 11:02:16,0.00105950,4.88000000
2018-02-23 11:02:17,0.00105950,4.78000000
2018-02-23 11:02:17,0.00105970,1.90000000
2018-02-23 11:02:17,0.00105950,2.89000000
2018-02-23 11:02:17,0.00105950,2.40000000
2018-02-23 11:02:17,0.00106120,1.90000000
2018-02-23 11:02:17,0.00106130,1.90000000
2018-02-23 11:02:17,0.00106140,20.82000000
2018-02-23 11:02:17,0.00105950,2.39000000
2018-02-23 11:02:17,0.00105950,28.31000000
2018-02-23 11:02:17,0.00105950,2.19000000
2018-02-23 11:02:17,0.00106110,9.21000000
2018-02-23 11:02:17,0.00105950,4.81000000
2018-02-23 11:02:18,0.00106140,57.22000000
2018-02-23 11:02:18,0.00106140,1.52000000
2018-02-23 11:02:18,0.00105970,1.53000000
2018-02-23 11:02:18,0.00106110,10.63000000
2018-02-23 11:02:18,0.00106140,29.29000000
2018-02-23 11:02:18,0.00105970,3.18000000
2018-02-23 11:02:18,0.00105950,7.52000000
2018-02-23 11:02:18,0.00105950,158.95000000
2018-02-23 11:02:18,0.00105930,5.82000000
2018-02-23 11:02:18,0.00105930,1.49000000
2018-02-23 11:02:18,0.00105900,0.63000000
2018-02-23 11:02:18,0.00105900,2.39000000
2018-02-23 11:02:18,0.00106140,23.88000000
2018-02-23 11:02:19,0.00106140,28.24000000
2018-02-23 11:02:19,0.00106140,28.24000000
2018-02-23 11:02:19,0.00106060,1.52000000
2018-02-23 11:02:19,0.00106140,28.24000000
2018-02-23 11:02:19,0.00106140,28.24000000
2018-02-23 11:02:19,0.00106140,4.99000000
2018-02-23 11:02:19,0.00106010,2.38000000
2018-02-23 11:02:19,0.00106010,4.96000000
2018-02-23 11:02:20,0.00106010,1.91000000
2018-02-23 11:02:20,0.00106010,1.39000000
2018-02-23 11:02:20,0.00106000,10.03000000
2018-02-23 11:02:20,0.00106000,40.51000000
2018-02-23 11:02:20,0.00106000,1.43000000
2018-02-23 11:02:20,0.00106000,2.38000000
2018-02-23 11:02:20,0.00106000,1.34000000
2018-02-23 11:02:20,0.00106000,3.84000000
2018-02-23 11:02:20,0.00106000,1.43000000
2018-02-23 11:02:21,0.00106010,1.24000000
2018-02-23 11:02:21,0.00106010,2.39000000
2018-02-23 11:02:21,0.00106010,6.00000000
2018-02-23 11:02:21,0.00106010,12.34000000
2018-02-23 11:02:21,0.00106010,62.82000000
2018-02-23 11:02:21,0.00106000,205.79000000
2018-02-23 11:02:21,0.00105950,118.30000000
2018-02-23 11:02:22,0.00105950,4.78000000
2018-02-23 11:02:22,0.00105950,2.86000000
2018-02-23 11:02:23,0.00105950,2.87000000
2018-02-23 11:02:23,0.00106000,6.03000000
2018-02-23 11:02:23,0.00106000,94.20000000
2018-02-23 11:02:23,0.00105990,2.36000000
2018-02-23 11:02:23,0.00105950,120.46000000
2018-02-23 11:02:23,0.00105900,379.54000000
2018-02-23 11:02:23,0.00105900,52.03000000
2018-02-23 11:02:24,0.00105990,2.19000000
2018-02-23 11:02:24,0.00105950,14.62000000
2018-02-23 11:02:24,0.00105950,9.43000000
2018-02-23 11:02:25,0.00105900,26.56000000
2018-02-23 11:02:25,0.00105900,1.19000000
2018-02-23 11:02:26,0.00105950,13.31000000
2018-02-23 11:02:26,0.00105900,4.78000000
2018-02-23 11:02:26,0.00105900,8.71000000
2018-02-23 11:02:26,0.00105950,50.67000000
2018-02-23 11:02:26,0.00105900,4.79000000
2018-02-23 11:02:26,0.00105950,21.09000000
2018-02-23 11:02:26,0.00105900,10.23000000
2018-02-23 11:02:27,0.00105850,39.72000000
2018-02-23 11:02:27,0.00105850,1.53000000
2018-02-23 11:02:27,0.00105850,13.14000000
2018-02-23 11:02:28,0.00105850,2.11000000
2018-02-23 11:02:28,0.00105850,178.05000000
2018-02-23 11:02:28,0.00105850,19.09000000
2018-02-23 11:02:28,0.00105870,1.05000000
2018-02-23 11:02:28,0.00105870,200.08000000
2018-02-23 11:02:28,0.00105860,1.33000000
2018-02-23 11:02:28,0.00105860,4.50000000
2018-02-23 11:02:28,0.00105870,1.05000000
2018-02-23 11:02:28,0.00105900,40.54000000
2018-02-23 11:02:29,0.00105860,3.61000000
2018-02-23 11:02:29,0.00105850,158.90000000
2018-02-23 11:02:29,0.00105900,2.36000000
2018-02-23 11:02:29,0.00105810,2.84000000
2018-02-23 11:02:29,0.00105800,39.60000000
2018-02-23 11:02:29,0.00105800,1.95000000
2018-02-23 11:02:30,0.00105730,14.00000000
2018-02-23 11:02:30,0.00105730,5.50000000
2018-02-23 11:02:30,0.00105720,0.67000000
2018-02-23 11:02:30,0.00105800,1034.31000000
2018-02-23 11:02:31,0.00105790,6.09000000
2018-02-23 11:02:31,0.00105800,1.34000000
2018-02-23 11:02:31,0.00105730,2.41000000
2018-02-23 11:02:31,0.00105730,10.29000000
2018-02-23 11:02:31,0.00105730,1.48000000
2018-02-23 11:02:31,0.00105720,4.04000000
2018-02-23 11:02:32,0.00105800,22.77000000
2018-02-23 11:02:32,0.00105710,133.40000000
2018-02-23 11:02:32,0.00105710,74.32000000
2018-02-23 11:02:32,0.00105700,1.92000000
2018-02-23 11:02:32,0.00105700,1.55000000
2018-02-23 11:02:33,0.00105730,4.72000000
2018-02-23 11:02:33,0.00105700,15.83000000
2018-02-23 11:02:33,0.00105690,2.37000000
2018-02-23 11:02:33,0.00105650,12.21000000
2018-02-23 11:02:33,0.00105630,6.91000000
2018-02-23 11:02:33,0.00105520,2.37000000
2018-02-23 11:02:33,0.00105500,276.44000000
2018-02-23 11:02:33,0.00105800,2.33000000
2018-02-23 11:02:33,0.00105700,9.62000000
2018-02-23 11:02:34,0.00105700,4.57000000
2018-02-23 11:02:34,0.00105520,0.19000000
2018-02-23 11:02:34,0.00105530,2.86000000
2018-02-23 11:02:34,0.00105530,2.88000000
2018-02-23 11:02:34,0.00105530,2.89000000
2018-02-23 11:02:34,0.00105530,3.69000000
2018-02-23 11:02:34,0.00105530,2.41000000
2018-02-23 11:02:34,0.00105710,5.72000000
2018-02-23 11:02:35,0.00105520,2.81000000
2018-02-23 11:02:35,0.00105500,1.95000000
2018-02-23 11:02:35,0.00105500,4.00000000
2018-02-23 11:02:35,0.00105530,2.29000000
2018-02-23 11:02:35,0.00105530,2.31000000
2018-02-23 11:02:35,0.00105700,14.73000000
2018-02-23 11:02:36,0.00105540,8.30000000
2018-02-23 11:02:36,0.00105530,10.80000000
2018-02-23 11:02:36,0.00105500,43.31000000
2018-02-23 11:02:37,0.00105530,2.28000000
2018-02-23 11:02:37,0.00105700,10.67000000
2018-02-23 11:02:37,0.00105700,28.36000000
2018-02-23 11:02:38,0.00105690,9.18000000
2018-02-23 11:02:38,0.00105530,2.90000000
2018-02-23 11:02:38,0.00105530,34.75000000
2018-02-23 11:02:38,0.00105690,19.04000000
2018-02-23 11:02:38,0.00105530,6.50000000
2018-02-23 11:02:38,0.00105510,9.75000000
2018-02-23 11:02:38,0.00105540,2.87000000
2018-02-23 11:02:39,0.00105540,1.82000000
2018-02-23 11:02:39,0.00105540,3.36000000
2018-02-23 11:02:39,0.00105690,0.98000000
2018-02-23 11:02:39,0.00105540,4.73000000
2018-02-23 11:02:39,0.00105500,4.14000000
2018-02-23 11:02:40,0.00105500,2.89000000
2018-02-23 11:02:40,0.00105510,8.40000000
2018-02-23 11:02:41,0.00105510,2.91000000
2018-02-23 11:02:41,0.00105510,2.17000000
2018-02-23 11:02:42,0.00105510,14.95000000
2018-02-23 11:02:42,0.00105500,35.03000000
2018-02-23 11:02:42,0.00105600,4.78000000
2018-02-23 11:02:42,0.00105670,4.21000000
2018-02-23 11:02:43,0.00105500,10.88000000
2018-02-23 11:02:43,0.00105500,4.74000000
2018-02-23 11:02:43,0.00105500,2.90000000
2018-02-23 11:02:44,0.00105500,2.22000000
2018-02-23 11:02:44,0.00105500,5.74000000
2018-02-23 11:02:44,0.00105560,18.38000000
2018-02-23 11:02:44,0.00105640,3.84000000
2018-02-23 11:02:44,0.00105650,28.43000000
2018-02-23 11:02:44,0.00105690,11.92000000
2018-02-23 11:02:44,0.00105500,5.53000000
2018-02-23 11:02:44,0.00105500,8.21000000
2018-02-23 11:02:44,0.00105510,2.39000000
2018-02-23 11:02:44,0.00105510,8.31000000
2018-02-23 11:02:44,0.00105500,1.25000000
2018-02-23 11:02:44,0.00105510,1.05000000
2018-02-23 11:02:44,0.00105510,1.25000000
2018-02-23 11:02:44,0.00105510,2.43000000
2018-02-23 11:02:44,0.00105500,25.22000000
2018-02-23 11:02:44,0.00105510,7.28000000
2018-02-23 11:02:44,0.00105500,0.86000000
2018-02-23 11:02:45,0.00105500,1.92000000
2018-02-23 11:02:45,0.00105500,267.39000000
2018-02-23 11:02:45,0.00105500,3.91000000
2018-02-23 11:02:45,0.00105500,3.91000000
2018-02-23 11:02:45,0.00105500,3.91000000
2018-02-23 11:02:45,0.00105500,3.91000000
2018-02-23 11:02:46,0.00105500,195.44000000
2018-02-23 11:02:47,0.00105610,9.75000000
2018-02-23 11:02:47,0.00105620,10.70000000
2018-02-23 11:02:47,0.00105630,0.85000000
2018-02-23 11:02:47,0.00105410,1.92000000
2018-02-23 11:02:47,0.00105630,2.65000000
2018-02-23 11:02:47,0.00105400,5.16000000
2018-02-23 11:02:48,0.00105500,2.42000000
2018-02-23 11:02:48,0.00105500,3.80000000
2018-02-23 11:02:48,0.00105500,1.74000000
2018-02-23 11:02:49,0.00105500,128.53000000
2018-02-23 11:02:49,0.00105500,4.80000000
2018-02-23 11:02:49,0.00105500,4.76000000
2018-02-23 11:02:49,0.00105500,2.39000000
2018-02-23 11:02:49,0.00105500,2.87000000
2018-02-23 11:02:49,0.00105500,2.42000000
2018-02-23 11:02:50,0.00105510,2.40000000
2018-02-23 11:02:50,0.00105510,5.96000000
2018-02-23 11:02:51,0.00105510,2.35000000
2018-02-23 11:02:51,0.00105500,0.53000000
2018-02-23 11:02:51,0.00105500,2.13000000
2018-02-23 11:02:51,0.00105500,2.44000000
2018-02-23 11:02:52,0.00105500,2.40000000
2018-02-23 11:02:52,0.00105500,2.67000000
2018-02-23 11:02:52,0.00105500,3.16000000
2018-02-23 11:02:52,0.00105500,2.66000000
2018-02-23 11:02:53,0.00105510,6.03000000
2018-02-23 11:02:53,0.00105510,16.07000000
2018-02-23 11:02:53,0.00105590,10.71000000
2018-02-23 11:02:53,0.00105600,7.94000000
2018-02-23 11:02:54,0.00105410,4.78000000
2018-02-23 11:02:54,0.00105420,10.73000000
2018-02-23 11:02:54,0.00105410,28.46000000
2018-02-23 11:02:54,0.00105400,14.84000000
2018-02-23 11:02:55,0.00105510,1.92000000
2018-02-23 11:02:55,0.00105510,2.23000000
2018-02-23 11:02:55,0.00105510,4.78000000
2018-02-23 11:02:55,0.00105510,3.84000000
2018-02-23 11:02:55,0.00105510,16.92000000
2018-02-23 11:02:56,0.00105510,21.95000000
2018-02-23 11:02:56,0.00105580,2.18000000
2018-02-23 11:02:56,0.00105510,50.67000000
2018-02-23 11:02:56,0.00105510,4.96000000
2018-02-23 11:02:57,0.00105510,2.32000000
2018-02-23 11:02:57,0.00105530,12.15000000
2018-02-23 11:02:57,0.00105530,3.34000000
2018-02-23 11:02:57,0.00105530,4.78000000
2018-02-23 11:02:57,0.00105530,2.92000000
2018-02-23 11:02:57,0.00105530,5.00000000
2018-02-23 11:02:57,0.00105560,4.78000000
2018-02-23 11:02:57,0.00105570,21.55000000
2018-02-23 11:02:57,0.00105530,14.18000000
2018-02-23 11:02:58,0.00105530,5.73000000
2018-02-23 11:02:58,0.00105560,23.70000000
2018-02-23 11:02:58,0.00105570,6.91000000
2018-02-23 11:02:58,0.00105530,14.18000000
2018-02-23 11:02:58,0.00105530,2.88000000
2018-02-23 11:02:58,0.00105530,8.67000000
2018-02-23 11:02:58,0.00105530,1.15000000
2018-02-23 11:02:59,0.00105530,2.40000000
2018-02-23 11:02:59,0.00105530,0.32000000
2018-02-23 11:02:59,0.00105400,3.90000000
2018-02-23 11:02:59,0.00105510,4.76000000
2018-02-23 11:02:59,0.00105510,2.41000000
2018-02-23 11:02:59,0.00105510,19.08000000
2018-02-23 11:03:00,0.00105510,6.27000000
2018-02-23 11:03:00,0.00105410,1.73000000
2018-02-23 11:03:01,0.00105410,26.73000000
2018-02-23 11:03:03,0.00105410,7.60000000
2018-02-23 11:03:04,0.00105570,0.13000000
2018-02-23 11:03:04,0.00105480,218.37000000
2018-02-23 11:03:04,0.00105410,1.45000000
2018-02-23 11:03:05,0.00105560,1.54000000
2018-02-23 11:03:05,0.00105570,8.55000000
2018-02-23 11:03:05,0.00105400,29.20000000
2018-02-23 11:03:05,0.00105400,7.47000000
2018-02-23 11:03:06,0.00105410,4.88000000
2018-02-23 11:03:06,0.00105500,44.77000000
2018-02-23 11:03:06,0.00105400,59.75000000
2018-02-23 11:03:06,0.00105410,2.41000000
2018-02-23 11:03:06,0.00105410,4.52000000
2018-02-23 11:03:07,0.00105410,3.82000000
2018-02-23 11:03:07,0.00105400,7.20000000
2018-02-23 11:03:08,0.00105570,10.75000000
2018-02-23 11:03:08,0.00105580,28.46000000
2018-02-23 11:03:08,0.00105600,2.86000000
2018-02-23 11:03:08,0.00105410,5.54000000
2018-02-23 11:03:09,0.00105410,69.34000000
2018-02-23 11:03:09,0.00105420,2.49000000
2018-02-23 11:03:10,0.00105420,22.76000000
2018-02-23 11:03:10,0.00105600,1.89000000
2018-02-23 11:03:10,0.00105410,1.15000000
2018-02-23 11:03:10,0.00105410,3.24000000
2018-02-23 11:03:11,0.00105570,30.27000000
2018-02-23 11:03:11,0.00105590,25.25000000
2018-02-23 11:03:11,0.00105600,51.76000000
2018-02-23 11:03:11,0.00105600,30.27000000
2018-02-23 11:03:11,0.00105420,4.83000000
2018-02-23 11:03:12,0.00105590,184.00000000
2018-02-23 11:03:12,0.00105630,0.30000000
2018-02-23 11:03:12,0.00105650,133.92000000
2018-02-23 11:03:12,0.00105700,6.20000000
2018-02-23 11:03:12,0.00105710,9.45000000
2018-02-23 11:03:13,0.00105580,8.16000000
2018-02-23 11:03:13,0.00105440,19.12000000
2018-02-23 11:03:14,0.00105460,4.76000000
2018-02-23 11:03:14,0.00105470,1.70000000
2018-02-23 11:03:14,0.00105460,17.34000000
2018-02-23 11:03:14,0.00105460,34.30000000
2018-02-23 11:03:15,0.00105460,8.61000000
2018-02-23 11:03:15,0.00105460,1.44000000
2018-02-23 11:03:15,0.00105470,10.80000000
2018-02-23 11:03:15,0.00105460,4.27000000
2018-02-23 11:03:16,0.00105450,4.76000000
2018-02-23 11:03:18,0.00105650,51.87000000
2018-02-23 11:03:18,0.00105660,28.44000000
2018-02-23 11:03:18,0.00105540,23.13000000
2018-02-23 11:03:18,0.00105540,12.49000000
2018-02-23 11:03:18,0.00105450,1.35000000
2018-02-23 11:03:18,0.00105540,23.13000000
2018-02-23 11:03:18,0.00105650,10.80000000
2018-02-23 11:03:18,0.00105660,1.80000000
2018-02-23 11:03:18,0.00105660,1.77000000
2018-02-23 11:03:18,0.00105660,28.06000000
2018-02-23 11:03:19,0.00105660,12.31000000
2018-02-23 11:03:19,0.00105660,1.80000000
2018-02-23 11:03:19,0.00105660,12.39000000
2018-02-23 11:03:19,0.00105660,4.37000000
2018-02-23 11:03:19,0.00105660,1.54000000
2018-02-23 11:03:19,0.00105660,6.19000000
2018-02-23 11:03:19,0.00105660,21.87000000
2018-02-23 11:03:19,0.00105670,19.12000000
2018-02-23 11:03:19,0.00105680,1.70000000
2018-02-23 11:03:19,0.00105450,13.73000000
2018-02-23 11:03:20,0.00105470,3.95000000
2018-02-23 11:03:21,0.00105670,4.76000000
2018-02-23 11:03:21,0.00105700,4.76000000
2018-02-23 11:03:21,0.00105650,1.80000000
2018-02-23 11:03:21,0.00105650,2.41000000
2018-02-23 11:03:22,0.00105650,2.91000000
2018-02-23 11:03:23,0.00105650,1.06000000
2018-02-23 11:03:23,0.00105650,1.49000000
2018-02-23 11:03:23,0.00105650,3.91000000
2018-02-23 11:03:23,0.00105700,5.56000000
2018-02-23 11:03:23,0.00105710,2.33000000
2018-02-23 11:03:24,0.00105710,15.36000000
2018-02-23 11:03:24,0.00105800,55.14000000
2018-02-23 11:03:24,0.00105670,66.64000000
2018-02-23 11:03:24,0.00105800,15.54000000
2018-02-23 11:03:25,0.00105900,2.30000000
2018-02-23 11:03:26,0.00105900,0.57000000
2018-02-23 11:03:26,0.00105950,21.09000000
2018-02-23 11:03:26,0.00105980,66.74000000
2018-02-23 11:03:26,0.00105980,3.26000000
2018-02-23 11:03:26,0.00105990,1.13000000
2018-02-23 11:03:27,0.00105990,13.25000000
2018-02-23 11:03:27,0.00106000,126.86000000
2018-02-23 11:03:27,0.00105940,4.71000000
2018-02-23 11:03:28,0.00105900,31.04000000
2018-02-23 11:03:29,0.00105920,1.90000000
2018-02-23 11:03:29,0.00105900,122.40000000
2018-02-23 11:03:29,0.00105830,1.90000000
2018-02-23 11:03:29,0.00105810,141.11000000
2018-02-23 11:03:29,0.00105710,1.54000000
2018-02-23 11:03:29,0.00105710,1.33000000
2018-02-23 11:03:29,0.00105710,19.42000000
2018-02-23 11:03:30,0.00105880,1.90000000
2018-02-23 11:03:30,0.00105720,4.78000000
2018-02-23 11:03:31,0.00105800,2.36000000
2018-02-23 11:03:31,0.00105800,0.46000000
2018-02-23 11:03:31,0.00105800,34.48000000
2018-02-23 11:03:32,0.00105740,28.37000000
2018-02-23 11:03:32,0.00105730,46.01000000
2018-02-23 11:03:33,0.00105790,7.08000000
2018-02-23 11:03:33,0.00105740,11.51000000
2018-02-23 11:03:33,0.00105740,2.87000000
2018-02-23 11:03:34,0.00105740,1.15000000
2018-02-23 11:03:34,0.00105740,156.60000000
2018-02-23 11:03:35,0.00105750,1.51000000
2018-02-23 11:03:35,0.00105740,10.99000000
2018-02-23 11:03:36,0.00105750,235.61000000
2018-02-23 11:03:37,0.00105740,74.10000000
2018-02-23 11:03:37,0.00105760,1.50000000
2018-02-23 11:03:37,0.00105740,0.89000000
2018-02-23 11:03:37,0.00105780,8.53000000
2018-02-23 11:03:38,0.00105780,19.84000000
2018-02-23 11:03:38,0.00105790,38.93000000
2018-02-23 11:03:38,0.00105970,3.26000000
2018-02-23 11:03:38,0.00105980,1.90000000
2018-02-23 11:03:38,0.00106000,285.92000000
2018-02-23 11:03:38,0.00105740,2.39000000
2018-02-23 11:03:39,0.00105750,8.52000000
2018-02-23 11:03:39,0.00105740,282.34000000
2018-02-23 11:03:39,0.00105780,2.39000000
2018-02-23 11:03:39,0.00106000,2.81000000
2018-02-23 11:03:40,0.00105790,106.80000000
2018-02-23 11:03:40,0.00105780,3.78000000
2018-02-23 11:03:40,0.00105760,1.90000000
2018-02-23 11:03:40,0.00105740,420.63000000
2018-02-23 11:03:40,0.00105960,6.19000000
2018-02-23 11:03:40,0.00105950,1.54000000
2018-02-23 11:03:42,0.00105930,2.51000000
2018-02-23 11:03:42,0.00105930,2.83000000
2018-02-23 11:03:43,0.00105930,3.18000000
2018-02-23 11:03:43,0.00105940,45.99000000
2018-02-23 11:03:43,0.00105960,5.88000000
2018-02-23 11:03:43,0.00105970,1.90000000
2018-02-23 11:03:43,0.00106000,11.66000000
2018-02-23 11:03:43,0.00105770,1.05000000
2018-02-23 11:03:43,0.00105760,29.29000000
2018-02-23 11:03:43,0.00105750,49.89000000
2018-02-23 11:03:45,0.00105900,2.84000000
2018-02-23 11:03:45,0.00105910,0.71000000
2018-02-23 11:03:46,0.00105900,10.29000000
2018-02-23 11:03:47,0.00105800,2.98000000
2018-02-23 11:03:48,0.00105890,2.36000000
2018-02-23 11:03:48,0.00105890,46.62000000
2018-02-23 11:03:48,0.00105910,35.55000000
2018-02-23 11:03:48,0.00105940,149.18000000
2018-02-23 11:03:50,0.00105900,333.23000000
2018-02-23 11:03:51,0.00105900,128.86000000
2018-02-23 11:03:51,0.00105940,20.65000000
2018-02-23 11:03:52,0.00105970,8.10000000
2018-02-23 11:03:52,0.00105940,16.29000000
2018-02-23 11:03:52,0.00105900,118.38000000
2018-02-23 11:03:52,0.00105900,0.98000000
2018-02-23 11:03:53,0.00105940,14.15000000
2018-02-23 11:03:53,0.00105900,132.90000000
2018-02-23 11:03:53,0.00105970,38.00000000
2018-02-23 11:03:54,0.00105900,228.23000000
2018-02-23 11:03:54,0.00105970,5.00000000
2018-02-23 11:03:54,0.00105900,3.40000000
2018-02-23 11:03:54,0.00105880,6.19000000
2018-02-23 11:03:54,0.00105880,43.27000000
2018-02-23 11:03:55,0.00105880,9.59000000
2018-02-23 11:03:55,0.00105970,163.07000000
2018-02-23 11:03:55,0.00105950,4.71000000
2018-02-23 11:03:55,0.00105900,1.90000000
2018-02-23 11:03:56,0.00105890,1.49000000
2018-02-23 11:03:59,0.00105810,2.09000000
2018-02-23 11:04:00,0.00105830,1.90000000
2018-02-23 11:04:00,0.00105810,17.73000000
2018-02-23 11:04:02,0.00105820,1.48000000
2018-02-23 11:04:02,0.00105770,4.71000000
2018-02-23 11:04:02,0.00105880,1.90000000
2018-02-23 11:04:02,0.00105900,47.15000000
2018-02-23 11:04:02,0.00105770,4.10000000
2018-02-23 11:04:03,0.00105900,28.30000000
2018-02-23 11:04:03,0.00105790,1.90000000
2018-02-23 11:04:03,0.00105770,0.49000000
2018-02-23 11:04:04,0.00105790,2.87000000
2018-02-23 11:04:04,0.00105880,1.90000000
2018-02-23 11:04:04,0.00105890,28.30000000
2018-02-23 11:04:04,0.00105890,5.90000000
2018-02-23 11:04:04,0.00105790,28.30000000
2018-02-23 11:04:04,0.00105880,3.88000000
2018-02-23 11:04:04,0.00105880,0.71000000
2018-02-23 11:04:05,0.00105890,4.52000000
2018-02-23 11:04:05,0.00105790,6.73000000
2018-02-23 11:04:05,0.00105890,28.31000000
2018-02-23 11:04:05,0.00105790,28.31000000
2018-02-23 11:04:05,0.00105790,4.03000000
2018-02-23 11:04:06,0.00105890,8.22000000
2018-02-23 11:04:06,0.00105790,3.00000000
2018-02-23 11:04:08,0.00105840,252.85000000
2018-02-23 11:04:10,0.00105810,1.90000000
2018-02-23 11:04:10,0.00105790,0.49000000
2018-02-23 11:04:10,0.00105870,1.90000000
2018-02-23 11:04:10,0.00105890,16.15000000
2018-02-23 11:04:10,0.00105870,1.90000000
2018-02-23 11:04:10,0.00105810,0.43000000
2018-02-23 11:04:10,0.00105890,49.28000000
2018-02-23 11:04:10,0.00105900,3.63000000
2018-02-23 11:04:10,0.00105810,12.76000000
2018-02-23 11:04:12,0.00105900,21.30000000
2018-02-23 11:04:13,0.00105810,26.53000000
2018-02-23 11:04:13,0.00105810,4.21000000
2018-02-23 11:04:15,0.00105890,96.76000000
2018-02-23 11:04:15,0.00105900,245.08000000
2018-02-23 11:04:15,0.00105920,19.82000000
2018-02-23 11:04:15,0.00105950,72.79000000
2018-02-23 11:04:18,0.00105950,38.00000000
2018-02-23 11:04:19,0.00105950,6.51000000
2018-02-23 11:04:19,0.00105970,34.99000000
2018-02-23 11:04:19,0.00105990,40.46000000
2018-02-23 11:04:20,0.00105990,177.50000000
2018-02-23 11:04:20,0.00106000,422.50000000
2018-02-23 11:04:21,0.00106000,59.82000000
2018-02-23 11:04:22,0.00105950,0.44000000
2018-02-23 11:04:23,0.00105950,70.10000000
2018-02-23 11:04:23,0.00106000,28.27000000
2018-02-23 11:04:23,0.00106000,15.58000000
2018-02-23 11:04:23,0.00106000,20.54000000
2018-02-23 11:04:23,0.00106000,28.28000000
2018-02-23 11:04:23,0.00106000,11.28000000
2018-02-23 11:04:23,0.00106000,110.27000000
2018-02-23 11:04:23,0.00106000,403.41000000
2018-02-23 11:04:24,0.00106000,327.60000000
2018-02-23 11:04:24,0.00106000,2353.62000000
2018-02-23 11:04:24,0.00106050,4.08000000
2018-02-23 11:04:26,0.00106050,4.01000000
2018-02-23 11:04:26,0.00106120,32.93000000
2018-02-23 11:04:27,0.00106000,19.25000000
2018-02-23 11:04:27,0.00106110,84.79000000
2018-02-23 11:04:27,0.00106120,37.05000000
2018-02-23 11:04:28,0.00106120,28.26000000
2018-02-23 11:04:28,0.00106120,0.04000000
2018-02-23 11:04:28,0.00106120,1.65000000
2018-02-23 11:04:28,0.00106120,14.36000000
2018-02-23 11:04:28,0.00106120,15.41000000
2018-02-23 11:04:28,0.00106120,12.71000000
2018-02-23 11:04:28,0.00106120,8.05000000
2018-02-23 11:04:30,0.00106120,1.92000000
2018-02-23 11:04:30,0.00106160,5.34000000
2018-02-23 11:04:31,0.00106160,27.31000000
2018-02-23 11:04:31,0.00106160,28.25000000
2018-02-23 11:04:32,0.00106160,1.48000000
2018-02-23 11:04:32,0.00106160,14.68000000
2018-02-23 11:04:32,0.00106180,6.36000000
2018-02-23 11:04:32,0.00106160,64.00000000
2018-02-23 11:04:33,0.00106160,1.07000000
2018-02-23 11:04:33,0.00106160,17.03000000
2018-02-23 11:04:33,0.00106160,17.04000000
2018-02-23 11:04:33,0.00106160,26.07000000
2018-02-23 11:04:33,0.00106180,6.27000000
2018-02-23 11:04:33,0.00106200,21.37000000
2018-02-23 11:04:33,0.00106200,161.62000000
2018-02-23 11:04:34,0.00106160,30.00000000
2018-02-23 11:04:34,0.00106170,269.70000000
2018-02-23 11:04:35,0.00106160,85.63000000
2018-02-23 11:04:35,0.00106050,14.37000000
2018-02-23 11:04:35,0.00106200,37.46000000
2018-02-23 11:04:35,0.00106210,26.94000000
2018-02-23 11:04:36,0.00106210,31.00000000
2018-02-23 11:04:38,0.00106250,107.71000000
2018-02-23 11:04:38,0.00106260,4.71000000
2018-02-23 11:04:38,0.00106290,0.14000000
2018-02-23 11:04:38,0.00106250,12.74000000
2018-02-23 11:04:38,0.00106210,146.11000000
2018-02-23 11:04:38,0.00106200,168.75000000
2018-02-23 11:04:39,0.00106200,4.72000000
2018-02-23 11:04:40,0.00106220,43.39000000
2018-02-23 11:04:41,0.00106250,7.65000000
2018-02-23 11:04:41,0.00106250,1.75000000
2018-02-23 11:04:42,0.00106250,4.75000000
2018-02-23 11:04:42,0.00106210,0.25000000
2018-02-23 11:04:42,0.00106270,1.90000000
2018-02-23 11:04:42,0.00106290,6.29000000
2018-02-23 11:04:42,0.00106290,41.36000000
2018-02-23 11:04:43,0.00106300,6.89000000
2018-02-23 11:04:44,0.00106290,8.92000000
2018-02-23 11:04:44,0.00106240,1.90000000
2018-02-23 11:04:44,0.00106220,50.33000000
2018-02-23 11:04:44,0.00106210,7.57000000
2018-02-23 11:04:44,0.00106280,1.90000000
2018-02-23 11:04:44,0.00106300,10.32000000
2018-02-23 11:04:45,0.00106310,3.25000000
2018-02-23 11:04:45,0.00106310,8.78000000
2018-02-23 11:04:45,0.00106300,27.11000000
2018-02-23 11:04:46,0.00106300,17.34000000
2018-02-23 11:04:46,0.00106390,2.30000000
2018-02-23 11:04:47,0.00106320,1.90000000
2018-02-23 11:04:49,0.00106230,8.81000000
2018-02-23 11:04:49,0.00106370,1.90000000
2018-02-23 11:04:49,0.00106380,1.49000000
2018-02-23 11:04:49,0.00106390,14.27000000
2018-02-23 11:04:50,0.00106310,5.91000000
2018-02-23 11:04:50,0.00106310,81.05000000
2018-02-23 11:04:50,0.00106310,5.91000000
2018-02-23 11:04:50,0.00106390,242.77000000
2018-02-23 11:04:50,0.00106330,2.37000000
2018-02-23 11:04:51,0.00106330,307.38000000
2018-02-23 11:04:51,0.00106330,126.25000000
2018-02-23 11:04:51,0.00106370,51.93000000
2018-02-23 11:04:51,0.00106380,8.81000000
2018-02-23 11:04:51,0.00106390,68.20000000
2018-02-23 11:04:51,0.00106370,1.50000000
2018-02-23 11:04:52,0.00106390,21.94000000
2018-02-23 11:04:52,0.00106370,7.65000000
2018-02-23 11:04:53,0.00106390,1.88000000
2018-02-23 11:04:53,0.00106390,48.52000000
2018-02-23 11:04:53,0.00106390,168.50000000
2018-02-23 11:04:53,0.00106380,265.95000000
2018-02-23 11:04:55,0.00106390,17.76000000
2018-02-23 11:04:55,0.00106390,82.24000000
2018-02-23 11:04:56,0.00106390,93.83000000
2018-02-23 11:04:56,0.00106390,1.67000000
2018-02-23 11:04:58,0.00106390,2.08000000
2018-02-23 11:04:59,0.00106400,113.80000000
2018-02-23 11:04:59,0.00106400,27.21000000
2018-02-23 11:05:00,0.00106390,50.33000000
2018-02-23 11:05:00,0.00106390,43.16000000
2018-02-23 11:05:01,0.00106400,38.76000000
2018-02-23 11:05:01,0.00106400,0.57000000
2018-02-23 11:05:02,0.00106400,42.72000000
2018-02-23 11:05:02,0.00106390,4.40000000
2018-02-23 11:05:03,0.00106400,28.44000000
2018-02-23 11:05:03,0.00106400,88.21000000
2018-02-23 11:05:03,0.00106390,52.27000000
2018-02-23 11:05:03,0.00106380,77.93000000
2018-02-23 11:05:03,0.00106400,29.26000000
2018-02-23 11:05:03,0.00106400,318.31000000
2018-02-23 11:05:03,0.00106400,260.57000000
2018-02-23 11:05:04,0.00106400,318.79000000
2018-02-23 11:05:04,0.00106400,81.42000000
2018-02-23 11:05:04,0.00106400,5.80000000
2018-02-23 11:05:06,0.00106390,13.70000000
2018-02-23 11:05:06,0.00106380,19.00000000
2018-02-23 11:05:06,0.00106390,24.56000000
2018-02-23 11:05:06,0.00106400,76.06000000
2018-02-23 11:05:07,0.00106380,10.46000000
2018-02-23 11:05:07,0.00106300,20.90000000
2018-02-23 11:05:07,0.00106200,108.54000000
2018-02-23 11:05:07,0.00106170,9.23000000
2018-02-23 11:05:07,0.00106160,63.04000000
2018-02-23 11:05:07,0.00106040,4.70000000
2018-02-23 11:05:07,0.00106030,84.74000000
2018-02-23 11:05:07,0.00106020,23.63000000
2018-02-23 11:05:07,0.00106000,191.35000000
2018-02-23 11:05:07,0.00106200,6.17000000
2018-02-23 11:05:07,0.00106380,2.45000000
2018-02-23 11:05:08,0.00106370,26.12000000
2018-02-23 11:05:09,0.00106220,1.90000000
2018-02-23 11:05:09,0.00106210,0.49000000
2018-02-23 11:05:09,0.00106210,4.74000000
2018-02-23 11:05:09,0.00106210,14.06000000
2018-02-23 11:05:09,0.00106200,4.84000000
2018-02-23 11:05:09,0.00106130,39.72000000
2018-02-23 11:05:09,0.00106300,155.75000000
2018-02-23 11:05:09,0.00106120,2.30000000
2018-02-23 11:05:09,0.00106300,10.76000000
2018-02-23 11:05:10,0.00106210,3.81000000
2018-02-23 11:05:10,0.00106210,6.90000000
2018-02-23 11:05:10,0.00106130,5.31000000
2018-02-23 11:05:10,0.00106290,10.71000000
2018-02-23 11:05:10,0.00106300,48.83000000
2018-02-23 11:05:10,0.00106130,4.78000000
2018-02-23 11:05:11,0.00106300,110.33000000
2018-02-23 11:05:11,0.00106130,1.62000000
2018-02-23 11:05:11,0.00106140,1.91000000
2018-02-23 11:05:11,0.00106140,2.37000000
2018-02-23 11:05:11,0.00106140,1.92000000
2018-02-23 11:05:11,0.00106210,216.37000000
2018-02-23 11:05:12,0.00106150,2.86000000
2018-02-23 11:05:12,0.00106150,3.62000000
2018-02-23 11:05:12,0.00106150,1.53000000
2018-02-23 11:05:12,0.00106150,2.71000000
2018-02-23 11:05:12,0.00106140,4.71000000
2018-02-23 11:05:12,0.00106130,51.95000000
2018-02-23 11:05:12,0.00106130,3.82000000
2018-02-23 11:05:12,0.00106140,2.38000000
2018-02-23 11:05:12,0.00106140,1.33000000
2018-02-23 11:05:12,0.00106140,1.91000000
2018-02-23 11:05:12,0.00106140,2.86000000
2018-02-23 11:05:13,0.00106140,2.38000000
2018-02-23 11:05:13,0.00106140,4.75000000
2018-02-23 11:05:13,0.00106140,2.39000000
2018-02-23 11:05:13,0.00106140,2.86000000
2018-02-23 11:05:13,0.00106140,2.38000000
2018-02-23 11:05:13,0.00106140,12.32000000
2018-02-23 11:05:13,0.00106140,19.27000000
2018-02-23 11:05:13,0.00106140,2.38000000
2018-02-23 11:05:13,0.00106140,2.76000000
2018-02-23 11:05:13,0.00106270,6.20000000
2018-02-23 11:05:13,0.00106280,10.72000000
2018-02-23 11:05:13,0.00106300,130.05000000
2018-02-23 11:05:13,0.00106140,2.39000000
2018-02-23 11:05:13,0.00106300,94.00000000
2018-02-23 11:05:13,0.00106270,4.58000000
2018-02-23 11:05:13,0.00106300,11.32000000
2018-02-23 11:05:13,0.00106300,48.38000000
2018-02-23 11:05:13,0.00106300,48.38000000
2018-02-23 11:05:13,0.00106270,1.62000000
2018-02-23 11:05:13,0.00106140,7.91000000
2018-02-23 11:05:13,0.00106140,3.34000000
2018-02-23 11:05:13,0.00106140,11.19000000
2018-02-23 11:05:13,0.00106130,205.77000000
2018-02-23 11:05:13,0.00106130,2.37000000
2018-02-23 11:05:13,0.00106130,2.38000000
2018-02-23 11:05:14,0.00106130,1.72000000
2018-02-23 11:05:14,0.00106130,2.86000000
2018-02-23 11:05:14,0.00106200,131.68000000
2018-02-23 11:05:14,0.00106300,28.07000000
2018-02-23 11:05:14,0.00106150,2.38000000
2018-02-23 11:05:14,0.00106150,8.35000000
2018-02-23 11:05:14,0.00106140,1.50000000
2018-02-23 11:05:15,0.00106130,142.20000000
2018-02-23 11:05:15,0.00106130,2.85000000
2018-02-23 11:05:15,0.00106290,12.06000000
2018-02-23 11:05:16,0.00106270,1.49000000
2018-02-23 11:05:17,0.00106140,15.30000000
2018-02-23 11:05:17,0.00106140,12.96000000
2018-02-23 11:05:17,0.00106130,93.04000000
2018-02-23 11:05:17,0.00106130,3.82000000
2018-02-23 11:05:17,0.00106130,8.32000000
2018-02-23 11:05:17,0.00106130,10.00000000
2018-02-23 11:05:18,0.00106130,4.97000000
2018-02-23 11:05:18,0.00106260,10.73000000
2018-02-23 11:05:18,0.00106300,108.83000000
2018-02-23 11:05:18,0.00106250,71.25000000
2018-02-23 11:05:18,0.00106280,2.39000000
2018-02-23 11:05:19,0.00106280,2.71000000
2018-02-23 11:05:19,0.00106280,2.10000000
2018-02-23 11:05:19,0.00106280,2.36000000
2018-02-23 11:05:19,0.00106300,363.93000000
2018-02-23 11:05:20,0.00106350,28.26000000
2018-02-23 11:05:20,0.00106360,1.63000000
2018-02-23 11:05:20,0.00106300,2.26000000
2018-02-23 11:05:20,0.00106280,0.12000000
2018-02-23 11:05:20,0.00106280,2.57000000
2018-02-23 11:05:20,0.00106280,8.62000000
2018-02-23 11:05:20,0.00106200,1.12000000
2018-02-23 11:05:20,0.00106200,2.78000000
2018-02-23 11:05:20,0.00106150,1.05000000
2018-02-23 11:05:20,0.00106150,2.39000000
2018-02-23 11:05:21,0.00106160,2.87000000
2018-02-23 11:05:22,0.00106170,10.54000000
2018-02-23 11:05:22,0.00106230,2.84000000
2018-02-23 11:05:22,0.00106270,2.38000000
2018-02-23 11:05:22,0.00106270,2.86000000
2018-02-23 11:05:22,0.00106340,2.87000000
2018-02-23 11:05:22,0.00106350,0.61000000
2018-02-23 11:05:23,0.00106270,3.35000000
2018-02-23 11:05:23,0.00106270,1.39000000
2018-02-23 11:05:23,0.00106170,17.71000000
2018-02-23 11:05:23,0.00106160,84.85000000
2018-02-23 11:05:23,0.00106150,6.03000000
2018-02-23 11:05:23,0.00106140,67.90000000
2018-02-23 11:05:23,0.00106140,68.79000000
2018-02-23 11:05:24,0.00106240,99.22000000
2018-02-23 11:05:24,0.00106300,2.35000000
2018-02-23 11:05:25,0.00106250,2.86000000
2018-02-23 11:05:25,0.00106300,25.90000000
2018-02-23 11:05:25,0.00106350,30.90000000
2018-02-23 11:05:25,0.00106300,54.56000000
2018-02-23 11:05:26,0.00106300,3.34000000
2018-02-23 11:05:26,0.00106300,2.38000000
2018-02-23 11:05:26,0.00106300,2.87000000
2018-02-23 11:05:26,0.00106300,2.38000000
2018-02-23 11:05:26,0.00106300,2.87000000
2018-02-23 11:05:26,0.00106300,2.38000000
2018-02-23 11:05:26,0.00106300,3.23000000
2018-02-23 11:05:26,0.00106300,1.21000000
2018-02-23 11:05:26,0.00106300,1.91000000
2018-02-23 11:05:26,0.00106300,4.87000000
2018-02-23 11:05:26,0.00106300,2.38000000
2018-02-23 11:05:26,0.00106310,56.78000000
2018-02-23 11:05:26,0.00106360,25.90000000
2018-02-23 11:05:26,0.00106370,310.26000000
2018-02-23 11:05:26,0.00106390,210.00000000
2018-02-23 11:05:26,0.00106400,51.84000000
2018-02-23 11:05:26,0.00106300,4.29000000
2018-02-23 11:05:27,0.00106300,2.38000000
2018-02-23 11:05:27,0.00106300,135.71000000
2018-02-23 11:05:27,0.00106290,1.88000000
2018-02-23 11:05:27,0.00106250,0.51000000
2018-02-23 11:05:27,0.00106250,1.19000000
2018-02-23 11:05:28,0.00106250,8.60000000
2018-02-23 11:05:28,0.00106290,46.00000000
2018-02-23 11:05:28,0.00106300,137.98000000
2018-02-23 11:05:28,0.00106360,36.83000000
2018-02-23 11:05:30,0.00106300,9.78000000
2018-02-23 11:05:30,0.00106310,84.90000000
2018-02-23 11:05:30,0.00106300,28.81000000
2018-02-23 11:05:30,0.00106300,14.26000000
2018-02-23 11:05:31,0.00106330,12.91000000
2018-02-23 11:05:31,0.00106330,3.71000000
2018-02-23 11:05:31,0.00106360,16.47000000
2018-02-23 11:05:32,0.00106350,36.80000000
2018-02-23 11:05:33,0.00106350,48.10000000
2018-02-23 11:05:33,0.00106360,124.85000000
2018-02-23 11:05:33,0.00106380,47.04000000
2018-02-23 11:05:35,0.00106310,24.43000000
2018-02-23 11:05:35,0.00106310,3.83000000
2018-02-23 11:05:36,0.00106310,56.68000000
2018-02-23 11:05:36,0.00106300,189.19000000
2018-02-23 11:05:36,0.00106340,129.44000000
2018-02-23 11:05:37,0.00106360,4.71000000
2018-02-23 11:05:37,0.00106360,1.91000000
2018-02-23 11:05:37,0.00106360,31.63000000
2018-02-23 11:05:38,0.00106360,4.00000000
2018-02-23 11:05:38,0.00106370,1.48000000
2018-02-23 11:05:38,0.00106370,132.56000000
2018-02-23 11:05:38,0.00106390,32.36000000
2018-02-23 11:05:39,0.00106390,122.30000000
2018-02-23 11:05:39,0.00106380,157.00000000
2018-02-23 11:05:39,0.00106390,73.00000000
2018-02-23 11:05:40,0.00106370,1.07000000
2018-02-23 11:05:40,0.00106370,38.98000000
2018-02-23 11:05:40,0.00106360,44.73000000
2018-02-23 11:05:40,0.00106330,5.27000000
2018-02-23 11:05:40,0.00106370,5.29000000
2018-02-23 11:05:40,0.00106370,54.90000000
2018-02-23 11:05:41,0.00106360,17.66000000
2018-02-23 11:05:43,0.00106370,1.50000000
2018-02-23 11:05:43,0.00106370,174.42000000
2018-02-23 11:05:43,0.00106400,246.72000000
2018-02-23 11:05:44,0.00106400,204.59000000
2018-02-23 11:05:44,0.00106440,180.56000000
2018-02-23 11:05:45,0.00106440,154.02000000
2018-02-23 11:05:45,0.00106440,277.98000000
2018-02-23 11:05:46,0.00106440,1.50000000
2018-02-23 11:05:46,0.00106440,232.70000000
2018-02-23 11:05:46,0.00106400,3.30000000
2018-02-23 11:05:47,0.00106450,91.20000000
2018-02-23 11:05:47,0.00106460,1.06000000
2018-02-23 11:05:47,0.00106470,109.31000000
2018-02-23 11:05:47,0.00106480,28.48000000
2018-02-23 11:05:47,0.00106490,269.95000000
2018-02-23 11:05:47,0.00106490,275.40000000
2018-02-23 11:05:47,0.00106500,1455.51000000
2018-02-23 11:05:47,0.00106500,31.76000000
2018-02-23 11:05:48,0.00106500,421.81000000
2018-02-23 11:05:50,0.00106500,312.61000000
2018-02-23 11:05:50,0.00106500,25.98000000
2018-02-23 11:05:50,0.00106500,48.11000000
2018-02-23 11:05:50,0.00106500,33.48000000
2018-02-23 11:05:51,0.00106500,504.10000000
2018-02-23 11:05:51,0.00106500,599.99000000
2018-02-23 11:05:52,0.00106500,9.72000000
2018-02-23 11:05:52,0.00106500,32.85000000
2018-02-23 11:05:52,0.00106440,1.88000000
2018-02-23 11:05:52,0.00106420,1.88000000
2018-02-23 11:05:52,0.00106420,36.28000000
2018-02-23 11:05:52,0.00106480,1.88000000
2018-02-23 11:05:52,0.00106490,92.09000000
2018-02-23 11:05:52,0.00106500,335.55000000
2018-02-23 11:05:52,0.00106480,1.88000000
2018-02-23 11:05:52,0.00106500,117.55000000
2018-02-23 11:05:53,0.00106500,865.47000000
2018-02-23 11:05:53,0.00106500,7.93000000
2018-02-23 11:05:53,0.00106500,37.22000000
2018-02-23 11:05:56,0.00106500,28.47000000
2018-02-23 11:05:56,0.00106430,1.88000000
2018-02-23 11:05:57,0.00106420,2.64000000
2018-02-23 11:05:59,0.00106420,58.59000000
2018-02-23 11:05:59,0.00106480,1.88000000
2018-02-23 11:05:59,0.00106490,51.69000000
2018-02-23 11:05:59,0.00106500,3680.30000000
2018-02-23 11:05:59,0.00106500,190.82000000
2018-02-23 11:06:00,0.00106500,599.99000000
2018-02-23 11:06:00,0.00106450,32.96000000
2018-02-23 11:06:00,0.00106410,125.07000000
2018-02-23 11:06:00,0.00106400,1130.61000000
2018-02-23 11:06:00,0.00106490,59.63000000
2018-02-23 11:06:01,0.00106490,3.57000000
2018-02-23 11:06:01,0.00106490,294.11000000
2018-02-23 11:06:01,0.00106490,102.69000000
2018-02-23 11:06:01,0.00106500,10.78000000
2018-02-23 11:06:02,0.00106420,1.88000000
2018-02-23 11:06:02,0.00106400,42.24000000
2018-02-23 11:06:02,0.00106400,95.64000000
2018-02-23 11:06:02,0.00106400,24.60000000
2018-02-23 11:06:03,0.00106390,1.54000000
2018-02-23 11:06:03,0.00106400,51.99000000
2018-02-23 11:06:03,0.00106470,1.00000000
2018-02-23 11:06:03,0.00106470,0.88000000
2018-02-23 11:06:03,0.00106500,215.39000000
2018-02-23 11:06:04,0.00106400,118.14000000
2018-02-23 11:06:04,0.00106490,2.35000000
2018-02-23 11:06:04,0.00106490,2.65000000
2018-02-23 11:06:04,0.00106500,20.17000000
2018-02-23 11:06:05,0.00106500,225.09000000
2018-02-23 11:06:05,0.00106410,1.88000000
2018-02-23 11:06:05,0.00106390,4.51000000
2018-02-23 11:06:05,0.00106390,9.50000000
2018-02-23 11:06:06,0.00106480,0.94000000
2018-02-23 11:06:06,0.00106390,13.43000000
2018-02-23 11:06:06,0.00106340,1.31000000
2018-02-23 11:06:06,0.00106310,8.87000000
2018-02-23 11:06:06,0.00106300,77.37000000
2018-02-23 11:06:07,0.00106480,0.04000000
2018-02-23 11:06:09,0.00106480,3.05000000
2018-02-23 11:06:09,0.00106330,1.90000000
2018-02-23 11:06:09,0.00106320,3.10000000
2018-02-23 11:06:10,0.00106320,2.38000000
2018-02-23 11:06:10,0.00106460,1.90000000
2018-02-23 11:06:10,0.00106480,82.78000000
2018-02-23 11:06:10,0.00106490,17.03000000
2018-02-23 11:06:10,0.00106500,410.52000000
2018-02-23 11:06:10,0.00106320,3.81000000
2018-02-23 11:06:10,0.00106320,9.03000000
2018-02-23 11:06:11,0.00106480,19.22000000
2018-02-23 11:06:11,0.00106330,10.76000000
2018-02-23 11:06:11,0.00106320,7.89000000
2018-02-23 11:06:11,0.00106350,31.99000000
2018-02-23 11:06:11,0.00106320,8.32000000
2018-02-23 11:06:11,0.00106310,0.12000000
2018-02-23 11:06:11,0.00106310,51.40000000
2018-02-23 11:06:12,0.00106310,0.46000000
2018-02-23 11:06:12,0.00106340,1.02000000
2018-02-23 11:06:13,0.00106340,0.02000000
2018-02-23 11:06:14,0.00106340,9.72000000
2018-02-23 11:06:14,0.00106350,206.39000000
2018-02-23 11:06:14,0.00106310,59.22000000
2018-02-23 11:06:14,0.00106300,94.76000000
2018-02-23 11:06:15,0.00106310,1.49000000
2018-02-23 11:06:15,0.00106310,1.72000000
2018-02-23 11:06:15,0.00106310,130.77000000
2018-02-23 11:06:15,0.00106310,96.37000000
2018-02-23 11:06:16,0.00106300,207.72000000
2018-02-23 11:06:16,0.00106310,1.66000000
2018-02-23 11:06:17,0.00106310,16.67000000
2018-02-23 11:06:17,0.00106300,11.42000000
2018-02-23 11:06:17,0.00106310,2.00000000
2018-02-23 11:06:18,0.00106310,4.16000000
2018-02-23 11:06:18,0.00106300,109.28000000
2018-02-23 11:06:18,0.00106310,2.53000000
2018-02-23 11:06:18,0.00106300,182.20000000
2018-02-23 11:06:18,0.00106350,3.20000000
2018-02-23 11:06:19,0.00106320,238.48000000
2018-02-23 11:06:20,0.00106350,433.29000000
2018-02-23 11:06:21,0.00106440,18.96000000
2018-02-23 11:06:21,0.00106450,6.32000000
2018-02-23 11:06:21,0.00106460,8.97000000
2018-02-23 11:06:22,0.00106460,26.92000000
2018-02-23 11:06:22,0.00106460,145.79000000
2018-02-23 11:06:23,0.00106500,207.33000000
2018-02-23 11:06:25,0.00106500,7.80000000
2018-02-23 11:06:25,0.00106500,664.05000000
2018-02-23 11:06:26,0.00106500,400.00000000
2018-02-23 11:06:27,0.00106500,316.76000000
2018-02-23 11:06:27,0.00106500,2.29000000
2018-02-23 11:06:28,0.00106500,2.00000000
2018-02-23 11:06:29,0.00106500,688.07000000
2018-02-23 11:06:29,0.00106460,1.49000000
2018-02-23 11:06:31,0.00106460,14.89000000
2018-02-23 11:06:31,0.00106500,23.69000000
2018-02-23 11:06:31,0.00106470,121.32000000
2018-02-23 11:06:32,0.00106500,113.21000000
2018-02-23 11:06:33,0.00106500,0.15000000
2018-02-23 11:06:33,0.00106460,4.68000000
2018-02-23 11:06:33,0.00106500,7.89000000
2018-02-23 11:06:34,0.00106500,74.79000000
2018-02-23 11:06:34,0.00106460,95.02000000
2018-02-23 11:06:34,0.00106500,25.99000000
2018-02-23 11:06:38,0.00106500,50.63000000
2018-02-23 11:06:38,0.00106460,28.17000000
2018-02-23 11:06:38,0.00106460,4.81000000
2018-02-23 11:06:39,0.00106500,2.00000000
2018-02-23 11:06:40,0.00106500,69.80000000
2018-02-23 11:06:40,0.00106500,8.44000000
2018-02-23 11:06:40,0.00106500,2023.25000000
2018-02-23 11:06:41,0.00106500,262.74000000
2018-02-23 11:06:42,0.00106500,36.40000000
2018-02-23 11:06:42,0.00106500,247.59000000
2018-02-23 11:06:42,0.00106500,933.86000000
2018-02-23 11:06:42,0.00106510,33.48000000
2018-02-23 11:06:42,0.00106520,7.40000000
2018-02-23 11:06:42,0.00106540,6.12000000
2018-02-23 11:06:42,0.00106540,13.27000000
2018-02-23 11:06:42,0.00106550,44.20000000
2018-02-23 11:06:42,0.00106560,33.97000000
2018-02-23 11:06:42,0.00106580,96.37000000
2018-02-23 11:06:42,0.00106600,7.40000000
2018-02-23 11:06:42,0.00106660,48.13000000
2018-02-23 11:06:45,0.00106520,11.00000000
2018-02-23 11:06:45,0.00106650,1.09000000
2018-02-23 11:06:46,0.00106650,6.70000000
2018-02-23 11:06:46,0.00106660,9.30000000
2018-02-23 11:06:46,0.00106660,50.20000000
2018-02-23 11:06:48,0.00106540,1.88000000
2018-02-23 11:06:48,0.00106520,38.12000000
2018-02-23 11:06:49,0.00106630,1.88000000
2018-02-23 11:06:49,0.00106650,6.32000000
2018-02-23 11:06:49,0.00106660,0.72000000
2018-02-23 11:06:49,0.00106660,30.10000000
2018-02-23 11:06:49,0.00106600,5.90000000
2018-02-23 11:06:51,0.00106560,0.94000000
2018-02-23 11:06:51,0.00106660,67.80000000
2018-02-23 11:06:51,0.00106700,175.84000000
2018-02-23 11:06:51,0.00106670,8.40000000
2018-02-23 11:06:51,0.00106670,8.40000000
2018-02-23 11:06:51,0.00106670,2.63000000
2018-02-23 11:06:53,0.00106670,4.24000000
2018-02-23 11:06:54,0.00106670,60.61000000
2018-02-23 11:06:54,0.00106700,0.16000000
2018-02-23 11:06:55,0.00106700,37.90000000
2018-02-23 11:06:57,0.00106670,10.00000000
2018-02-23 11:06:57,0.00106670,106.94000000
2018-02-23 11:06:59,0.00106670,119.92000000
2018-02-23 11:06:59,0.00106580,1.88000000
2018-02-23 11:06:59,0.00106560,3.12000000
2018-02-23 11:07:00,0.00106610,1.88000000
2018-02-23 11:07:00,0.00106650,1.88000000
2018-02-23 11:07:00,0.00106670,33.14000000
2018-02-23 11:07:00,0.00106670,12.21000000
2018-02-23 11:07:00,0.00106670,50.00000000
2018-02-23 11:07:01,0.00106670,3.85000000
2018-02-23 11:07:01,0.00106560,118.54000000
2018-02-23 11:07:01,0.00106540,124.08000000
2018-02-23 11:07:01,0.00106530,84.86000000
2018-02-23 11:07:01,0.00106520,139.80000000
2018-02-23 11:07:01,0.00106510,562.14000000
2018-02-23 11:07:01,0.00106500,1566.96000000
2018-02-23 11:07:01,0.00106670,89.52000000
2018-02-23 11:07:01,0.00106700,616.04000000
2018-02-23 11:07:02,0.00106610,132.38000000
2018-02-23 11:07:02,0.00106570,2.37000000
2018-02-23 11:07:02,0.00106570,141.57000000
2018-02-23 11:07:02,0.00106500,14.24000000
2018-02-23 11:07:02,0.00106590,1.88000000
2018-02-23 11:07:02,0.00106560,126.77000000
2018-02-23 11:07:02,0.00106500,237.54000000
2018-02-23 11:07:03,0.00106640,1.88000000
2018-02-23 11:07:03,0.00106660,31.75000000
2018-02-23 11:07:03,0.00106660,48.80000000
2018-02-23 11:07:03,0.00106510,5.70000000
2018-02-23 11:07:03,0.00106510,5.23000000
2018-02-23 11:07:03,0.00106500,159.34000000
2018-02-23 11:07:03,0.00106490,26.25000000
2018-02-23 11:07:04,0.00106500,43.25000000
2018-02-23 11:07:05,0.00106500,311.09000000
2018-02-23 11:07:05,0.00106490,28.42000000
2018-02-23 11:07:05,0.00106470,4.68000000
2018-02-23 11:07:05,0.00106460,12.12000000
2018-02-23 11:07:05,0.00106340,12.00000000
2018-02-23 11:07:05,0.00106320,17.57000000
2018-02-23 11:07:06,0.00106320,137.18000000
2018-02-23 11:07:06,0.00106300,246.43000000
2018-02-23 11:07:06,0.00106250,17.55000000
2018-02-23 11:07:06,0.00106220,7.94000000
2018-02-23 11:07:06,0.00106200,56.56000000
2018-02-23 11:07:06,0.00106490,10.93000000
2018-02-23 11:07:06,0.00106500,57.52000000
2018-02-23 11:07:06,0.00106500,5.00000000
2018-02-23 11:07:06,0.00106340,1.90000000
2018-02-23 11:07:07,0.00106350,2.39000000
2018-02-23 11:07:07,0.00106350,2.39000000
2018-02-23 11:07:07,0.00106350,2.39000000
2018-02-23 11:07:07,0.00106350,16.42000000
2018-02-23 11:07:07,0.00106210,46.99000000
2018-02-23 11:07:07,0.00106200,36.04000000
2018-02-23 11:07:07,0.00106190,2.45000000
2018-02-23 11:07:07,0.00106160,2.35000000
2018-02-23 11:07:07,0.00106150,286.75000000
2018-02-23 11:07:07,0.00106470,1.90000000
2018-02-23 11:07:07,0.00106500,8.69000000
2018-02-23 11:07:07,0.00106350,2.39000000
2018-02-23 11:07:07,0.00106350,3.93000000
2018-02-23 11:07:08,0.00106460,1.50000000
2018-02-23 11:07:08,0.00106350,1.32000000
2018-02-23 11:07:08,0.00106460,8.40000000
2018-02-23 11:07:08,0.00106350,5.00000000
2018-02-23 11:07:09,0.00106320,3.70000000
2018-02-23 11:07:09,0.00106320,4.76000000
2018-02-23 11:07:09,0.00106320,6.98000000
2018-02-23 11:07:09,0.00106320,2.86000000
2018-02-23 11:07:09,0.00106320,2.39000000
2018-02-23 11:07:09,0.00106320,17.21000000
2018-02-23 11:07:09,0.00106170,1.52000000
2018-02-23 11:07:09,0.00106160,121.67000000
2018-02-23 11:07:09,0.00106150,77.89000000
2018-02-23 11:07:09,0.00106140,9.42000000
2018-02-23 11:07:09,0.00106020,61.60000000
2018-02-23 11:07:09,0.00106000,644.69000000
2018-02-23 11:07:09,0.00106000,7.67000000
2018-02-23 11:07:10,0.00106300,5.89000000
2018-02-23 11:07:10,0.00106300,4.91000000
2018-02-23 11:07:10,0.00106300,4.91000000
2018-02-23 11:07:10,0.00106300,14.02000000
2018-02-23 11:07:10,0.00106300,21.80000000
2018-02-23 11:07:11,0.00106200,3.24000000
2018-02-23 11:07:11,0.00106300,22.26000000
2018-02-23 11:07:11,0.00106200,2.10000000
2018-02-23 11:07:11,0.00106200,23.99000000
2018-02-23 11:07:11,0.00106050,14.14000000
2018-02-23 11:07:11,0.00106010,63.75000000
2018-02-23 11:07:11,0.00106300,4.45000000
2018-02-23 11:07:11,0.00106010,2.86000000
2018-02-23 11:07:11,0.00106290,46.99000000
2018-02-23 11:07:11,0.00106300,696.09000000
2018-02-23 11:07:11,0.00106320,71.89000000
2018-02-23 11:07:11,0.00106430,25.95000000
2018-02-23 11:07:11,0.00106440,47.24000000
2018-02-23 11:07:11,0.00106450,504.10000000
2018-02-23 11:07:11,0.00106460,107.84000000
2018-02-23 11:07:11,0.00106480,25.28000000
2018-02-23 11:07:11,0.00106500,28.16000000
2018-02-23 11:07:11,0.00106560,248.64000000
2018-02-23 11:07:11,0.00106650,84.86000000
2018-02-23 11:07:11,0.00106670,241.47000000
2018-02-23 11:07:11,0.00106740,59.56000000
2018-02-23 11:07:11,0.00106750,33.78000000
2018-02-23 11:07:11,0.00106800,601.27000000
2018-02-23 11:07:11,0.00106810,27.99000000
2018-02-23 11:07:11,0.00106820,13.26000000
2018-02-23 11:07:11,0.00106850,1.91000000
2018-02-23 11:07:11,0.00106850,33.51000000
2018-02-23 11:07:11,0.00106850,4.42000000
2018-02-23 11:07:11,0.00106850,4.42000000
2018-02-23 11:07:11,0.00106850,4.42000000
2018-02-23 11:07:11,0.00106850,4.42000000
2018-02-23 11:07:12,0.00106850,11.27000000
2018-02-23 11:07:12,0.00106850,10.95000000
2018-02-23 11:07:12,0.00106850,4.45000000
2018-02-23 11:07:12,0.00106850,2.39000000
2018-02-23 11:07:12,0.00106850,671.00000000
2018-02-23 11:07:12,0.00106850,3.95000000
2018-02-23 11:07:12,0.00106850,2.39000000
2018-02-23 11:07:12,0.00106850,3.98000000
2018-02-23 11:07:12,0.00106850,1.04000000
2018-02-23 11:07:12,0.00106850,1.06000000
2018-02-23 11:07:12,0.00106850,50.00000000
2018-02-23 11:07:12,0.00106850,2.42000000
2018-02-23 11:07:12,0.00106850,12.20000000
2018-02-23 11:07:12,0.00106850,28.07000000
2018-02-23 11:07:12,0.00106850,18.95000000
2018-02-23 11:07:12,0.00106010,18.30000000
2018-02-23 11:07:12,0.00106010,2.38000000
2018-02-23 11:07:12,0.00106010,4.79000000
2018-02-23 11:07:12,0.00106300,11.87000000
2018-02-23 11:07:12,0.00106300,11.87000000
2018-02-23 11:07:12,0.00106300,11.87000000
2018-02-23 11:07:12,0.00106010,2.38000000
2018-02-23 11:07:12,0.00106300,11.87000000
2018-02-23 11:07:12,0.00106010,4.77000000
2018-02-23 11:07:12,0.00106300,9.89000000
2018-02-23 11:07:12,0.00106300,11.49000000
2018-02-23 11:07:12,0.00106010,7.63000000
2018-02-23 11:07:12,0.00106300,27.13000000
2018-02-23 11:07:12,0.00106010,2.39000000
2018-02-23 11:07:13,0.00106300,39.51000000
2018-02-23 11:07:13,0.00106030,12.72000000
2018-02-23 11:07:13,0.00106030,4.90000000
2018-02-23 11:07:13,0.00106190,30.06000000
2018-02-23 11:07:13,0.00106190,0.03000000
2018-02-23 11:07:13,0.00106030,3.92000000
2018-02-23 11:07:13,0.00106140,1.40000000
2018-02-23 11:07:14,0.00106150,1.46000000
2018-02-23 11:07:14,0.00106140,8.19000000
2018-02-23 11:07:14,0.00106140,21.42000000
2018-02-23 11:07:14,0.00106140,59.61000000
2018-02-23 11:07:14,0.00106350,14.98000000
2018-02-23 11:07:15,0.00106360,8.82000000
2018-02-23 11:07:15,0.00106360,41.18000000
2018-02-23 11:07:15,0.00106160,46.38000000
2018-02-23 11:07:15,0.00106550,2.31000000
2018-02-23 11:07:15,0.00106160,3.87000000
2018-02-23 11:07:15,0.00106550,23.35000000
2018-02-23 11:07:16,0.00106160,5.73000000
2018-02-23 11:07:16,0.00106360,2.10000000
2018-02-23 11:07:16,0.00106360,8.90000000
2018-02-23 11:07:16,0.00106200,17.62000000
2018-02-23 11:07:16,0.00106200,1.71000000
2018-02-23 11:07:16,0.00106210,2.38000000
2018-02-23 11:07:16,0.00106210,6.49000000
2018-02-23 11:07:17,0.00106210,2.38000000
2018-02-23 11:07:17,0.00106500,9.36000000
2018-02-23 11:07:17,0.00106500,11.69000000
2018-02-23 11:07:17,0.00106500,28.15000000
2018-02-23 11:07:17,0.00106500,11.47000000
2018-02-23 11:07:17,0.00106500,28.15000000
2018-02-23 11:07:17,0.00106500,8.99000000
2018-02-23 11:07:17,0.00106500,28.16000000
2018-02-23 11:07:17,0.00106500,2.38000000
2018-02-23 11:07:17,0.00106500,68.20000000
2018-02-23 11:07:17,0.00106500,26.64000000
2018-02-23 11:07:18,0.00106500,156.31000000
2018-02-23 11:07:18,0.00106520,1.47000000
2018-02-23 11:07:18,0.00106500,2.67000000
2018-02-23 11:07:18,0.00106500,1.90000000
2018-02-23 11:07:18,0.00106500,5.00000000
2018-02-23 11:07:18,0.00106500,10.33000000
2018-02-23 11:07:18,0.00106500,2.38000000
2018-02-23 11:07:18,0.00106500,2.38000000
2018-02-23 11:07:19,0.00106500,2.85000000
2018-02-23 11:07:19,0.00106500,14.26000000
2018-02-23 11:07:19,0.00106500,5.25000000
2018-02-23 11:07:19,0.00106500,1.15000000
2018-02-23 11:07:19,0.00106500,2.38000000
2018-02-23 11:07:20,0.00106500,2.38000000
2018-02-23 11:07:20,0.00106500,28.16000000
2018-02-23 11:07:20,0.00106500,2.38000000
2018-02-23 11:07:20,0.00106500,99.97000000
2018-02-23 11:07:20,0.00106500,13.57000000
2018-02-23 11:07:20,0.00106510,2.02000000
2018-02-23 11:07:20,0.00106500,4.78000000
2018-02-23 11:07:20,0.00106500,2.37000000
2018-02-23 11:07:21,0.00106500,35.97000000
2018-02-23 11:07:21,0.00106500,47.98000000
2018-02-23 11:07:21,0.00106500,2.01000000
2018-02-23 11:07:21,0.00106500,34.10000000
2018-02-23 11:07:21,0.00106500,2.38000000
2018-02-23 11:07:21,0.00106510,120.07000000
2018-02-23 11:07:21,0.00106520,96.05000000
2018-02-23 11:07:21,0.00106500,19.47000000
2018-02-23 11:07:21,0.00106500,2.38000000
2018-02-23 11:07:21,0.00106500,8.59000000
2018-02-23 11:07:21,0.00106500,50.00000000
2018-02-23 11:07:21,0.00106500,149.85000000
2018-02-23 11:07:22,0.00106500,4.45000000
2018-02-23 11:07:22,0.00106500,385.15000000
2018-02-23 11:07:22,0.00106510,2.38000000
2018-02-23 11:07:22,0.00106510,2.38000000
2018-02-23 11:07:22,0.00106510,28.16000000
2018-02-23 11:07:23,0.00106510,28.16000000
2018-02-23 11:07:23,0.00106510,12.44000000
2018-02-23 11:07:23,0.00106530,50.00000000
2018-02-23 11:07:23,0.00106540,1.46000000
2018-02-23 11:07:23,0.00106540,2.25000000
2018-02-23 11:07:23,0.00106540,28.15000000
2018-02-23 11:07:23,0.00106540,71.73000000
2018-02-23 11:07:23,0.00106510,2.25000000
2018-02-23 11:07:23,0.00106500,31.05000000
2018-02-23 11:07:24,0.00106500,15.86000000
2018-02-23 11:07:24,0.00106500,2.46000000
2018-02-23 11:07:25,0.00106500,72.87000000
2018-02-23 11:07:25,0.00106510,19.33000000
2018-02-23 11:07:25,0.00106510,2.38000000
2018-02-23 11:07:25,0.00106530,3.93000000
2018-02-23 11:07:25,0.00106540,0.03000000
2018-02-23 11:07:25,0.00106560,63.37000000
2018-02-23 11:07:25,0.00106570,9.42000000
2018-02-23 11:07:25,0.00106700,92.57000000
2018-02-23 11:07:25,0.00106720,4.68000000
2018-02-23 11:07:25,0.00106770,4.69000000
2018-02-23 11:07:25,0.00106800,4.04000000
2018-02-23 11:07:25,0.00106840,3.96000000
2018-02-23 11:07:25,0.00106510,2.39000000
2018-02-23 11:07:25,0.00106510,19.15000000
2018-02-23 11:07:26,0.00106510,29.33000000
2018-02-23 11:07:26,0.00106520,7.44000000
2018-02-23 11:07:26,0.00106540,1.88000000
2018-02-23 11:07:26,0.00106520,0.98000000
2018-02-23 11:07:26,0.00106520,1.88000000
2018-02-23 11:07:26,0.00106520,52.13000000
2018-02-23 11:07:26,0.00106510,11.98000000
2018-02-23 11:07:26,0.00106500,58.19000000
2018-02-23 11:07:26,0.00106500,85.49000000
2018-02-23 11:07:26,0.00106520,1.88000000
2018-02-23 11:07:30,0.00106520,2.38000000
2018-02-23 11:07:31,0.00106560,3.18000000
2018-02-23 11:07:31,0.00106560,140.00000000
2018-02-23 11:07:31,0.00106520,10.47000000
2018-02-23 11:07:31,0.00106560,3.18000000
2018-02-23 11:07:31,0.00106590,1.47000000
2018-02-23 11:07:31,0.00106620,28.07000000
2018-02-23 11:07:31,0.00106630,10.30000000
2018-02-23 11:07:31,0.00106640,2.46000000
2018-02-23 11:07:31,0.00106520,3.34000000
2018-02-23 11:07:32,0.00106520,0.22000000
2018-02-23 11:07:32,0.00106500,0.93000000
2018-02-23 11:07:33,0.00106510,10.75000000
2018-02-23 11:07:33,0.00106500,62.74000000
2018-02-23 11:07:34,0.00106630,10.75000000
2018-02-23 11:07:34,0.00106640,25.34000000
2018-02-23 11:07:34,0.00106640,4.00000000
2018-02-23 11:07:34,0.00106540,3.46000000
2018-02-23 11:07:34,0.00106520,59.38000000
2018-02-23 11:07:34,0.00106500,153.21000000
2018-02-23 11:07:36,0.00106500,2.39000000
2018-02-23 11:07:36,0.00106640,23.58000000
2018-02-23 11:07:36,0.00106640,2.02000000
2018-02-23 11:07:38,0.00106630,11.98000000
2018-02-23 11:07:39,0.00106520,6.41000000
2018-02-23 11:07:39,0.00106500,36.84000000
2018-02-23 11:07:39,0.00106630,2.10000000
2018-02-23 11:07:40,0.00106640,2.37000000
2018-02-23 11:07:41,0.00106500,2.38000000
2018-02-23 11:07:42,0.00106520,1.88000000
2018-02-23 11:07:42,0.00106520,14.09000000
2018-02-23 11:07:43,0.00106520,3.31000000
2018-02-23 11:07:43,0.00106520,1.04000000
2018-02-23 11:07:44,0.00106520,39.05000000
2018-02-23 11:07:44,0.00106600,10.69000000
2018-02-23 11:07:44,0.00106500,4.18000000
2018-02-23 11:07:45,0.00106520,10.00000000
2018-02-23 11:07:45,0.00106500,236.51000000
2018-02-23 11:07:47,0.00106590,6.28000000
2018-02-23 11:07:48,0.00106520,2.00000000
2018-02-23 11:07:48,0.00106500,117.39000000
2018-02-23 11:07:49,0.00106520,15.64000000
2018-02-23 11:07:49,0.00106520,16.89000000
2018-02-23 11:07:49,0.00106520,1.88000000
2018-02-23 11:07:49,0.00106520,15.47000000
2018-02-23 11:07:49,0.00106570,1.88000000
2018-02-23 11:07:49,0.00106590,31.18000000
2018-02-23 11:07:49,0.00106600,100.60000000
2018-02-23 11:07:50,0.00106520,1.43000000
2018-02-23 11:07:50,0.00106500,10.40000000
2018-02-23 11:07:51,0.00106510,13.30000000
2018-02-23 11:07:53,0.00106590,3.94000000
2018-02-23 11:07:55,0.00106510,6.16000000
2018-02-23 11:07:56,0.00106590,1.13000000
2018-02-23 11:07:57,0.00106590,7.84000000
2018-02-23 11:07:57,0.00106600,1.88000000
2018-02-23 11:07:57,0.00106610,6.69000000
2018-02-23 11:07:59,0.00106620,0.53000000
2018-02-23 11:08:00,0.00106600,12.77000000
2018-02-23 11:08:02,0.00106620,12.51000000
2018-02-23 11:08:02,0.00106610,2.11000000
2018-02-23 11:08:03,0.00106600,13.53000000
2018-02-23 11:08:03,0.00106620,5.57000000
2018-02-23 11:08:03,0.00106590,5.00000000
2018-02-23 11:08:04,0.00106620,12.61000000
2018-02-23 11:08:04,0.00106620,30.76000000
2018-02-23 11:08:06,0.00106620,100.00000000
2018-02-23 11:08:06,0.00106640,19.49000000
2018-02-23 11:08:06,0.00106650,62.64000000
2018-02-23 11:08:06,0.00106670,11.25000000
2018-02-23 11:08:06,0.00106680,3.29000000
2018-02-23 11:08:06,0.00106690,160.64000000
2018-02-23 11:08:06,0.00106700,436.00000000
2018-02-23 11:08:07,0.00106700,65.93000000
2018-02-23 11:08:09,0.00106720,1.88000000
2018-02-23 11:08:09,0.00106710,0.29000000
2018-02-23 11:08:09,0.00106710,2.35000000
2018-02-23 11:08:10,0.00106710,10.00000000
2018-02-23 11:08:11,0.00106780,1.88000000
2018-02-23 11:08:11,0.00106800,11.24000000
2018-02-23 11:08:11,0.00106840,0.27000000
2018-02-23 11:08:11,0.00106850,18.95000000
2018-02-23 11:08:11,0.00106860,1.00000000
2018-02-23 11:08:11,0.00106880,131.25000000
2018-02-23 11:08:11,0.00106880,1.46000000
2018-02-23 11:08:11,0.00106880,30.00000000
2018-02-23 11:08:11,0.00106880,3.93000000
2018-02-23 11:08:12,0.00106880,1.33000000
2018-02-23 11:08:13,0.00106880,6.32000000
2018-02-23 11:08:13,0.00106890,493.68000000
2018-02-23 11:08:13,0.00106890,39.75000000
2018-02-23 11:08:14,0.00106730,1.88000000
2018-02-23 11:08:14,0.00106720,25.28000000
2018-02-23 11:08:14,0.00106710,64.72000000
2018-02-23 11:08:14,0.00106700,168.36000000
2018-02-23 11:08:14,0.00106700,107.58000000
2018-02-23 11:08:14,0.00106620,16.13000000
2018-02-23 11:08:14,0.00106600,92.56000000
2018-02-23 11:08:15,0.00106810,5.36000000
2018-02-23 11:08:16,0.00106800,69.52000000
2018-02-23 11:08:18,0.00106800,4.40000000
2018-02-23 11:08:18,0.00106800,112.67000000
2018-02-23 11:08:18,0.00106600,20.99000000
2018-02-23 11:08:19,0.00106690,20.00000000
2018-02-23 11:08:20,0.00106620,1.88000000
2018-02-23 11:08:20,0.00106600,0.46000000
2018-02-23 11:08:20,0.00106520,7.66000000
2018-02-23 11:08:20,0.00106670,1.88000000
2018-02-23 11:08:20,0.00106800,7.28000000
2018-02-23 11:08:20,0.00106810,13.50000000
2018-02-23 11:08:22,0.00106820,37.08000000
2018-02-23 11:08:22,0.00106810,1.33000000
2018-02-23 11:08:23,0.00106810,2.35000000
2018-02-23 11:08:24,0.00106810,64.30000000
2018-02-23 11:08:24,0.00106800,46.97000000
2018-02-23 11:08:24,0.00106750,73.29000000
2018-02-23 11:08:24,0.00106670,84.19000000
2018-02-23 11:08:24,0.00106660,1944.68000000
2018-02-23 11:08:25,0.00106840,9.10000000
2018-02-23 11:08:26,0.00106840,57.00000000
2018-02-23 11:08:28,0.00106810,8.34000000
2018-02-23 11:08:29,0.00106820,18.09000000
2018-02-23 11:08:29,0.00106850,25.28000000
2018-02-23 11:08:29,0.00106860,1.88000000
2018-02-23 11:08:29,0.00106890,133.15000000
2018-02-23 11:08:29,0.00106900,8.20000000
2018-02-23 11:08:30,0.00106810,12.48000000
2018-02-23 11:08:30,0.00106860,16.03000000
2018-02-23 11:08:31,0.00106810,1.30000000
2018-02-23 11:08:31,0.00106800,7.29000000
2018-02-23 11:08:33,0.00106810,29.20000000
2018-02-23 11:08:33,0.00106860,9.95000000
2018-02-23 11:08:33,0.00106880,177.26000000
2018-02-23 11:08:33,0.00106900,249.25000000
2018-02-23 11:08:33,0.00106950,124.10000000
2018-02-23 11:08:35,0.00106860,36.39000000
2018-02-23 11:08:35,0.00106900,100.01000000
2018-02-23 11:08:35,0.00106940,62.07000000
2018-02-23 11:08:36,0.00106910,25.53000000
2018-02-23 11:08:36,0.00106950,84.34000000
2018-02-23 11:08:36,0.00106950,7.64000000
2018-02-23 11:08:36,0.00106950,5.16000000
2018-02-23 11:08:37,0.00106950,32.53000000
2018-02-23 11:08:37,0.00106950,104.12000000
2018-02-23 11:08:38,0.00106950,4.77000000
2018-02-23 11:08:39,0.00106950,6.07000000
2018-02-23 11:08:39,0.00106950,6.84000000
2018-02-23 11:08:40,0.00106950,0.01000000
2018-02-23 11:08:40,0.00106940,4.21000000
2018-02-23 11:08:40,0.00106940,1.92000000
2018-02-23 11:08:40,0.00106900,6.13000000
2018-02-23 11:08:40,0.00106900,6.13000000
2018-02-23 11:08:40,0.00106900,6.09000000
2018-02-23 11:08:40,0.00106900,3.23000000
2018-02-23 11:08:41,0.00106900,19.36000000
2018-02-23 11:08:41,0.00106910,1.30000000
2018-02-23 11:08:41,0.00106900,78.15000000
2018-02-23 11:08:42,0.00106910,9.36000000
2018-02-23 11:08:42,0.00106910,0.10000000
2018-02-23 11:08:42,0.00106900,215.22000000
2018-02-23 11:08:44,0.00106900,22.87000000
2018-02-23 11:08:45,0.00106900,8.00000000
2018-02-23 11:08:46,0.00106900,71.89000000
2018-02-23 11:08:46,0.00106900,2.38000000
2018-02-23 11:08:47,0.00106900,22.12000000
2018-02-23 11:08:47,0.00106900,36.84000000
2018-02-23 11:08:48,0.00106900,50.20000000
2018-02-23 11:08:48,0.00106900,78.15000000
2018-02-23 11:08:48,0.00106900,106.09000000
2018-02-23 11:08:50,0.00106860,99.83000000
2018-02-23 11:08:50,0.00106810,55.33000000
2018-02-23 11:08:50,0.00106810,26.33000000
2018-02-23 11:08:52,0.00106810,75.90000000
2018-02-23 11:08:52,0.00106800,2.29000000
2018-02-23 11:08:52,0.00106800,2.82000000
2018-02-23 11:08:52,0.00106800,284.31000000
2018-02-23 11:08:52,0.00106680,32.97000000
2018-02-23 11:08:52,0.00106670,65.52000000
2018-02-23 11:08:52,0.00106660,76.36000000
2018-02-23 11:08:54,0.00106800,2.70000000
2018-02-23 11:08:54,0.00106680,2.79000000
2018-02-23 11:08:54,0.00106660,136.22000000
2018-02-23 11:08:54,0.00106660,21.30000000
2018-02-23 11:08:54,0.00106660,2.38000000
2018-02-23 11:08:55,0.00106660,48.84000000
2018-02-23 11:08:55,0.00106670,1.71000000
2018-02-23 11:08:55,0.00106670,2.10000000
2018-02-23 11:08:55,0.00106670,8.62000000
2018-02-23 11:08:55,0.00106660,0.30000000
2018-02-23 11:08:55,0.00106800,238.54000000
2018-02-23 11:08:56,0.00106660,2.08000000
2018-02-23 11:08:56,0.00106660,83.54000000
2018-02-23 11:08:56,0.00106660,28.09000000
2018-02-23 11:08:56,0.00106660,80.54000000
2018-02-23 11:08:56,0.00106660,9.07000000
2018-02-23 11:08:56,0.00106660,85.13000000
2018-02-23 11:08:56,0.00106660,8.29000000
2018-02-23 11:08:57,0.00106660,8.29000000
2018-02-23 11:08:57,0.00106660,11.28000000
2018-02-23 11:08:57,0.00106660,28.09000000
2018-02-23 11:08:57,0.00106660,8.03000000
2018-02-23 11:08:57,0.00106660,8.03000000
2018-02-23 11:08:57,0.00106660,10.56000000
2018-02-23 11:08:57,0.00106790,2.43000000
2018-02-23 11:08:57,0.00106620,9.16000000
2018-02-23 11:08:57,0.00106620,3.33000000
2018-02-23 11:08:58,0.00106620,0.31000000
2018-02-23 11:08:58,0.00106780,1.87000000
2018-02-23 11:08:58,0.00106780,26.24000000
2018-02-23 11:08:58,0.00106800,160.92000000
2018-02-23 11:08:59,0.00106770,8.55000000
2018-02-23 11:08:59,0.00106800,15.25000000
2018-02-23 11:08:59,0.00106610,27.63000000
2018-02-23 11:08:59,0.00106610,7.99000000
2018-02-23 11:09:00,0.00106740,6.32000000
2018-02-23 11:09:00,0.00106610,5.62000000
2018-02-23 11:09:00,0.00106610,1.81000000
2018-02-23 11:09:00,0.00106660,2.00000000
2018-02-23 11:09:00,0.00106660,35.44000000
2018-02-23 11:09:00,0.00106740,6.32000000
2018-02-23 11:09:00,0.00106800,6.25000000
2018-02-23 11:09:00,0.00106740,3.04000000
2018-02-23 11:09:00,0.00106740,3.28000000
2018-02-23 11:09:00,0.00106660,1.31000000
2018-02-23 11:09:00,0.00106620,11.00000000
2018-02-23 11:09:00,0.00106610,4.32000000
2018-02-23 11:09:01,0.00106610,2.85000000
2018-02-23 11:09:01,0.00106610,25.28000000
2018-02-23 11:09:01,0.00106600,63.25000000
2018-02-23 11:09:01,0.00106590,45.11000000
2018-02-23 11:09:01,0.00106520,17.50000000
2018-02-23 11:09:01,0.00106510,348.86000000
2018-02-23 11:09:03,0.00106780,11.00000000
2018-02-23 11:09:03,0.00106800,35.90000000
2018-02-23 11:09:03,0.00106650,3.34000000
2018-02-23 11:09:03,0.00106650,6.31000000
2018-02-23 11:09:03,0.00106650,38.48000000
2018-02-23 11:09:03,0.00106530,45.56000000
2018-02-23 11:09:03,0.00106500,674.92000000
2018-02-23 11:09:03,0.00106650,9.65000000
2018-02-23 11:09:03,0.00106650,9.65000000
2018-02-23 11:09:03,0.00106540,1.67000000
2018-02-23 11:09:03,0.00106500,235.19000000
2018-02-23 11:09:03,0.00106500,9.65000000
2018-02-23 11:09:04,0.00106510,17.27000000
2018-02-23 11:09:04,0.00106540,2.38000000
2018-02-23 11:09:04,0.00106540,2.38000000
2018-02-23 11:09:04,0.00106500,126.93000000
2018-02-23 11:09:04,0.00106500,26.61000000
2018-02-23 11:09:05,0.00106500,127.61000000
2018-02-23 11:09:05,0.00106500,109.44000000
2018-02-23 11:09:05,0.00106500,78.00000000
2018-02-23 11:09:05,0.00106500,122.56000000
2018-02-23 11:09:05,0.00106750,51.99000000
2018-02-23 11:09:05,0.00106760,26.02000000
2018-02-23 11:09:05,0.00106760,2.11000000
2018-02-23 11:09:05,0.00106790,9.52000000
2018-02-23 11:09:06,0.00106530,2.87000000
2018-02-23 11:09:06,0.00106530,2.38000000
2018-02-23 11:09:06,0.00106530,39.69000000
2018-02-23 11:09:06,0.00106530,2.38000000
2018-02-23 11:09:06,0.00106530,2.39000000
2018-02-23 11:09:07,0.00106530,4.02000000
2018-02-23 11:09:07,0.00106530,2.38000000
2018-02-23 11:09:07,0.00106540,1.65000000
2018-02-23 11:09:07,0.00106530,0.45000000
2018-02-23 11:09:07,0.00106780,2.88000000
2018-02-23 11:09:07,0.00106530,2.86000000
2018-02-23 11:09:07,0.00106530,0.95000000
2018-02-23 11:09:08,0.00106540,4.02000000
2018-02-23 11:09:08,0.00106540,1.24000000
2018-02-23 11:09:08,0.00106540,6.67000000
2018-02-23 11:09:08,0.00106540,26.99000000
2018-02-23 11:09:08,0.00106530,17.34000000
2018-02-23 11:09:08,0.00106500,45.58000000
2018-02-23 11:09:08,0.00106500,1.20000000
2018-02-23 11:09:08,0.00106500,1.20000000
2018-02-23 11:09:08,0.00106500,80.00000000
2018-02-23 11:09:08,0.00106500,115.12000000
2018-02-23 11:09:08,0.00106500,115.00000000
2018-02-23 11:09:08,0.00106500,9.25000000
2018-02-23 11:09:08,0.00106500,100.55000000
2018-02-23 11:09:08,0.00106540,11.43000000
2018-02-23 11:09:08,0.00106540,25.27000000
2018-02-23 11:09:09,0.00106500,9.56000000
2018-02-23 11:09:09,0.00106620,17.05000000
2018-02-23 11:09:10,0.00106500,2.65000000
2018-02-23 11:09:10,0.00106500,2.24000000
2018-02-23 11:09:10,0.00106600,0.72000000
2018-02-23 11:09:10,0.00106490,9.53000000
2018-02-23 11:09:10,0.00106490,9.25000000
2018-02-23 11:09:10,0.00106440,3.94000000
2018-02-23 11:09:10,0.00106410,2.35000000
2018-02-23 11:09:10,0.00106400,10.00000000
2018-02-23 11:09:10,0.00106400,28.16000000
2018-02-23 11:09:10,0.00106310,20.72000000
2018-02-23 11:09:10,0.00106350,28.16000000
2018-02-23 11:09:10,0.00106350,14.24000000
2018-02-23 11:09:10,0.00106350,10.02000000
2018-02-23 11:09:11,0.00106350,9.05000000
2018-02-23 11:09:11,0.00106350,57.64000000
2018-02-23 11:09:11,0.00106350,11.66000000
2018-02-23 11:09:11,0.00106400,30.64000000
2018-02-23 11:09:11,0.00106600,17.08000000
2018-02-23 11:09:11,0.00106310,37.34000000
2018-02-23 11:09:11,0.00106300,2.66000000
2018-02-23 11:09:11,0.00106600,25.24000000
2018-02-23 11:09:11,0.00106600,12.43000000
2018-02-23 11:09:12,0.00106310,2.30000000
2018-02-23 11:09:12,0.00106310,1.15000000
2018-02-23 11:09:12,0.00106500,1.21000000
2018-02-23 11:09:12,0.00106590,3.01000000
2018-02-23 11:09:13,0.00106300,21.57000000
2018-02-23 11:09:14,0.00106300,25.99000000
2018-02-23 11:09:15,0.00106300,4.77000000
2018-02-23 11:09:15,0.00106300,2.10000000
2018-02-23 11:09:16,0.00106300,13.76000000
2018-02-23 11:09:16,0.00106300,31.08000000
2018-02-23 11:09:16,0.00106400,4.77000000
2018-02-23 11:09:16,0.00106400,2.87000000
2018-02-23 11:09:16,0.00106440,3.45000000
2018-02-23 11:09:16,0.00106470,28.15000000
2018-02-23 11:09:16,0.00106500,32.14000000
2018-02-23 11:09:17,0.00106400,19.08000000
2018-02-23 11:09:17,0.00106400,2.38000000
2018-02-23 11:09:17,0.00106400,76.73000000
2018-02-23 11:09:18,0.00106410,8.60000000
2018-02-23 11:09:18,0.00106410,167.74000000
2018-02-23 11:09:18,0.00106410,8.55000000
2018-02-23 11:09:18,0.00106400,6.24000000
2018-02-23 11:09:18,0.00106400,184.38000000
2018-02-23 11:09:19,0.00106410,0.05000000
2018-02-23 11:09:19,0.00106430,3.69000000
2018-02-23 11:09:19,0.00106400,23.41000000
2018-02-23 11:09:19,0.00106400,1.34000000
2018-02-23 11:09:19,0.00106400,1.43000000
2018-02-23 11:09:19,0.00106400,7.15000000
2018-02-23 11:09:19,0.00106400,369.50000000
2018-02-23 11:09:19,0.00106300,8.78000000
2018-02-23 11:09:20,0.00106350,2.04000000
2018-02-23 11:09:20,0.00106290,6.87000000
2018-02-23 11:09:20,0.00106260,2.82000000
2018-02-23 11:09:20,0.00106260,3.89000000
2018-02-23 11:09:21,0.00106380,1.65000000
2018-02-23 11:09:21,0.00106390,1.36000000
2018-02-23 11:09:21,0.00106390,0.29000000
2018-02-23 11:09:21,0.00106400,125.65000000
2018-02-23 11:09:21,0.00106400,5.43000000
2018-02-23 11:09:22,0.00106400,2.39000000
2018-02-23 11:09:22,0.00106400,1.92000000
2018-02-23 11:09:22,0.00106400,9.69000000
2018-02-23 11:09:22,0.00106400,39.73000000
2018-02-23 11:09:22,0.00106400,7.08000000
2018-02-23 11:09:22,0.00106410,9.68000000
2018-02-23 11:09:22,0.00106410,15.00000000
2018-02-23 11:09:22,0.00106410,4.48000000
2018-02-23 11:09:22,0.00106410,9.56000000
2018-02-23 11:09:23,0.00106420,4.71000000
2018-02-23 11:09:23,0.00106410,25.16000000
2018-02-23 11:09:23,0.00106410,14.44000000
2018-02-23 11:09:24,0.00106410,2.86000000
2018-02-23 11:09:24,0.00106410,37.74000000
2018-02-23 11:09:24,0.00106410,2.00000000
2018-02-23 11:09:25,0.00106480,76.12000000
2018-02-23 11:09:25,0.00106410,1.14000000
2018-02-23 11:09:26,0.00106480,47.26000000
2018-02-23 11:09:26,0.00106480,24.02000000
2018-02-23 11:09:26,0.00106610,1.50000000
2018-02-23 11:09:26,0.00106620,55.55000000
2018-02-23 11:09:26,0.00106780,37.64000000
2018-02-23 11:09:26,0.00106790,6.29000000
2018-02-23 11:09:26,0.00106400,10.07000000
2018-02-23 11:09:26,0.00106480,1.43000000
2018-02-23 11:09:26,0.00106480,4.32000000
2018-02-23 11:09:27,0.00106790,119.99000000
2018-02-23 11:09:27,0.00106790,1.71000000
2018-02-23 11:09:27,0.00106790,2.54000000
2018-02-23 11:09:27,0.00106790,2.04000000
2018-02-23 11:09:27,0.00106490,153.37000000
2018-02-23 11:09:27,0.00106480,123.63000000
2018-02-23 11:09:27,0.00106480,3.33000000
2018-02-23 11:09:28,0.00106480,14.69000000
2018-02-23 11:09:28,0.00106410,8.59000000
2018-02-23 11:09:28,0.00106410,2.87000000
2018-02-23 11:09:28,0.00106410,120.61000000
2018-02-23 11:09:29,0.00106470,19.94000000
2018-02-23 11:09:29,0.00106410,2.11000000
2018-02-23 11:09:30,0.00106410,9.79000000
2018-02-23 11:09:30,0.00106410,5.50000000
2018-02-23 11:09:31,0.00106440,46.88000000
2018-02-23 11:09:31,0.00106450,50.00000000
2018-02-23 11:09:31,0.00106470,25.64000000
2018-02-23 11:09:31,0.00106480,23.86000000
2018-02-23 11:09:31,0.00106500,25.66000000
2018-02-23 11:09:31,0.00106500,1.80000000
2018-02-23 11:09:31,0.00106480,2.86000000
2018-02-23 11:09:31,0.00106480,10.29000000
2018-02-23 11:09:32,0.00106500,1.54000000
2018-02-23 11:09:32,0.00106480,10.91000000
2018-02-23 11:09:32,0.00106500,2.30000000
2018-02-23 11:09:32,0.00106500,45.88000000
2018-02-23 11:09:33,0.00106700,238.73000000
2018-02-23 11:09:33,0.00106700,63.00000000
2018-02-23 11:09:33,0.00106700,63.13000000
2018-02-23 11:09:33,0.00106700,0.93000000
2018-02-23 11:09:33,0.00106520,1.88000000
2018-02-23 11:09:33,0.00106500,6.68000000
2018-02-23 11:09:33,0.00106600,1.20000000
2018-02-23 11:09:33,0.00106600,17.45000000
2018-02-23 11:09:33,0.00106680,0.59000000
2018-02-23 11:09:34,0.00106630,2.17000000
2018-02-23 11:09:34,0.00106630,57.02000000
2018-02-23 11:09:34,0.00106600,1.79000000
2018-02-23 11:09:35,0.00106630,2.17000000
2018-02-23 11:09:35,0.00106680,1.29000000
2018-02-23 11:09:35,0.00106790,1.71000000
2018-02-23 11:09:35,0.00106600,2.88000000
2018-02-23 11:09:35,0.00106600,1.91000000
2018-02-23 11:09:35,0.00106600,2.09000000
2018-02-23 11:09:36,0.00106800,6.80000000
2018-02-23 11:09:37,0.00106620,1.88000000
2018-02-23 11:09:37,0.00106610,18.06000000
2018-02-23 11:09:38,0.00106600,7.18000000
2018-02-23 11:09:38,0.00106670,10.77000000
2018-02-23 11:09:38,0.00106680,641.26000000
2018-02-23 11:09:38,0.00106600,1.52000000
2018-02-23 11:09:39,0.00106670,7.29000000
2018-02-23 11:09:39,0.00106680,208.32000000
2018-02-23 11:09:40,0.00106500,135.17000000
2018-02-23 11:09:40,0.00106480,52.76000000
2018-02-23 11:09:40,0.00106520,1.88000000
2018-02-23 11:09:40,0.00106640,1.88000000
2018-02-23 11:09:40,0.00106660,5.74000000
2018-02-23 11:09:40,0.00106680,114.83000000
2018-02-23 11:09:40,0.00106510,17.10000000
2018-02-23 11:09:41,0.00106510,2.71000000
2018-02-23 11:09:41,0.00106640,6.32000000
2018-02-23 11:09:41,0.00106670,10.78000000
2018-02-23 11:09:41,0.00106680,152.49000000
2018-02-23 11:09:41,0.00106680,0.74000000
2018-02-23 11:09:42,0.00106630,6.43000000
2018-02-23 11:09:42,0.00106510,1.34000000
2018-02-23 11:09:42,0.00106650,1.45000000
2018-02-23 11:09:42,0.00106680,24.61000000
2018-02-23 11:09:42,0.00106680,105.88000000
2018-02-23 11:09:43,0.00106680,295.04000000
2018-02-23 11:09:43,0.00106680,205.44000000
2018-02-23 11:09:43,0.00106680,28.12000000
2018-02-23 11:09:43,0.00106680,153.05000000
2018-02-23 11:09:43,0.00106680,140.70000000
2018-02-23 11:09:43,0.00106680,8.74000000
2018-02-23 11:09:43,0.00106680,8.47000000
2018-02-23 11:09:45,0.00106710,187.39000000
2018-02-23 11:09:45,0.00106750,16.74000000
2018-02-23 11:09:45,0.00106780,1.88000000
2018-02-23 11:09:45,0.00106800,7.85000000
2018-02-23 11:09:46,0.00106690,34.10000000
2018-02-23 11:09:46,0.00106700,11.66000000
2018-02-23 11:09:46,0.00106710,1.88000000
2018-02-23 11:09:46,0.00106700,0.05000000
2018-02-23 11:09:47,0.00106750,24.81000000
2018-02-23 11:09:47,0.00106750,0.01000000
2018-02-23 11:09:47,0.00106700,97.73000000
2018-02-23 11:09:48,0.00106700,28.11000000
2018-02-23 11:09:48,0.00106780,1.88000000
2018-02-23 11:09:48,0.00106790,6.91000000
2018-02-23 11:09:48,0.00106700,12.97000000
2018-02-23 11:09:49,0.00106750,52.08000000
2018-02-23 11:09:49,0.00106750,24.00000000
2018-02-23 11:09:49,0.00106750,5.03000000
2018-02-23 11:09:50,0.00106700,2.02000000
2018-02-23 11:09:50,0.00106700,11.66000000
2018-02-23 11:09:51,0.00106750,23.05000000
2018-02-23 11:09:51,0.00106750,12.56000000
2018-02-23 11:09:52,0.00106750,2.38000000
2018-02-23 11:09:54,0.00106750,18.83000000
2018-02-23 11:09:56,0.00106750,73.27000000
2018-02-23 11:10:00,0.00106780,6.71000000
2018-02-23 11:10:00,0.00106790,95.24000000
2018-02-23 11:10:01,0.00106790,471.97000000
2018-02-23 11:10:02,0.00106790,57.12000000
2018-02-23 11:10:02,0.00106750,145.75000000
2018-02-23 11:10:03,0.00106770,69.99000000
2018-02-23 11:10:03,0.00106750,57.12000000
2018-02-23 11:10:03,0.00106700,403.30000000
2018-02-23 11:10:05,0.00106800,187.61000000
2018-02-23 11:10:05,0.00106720,1.88000000
2018-02-23 11:10:05,0.00106700,153.72000000
2018-02-23 11:10:05,0.00106780,1.88000000
2018-02-23 11:10:06,0.00106700,140.43000000
2018-02-23 11:10:06,0.00106700,1.79000000
2018-02-23 11:10:06,0.00106700,215.54000000
2018-02-23 11:10:07,0.00106820,13.00000000
2018-02-23 11:10:07,0.00106840,113.61000000
2018-02-23 11:10:07,0.00106700,162.92000000
2018-02-23 11:10:08,0.00106790,34.10000000
2018-02-23 11:10:09,0.00106790,1.80000000
2018-02-23 11:10:09,0.00106700,308.20000000
2018-02-23 11:10:09,0.00106840,12.31000000
2018-02-23 11:10:09,0.00106850,48.59000000
2018-02-23 11:10:09,0.00106860,22.32000000
2018-02-23 11:10:09,0.00106890,161.13000000
2018-02-23 11:10:09,0.00106900,248.32000000
2018-02-23 11:10:10,0.00106900,123.47000000
2018-02-23 11:10:10,0.00106900,50.34000000
2018-02-23 11:10:12,0.00106900,1.09000000
2018-02-23 11:10:13,0.00106900,18.44000000
2018-02-23 11:10:13,0.00106900,27.18000000
2018-02-23 11:10:14,0.00106700,9.71000000
2018-02-23 11:10:15,0.00106700,4.99000000
2018-02-23 11:10:16,0.00106700,207.33000000
2018-02-23 11:10:17,0.00106700,0.92000000
2018-02-23 11:10:17,0.00106700,2.24000000
2018-02-23 11:10:19,0.00106700,9.67000000
2018-02-23 11:10:19,0.00106700,1.99000000
2018-02-23 11:10:20,0.00106730,25.00000000
2018-02-23 11:10:20,0.00106740,236.73000000
2018-02-23 11:10:20,0.00106900,50.25000000
2018-02-23 11:10:20,0.00106940,5.16000000
2018-02-23 11:10:20,0.00106950,72.79000000
2018-02-23 11:10:20,0.00106980,75.86000000
2018-02-23 11:10:20,0.00106700,2.28000000
2018-02-23 11:10:21,0.00106710,14.43000000
2018-02-23 11:10:21,0.00106980,4.23000000
2018-02-23 11:10:21,0.00106720,1.88000000
2018-02-23 11:10:21,0.00106710,3.46000000
2018-02-23 11:10:23,0.00106720,5.06000000
2018-02-23 11:10:23,0.00106710,68.63000000
2018-02-23 11:10:23,0.00106820,198.20000000
2018-02-23 11:10:23,0.00106700,73.69000000
2018-02-23 11:10:23,0.00106530,1.88000000
2018-02-23 11:10:23,0.00106530,4.68000000
2018-02-23 11:10:23,0.00106530,91.00000000
2018-02-23 11:10:23,0.00106530,4.68000000
2018-02-23 11:10:23,0.00106530,3.90000000
2018-02-23 11:10:23,0.00106530,28.11000000
2018-02-23 11:10:23,0.00106490,15.18000000
2018-02-23 11:10:24,0.00106530,1.45000000
2018-02-23 11:10:24,0.00106530,1.46000000
2018-02-23 11:10:24,0.00106480,4.68000000
2018-02-23 11:10:24,0.00106470,4.24000000
2018-02-23 11:10:24,0.00106530,4.68000000
2018-02-23 11:10:25,0.00106490,9.82000000
2018-02-23 11:10:26,0.00106500,1.45000000
2018-02-23 11:10:27,0.00106510,30.63000000
2018-02-23 11:10:27,0.00106520,32.03000000
2018-02-23 11:10:27,0.00106520,0.06000000
2018-02-23 11:10:28,0.00106530,148.24000000
2018-02-23 11:10:28,0.00106660,1.88000000
2018-02-23 11:10:28,0.00106710,4.57000000
2018-02-23 11:10:28,0.00106520,2.38000000
2018-02-23 11:10:28,0.00106520,1.00000000
2018-02-23 11:10:28,0.00106520,1.91000000
2018-02-23 11:10:28,0.00106530,15.44000000
2018-02-23 11:10:28,0.00106520,26.74000000
2018-02-23 11:10:29,0.00106500,50.37000000
2018-02-23 11:10:29,0.00106520,1.88000000
2018-02-23 11:10:29,0.00106500,24.44000000
2018-02-23 11:10:30,0.00106510,11.30000000
2018-02-23 11:10:30,0.00106700,2.53000000
2018-02-23 11:10:30,0.00106700,7.87000000
2018-02-23 11:10:30,0.00106710,19.87000000
2018-02-23 11:10:30,0.00106720,0.78000000
2018-02-23 11:10:30,0.00106500,103.34000000
2018-02-23 11:10:31,0.00106720,0.24000000
2018-02-23 11:10:31,0.00106500,6.03000000
2018-02-23 11:10:31,0.00106520,1.34000000
2018-02-23 11:10:32,0.00106520,26.82000000
2018-02-23 11:10:32,0.00106510,51.93000000
2018-02-23 11:10:32,0.00106500,50.71000000
2018-02-23 11:10:35,0.00106640,25.73000000
2018-02-23 11:10:35,0.00106650,5.16000000
2018-02-23 11:10:35,0.00106680,28.16000000
2018-02-23 11:10:35,0.00106720,3.66000000
2018-02-23 11:10:35,0.00106810,58.08000000
2018-02-23 11:10:35,0.00106820,50.21000000
2018-02-23 11:10:36,0.00106550,46.76000000
2018-02-23 11:10:36,0.00106540,60.41000000
2018-02-23 11:10:36,0.00106530,18.69000000
2018-02-23 11:10:36,0.00106510,83.94000000
2018-02-23 11:10:36,0.00106500,80.01000000
2018-02-23 11:10:36,0.00106700,7.38000000
2018-02-23 11:10:36,0.00106530,5.42000000
2018-02-23 11:10:37,0.00106530,5.42000000
2018-02-23 11:10:37,0.00106530,4.52000000
2018-02-23 11:10:37,0.00106530,3.33000000
2018-02-23 11:10:37,0.00106530,5.42000000
2018-02-23 11:10:37,0.00106530,28.29000000
2018-02-23 11:10:37,0.00106530,3.32000000
2018-02-23 11:10:39,0.00106540,14.01000000
2018-02-23 11:10:41,0.00106610,9.37000000
2018-02-23 11:10:41,0.00106570,83.94000000
2018-02-23 11:10:41,0.00106610,40.42000000
2018-02-23 11:10:41,0.00106620,1.45000000
2018-02-23 11:10:41,0.00106700,23.34000000
2018-02-23 11:10:41,0.00106710,1.00000000
2018-02-23 11:10:41,0.00106720,20.00000000
2018-02-23 11:10:41,0.00106800,36.02000000
2018-02-23 11:10:41,0.00106810,14.43000000
2018-02-23 11:10:41,0.00106820,147.99000000
2018-02-23 11:10:42,0.00106820,2.49000000
2018-02-23 11:10:42,0.00106820,21.41000000
2018-02-23 11:10:42,0.00106820,21.44000000
2018-02-23 11:10:42,0.00106820,21.44000000
2018-02-23 11:10:42,0.00106820,5.87000000
2018-02-23 11:10:43,0.00106850,4.69000000
2018-02-23 11:10:43,0.00106850,76.36000000
2018-02-23 11:10:44,0.00106850,4.69000000
2018-02-23 11:10:44,0.00106900,5.31000000
2018-02-23 11:10:46,0.00106880,14.05000000
2018-02-23 11:10:46,0.00106890,50.00000000
2018-02-23 11:10:46,0.00106900,207.22000000
2018-02-23 11:10:46,0.00106940,181.94000000
2018-02-23 11:10:46,0.00106950,665.16000000
2018-02-23 11:10:46,0.00106970,54.70000000
2018-02-23 11:10:46,0.00106980,668.61000000
2018-02-23 11:10:47,0.00106830,46.92000000
2018-02-23 11:10:48,0.00106900,2.30000000
2018-02-23 11:10:48,0.00106900,123.27000000
2018-02-23 11:10:48,0.00106900,10.32000000
2018-02-23 11:10:49,0.00106900,35.36000000
2018-02-23 11:10:49,0.00106900,2.00000000
2018-02-23 11:10:49,0.00106900,4.33000000
2018-02-23 11:10:49,0.00106900,4.21000000
2018-02-23 11:10:49,0.00106910,8.17000000
2018-02-23 11:10:49,0.00106900,4.68000000
2018-02-23 11:10:50,0.00106900,16.94000000
2018-02-23 11:10:53,0.00106890,33.16000000
2018-02-23 11:10:54,0.00106850,7.56000000
2018-02-23 11:10:54,0.00106820,66.09000000
2018-02-23 11:10:54,0.00106890,5.59000000
2018-02-23 11:10:54,0.00106900,2.51000000
2018-02-23 11:10:54,0.00106900,122.02000000
2018-02-23 11:10:55,0.00106830,20.00000000
2018-02-23 11:10:56,0.00106860,209.25000000
2018-02-23 11:10:56,0.00106900,15.63000000
2018-02-23 11:10:56,0.00106900,24.98000000
2018-02-23 11:10:56,0.00106900,95.29000000
2018-02-23 11:10:59,0.00106850,3.62000000
2018-02-23 11:10:59,0.00106850,42.36000000
2018-02-23 11:10:59,0.00106860,26.20000000
2018-02-23 11:10:59,0.00106820,100.00000000
2018-02-23 11:11:00,0.00106820,128.61000000
2018-02-23 11:11:01,0.00106830,1.12000000
2018-02-23 11:11:01,0.00106820,49.39000000
2018-02-23 11:11:04,0.00106820,1.00000000
2018-02-23 11:11:04,0.00106820,69.51000000
2018-02-23 11:11:06,0.00106700,10.00000000
2018-02-23 11:11:06,0.00106550,46.54000000
2018-02-23 11:11:06,0.00106540,26.68000000
2018-02-23 11:11:06,0.00106530,55.03000000
2018-02-23 11:11:06,0.00106820,35.22000000
2018-02-23 11:11:09,0.00106810,4.11000000
2018-02-23 11:11:09,0.00106810,4.11000000
2018-02-23 11:11:09,0.00106810,23.96000000
2018-02-23 11:11:10,0.00106810,11.42000000
2018-02-23 11:11:10,0.00106810,2.94000000
2018-02-23 11:11:11,0.00106820,18.88000000
2018-02-23 11:11:11,0.00106820,25.12000000
2018-02-23 11:11:11,0.00106700,92.10000000
2018-02-23 11:11:12,0.00106820,12.24000000
2018-02-23 11:11:12,0.00106820,3.70000000
2018-02-23 11:11:12,0.00106830,1.44000000
2018-02-23 11:11:12,0.00106830,6.00000000
2018-02-23 11:11:13,0.00106820,19.99000000
2018-02-23 11:11:14,0.00106820,18.45000000
2018-02-23 11:11:16,0.00106830,7.54000000
2018-02-23 11:11:17,0.00106820,150.29000000
2018-02-23 11:11:17,0.00106620,13.70000000
2018-02-23 11:11:17,0.00106820,186.86000000
2018-02-23 11:11:18,0.00106820,2.77000000
2018-02-23 11:11:18,0.00106820,83.11000000
2018-02-23 11:11:21,0.00106830,12.34000000
2018-02-23 11:11:21,0.00106830,4.11000000
2018-02-23 11:11:22,0.00106850,19.99000000
2018-02-23 11:11:22,0.00106860,30.21000000
2018-02-23 11:11:25,0.00106860,15.93000000
2018-02-23 11:11:26,0.00106880,0.75000000
2018-02-23 11:11:26,0.00106830,237.84000000
2018-02-23 11:11:26,0.00106820,1067.22000000
2018-02-23 11:11:27,0.00106820,194.13000000
2018-02-23 11:11:27,0.00106880,5.49000000
2018-02-23 11:11:27,0.00106890,15.22000000
2018-02-23 11:11:28,0.00106780,28.07000000
2018-02-23 11:11:28,0.00106780,192.23000000
2018-02-23 11:11:29,0.00106780,0.04000000
2018-02-23 11:11:31,0.00106890,46.66000000
2018-02-23 11:11:32,0.00106860,124.78000000
2018-02-23 11:11:32,0.00106890,24.39000000
2018-02-23 11:11:32,0.00106890,1250.83000000
2018-02-23 11:11:33,0.00106860,214.78000000
2018-02-23 11:11:33,0.00106890,3.73000000
2018-02-23 11:11:34,0.00106860,2.00000000
2018-02-23 11:11:35,0.00106860,1.11000000
2018-02-23 11:11:35,0.00106890,2.81000000
2018-02-23 11:11:36,0.00106890,0.26000000
2018-02-23 11:11:37,0.00106800,1.88000000
2018-02-23 11:11:37,0.00106780,2.20000000
2018-02-23 11:11:38,0.00106870,1.88000000
2018-02-23 11:11:38,0.00106890,11.61000000
2018-02-23 11:11:38,0.00106800,17.97000000
2018-02-23 11:11:43,0.00106780,125.82000000
2018-02-23 11:11:44,0.00106780,67.46000000
2018-02-23 11:11:47,0.00106790,41.98000000
2018-02-23 11:11:47,0.00106800,5.34000000
2018-02-23 11:11:48,0.00106780,61.06000000
2018-02-23 11:11:49,0.00106780,26.26000000
2018-02-23 11:11:49,0.00106780,30.93000000
2018-02-23 11:11:49,0.00106800,61.60000000
2018-02-23 11:11:49,0.00106800,92.52000000
2018-02-23 11:11:50,0.00106740,4.54000000
2018-02-23 11:11:50,0.00106740,4.54000000
2018-02-23 11:11:50,0.00106740,94.07000000
2018-02-23 11:11:52,0.00106780,0.03000000
2018-02-23 11:11:52,0.00106740,9.08000000
2018-02-23 11:11:52,0.00106700,4.68000000
2018-02-23 11:11:52,0.00106670,1.88000000
2018-02-23 11:11:52,0.00106650,4.36000000
2018-02-23 11:11:54,0.00106660,10.56000000
2018-02-23 11:11:54,0.00106650,8.54000000
2018-02-23 11:11:54,0.00106740,8.68000000
2018-02-23 11:11:54,0.00106740,7.21000000
2018-02-23 11:11:54,0.00106740,50.44000000
2018-02-23 11:11:54,0.00106740,10.92000000
2018-02-23 11:11:54,0.00106730,10.56000000
2018-02-23 11:11:54,0.00106740,51.02000000
2018-02-23 11:11:55,0.00106680,0.07000000
2018-02-23 11:11:56,0.00106680,25.21000000
2018-02-23 11:11:56,0.00106680,36.17000000
2018-02-23 11:12:00,0.00106680,1.31000000
2018-02-23 11:12:00,0.00106740,0.46000000
2018-02-23 11:12:03,0.00106690,231.36000000
2018-02-23 11:12:04,0.00106650,18.25000000
2018-02-23 11:12:07,0.00106650,4.00000000
2018-02-23 11:12:10,0.00106650,857.43000000
