DATE,PRICE,VOLUME
2018-02-28 06:00:01,0.00136850,1.00000000
2018-02-28 06:00:01,0.00136820,1.04000000
2018-02-28 06:00:01,0.00136900,1.83000000
2018-02-28 06:00:01,0.00136900,0.73000000
2018-02-28 06:00:02,0.00136840,4.02000000
2018-02-28 06:00:03,0.00136840,1.00000000
2018-02-28 06:00:04,0.00136840,0.79000000
2018-02-28 06:00:04,0.00136900,9.80000000
2018-02-28 06:00:06,0.00136820,1.49000000
2018-02-28 06:00:06,0.00136820,0.75000000
2018-02-28 06:00:07,0.00136900,3.14000000
2018-02-28 06:00:08,0.00136900,51.13000000
2018-02-28 06:00:08,0.00136900,2.56000000
2018-02-28 06:00:08,0.00136820,1.83000000
2018-02-28 06:00:08,0.00136900,9.13000000
2018-02-28 06:00:09,0.00136820,1.83000000
2018-02-28 06:00:09,0.00136900,19.39000000
2018-02-28 06:00:09,0.00136990,8.99000000
2018-02-28 06:00:09,0.00137000,52.57000000
2018-02-28 06:00:09,0.00136990,1.00000000
2018-02-28 06:00:09,0.00136820,2.92000000
2018-02-28 06:00:11,0.00136830,74.00000000
2018-02-28 06:00:11,0.00136830,1.84000000
2018-02-28 06:00:11,0.00136830,1.47000000
2018-02-28 06:00:11,0.00136890,1.00000000
2018-02-28 06:00:11,0.00136890,1.47000000
2018-02-28 06:00:11,0.00136830,1.83000000
2018-02-28 06:00:12,0.00136830,1.54000000
2018-02-28 06:00:12,0.00136830,1.00000000
2018-02-28 06:00:12,0.00136890,17.53000000
2018-02-28 06:00:12,0.00136900,2.69000000
2018-02-28 06:00:14,0.00136830,1.84000000
2018-02-28 06:00:14,0.00136900,1.00000000
2018-02-28 06:00:15,0.00136900,6.72000000
2018-02-28 06:00:15,0.00136900,1.10000000
2018-02-28 06:00:17,0.00136850,175.24000000
2018-02-28 06:00:18,0.00136890,1.00000000
2018-02-28 06:00:19,0.00136890,113.42000000
2018-02-28 06:00:19,0.00136900,11.83000000
2018-02-28 06:00:22,0.00136990,1.00000000
2018-02-28 06:00:23,0.00136830,35.07000000
2018-02-28 06:00:24,0.00136990,1.00000000
2018-02-28 06:00:27,0.00136990,1.00000000
2018-02-28 06:00:30,0.00136990,9.32000000
2018-02-28 06:00:30,0.00137060,0.68000000
2018-02-28 06:00:30,0.00137060,2.19000000
2018-02-28 06:00:30,0.00137070,2.27000000
2018-02-28 06:00:30,0.00137070,5.54000000
2018-02-28 06:00:33,0.00137060,1.00000000
2018-02-28 06:00:36,0.00136820,24.96000000
2018-02-28 06:00:36,0.00136800,4.87000000
2018-02-28 06:00:36,0.00136770,1.29000000
2018-02-28 06:00:36,0.00136750,33.39000000
2018-02-28 06:00:36,0.00136740,6.53000000
2018-02-28 06:00:37,0.00136900,415.98000000
2018-02-28 06:00:40,0.00136890,7.30000000
2018-02-28 06:00:40,0.00136840,1.00000000
2018-02-28 06:00:42,0.00136740,52.16000000
2018-02-28 06:00:43,0.00136730,1.00000000
2018-02-28 06:00:44,0.00136730,25.09000000
2018-02-28 06:00:44,0.00136740,35.26000000
2018-02-28 06:00:46,0.00136890,1.00000000
2018-02-28 06:00:47,0.00136820,12.73000000
2018-02-28 06:00:47,0.00136540,33.39000000
2018-02-28 06:00:47,0.00136520,37.01000000
2018-02-28 06:00:47,0.00136520,65.79000000
2018-02-28 06:00:48,0.00136510,33.39000000
2018-02-28 06:00:49,0.00136690,196.00000000
2018-02-28 06:00:49,0.00136480,21.98000000
2018-02-28 06:00:49,0.00136460,4.40000000
2018-02-28 06:00:49,0.00136390,33.39000000
2018-02-28 06:00:49,0.00136380,5.83000000
2018-02-28 06:00:49,0.00136320,1.00000000
2018-02-28 06:00:49,0.00136310,100.00000000
2018-02-28 06:00:49,0.00136280,2.19000000
2018-02-28 06:00:49,0.00136270,250.00000000
2018-02-28 06:00:49,0.00136250,2.00000000
2018-02-28 06:00:49,0.00136120,25.14000000
2018-02-28 06:00:49,0.00136100,298.96000000
2018-02-28 06:00:49,0.00136080,1.18000000
2018-02-28 06:00:49,0.00136070,3.67000000
2018-02-28 06:00:49,0.00136050,128.92000000
2018-02-28 06:00:51,0.00136830,1.76000000
2018-02-28 06:00:53,0.00136730,1.00000000
2018-02-28 06:00:56,0.00136700,1.00000000
2018-02-28 06:00:57,0.00136690,0.88000000
2018-02-28 06:00:59,0.00136680,1.00000000
2018-02-28 06:00:59,0.00136680,6.64000000
2018-02-28 06:00:59,0.00136410,9.60000000
2018-02-28 06:01:00,0.00136680,44.85000000
2018-02-28 06:01:02,0.00136650,24.96000000
2018-02-28 06:01:02,0.00136650,16.42000000
2018-02-28 06:01:03,0.00136750,1.00000000
2018-02-28 06:01:03,0.00136640,0.75000000
2018-02-28 06:01:05,0.00136610,9.60000000
2018-02-28 06:01:05,0.00136620,1.00000000
2018-02-28 06:01:06,0.00136620,2.67000000
2018-02-28 06:01:06,0.00136640,0.61000000
2018-02-28 06:01:07,0.00136380,73.33000000
2018-02-28 06:01:07,0.00136370,55.38000000
2018-02-28 06:01:07,0.00136300,19.21000000
2018-02-28 06:01:07,0.00136320,9.34000000
2018-02-28 06:01:07,0.00136250,427.39000000
2018-02-28 06:01:08,0.00136280,73.33000000
2018-02-28 06:01:08,0.00136290,33.39000000
2018-02-28 06:01:09,0.00136880,1.00000000
2018-02-28 06:01:10,0.00136870,2.16000000
2018-02-28 06:01:12,0.00136500,1.91000000
2018-02-28 06:01:12,0.00136500,1.57000000
2018-02-28 06:01:14,0.00136500,1.00000000
2018-02-28 06:01:15,0.00136370,7.79000000
2018-02-28 06:01:18,0.00136370,1.00000000
2018-02-28 06:01:22,0.00136260,1.00000000
2018-02-28 06:01:27,0.00136370,21.30000000
2018-02-28 06:01:28,0.00136260,2.66000000
2018-02-28 06:01:28,0.00136250,9.34000000
2018-02-28 06:01:28,0.00136170,178.31000000
2018-02-28 06:01:28,0.00136170,1.00000000
2018-02-28 06:01:29,0.00136100,216.75000000
2018-02-28 06:01:29,0.00136100,2.41000000
2018-02-28 06:01:29,0.00136100,30.37000000
2018-02-28 06:01:30,0.00136100,7.62000000
2018-02-28 06:01:31,0.00136100,8.50000000
2018-02-28 06:01:31,0.00136060,15.21000000
2018-02-28 06:01:31,0.00136050,2.90000000
2018-02-28 06:01:31,0.00136040,12.38000000
2018-02-28 06:01:31,0.00136030,13.30000000
2018-02-28 06:01:31,0.00136010,3.00000000
2018-02-28 06:01:31,0.00136000,216.54000000
2018-02-28 06:01:31,0.00136000,3.10000000
2018-02-28 06:01:31,0.00136000,158.55000000
2018-02-28 06:01:32,0.00136100,2.97000000
2018-02-28 06:01:33,0.00136100,22.99000000
2018-02-28 06:01:35,0.00136100,1.30000000
2018-02-28 06:01:36,0.00136100,84.54000000
2018-02-28 06:01:36,0.00136100,183.68000000
2018-02-28 06:01:36,0.00136070,13.04000000
2018-02-28 06:01:37,0.00136070,1.00000000
2018-02-28 06:01:39,0.00136070,128.73000000
2018-02-28 06:01:39,0.00136100,28.05000000
2018-02-28 06:01:40,0.00136070,457.48000000
2018-02-28 06:01:40,0.00136100,2.77000000
2018-02-28 06:01:41,0.00136100,1.00000000
2018-02-28 06:01:42,0.00136000,447.12000000
2018-02-28 06:01:43,0.00136060,1.88000000
2018-02-28 06:01:43,0.00136010,5.88000000
2018-02-28 06:01:43,0.00136000,368.28000000
2018-02-28 06:01:43,0.00136000,720.95000000
2018-02-28 06:01:43,0.00135990,36.51000000
2018-02-28 06:01:43,0.00135980,3.21000000
2018-02-28 06:01:43,0.00135950,3.64000000
2018-02-28 06:01:43,0.00135940,7.73000000
2018-02-28 06:01:43,0.00136000,5.00000000
2018-02-28 06:01:44,0.00136000,7.04000000
2018-02-28 06:01:44,0.00135900,9.38000000
2018-02-28 06:01:44,0.00135880,111.80000000
2018-02-28 06:01:44,0.00135810,7.21000000
2018-02-28 06:01:44,0.00135800,3.00000000
2018-02-28 06:01:44,0.00136000,5.45000000
2018-02-28 06:01:45,0.00135760,1.00000000
2018-02-28 06:01:45,0.00135720,1.77000000
2018-02-28 06:01:45,0.00135990,10.87000000
2018-02-28 06:01:46,0.00135990,1.87000000
2018-02-28 06:01:47,0.00135990,1.00000000
2018-02-28 06:01:48,0.00135990,1.58000000
2018-02-28 06:01:48,0.00135730,9.34000000
2018-02-28 06:01:51,0.00135730,1.47000000
2018-02-28 06:01:51,0.00135730,1.47000000
2018-02-28 06:01:52,0.00135730,4.85000000
2018-02-28 06:01:52,0.00135730,7.58000000
2018-02-28 06:01:53,0.00135730,7.28000000
2018-02-28 06:01:53,0.00135730,0.75000000
2018-02-28 06:01:53,0.00135680,13.00000000
2018-02-28 06:01:54,0.00135730,23.71000000
2018-02-28 06:01:54,0.00135730,107.10000000
2018-02-28 06:01:54,0.00135680,9.41000000
2018-02-28 06:01:54,0.00135670,1.48000000
2018-02-28 06:01:54,0.00135650,11.06000000
2018-02-28 06:01:54,0.00135640,1.56000000
2018-02-28 06:01:54,0.00135520,8.86000000
2018-02-28 06:01:54,0.00135510,32.84000000
2018-02-28 06:01:54,0.00135500,10.82000000
2018-02-28 06:01:55,0.00135660,237.04000000
2018-02-28 06:01:55,0.00135600,724.00000000
2018-02-28 06:01:56,0.00135720,5.67000000
2018-02-28 06:01:56,0.00135730,66.45000000
2018-02-28 06:01:59,0.00135700,4.26000000
2018-02-28 06:02:00,0.00135700,5.00000000
2018-02-28 06:02:00,0.00135700,14.96000000
2018-02-28 06:02:01,0.00135700,19.92000000
2018-02-28 06:02:04,0.00135450,1.62000000
2018-02-28 06:02:04,0.00135700,1.09000000
2018-02-28 06:02:05,0.00135500,37.05000000
2018-02-28 06:02:06,0.00135490,1.62000000
2018-02-28 06:02:06,0.00135500,1.41000000
2018-02-28 06:02:08,0.00135500,1.48000000
2018-02-28 06:02:09,0.00135440,63.76000000
2018-02-28 06:02:10,0.00135500,1.47000000
2018-02-28 06:02:10,0.00135440,13.46000000
2018-02-28 06:02:11,0.00135440,2.17000000
2018-02-28 06:02:11,0.00135500,15.49000000
2018-02-28 06:02:12,0.00135440,19.98000000
2018-02-28 06:02:12,0.00135500,3.30000000
2018-02-28 06:02:13,0.00135500,3.69000000
2018-02-28 06:02:13,0.00135500,5.00000000
2018-02-28 06:02:13,0.00135500,55.70000000
2018-02-28 06:02:14,0.00135500,3.54000000
2018-02-28 06:02:14,0.00135450,22.07000000
2018-02-28 06:02:14,0.00135440,310.50000000
2018-02-28 06:02:14,0.00135420,22.15000000
2018-02-28 06:02:14,0.00135350,36.86000000
2018-02-28 06:02:14,0.00135500,15.63000000
2018-02-28 06:02:14,0.00135350,19.27000000
2018-02-28 06:02:15,0.00135500,229.61000000
2018-02-28 06:02:15,0.00135500,69.41000000
2018-02-28 06:02:15,0.00135500,0.98000000
2018-02-28 06:02:15,0.00135350,14.54000000
2018-02-28 06:02:15,0.00135340,7.39000000
2018-02-28 06:02:15,0.00135330,47.79000000
2018-02-28 06:02:16,0.00135330,3.61000000
2018-02-28 06:02:16,0.00135400,17.06000000
2018-02-28 06:02:18,0.00135490,1.96000000
2018-02-28 06:02:19,0.00135490,1.47000000
2018-02-28 06:02:19,0.00135490,5.91000000
2018-02-28 06:02:19,0.00135500,2.20000000
2018-02-28 06:02:20,0.00135330,7.39000000
2018-02-28 06:02:22,0.00135330,106.99000000
2018-02-28 06:02:25,0.00135390,11.45000000
2018-02-28 06:02:25,0.00135330,148.22000000
2018-02-28 06:02:26,0.00135480,2.95000000
2018-02-28 06:02:28,0.00135480,11.88000000
2018-02-28 06:02:28,0.00135490,7.40000000
2018-02-28 06:02:28,0.00135500,80.24000000
2018-02-28 06:02:29,0.00135330,5.51000000
2018-02-28 06:02:29,0.00135330,15.96000000
2018-02-28 06:02:29,0.00135330,26.85000000
2018-02-28 06:02:29,0.00135330,2.93000000
2018-02-28 06:02:29,0.00135470,7.30000000
2018-02-28 06:02:29,0.00135330,5.87000000
2018-02-28 06:02:29,0.00135470,2.04000000
2018-02-28 06:02:29,0.00135500,47.56000000
2018-02-28 06:02:29,0.00135700,327.30000000
2018-02-28 06:02:30,0.00135340,16.69000000
2018-02-28 06:02:31,0.00135600,1.81000000
2018-02-28 06:02:31,0.00135600,3.54000000
2018-02-28 06:02:31,0.00135600,14.47000000
2018-02-28 06:02:32,0.00135340,131.04000000
2018-02-28 06:02:32,0.00135330,57.64000000
2018-02-28 06:02:32,0.00135320,16.28000000
2018-02-28 06:02:32,0.00135320,3.50000000
2018-02-28 06:02:32,0.00135320,3.67000000
2018-02-28 06:02:32,0.00135320,11.40000000
2018-02-28 06:02:32,0.00135310,5.09000000
2018-02-28 06:02:33,0.00135310,1.47000000
2018-02-28 06:02:33,0.00135310,5.23000000
2018-02-28 06:02:33,0.00135310,14.26000000
2018-02-28 06:02:33,0.00135310,14.47000000
2018-02-28 06:02:33,0.00135310,1.80000000
2018-02-28 06:02:33,0.00135310,4.13000000
2018-02-28 06:02:34,0.00135310,1.09000000
2018-02-28 06:02:35,0.00135300,11.17000000
2018-02-28 06:02:35,0.00135270,4.64000000
2018-02-28 06:02:35,0.00135250,43.63000000
2018-02-28 06:02:35,0.00135230,93.13000000
2018-02-28 06:02:35,0.00135210,7.35000000
2018-02-28 06:02:35,0.00135200,163.30000000
2018-02-28 06:02:35,0.00135190,7.28000000
2018-02-28 06:02:35,0.00135150,28.88000000
2018-02-28 06:02:35,0.00135120,3.29000000
2018-02-28 06:02:35,0.00135110,1.00000000
2018-02-28 06:02:35,0.00135100,77.56000000
2018-02-28 06:02:35,0.00135080,2.37000000
2018-02-28 06:02:35,0.00135060,4.15000000
2018-02-28 06:02:35,0.00135050,3.51000000
2018-02-28 06:02:35,0.00135040,9.41000000
2018-02-28 06:02:35,0.00135030,6.61000000
2018-02-28 06:02:35,0.00135010,140.82000000
2018-02-28 06:02:35,0.00135000,1535.17000000
2018-02-28 06:02:35,0.00135000,359.00000000
2018-02-28 06:02:35,0.00134980,4.07000000
2018-02-28 06:02:35,0.00134970,8.16000000
2018-02-28 06:02:35,0.00134960,0.75000000
2018-02-28 06:02:35,0.00134950,23.62000000
2018-02-28 06:02:35,0.00134950,5.38000000
2018-02-28 06:02:35,0.00135000,1.00000000
2018-02-28 06:02:35,0.00135000,1.00000000
2018-02-28 06:02:35,0.00135000,21.21000000
2018-02-28 06:02:35,0.00135000,0.99000000
2018-02-28 06:02:35,0.00135000,8.65000000
2018-02-28 06:02:35,0.00135000,8.65000000
2018-02-28 06:02:35,0.00135000,8.65000000
2018-02-28 06:02:35,0.00134990,8.65000000
2018-02-28 06:02:35,0.00134990,7.38000000
2018-02-28 06:02:35,0.00134990,6.40000000
2018-02-28 06:02:35,0.00134950,7.38000000
2018-02-28 06:02:35,0.00134990,47.84000000
2018-02-28 06:02:35,0.00134950,0.56000000
2018-02-28 06:02:35,0.00134900,1.17000000
2018-02-28 06:02:35,0.00134890,1.12000000
2018-02-28 06:02:35,0.00134880,63.40000000
2018-02-28 06:02:35,0.00134990,5.01000000
2018-02-28 06:02:35,0.00134990,5.01000000
2018-02-28 06:02:35,0.00134990,1.81000000
2018-02-28 06:02:36,0.00134990,5.00000000
2018-02-28 06:02:36,0.00134990,3.00000000
2018-02-28 06:02:36,0.00134990,10.00000000
2018-02-28 06:02:36,0.00134990,0.09000000
2018-02-28 06:02:36,0.00135000,1.24000000
2018-02-28 06:02:38,0.00134930,257.79000000
2018-02-28 06:02:38,0.00134930,1.20000000
2018-02-28 06:02:38,0.00134880,7.06000000
2018-02-28 06:02:39,0.00135000,1.11000000
2018-02-28 06:02:39,0.00134890,3.70000000
2018-02-28 06:02:39,0.00134880,3.80000000
2018-02-28 06:02:39,0.00134860,3.61000000
2018-02-28 06:02:39,0.00134830,7.25000000
2018-02-28 06:02:40,0.00134890,3.67000000
2018-02-28 06:02:41,0.00134890,1.28000000
2018-02-28 06:02:41,0.00135000,9.24000000
2018-02-28 06:02:41,0.00134880,3.80000000
2018-02-28 06:02:41,0.00135000,4.10000000
2018-02-28 06:02:42,0.00135000,6.56000000
2018-02-28 06:02:42,0.00135000,6.56000000
2018-02-28 06:02:42,0.00135000,1.82000000
2018-02-28 06:02:42,0.00135000,1.00000000
2018-02-28 06:02:43,0.00134880,1.20000000
2018-02-28 06:02:44,0.00134830,3.27000000
2018-02-28 06:02:44,0.00134990,1.63000000
2018-02-28 06:02:47,0.00134830,43.34000000
2018-02-28 06:02:48,0.00134760,9.96000000
2018-02-28 06:02:48,0.00134720,32.78000000
2018-02-28 06:02:48,0.00134710,4.23000000
2018-02-28 06:02:48,0.00134690,0.82000000
2018-02-28 06:02:48,0.00134680,22.88000000
2018-02-28 06:02:49,0.00134800,20.00000000
2018-02-28 06:02:49,0.00134830,45.10000000
2018-02-28 06:02:49,0.00134730,37.81000000
2018-02-28 06:02:50,0.00134830,3.79000000
2018-02-28 06:02:53,0.00134840,7.16000000
2018-02-28 06:02:53,0.00134700,33.72000000
2018-02-28 06:02:53,0.00134680,3.15000000
2018-02-28 06:02:53,0.00134670,18.03000000
2018-02-28 06:02:53,0.00134630,184.69000000
2018-02-28 06:02:53,0.00134630,338.75000000
2018-02-28 06:02:53,0.00134610,2.76000000
2018-02-28 06:02:53,0.00134590,3.64000000
2018-02-28 06:02:53,0.00134570,7.35000000
2018-02-28 06:02:53,0.00134560,1.43000000
2018-02-28 06:02:53,0.00134520,3.00000000
2018-02-28 06:02:53,0.00134510,0.91000000
2018-02-28 06:02:53,0.00134500,244.71000000
2018-02-28 06:02:53,0.00134500,107.38000000
2018-02-28 06:02:54,0.00134680,14.12000000
2018-02-28 06:02:54,0.00134680,30.17000000
2018-02-28 06:02:54,0.00134680,0.01000000
2018-02-28 06:02:54,0.00134820,1.81000000
2018-02-28 06:02:55,0.00134830,1.81000000
2018-02-28 06:02:55,0.00134510,2.64000000
2018-02-28 06:02:55,0.00134830,0.54000000
2018-02-28 06:02:55,0.00134980,3.13000000
2018-02-28 06:02:55,0.00134510,71.70000000
2018-02-28 06:02:55,0.00134500,79.33000000
2018-02-28 06:02:55,0.00134980,3.56000000
2018-02-28 06:02:55,0.00134980,13.23000000
2018-02-28 06:02:55,0.00134830,2.48000000
2018-02-28 06:02:55,0.00134500,3.21000000
2018-02-28 06:02:55,0.00134810,1.33000000
2018-02-28 06:02:56,0.00134790,1.61000000
2018-02-28 06:02:57,0.00134780,2.03000000
2018-02-28 06:02:57,0.00134780,14.20000000
2018-02-28 06:02:57,0.00134520,5.00000000
2018-02-28 06:02:57,0.00134520,0.62000000
2018-02-28 06:02:57,0.00134510,22.30000000
2018-02-28 06:02:57,0.00134500,196.43000000
2018-02-28 06:02:57,0.00134500,10.14000000
2018-02-28 06:02:57,0.00134780,4.87000000
2018-02-28 06:02:58,0.00134760,2.58000000
2018-02-28 06:03:00,0.00134760,2.08000000
2018-02-28 06:03:00,0.00134500,8.13000000
2018-02-28 06:03:01,0.00134740,80.69000000
2018-02-28 06:03:01,0.00134750,10.85000000
2018-02-28 06:03:01,0.00134760,13.53000000
2018-02-28 06:03:01,0.00134760,1.82000000
2018-02-28 06:03:01,0.00134760,6.95000000
2018-02-28 06:03:02,0.00134970,9.34000000
2018-02-28 06:03:02,0.00134980,17.84000000
2018-02-28 06:03:02,0.00134990,166.50000000
2018-02-28 06:03:02,0.00134770,148.40000000
2018-02-28 06:03:02,0.00134760,29.48000000
2018-02-28 06:03:02,0.00134600,8.00000000
2018-02-28 06:03:02,0.00134520,84.64000000
2018-02-28 06:03:02,0.00134520,9.16000000
2018-02-28 06:03:02,0.00134520,27.99000000
2018-02-28 06:03:02,0.00134500,233.38000000
2018-02-28 06:03:03,0.00134870,1.00000000
2018-02-28 06:03:03,0.00134870,277.55000000
2018-02-28 06:03:03,0.00134500,22.62000000
2018-02-28 06:03:03,0.00134760,10.85000000
2018-02-28 06:03:03,0.00134760,11.94000000
2018-02-28 06:03:04,0.00134860,5.90000000
2018-02-28 06:03:04,0.00134850,3.43000000
2018-02-28 06:03:04,0.00134860,20.10000000
2018-02-28 06:03:04,0.00134760,7.45000000
2018-02-28 06:03:04,0.00134760,4.78000000
2018-02-28 06:03:04,0.00134860,1.26000000
2018-02-28 06:03:04,0.00134860,0.87000000
2018-02-28 06:03:04,0.00134860,2.94000000
2018-02-28 06:03:05,0.00134760,1.30000000
2018-02-28 06:03:05,0.00134500,1.29000000
2018-02-28 06:03:05,0.00134860,1.63000000
2018-02-28 06:03:05,0.00134860,1.02000000
2018-02-28 06:03:05,0.00134800,1.48000000
2018-02-28 06:03:05,0.00134800,2.76000000
2018-02-28 06:03:05,0.00134800,1.74000000
2018-02-28 06:03:05,0.00134800,2.02000000
2018-02-28 06:03:05,0.00134870,1.54000000
2018-02-28 06:03:05,0.00134870,2.53000000
2018-02-28 06:03:05,0.00134870,1.71000000
2018-02-28 06:03:05,0.00134870,4.96000000
2018-02-28 06:03:06,0.00134860,3.54000000
2018-02-28 06:03:06,0.00134860,11.99000000
2018-02-28 06:03:06,0.00134860,3.50000000
2018-02-28 06:03:07,0.00134860,10.82000000
2018-02-28 06:03:07,0.00134860,2.41000000
2018-02-28 06:03:07,0.00134860,1.09000000
2018-02-28 06:03:07,0.00134860,1.83000000
2018-02-28 06:03:07,0.00134860,1.43000000
2018-02-28 06:03:08,0.00134850,1.90000000
2018-02-28 06:03:08,0.00134590,25.00000000
2018-02-28 06:03:09,0.00134850,13.20000000
2018-02-28 06:03:10,0.00134820,7.26000000
2018-02-28 06:03:10,0.00134760,1.56000000
2018-02-28 06:03:10,0.00134750,1.59000000
2018-02-28 06:03:10,0.00134580,22.29000000
2018-02-28 06:03:10,0.00134510,124.90000000
2018-02-28 06:03:10,0.00134500,108.76000000
2018-02-28 06:03:10,0.00134750,1.85000000
2018-02-28 06:03:10,0.00134740,4.23000000
2018-02-28 06:03:10,0.00134740,0.90000000
2018-02-28 06:03:10,0.00134740,12.61000000
2018-02-28 06:03:10,0.00134750,26.04000000
2018-02-28 06:03:10,0.00134830,10.61000000
2018-02-28 06:03:10,0.00134850,2.52000000
2018-02-28 06:03:10,0.00134860,178.11000000
2018-02-28 06:03:10,0.00134870,191.11000000
2018-02-28 06:03:11,0.00134500,26.99000000
2018-02-28 06:03:11,0.00134840,3.72000000
2018-02-28 06:03:11,0.00134870,76.70000000
2018-02-28 06:03:11,0.00134950,1.93000000
2018-02-28 06:03:11,0.00134980,62.48000000
2018-02-28 06:03:11,0.00134990,128.85000000
2018-02-28 06:03:11,0.00134510,33.52000000
2018-02-28 06:03:12,0.00134980,22.16000000
2018-02-28 06:03:12,0.00134990,405.48000000
2018-02-28 06:03:12,0.00135000,22.62000000
2018-02-28 06:03:12,0.00134540,17.84000000
2018-02-28 06:03:12,0.00134530,74.54000000
2018-02-28 06:03:12,0.00134520,20.81000000
2018-02-28 06:03:12,0.00134500,89.01000000
2018-02-28 06:03:13,0.00134950,2.86000000
2018-02-28 06:03:13,0.00134950,1.33000000
2018-02-28 06:03:13,0.00134870,1.00000000
2018-02-28 06:03:13,0.00134950,70.15000000
2018-02-28 06:03:13,0.00134960,22.29000000
2018-02-28 06:03:13,0.00135000,1165.25000000
2018-02-28 06:03:13,0.00135000,1489.44000000
2018-02-28 06:03:13,0.00135000,6228.05000000
2018-02-28 06:03:13,0.00134950,33.72000000
2018-02-28 06:03:13,0.00135000,1569.97000000
2018-02-28 06:03:13,0.00135230,1.72000000
2018-02-28 06:03:13,0.00135310,32.16000000
2018-02-28 06:03:14,0.00134890,11.00000000
2018-02-28 06:03:14,0.00135000,2.72000000
2018-02-28 06:03:14,0.00135320,29.55000000
2018-02-28 06:03:14,0.00135330,4.11000000
2018-02-28 06:03:14,0.00135350,3.00000000
2018-02-28 06:03:14,0.00135600,93.13000000
2018-02-28 06:03:15,0.00135040,74.11000000
2018-02-28 06:03:15,0.00135030,22.21000000
2018-02-28 06:03:15,0.00135020,42.04000000
2018-02-28 06:03:15,0.00135000,61.64000000
2018-02-28 06:03:15,0.00135600,2.72000000
2018-02-28 06:03:15,0.00135720,1.60000000
2018-02-28 06:03:15,0.00135720,2.18000000
2018-02-28 06:03:16,0.00135720,2.88000000
2018-02-28 06:03:16,0.00135720,127.72000000
2018-02-28 06:03:16,0.00135730,5.72000000
2018-02-28 06:03:16,0.00135710,18.94000000
2018-02-28 06:03:16,0.00135720,18.39000000
2018-02-28 06:03:16,0.00135730,2.82000000
2018-02-28 06:03:16,0.00135730,3.48000000
2018-02-28 06:03:16,0.00135720,1.10000000
2018-02-28 06:03:16,0.00135720,1.62000000
2018-02-28 06:03:16,0.00135720,2.21000000
2018-02-28 06:03:16,0.00135720,1.30000000
2018-02-28 06:03:17,0.00135720,1.84000000
2018-02-28 06:03:17,0.00135720,1.84000000
2018-02-28 06:03:17,0.00135730,7.37000000
2018-02-28 06:03:17,0.00135130,73.99000000
2018-02-28 06:03:17,0.00135120,7.11000000
2018-02-28 06:03:17,0.00135710,0.74000000
2018-02-28 06:03:17,0.00135710,23.07000000
2018-02-28 06:03:17,0.00135730,6.75000000
2018-02-28 06:03:18,0.00135900,59.97000000
2018-02-28 06:03:18,0.00135900,5.74000000
2018-02-28 06:03:18,0.00135900,8.28000000
2018-02-28 06:03:18,0.00135910,2.58000000
2018-02-28 06:03:19,0.00135910,1.84000000
2018-02-28 06:03:19,0.00135910,1.84000000
2018-02-28 06:03:19,0.00135910,2.94000000
2018-02-28 06:03:19,0.00135910,5.42000000
2018-02-28 06:03:19,0.00135900,1.08000000
2018-02-28 06:03:20,0.00135720,16.62000000
2018-02-28 06:03:20,0.00135200,16.62000000
2018-02-28 06:03:20,0.00135200,7.36000000
2018-02-28 06:03:20,0.00135390,4.16000000
2018-02-28 06:03:20,0.00135700,4.15000000
2018-02-28 06:03:20,0.00135690,2.58000000
2018-02-28 06:03:20,0.00135680,1.84000000
2018-02-28 06:03:20,0.00135600,8.00000000
2018-02-28 06:03:20,0.00135680,7.50000000
2018-02-28 06:03:20,0.00135690,5.01000000
2018-02-28 06:03:20,0.00135700,9.70000000
2018-02-28 06:03:20,0.00135900,2.41000000
2018-02-28 06:03:21,0.00135900,0.87000000
2018-02-28 06:03:21,0.00135290,5.00000000
2018-02-28 06:03:21,0.00135900,2.80000000
2018-02-28 06:03:21,0.00135890,7.36000000
2018-02-28 06:03:21,0.00135890,4.56000000
2018-02-28 06:03:21,0.00135890,1.84000000
2018-02-28 06:03:21,0.00135640,23.56000000
2018-02-28 06:03:21,0.00135640,23.09000000
2018-02-28 06:03:21,0.00135640,11.91000000
2018-02-28 06:03:21,0.00135640,14.35000000
2018-02-28 06:03:22,0.00135640,20.00000000
2018-02-28 06:03:22,0.00135640,6.92000000
2018-02-28 06:03:22,0.00135640,2.21000000
2018-02-28 06:03:22,0.00135640,3.17000000
2018-02-28 06:03:22,0.00135890,1.84000000
2018-02-28 06:03:23,0.00135860,5.00000000
2018-02-28 06:03:23,0.00135870,20.00000000
2018-02-28 06:03:23,0.00135880,8.72000000
2018-02-28 06:03:23,0.00135890,0.38000000
2018-02-28 06:03:23,0.00135910,7.11000000
2018-02-28 06:03:23,0.00135910,151.50000000
2018-02-28 06:03:23,0.00135420,85.47000000
2018-02-28 06:03:23,0.00135410,22.15000000
2018-02-28 06:03:23,0.00135310,33.72000000
2018-02-28 06:03:23,0.00135280,21.90000000
2018-02-28 06:03:23,0.00135280,66.32000000
2018-02-28 06:03:23,0.00135170,85.18000000
2018-02-28 06:03:24,0.00135910,6.99000000
2018-02-28 06:03:24,0.00135900,2.94000000
2018-02-28 06:03:25,0.00135900,3.68000000
2018-02-28 06:03:25,0.00135890,1.18000000
2018-02-28 06:03:25,0.00135460,0.91000000
2018-02-28 06:03:26,0.00135890,1.84000000
2018-02-28 06:03:26,0.00135890,12.56000000
2018-02-28 06:03:26,0.00135890,9.71000000
2018-02-28 06:03:26,0.00135890,1.10000000
2018-02-28 06:03:26,0.00135890,9.79000000
2018-02-28 06:03:27,0.00135890,32.70000000
2018-02-28 06:03:27,0.00135900,4.12000000
2018-02-28 06:03:27,0.00135910,29.70000000
2018-02-28 06:03:28,0.00135900,8.54000000
2018-02-28 06:03:29,0.00135890,6.62000000
2018-02-28 06:03:29,0.00135900,30.00000000
2018-02-28 06:03:29,0.00135900,0.96000000
2018-02-28 06:03:29,0.00135900,3.97000000
2018-02-28 06:03:29,0.00135900,61.60000000
2018-02-28 06:03:29,0.00135910,4.90000000
2018-02-28 06:03:30,0.00135880,1.18000000
2018-02-28 06:03:30,0.00135880,1.47000000
2018-02-28 06:03:31,0.00135850,9.96000000
2018-02-28 06:03:31,0.00135850,2.66000000
2018-02-28 06:03:31,0.00135850,1.16000000
2018-02-28 06:03:32,0.00135850,1.84000000
2018-02-28 06:03:32,0.00135650,20.00000000
2018-02-28 06:03:32,0.00135850,12.88000000
2018-02-28 06:03:33,0.00135650,11.04000000
2018-02-28 06:03:33,0.00135650,1.44000000
2018-02-28 06:03:34,0.00135650,2.94000000
2018-02-28 06:03:34,0.00135650,10.83000000
2018-02-28 06:03:34,0.00135650,0.81000000
2018-02-28 06:03:34,0.00135850,6.55000000
2018-02-28 06:03:34,0.00135850,5.89000000
2018-02-28 06:03:34,0.00135850,25.76000000
2018-02-28 06:03:35,0.00135850,24.73000000
2018-02-28 06:03:37,0.00135850,22.08000000
2018-02-28 06:03:39,0.00135640,1.00000000
2018-02-28 06:03:39,0.00135640,3.68000000
2018-02-28 06:03:40,0.00135640,30.83000000
2018-02-28 06:03:40,0.00135640,12.28000000
2018-02-28 06:03:40,0.00135540,287.02000000
2018-02-28 06:03:41,0.00135810,3.31000000
2018-02-28 06:03:42,0.00135640,1.26000000
2018-02-28 06:03:46,0.00135780,4.96000000
2018-02-28 06:03:47,0.00135780,0.88000000
2018-02-28 06:03:48,0.00135700,2.21000000
2018-02-28 06:03:48,0.00135650,25.18000000
2018-02-28 06:03:48,0.00135640,13.74000000
2018-02-28 06:03:48,0.00135560,12.70000000
2018-02-28 06:03:48,0.00135560,5.48000000
2018-02-28 06:03:48,0.00135550,0.86000000
2018-02-28 06:03:55,0.00135600,79.32000000
2018-02-28 06:03:55,0.00135620,2.48000000
2018-02-28 06:03:56,0.00135620,9.25000000
2018-02-28 06:03:59,0.00135600,7.38000000
2018-02-28 06:03:59,0.00135620,143.59000000
2018-02-28 06:04:00,0.00135600,1.84000000
2018-02-28 06:04:04,0.00135600,11.61000000
2018-02-28 06:04:04,0.00135550,32.40000000
2018-02-28 06:04:05,0.00135600,22.52000000
2018-02-28 06:04:11,0.00135560,19.23000000
2018-02-28 06:04:11,0.00135560,111.68000000
2018-02-28 06:04:11,0.00135560,19.23000000
2018-02-28 06:04:12,0.00135560,2.06000000
2018-02-28 06:04:12,0.00135590,7.94000000
2018-02-28 06:04:15,0.00135590,19.62000000
2018-02-28 06:04:17,0.00135600,138.83000000
2018-02-28 06:04:18,0.00135650,0.93000000
2018-02-28 06:04:19,0.00135810,1.00000000
2018-02-28 06:04:19,0.00135850,151.72000000
2018-02-28 06:04:19,0.00135880,5.00000000
2018-02-28 06:04:19,0.00135900,105.56000000
2018-02-28 06:04:20,0.00135650,0.02000000
2018-02-28 06:04:21,0.00135590,48.40000000
2018-02-28 06:04:22,0.00135840,0.74000000
2018-02-28 06:04:22,0.00135840,2.18000000
2018-02-28 06:04:22,0.00135840,85.30000000
2018-02-28 06:04:22,0.00135900,94.44000000
2018-02-28 06:04:22,0.00135920,5.82000000
2018-02-28 06:04:22,0.00135980,9.34000000
2018-02-28 06:04:22,0.00136110,2.58000000
2018-02-28 06:04:22,0.00136170,4.97000000
2018-02-28 06:04:22,0.00136200,31.40000000
2018-02-28 06:04:23,0.00135830,2.18000000
2018-02-28 06:04:23,0.00135830,50.00000000
2018-02-28 06:04:24,0.00135830,7.84000000
2018-02-28 06:04:25,0.00136180,7.34000000
2018-02-28 06:04:26,0.00135710,2.10000000
2018-02-28 06:04:26,0.00135820,0.86000000
2018-02-28 06:04:26,0.00135820,0.95000000
2018-02-28 06:04:26,0.00135820,1.88000000
2018-02-28 06:04:27,0.00136140,3.01000000
2018-02-28 06:04:27,0.00136150,12.66000000
2018-02-28 06:04:27,0.00136170,9.34000000
2018-02-28 06:04:27,0.00136190,32.91000000
2018-02-28 06:04:28,0.00136170,67.60000000
2018-02-28 06:04:29,0.00135810,9.49000000
2018-02-28 06:04:29,0.00136170,4.19000000
2018-02-28 06:04:29,0.00135840,33.09000000
2018-02-28 06:04:30,0.00135980,7.35000000
2018-02-28 06:04:30,0.00135980,55.31000000
2018-02-28 06:04:30,0.00135980,47.57000000
2018-02-28 06:04:30,0.00136140,6.79000000
2018-02-28 06:04:30,0.00136170,9.39000000
2018-02-28 06:04:30,0.00135830,7.35000000
2018-02-28 06:04:30,0.00136160,1.84000000
2018-02-28 06:04:31,0.00135830,32.64000000
2018-02-28 06:04:32,0.00136140,0.44000000
2018-02-28 06:04:32,0.00136140,1.84000000
2018-02-28 06:04:32,0.00136130,14.37000000
2018-02-28 06:04:33,0.00135830,92.09000000
2018-02-28 06:04:33,0.00136100,1.10000000
2018-02-28 06:04:34,0.00136100,18.88000000
2018-02-28 06:04:34,0.00136080,2.13000000
2018-02-28 06:04:34,0.00136080,3.31000000
2018-02-28 06:04:35,0.00136080,0.01000000
2018-02-28 06:04:35,0.00136080,1.47000000
2018-02-28 06:04:35,0.00136070,2.19000000
2018-02-28 06:04:36,0.00136060,1.10000000
2018-02-28 06:04:36,0.00136060,1.12000000
2018-02-28 06:04:38,0.00136060,9.34000000
2018-02-28 06:04:38,0.00136200,0.67000000
2018-02-28 06:04:38,0.00136000,20.00000000
2018-02-28 06:04:39,0.00136100,5.10000000
2018-02-28 06:04:40,0.00136100,21.90000000
2018-02-28 06:04:40,0.00136100,1.44000000
2018-02-28 06:04:40,0.00136200,0.92000000
2018-02-28 06:04:40,0.00136200,35.86000000
2018-02-28 06:04:40,0.00136100,6.57000000
2018-02-28 06:04:41,0.00136100,1.17000000
2018-02-28 06:04:41,0.00136100,1.00000000
2018-02-28 06:04:41,0.00136100,5.94000000
2018-02-28 06:04:43,0.00135920,1.91000000
2018-02-28 06:04:43,0.00135920,1.17000000
2018-02-28 06:04:44,0.00136060,137.34000000
2018-02-28 06:04:46,0.00136050,2.23000000
2018-02-28 06:04:47,0.00136050,0.85000000
2018-02-28 06:04:47,0.00136060,5.00000000
2018-02-28 06:04:47,0.00136200,4.06000000
2018-02-28 06:04:50,0.00136100,6.39000000
2018-02-28 06:04:50,0.00136100,2.20000000
2018-02-28 06:04:51,0.00135940,2.35000000
2018-02-28 06:04:52,0.00135940,4.41000000
2018-02-28 06:04:53,0.00135940,4.20000000
2018-02-28 06:04:56,0.00135940,6.79000000
2018-02-28 06:04:56,0.00135920,1.24000000
2018-02-28 06:04:56,0.00135890,7.68000000
2018-02-28 06:04:56,0.00135830,47.80000000
2018-02-28 06:04:56,0.00135820,22.08000000
2018-02-28 06:04:56,0.00135720,18.84000000
2018-02-28 06:04:56,0.00135660,38.14000000
2018-02-28 06:04:56,0.00135650,78.17000000
2018-02-28 06:04:56,0.00136100,7.35000000
2018-02-28 06:04:59,0.00135940,1.33000000
2018-02-28 06:04:59,0.00135940,7.35000000
2018-02-28 06:04:59,0.00135940,4.33000000
2018-02-28 06:05:02,0.00135940,0.21000000
2018-02-28 06:05:02,0.00135920,0.93000000
2018-02-28 06:05:02,0.00135650,108.44000000
2018-02-28 06:05:02,0.00135550,674.01000000
2018-02-28 06:05:03,0.00135940,6.63000000
2018-02-28 06:05:04,0.00135940,32.08000000
2018-02-28 06:05:04,0.00135720,16.56000000
2018-02-28 06:05:04,0.00135580,9.34000000
2018-02-28 06:05:04,0.00135570,6.03000000
2018-02-28 06:05:05,0.00135810,69.10000000
2018-02-28 06:05:08,0.00135770,32.77000000
2018-02-28 06:05:08,0.00135770,7.35000000
2018-02-28 06:05:08,0.00136010,5.14000000
2018-02-28 06:05:09,0.00136010,7.06000000
2018-02-28 06:05:10,0.00136000,4.48000000
2018-02-28 06:05:10,0.00135990,1.84000000
2018-02-28 06:05:13,0.00135940,0.23000000
2018-02-28 06:05:14,0.00135760,1.00000000
2018-02-28 06:05:14,0.00135760,5.49000000
2018-02-28 06:05:14,0.00135760,4.11000000
2018-02-28 06:05:15,0.00135900,3.54000000
2018-02-28 06:05:16,0.00135720,5.00000000
2018-02-28 06:05:21,0.00135760,31.87000000
2018-02-28 06:05:21,0.00135770,5.96000000
2018-02-28 06:05:21,0.00135810,35.25000000
2018-02-28 06:05:21,0.00135900,5.23000000
2018-02-28 06:05:21,0.00135950,55.93000000
2018-02-28 06:05:24,0.00135830,4.40000000
2018-02-28 06:05:26,0.00135720,0.17000000
2018-02-28 06:05:28,0.00135750,1.17000000
2018-02-28 06:05:29,0.00135750,1.17000000
2018-02-28 06:05:29,0.00135910,1.62000000
2018-02-28 06:05:30,0.00135910,1.47000000
2018-02-28 06:05:31,0.00135750,141.21000000
2018-02-28 06:05:35,0.00135900,0.87000000
2018-02-28 06:05:35,0.00135910,0.59000000
2018-02-28 06:05:36,0.00135950,7.35000000
2018-02-28 06:05:36,0.00135840,75.54000000
2018-02-28 06:05:37,0.00135950,1.77000000
2018-02-28 06:05:37,0.00135950,80.21000000
2018-02-28 06:05:37,0.00135960,9.34000000
2018-02-28 06:05:37,0.00136000,104.63000000
2018-02-28 06:05:37,0.00136020,22.08000000
2018-02-28 06:05:37,0.00135760,5.06000000
2018-02-28 06:05:39,0.00135950,7.60000000
2018-02-28 06:05:39,0.00135910,29.31000000
2018-02-28 06:05:40,0.00136200,2.16000000
2018-02-28 06:05:40,0.00135900,8.00000000
2018-02-28 06:05:40,0.00135850,2.68000000
2018-02-28 06:05:41,0.00136270,2.00000000
2018-02-28 06:05:42,0.00135870,16.63000000
2018-02-28 06:05:42,0.00136190,18.00000000
2018-02-28 06:05:42,0.00136200,8.00000000
2018-02-28 06:05:44,0.00136010,5.58000000
2018-02-28 06:05:45,0.00136020,9.32000000
2018-02-28 06:05:45,0.00136020,1.55000000
2018-02-28 06:05:46,0.00136230,1.10000000
2018-02-28 06:05:47,0.00136230,58.16000000
2018-02-28 06:05:47,0.00135940,1.17000000
2018-02-28 06:05:48,0.00135950,1.17000000
2018-02-28 06:05:48,0.00136200,50.00000000
2018-02-28 06:05:48,0.00136200,50.00000000
2018-02-28 06:05:48,0.00136200,19.72000000
2018-02-28 06:05:48,0.00136270,10.87000000
2018-02-28 06:05:48,0.00136280,6.21000000
2018-02-28 06:05:48,0.00135970,11.21000000
2018-02-28 06:05:49,0.00136300,74.23000000
2018-02-28 06:05:49,0.00136230,8.93000000
2018-02-28 06:05:49,0.00135970,3.69000000
2018-02-28 06:05:49,0.00136300,0.42000000
2018-02-28 06:05:49,0.00135980,1.17000000
2018-02-28 06:05:50,0.00136010,1.10000000
2018-02-28 06:05:50,0.00136150,7.29000000
2018-02-28 06:05:50,0.00136010,12.60000000
2018-02-28 06:05:50,0.00136290,9.34000000
2018-02-28 06:05:55,0.00136040,12.64000000
2018-02-28 06:05:55,0.00136040,0.17000000
2018-02-28 06:05:58,0.00136060,6.02000000
2018-02-28 06:05:58,0.00136050,29.77000000
2018-02-28 06:05:58,0.00136060,3.98000000
2018-02-28 06:06:04,0.00136160,81.98000000
2018-02-28 06:06:04,0.00136300,10.51000000
2018-02-28 06:06:04,0.00136330,4.10000000
2018-02-28 06:06:04,0.00136430,25.32000000
2018-02-28 06:06:04,0.00136500,82.10000000
2018-02-28 06:06:06,0.00136210,36.41000000
2018-02-28 06:06:06,0.00136210,36.40000000
2018-02-28 06:06:06,0.00136500,40.79000000
2018-02-28 06:06:06,0.00136500,103.39000000
2018-02-28 06:06:06,0.00136500,5.31000000
2018-02-28 06:06:06,0.00136510,13.76000000
2018-02-28 06:06:07,0.00136770,18.20000000
2018-02-28 06:06:07,0.00136840,11.94000000
2018-02-28 06:06:07,0.00136510,10.80000000
2018-02-28 06:06:07,0.00136510,36.51000000
2018-02-28 06:06:07,0.00136510,2.68000000
2018-02-28 06:06:08,0.00136510,5.90000000
2018-02-28 06:06:09,0.00136700,2.64000000
2018-02-28 06:06:09,0.00136830,0.86000000
2018-02-28 06:06:10,0.00136820,7.47000000
2018-02-28 06:06:11,0.00136420,3.15000000
2018-02-28 06:06:12,0.00136420,5.00000000
2018-02-28 06:06:12,0.00136420,2.51000000
2018-02-28 06:06:12,0.00136790,0.03000000
2018-02-28 06:06:13,0.00136500,2.40000000
2018-02-28 06:06:13,0.00136430,1.68000000
2018-02-28 06:06:15,0.00136420,5.00000000
2018-02-28 06:06:16,0.00136590,134.99000000
2018-02-28 06:06:16,0.00136600,2.40000000
2018-02-28 06:06:16,0.00136690,10.66000000
2018-02-28 06:06:16,0.00136720,31.05000000
2018-02-28 06:06:19,0.00136450,9.61000000
2018-02-28 06:06:20,0.00136710,5.00000000
2018-02-28 06:06:20,0.00136720,24.59000000
2018-02-28 06:06:20,0.00136720,71.33000000
2018-02-28 06:06:21,0.00136720,3.00000000
2018-02-28 06:06:21,0.00136720,0.75000000
2018-02-28 06:06:21,0.00136720,0.20000000
2018-02-28 06:06:23,0.00136770,4.50000000
2018-02-28 06:06:23,0.00136770,9.09000000
2018-02-28 06:06:23,0.00136720,120.41000000
2018-02-28 06:06:23,0.00136440,16.97000000
2018-02-28 06:06:23,0.00136410,29.32000000
2018-02-28 06:06:23,0.00136200,1.90000000
2018-02-28 06:06:23,0.00136120,60.40000000
2018-02-28 06:06:23,0.00136110,10.64000000
2018-02-28 06:06:23,0.00136100,18.15000000
2018-02-28 06:06:23,0.00136760,9.61000000
2018-02-28 06:06:23,0.00136770,4.50000000
2018-02-28 06:06:23,0.00136840,1.60000000
2018-02-28 06:06:23,0.00136710,5.53000000
2018-02-28 06:06:24,0.00136220,0.17000000
2018-02-28 06:06:24,0.00136690,2.85000000
2018-02-28 06:06:24,0.00136220,0.36000000
2018-02-28 06:06:24,0.00136690,13.27000000
2018-02-28 06:06:24,0.00136700,7.17000000
2018-02-28 06:06:26,0.00136700,1.84000000
2018-02-28 06:06:26,0.00136700,1.83000000
2018-02-28 06:06:27,0.00136350,60.40000000
2018-02-28 06:06:27,0.00136350,13.03000000
2018-02-28 06:06:27,0.00136340,39.47000000
2018-02-28 06:06:27,0.00136320,4.19000000
2018-02-28 06:06:27,0.00136220,1.66000000
2018-02-28 06:06:27,0.00136210,33.62000000
2018-02-28 06:06:27,0.00136160,49.55000000
2018-02-28 06:06:27,0.00136150,42.59000000
2018-02-28 06:06:28,0.00136670,89.30000000
2018-02-28 06:06:28,0.00136220,1.71000000
2018-02-28 06:06:31,0.00136620,20.00000000
2018-02-28 06:06:31,0.00136630,29.78000000
2018-02-28 06:06:31,0.00136680,1.66000000
2018-02-28 06:06:33,0.00136700,370.18000000
2018-02-28 06:06:34,0.00136700,174.68000000
2018-02-28 06:06:35,0.00136410,73.34000000
2018-02-28 06:06:35,0.00136400,8.00000000
2018-02-28 06:06:35,0.00136330,21.00000000
2018-02-28 06:06:35,0.00136320,15.87000000
2018-02-28 06:06:35,0.00136240,36.83000000
2018-02-28 06:06:35,0.00136170,60.39000000
2018-02-28 06:06:35,0.00136150,315.41000000
2018-02-28 06:06:35,0.00136060,72.63000000
2018-02-28 06:06:35,0.00136050,3.65000000
2018-02-28 06:06:35,0.00136030,45.70000000
2018-02-28 06:06:35,0.00136000,441.59000000
2018-02-28 06:06:35,0.00135990,3.68000000
2018-02-28 06:06:35,0.00135800,183.78000000
2018-02-28 06:06:35,0.00135800,46.89000000
2018-02-28 06:06:35,0.00135800,120.89000000
2018-02-28 06:06:35,0.00135800,67.89000000
2018-02-28 06:06:35,0.00135800,1.00000000
2018-02-28 06:06:35,0.00135800,7.34000000
2018-02-28 06:06:35,0.00135800,1.33000000
2018-02-28 06:06:35,0.00135790,42.25000000
2018-02-28 06:06:35,0.00135790,31.09000000
2018-02-28 06:06:35,0.00135800,4.74000000
2018-02-28 06:06:35,0.00135800,0.75000000
2018-02-28 06:06:35,0.00135800,67.30000000
2018-02-28 06:06:35,0.00136000,5.38000000
2018-02-28 06:06:35,0.00136680,1.00000000
2018-02-28 06:06:35,0.00136680,5.67000000
2018-02-28 06:06:38,0.00135910,0.18000000
2018-02-28 06:06:40,0.00136170,24.35000000
2018-02-28 06:06:40,0.00135920,9.06000000
2018-02-28 06:06:40,0.00135920,30.56000000
2018-02-28 06:06:40,0.00135900,2.85000000
2018-02-28 06:06:40,0.00135940,5.00000000
2018-02-28 06:06:40,0.00135910,73.54000000
2018-02-28 06:06:40,0.00135900,3.03000000
2018-02-28 06:06:40,0.00135840,1.53000000
2018-02-28 06:06:40,0.00135830,54.87000000
2018-02-28 06:06:40,0.00135840,20.00000000
2018-02-28 06:06:40,0.00135820,1.92000000
2018-02-28 06:06:41,0.00135820,14.47000000
2018-02-28 06:06:41,0.00135810,88.27000000
2018-02-28 06:06:41,0.00135820,70.75000000
2018-02-28 06:06:43,0.00136170,3.73000000
2018-02-28 06:06:44,0.00136000,16.27000000
2018-02-28 06:06:45,0.00136100,2.33000000
2018-02-28 06:06:45,0.00136180,13.25000000
2018-02-28 06:06:45,0.00136180,1.83000000
2018-02-28 06:06:49,0.00136180,2.20000000
2018-02-28 06:06:51,0.00136000,23.61000000
2018-02-28 06:06:52,0.00136000,14.61000000
2018-02-28 06:06:52,0.00136000,51.79000000
2018-02-28 06:06:56,0.00136120,1.10000000
2018-02-28 06:06:57,0.00136060,20.03000000
2018-02-28 06:07:02,0.00136060,7.42000000
2018-02-28 06:07:04,0.00136060,16.60000000
2018-02-28 06:07:06,0.00136060,0.43000000
2018-02-28 06:07:11,0.00136010,8.87000000
2018-02-28 06:07:14,0.00136020,94.71000000
2018-02-28 06:07:14,0.00136010,5.00000000
2018-02-28 06:07:14,0.00136010,57.85000000
2018-02-28 06:07:14,0.00135940,15.97000000
2018-02-28 06:07:14,0.00135930,9.12000000
2018-02-28 06:07:14,0.00135900,12.47000000
2018-02-28 06:07:14,0.00135840,2.73000000
2018-02-28 06:07:14,0.00135820,10.48000000
2018-02-28 06:07:14,0.00135820,5.00000000
2018-02-28 06:07:15,0.00136000,177.00000000
2018-02-28 06:07:19,0.00135840,1.65000000
2018-02-28 06:07:21,0.00136010,5.55000000
2018-02-28 06:07:23,0.00135930,2.20000000
2018-02-28 06:07:23,0.00135990,2.20000000
2018-02-28 06:07:24,0.00135850,0.03000000
2018-02-28 06:07:26,0.00135990,1.48000000
2018-02-28 06:07:26,0.00136000,1.70000000
2018-02-28 06:07:26,0.00136010,2.08000000
2018-02-28 06:07:27,0.00136000,26.46000000
2018-02-28 06:07:27,0.00135990,7.35000000
2018-02-28 06:07:29,0.00136010,0.01000000
2018-02-28 06:07:29,0.00136060,9.99000000
2018-02-28 06:07:32,0.00136050,0.06000000
2018-02-28 06:07:36,0.00136050,7.64000000
2018-02-28 06:07:37,0.00136050,1.00000000
2018-02-28 06:07:37,0.00136050,12.00000000
2018-02-28 06:07:39,0.00136000,14.48000000
2018-02-28 06:07:40,0.00135930,101.15000000
2018-02-28 06:07:41,0.00135870,21.00000000
2018-02-28 06:07:41,0.00135860,61.45000000
2018-02-28 06:07:41,0.00135840,81.17000000
2018-02-28 06:07:41,0.00135830,14.71000000
2018-02-28 06:07:41,0.00135820,43.16000000
2018-02-28 06:07:41,0.00135810,0.74000000
2018-02-28 06:07:41,0.00135800,5.93000000
2018-02-28 06:07:41,0.00135750,56.45000000
2018-02-28 06:07:41,0.00135730,36.62000000
2018-02-28 06:07:41,0.00135720,561.18000000
2018-02-28 06:07:41,0.00135720,2.51000000
2018-02-28 06:07:42,0.00135720,9.27000000
2018-02-28 06:07:42,0.00135720,1.25000000
2018-02-28 06:07:42,0.00135700,135.45000000
2018-02-28 06:07:42,0.00135550,16.09000000
2018-02-28 06:07:42,0.00135540,12.28000000
2018-02-28 06:07:42,0.00135500,5.18000000
2018-02-28 06:07:42,0.00135720,2.45000000
2018-02-28 06:07:43,0.00135720,1.21000000
2018-02-28 06:07:43,0.00135700,5.89000000
2018-02-28 06:07:43,0.00135470,11.45000000
2018-02-28 06:07:43,0.00135460,1.78000000
2018-02-28 06:07:44,0.00135710,20.00000000
2018-02-28 06:07:44,0.00135720,20.00000000
2018-02-28 06:07:44,0.00135720,15.97000000
2018-02-28 06:07:44,0.00135720,48.00000000
2018-02-28 06:07:44,0.00135720,1.17000000
2018-02-28 06:07:46,0.00135720,20.00000000
2018-02-28 06:07:48,0.00135630,2.20000000
2018-02-28 06:07:55,0.00135550,32.90000000
2018-02-28 06:07:57,0.00135630,0.73000000
2018-02-28 06:08:02,0.00135600,17.80000000
2018-02-28 06:08:05,0.00135620,1.10000000
2018-02-28 06:08:06,0.00135550,107.59000000
2018-02-28 06:08:06,0.00135620,1.11000000
2018-02-28 06:08:06,0.00135620,3.79000000
2018-02-28 06:08:06,0.00135620,142.40000000
2018-02-28 06:08:06,0.00135630,6.78000000
2018-02-28 06:08:08,0.00135630,27.00000000
2018-02-28 06:08:13,0.00135720,69.91000000
2018-02-28 06:08:14,0.00135720,183.54000000
2018-02-28 06:08:15,0.00135990,4.65000000
2018-02-28 06:08:15,0.00136000,24.63000000
2018-02-28 06:08:15,0.00135740,62.00000000
2018-02-28 06:08:15,0.00135630,41.59000000
2018-02-28 06:08:15,0.00135990,20.00000000
2018-02-28 06:08:15,0.00136000,0.10000000
2018-02-28 06:08:18,0.00136000,5.09000000
2018-02-28 06:08:18,0.00136000,4.36000000
2018-02-28 06:08:18,0.00135880,39.34000000
2018-02-28 06:08:25,0.00136000,122.17000000
2018-02-28 06:08:25,0.00136010,2.19000000
2018-02-28 06:08:25,0.00136050,62.49000000
2018-02-28 06:08:25,0.00136060,90.97000000
2018-02-28 06:08:25,0.00136120,13.22000000
2018-02-28 06:08:26,0.00136130,2.20000000
2018-02-28 06:08:28,0.00136150,1.00000000
2018-02-28 06:08:32,0.00136150,4.94000000
2018-02-28 06:08:34,0.00136150,1.84000000
2018-02-28 06:08:35,0.00136150,5.11000000
2018-02-28 06:08:37,0.00136050,114.02000000
2018-02-28 06:08:37,0.00135980,3.67000000
2018-02-28 06:08:37,0.00135970,20.00000000
2018-02-28 06:08:37,0.00135960,3.67000000
2018-02-28 06:08:37,0.00135940,3.67000000
2018-02-28 06:08:37,0.00135910,3.67000000
2018-02-28 06:08:37,0.00135880,33.95000000
2018-02-28 06:08:37,0.00135860,3.18000000
2018-02-28 06:08:37,0.00135850,0.90000000
2018-02-28 06:08:37,0.00135840,26.49000000
2018-02-28 06:08:37,0.00136150,7.56000000
2018-02-28 06:08:44,0.00136150,45.60000000
2018-02-28 06:08:46,0.00136160,3.32000000
2018-02-28 06:08:46,0.00136150,2.84000000
2018-02-28 06:08:48,0.00136220,3.83000000
2018-02-28 06:08:48,0.00136220,41.81000000
2018-02-28 06:08:50,0.00136220,3.83000000
2018-02-28 06:08:50,0.00136160,3.32000000
2018-02-28 06:08:50,0.00136150,4.87000000
2018-02-28 06:08:50,0.00136150,64.49000000
2018-02-28 06:08:53,0.00136150,1.84000000
2018-02-28 06:08:55,0.00136150,35.87000000
2018-02-28 06:08:56,0.00136150,6.57000000
2018-02-28 06:08:58,0.00136150,25.83000000
2018-02-28 06:08:59,0.00136250,120.32000000
2018-02-28 06:09:00,0.00136220,217.30000000
2018-02-28 06:09:03,0.00136220,21.97000000
2018-02-28 06:09:06,0.00136220,21.88000000
2018-02-28 06:09:06,0.00136220,9.20000000
2018-02-28 06:09:10,0.00136140,52.07000000
2018-02-28 06:09:12,0.00136210,17.36000000
2018-02-28 06:09:14,0.00136090,7.34000000
2018-02-28 06:09:14,0.00136080,28.34000000
2018-02-28 06:09:14,0.00136070,7.34000000
2018-02-28 06:09:14,0.00136060,5.03000000
2018-02-28 06:09:14,0.00136210,1.00000000
2018-02-28 06:09:15,0.00136210,1.00000000
2018-02-28 06:09:15,0.00136210,41.03000000
2018-02-28 06:09:15,0.00136220,1.95000000
2018-02-28 06:09:18,0.00136220,97.19000000
2018-02-28 06:09:18,0.00136220,21.77000000
2018-02-28 06:09:18,0.00136080,3.67000000
2018-02-28 06:09:18,0.00136070,19.87000000
2018-02-28 06:09:22,0.00136300,1.10000000
2018-02-28 06:09:23,0.00136300,7.78000000
2018-02-28 06:09:23,0.00136300,13.45000000
2018-02-28 06:09:25,0.00136250,126.76000000
2018-02-28 06:09:29,0.00136300,2.00000000
2018-02-28 06:09:31,0.00136220,13.45000000
2018-02-28 06:09:31,0.00136210,44.19000000
2018-02-28 06:09:33,0.00136300,75.71000000
2018-02-28 06:09:33,0.00136210,14.01000000
2018-02-28 06:09:36,0.00136300,3.56000000
2018-02-28 06:09:36,0.00136310,4.43000000
2018-02-28 06:09:36,0.00136350,67.89000000
2018-02-28 06:09:40,0.00136410,13.07000000
2018-02-28 06:09:41,0.00136410,4.32000000
2018-02-28 06:09:42,0.00136540,58.51000000
2018-02-28 06:09:47,0.00136540,7.36000000
2018-02-28 06:09:48,0.00136540,1.47000000
2018-02-28 06:09:49,0.00136540,4.21000000
2018-02-28 06:09:49,0.00136370,27.97000000
2018-02-28 06:09:50,0.00136490,5.01000000
2018-02-28 06:09:52,0.00136380,21.99000000
2018-02-28 06:09:52,0.00136370,70.81000000
2018-02-28 06:09:52,0.00136300,19.87000000
2018-02-28 06:09:52,0.00136220,69.87000000
2018-02-28 06:09:52,0.00136210,3.93000000
2018-02-28 06:09:52,0.00136070,4.83000000
2018-02-28 06:09:52,0.00136050,11.50000000
2018-02-28 06:09:52,0.00136000,3.70000000
2018-02-28 06:09:52,0.00135730,2.35000000
2018-02-28 06:09:52,0.00135630,6.33000000
2018-02-28 06:09:53,0.00136250,2.35000000
2018-02-28 06:09:53,0.00136440,20.00000000
2018-02-28 06:09:53,0.00136450,27.97000000
2018-02-28 06:09:53,0.00136460,82.34000000
2018-02-28 06:09:53,0.00136490,5.00000000
2018-02-28 06:09:53,0.00136500,5.02000000
2018-02-28 06:09:53,0.00136680,14.70000000
2018-02-28 06:09:53,0.00136810,354.62000000
2018-02-28 06:09:54,0.00136240,1.62000000
2018-02-28 06:09:55,0.00136220,1.62000000
2018-02-28 06:09:55,0.00136220,1.98000000
2018-02-28 06:09:55,0.00136220,7.16000000
2018-02-28 06:09:55,0.00136230,1.62000000
2018-02-28 06:09:55,0.00136490,137.51000000
2018-02-28 06:09:57,0.00136490,5.71000000
2018-02-28 06:09:58,0.00136150,73.48000000
2018-02-28 06:09:58,0.00136140,20.00000000
2018-02-28 06:09:58,0.00136120,22.03000000
2018-02-28 06:09:58,0.00136480,73.48000000
2018-02-28 06:09:58,0.00136490,6.53000000
2018-02-28 06:09:59,0.00136320,133.20000000
2018-02-28 06:10:00,0.00136460,22.03000000
2018-02-28 06:10:00,0.00136470,1.62000000
2018-02-28 06:10:00,0.00136490,45.65000000
2018-02-28 06:10:04,0.00136760,1.62000000
2018-02-28 06:10:05,0.00136480,73.36000000
2018-02-28 06:10:05,0.00136470,53.53000000
2018-02-28 06:10:05,0.00136460,10.58000000
2018-02-28 06:10:05,0.00136420,21.99000000
2018-02-28 06:10:05,0.00136340,1.95000000
2018-02-28 06:10:06,0.00136300,8.00000000
2018-02-28 06:10:06,0.00136250,64.62000000
2018-02-28 06:10:06,0.00136240,10.00000000
2018-02-28 06:10:07,0.00136150,3.45000000
2018-02-28 06:10:08,0.00136580,1.62000000
2018-02-28 06:10:11,0.00136190,73.36000000
2018-02-28 06:10:11,0.00136200,8.00000000
2018-02-28 06:10:11,0.00136330,18.38000000
2018-02-28 06:10:11,0.00136340,38.85000000
2018-02-28 06:10:11,0.00136380,1.05000000
2018-02-28 06:10:17,0.00136490,64.95000000
2018-02-28 06:10:18,0.00136360,67.17000000
2018-02-28 06:10:18,0.00136360,6.16000000
2018-02-28 06:10:18,0.00136350,7.14000000
2018-02-28 06:10:21,0.00136360,13.71000000
2018-02-28 06:10:21,0.00136560,17.96000000
2018-02-28 06:10:21,0.00136360,4.47000000
2018-02-28 06:10:25,0.00136520,14.86000000
2018-02-28 06:10:26,0.00136500,40.51000000
2018-02-28 06:10:29,0.00136500,1.00000000
2018-02-28 06:10:31,0.00136500,7.30000000
2018-02-28 06:10:32,0.00136500,0.76000000
2018-02-28 06:10:33,0.00136540,7.95000000
2018-02-28 06:10:34,0.00136500,3.14000000
2018-02-28 06:10:35,0.00136510,139.63000000
2018-02-28 06:10:36,0.00136500,18.18000000
2018-02-28 06:10:36,0.00136540,56.67000000
2018-02-28 06:10:36,0.00136550,2.38000000
2018-02-28 06:10:36,0.00136620,3.68000000
2018-02-28 06:10:37,0.00136630,3.81000000
2018-02-28 06:10:37,0.00136630,20.92000000
2018-02-28 06:10:38,0.00136630,7.04000000
2018-02-28 06:10:38,0.00136670,97.29000000
2018-02-28 06:10:38,0.00136700,59.60000000
2018-02-28 06:10:38,0.00136630,3.81000000
2018-02-28 06:10:39,0.00136630,7.65000000
2018-02-28 06:10:40,0.00136630,3.64000000
2018-02-28 06:10:40,0.00136630,61.49000000
2018-02-28 06:10:40,0.00136630,5.00000000
2018-02-28 06:10:41,0.00136700,125.48000000
2018-02-28 06:10:42,0.00136630,12.34000000
2018-02-28 06:10:42,0.00136630,4.96000000
2018-02-28 06:10:42,0.00136630,1.25000000
2018-02-28 06:10:42,0.00136630,22.00000000
2018-02-28 06:10:43,0.00136700,264.26000000
2018-02-28 06:10:43,0.00136760,3.43000000
2018-02-28 06:10:44,0.00136630,2.21000000
2018-02-28 06:10:44,0.00136810,7.34000000
2018-02-28 06:10:44,0.00136840,22.79000000
2018-02-28 06:10:44,0.00136890,4.40000000
2018-02-28 06:10:44,0.00136630,1.50000000
2018-02-28 06:10:45,0.00136640,1.34000000
2018-02-28 06:10:45,0.00136900,23.78000000
2018-02-28 06:10:46,0.00136660,5.00000000
2018-02-28 06:10:47,0.00136660,5.54000000
2018-02-28 06:10:49,0.00136770,71.39000000
2018-02-28 06:10:51,0.00136670,1.50000000
2018-02-28 06:10:51,0.00136670,13.44000000
2018-02-28 06:10:51,0.00136670,16.09000000
2018-02-28 06:10:52,0.00136650,11.88000000
2018-02-28 06:10:52,0.00136650,8.10000000
2018-02-28 06:10:52,0.00136660,41.47000000
2018-02-28 06:10:52,0.00136650,0.96000000
2018-02-28 06:10:52,0.00136640,0.54000000
2018-02-28 06:10:53,0.00136660,11.78000000
2018-02-28 06:10:56,0.00136760,1.19000000
2018-02-28 06:10:56,0.00136900,79.08000000
2018-02-28 06:10:56,0.00136710,5.00000000
2018-02-28 06:10:56,0.00136710,21.88000000
2018-02-28 06:10:58,0.00136710,5.00000000
2018-02-28 06:10:58,0.00136710,5.00000000
2018-02-28 06:10:59,0.00136900,151.75000000
2018-02-28 06:10:59,0.00136900,0.76000000
2018-02-28 06:10:59,0.00136930,25.32000000
2018-02-28 06:10:59,0.00136970,2.17000000
2018-02-28 06:10:59,0.00136980,164.25000000
2018-02-28 06:10:59,0.00136980,61.33000000
2018-02-28 06:10:59,0.00137000,5.67000000
2018-02-28 06:10:59,0.00137050,18.50000000
2018-02-28 06:10:59,0.00137050,63.88000000
2018-02-28 06:11:00,0.00136900,5.00000000
2018-02-28 06:11:02,0.00137050,4.82000000
2018-02-28 06:11:02,0.00136900,5.00000000
2018-02-28 06:11:03,0.00137050,13.73000000
2018-02-28 06:11:03,0.00137070,11.03000000
2018-02-28 06:11:03,0.00137080,12.08000000
2018-02-28 06:11:03,0.00137150,11.52000000
2018-02-28 06:11:03,0.00137280,5.00000000
2018-02-28 06:11:03,0.00137310,44.97000000
2018-02-28 06:11:04,0.00136960,5.00000000
2018-02-28 06:11:04,0.00136960,17.31000000
2018-02-28 06:11:04,0.00137230,28.36000000
2018-02-28 06:11:04,0.00137230,0.73000000
2018-02-28 06:11:05,0.00137230,5.25000000
2018-02-28 06:11:07,0.00136960,9.91000000
2018-02-28 06:11:07,0.00136960,4.21000000
2018-02-28 06:11:09,0.00137090,5.17000000
2018-02-28 06:11:09,0.00137230,6.45000000
2018-02-28 06:11:09,0.00137240,1.75000000
2018-02-28 06:11:09,0.00137310,0.71000000
2018-02-28 06:11:09,0.00137340,23.66000000
2018-02-28 06:11:12,0.00137310,1.60000000
2018-02-28 06:11:13,0.00137310,34.83000000
2018-02-28 06:11:13,0.00137320,21.00000000
2018-02-28 06:11:13,0.00137340,17.41000000
2018-02-28 06:11:13,0.00137350,11.17000000
2018-02-28 06:11:13,0.00137350,19.84000000
2018-02-28 06:11:14,0.00137330,2.07000000
2018-02-28 06:11:14,0.00137330,10.50000000
2018-02-28 06:11:14,0.00137330,27.79000000
2018-02-28 06:11:15,0.00137310,0.77000000
2018-02-28 06:11:16,0.00137310,107.81000000
2018-02-28 06:11:16,0.00137310,11.67000000
2018-02-28 06:11:17,0.00137310,2.48000000
2018-02-28 06:11:17,0.00137340,15.07000000
2018-02-28 06:11:18,0.00137380,3.46000000
2018-02-28 06:11:18,0.00137420,1.00000000
2018-02-28 06:11:18,0.00137450,3.68000000
2018-02-28 06:11:18,0.00137500,86.12000000
2018-02-28 06:11:18,0.00137340,8.50000000
2018-02-28 06:11:19,0.00137500,284.13000000
2018-02-28 06:11:19,0.00137490,7.86000000
2018-02-28 06:11:21,0.00137490,2.69000000
2018-02-28 06:11:22,0.00137490,2.60000000
2018-02-28 06:11:22,0.00137490,7.85000000
2018-02-28 06:11:22,0.00137490,4.30000000
2018-02-28 06:11:23,0.00137490,0.75000000
2018-02-28 06:11:24,0.00137490,3.21000000
2018-02-28 06:11:25,0.00137490,26.86000000
2018-02-28 06:11:25,0.00137490,5.00000000
2018-02-28 06:11:26,0.00137500,76.17000000
2018-02-28 06:11:28,0.00137500,2.62000000
2018-02-28 06:11:29,0.00137500,33.00000000
2018-02-28 06:11:33,0.00137490,19.03000000
2018-02-28 06:11:33,0.00137490,55.08000000
2018-02-28 06:11:33,0.00137500,38.22000000
2018-02-28 06:11:34,0.00137500,3.12000000
2018-02-28 06:11:34,0.00137500,1.02000000
2018-02-28 06:11:34,0.00137520,3.69000000
2018-02-28 06:11:34,0.00137500,1.00000000
2018-02-28 06:11:34,0.00137500,7.95000000
2018-02-28 06:11:35,0.00137500,2.80000000
2018-02-28 06:11:36,0.00137500,4.00000000
2018-02-28 06:11:36,0.00137570,51.69000000
2018-02-28 06:11:37,0.00137570,1.76000000
2018-02-28 06:11:37,0.00137570,0.02000000
2018-02-28 06:11:37,0.00137500,1002.94000000
2018-02-28 06:11:37,0.00137500,213.57000000
2018-02-28 06:11:38,0.00137590,21.00000000
2018-02-28 06:11:38,0.00137600,53.54000000
2018-02-28 06:11:38,0.00137630,16.56000000
2018-02-28 06:11:38,0.00137690,11.07000000
2018-02-28 06:11:39,0.00137490,2.94000000
2018-02-28 06:11:40,0.00137490,1.47000000
2018-02-28 06:11:42,0.00137490,12.18000000
2018-02-28 06:11:43,0.00137490,5.00000000
2018-02-28 06:11:43,0.00137580,9.44000000
2018-02-28 06:11:44,0.00137490,5.20000000
2018-02-28 06:11:44,0.00137410,1.03000000
2018-02-28 06:11:48,0.00137380,1.84000000
2018-02-28 06:11:49,0.00137410,3.15000000
2018-02-28 06:11:50,0.00137510,1.74000000
2018-02-28 06:11:51,0.00137510,2.44000000
2018-02-28 06:11:52,0.00137510,55.85000000
2018-02-28 06:11:52,0.00137500,57.07000000
2018-02-28 06:11:54,0.00137500,54.73000000
2018-02-28 06:11:58,0.00137570,84.12000000
2018-02-28 06:12:02,0.00137500,186.61000000
2018-02-28 06:12:04,0.00137500,263.01000000
2018-02-28 06:12:05,0.00137500,45.76000000
2018-02-28 06:12:05,0.00137500,86.68000000
2018-02-28 06:12:05,0.00137500,0.02000000
2018-02-28 06:12:05,0.00137420,6.67000000
2018-02-28 06:12:05,0.00137380,18.96000000
2018-02-28 06:12:05,0.00137340,16.00000000
2018-02-28 06:12:05,0.00137340,142.19000000
2018-02-28 06:12:06,0.00137340,22.23000000
2018-02-28 06:12:06,0.00137090,5.17000000
2018-02-28 06:12:06,0.00136970,7.04000000
2018-02-28 06:12:06,0.00136790,8.54000000
2018-02-28 06:12:07,0.00137090,4.38000000
2018-02-28 06:12:07,0.00137000,3.48000000
2018-02-28 06:12:07,0.00137000,29.88000000
2018-02-28 06:12:09,0.00136910,73.06000000
2018-02-28 06:12:09,0.00136900,8.00000000
2018-02-28 06:12:09,0.00136820,126.76000000
2018-02-28 06:12:09,0.00136810,5.17000000
2018-02-28 06:12:09,0.00137000,2.58000000
2018-02-28 06:12:09,0.00137000,2.42000000
2018-02-28 06:12:10,0.00137180,20.00000000
2018-02-28 06:12:10,0.00137190,24.84000000
2018-02-28 06:12:11,0.00137100,3.68000000
2018-02-28 06:12:11,0.00137100,1.47000000
2018-02-28 06:12:11,0.00137100,1.11000000
2018-02-28 06:12:11,0.00137100,2.18000000
2018-02-28 06:12:11,0.00136820,5.18000000
2018-02-28 06:12:13,0.00136940,0.95000000
2018-02-28 06:12:13,0.00136940,14.93000000
2018-02-28 06:12:13,0.00136820,4.06000000
2018-02-28 06:12:13,0.00136820,8.00000000
2018-02-28 06:12:16,0.00136820,10.00000000
2018-02-28 06:12:18,0.00136820,8.52000000
2018-02-28 06:12:18,0.00136830,1.00000000
2018-02-28 06:12:18,0.00136820,2.57000000
2018-02-28 06:12:19,0.00136830,6.57000000
2018-02-28 06:12:19,0.00136820,6.69000000
2018-02-28 06:12:19,0.00136830,8.91000000
2018-02-28 06:12:19,0.00136830,56.58000000
2018-02-28 06:12:19,0.00136840,10.00000000
2018-02-28 06:12:19,0.00136880,12.06000000
2018-02-28 06:12:19,0.00136900,20.00000000
2018-02-28 06:12:19,0.00136820,11.09000000
2018-02-28 06:12:20,0.00136820,11.09000000
2018-02-28 06:12:20,0.00136820,353.02000000
2018-02-28 06:12:20,0.00136820,39.96000000
2018-02-28 06:12:21,0.00136830,2.95000000
2018-02-28 06:12:21,0.00136830,1.85000000
2018-02-28 06:12:22,0.00136830,3.69000000
2018-02-28 06:12:23,0.00136830,1.62000000
2018-02-28 06:12:23,0.00136830,21.99000000
2018-02-28 06:12:23,0.00136940,1.86000000
2018-02-28 06:12:24,0.00136940,13.03000000
2018-02-28 06:12:24,0.00137080,5.18000000
2018-02-28 06:12:25,0.00137000,90.56000000
2018-02-28 06:12:25,0.00137170,21.00000000
2018-02-28 06:12:25,0.00137180,64.76000000
2018-02-28 06:12:26,0.00136890,73.06000000
2018-02-28 06:12:26,0.00136880,22.22000000
2018-02-28 06:12:26,0.00136860,33.36000000
2018-02-28 06:12:26,0.00136820,8.00000000
2018-02-28 06:12:26,0.00136820,2.17000000
2018-02-28 06:12:27,0.00136810,61.21000000
2018-02-28 06:12:27,0.00136810,11.85000000
2018-02-28 06:12:27,0.00136820,251.24000000
2018-02-28 06:12:27,0.00136810,1.00000000
2018-02-28 06:12:27,0.00136810,1.46000000
2018-02-28 06:12:27,0.00136790,20.00000000
2018-02-28 06:12:27,0.00136790,8.00000000
2018-02-28 06:12:28,0.00136790,5.48000000
2018-02-28 06:12:28,0.00136790,25.42000000
2018-02-28 06:12:28,0.00136790,2.22000000
2018-02-28 06:12:28,0.00136800,2.57000000
2018-02-28 06:12:29,0.00136800,0.88000000
2018-02-28 06:12:30,0.00136800,49.01000000
2018-02-28 06:12:31,0.00136800,56.60000000
2018-02-28 06:12:31,0.00136800,3.65000000
2018-02-28 06:12:31,0.00136800,288.76000000
2018-02-28 06:12:31,0.00136800,130.11000000
2018-02-28 06:12:31,0.00136820,43.61000000
2018-02-28 06:12:33,0.00137010,30.09000000
2018-02-28 06:12:33,0.00137300,21.83000000
2018-02-28 06:12:33,0.00137310,21.00000000
2018-02-28 06:12:33,0.00137330,4.38000000
2018-02-28 06:12:33,0.00137400,94.95000000
2018-02-28 06:12:34,0.00137400,7.30000000
2018-02-28 06:12:35,0.00137550,38.30000000
2018-02-28 06:12:35,0.00137560,60.03000000
2018-02-28 06:12:35,0.00137570,13.21000000
2018-02-28 06:12:38,0.00137330,10.50000000
2018-02-28 06:12:39,0.00137460,22.31000000
2018-02-28 06:12:39,0.00137340,20.00000000
2018-02-28 06:12:39,0.00137160,20.00000000
2018-02-28 06:12:39,0.00137300,1.85000000
2018-02-28 06:12:41,0.00137500,30.09000000
2018-02-28 06:12:41,0.00137510,40.00000000
2018-02-28 06:12:44,0.00137230,2.20000000
2018-02-28 06:12:45,0.00137220,90.64000000
2018-02-28 06:12:45,0.00137210,21.86000000
2018-02-28 06:12:45,0.00137190,22.88000000
2018-02-28 06:12:45,0.00137090,2.91000000
2018-02-28 06:12:45,0.00137040,59.77000000
2018-02-28 06:12:45,0.00137030,337.84000000
2018-02-28 06:12:49,0.00137170,8.70000000
2018-02-28 06:12:52,0.00137200,4.80000000
2018-02-28 06:12:52,0.00137160,2.18000000
2018-02-28 06:12:52,0.00137160,1.87000000
2018-02-28 06:12:53,0.00137170,95.69000000
2018-02-28 06:12:54,0.00137170,44.80000000
2018-02-28 06:12:57,0.00137180,72.84000000
2018-02-28 06:12:57,0.00137190,24.16000000
2018-02-28 06:12:57,0.00137190,72.84000000
2018-02-28 06:12:57,0.00137220,29.16000000
2018-02-28 06:12:57,0.00137220,30.61000000
2018-02-28 06:12:57,0.00137240,33.38000000
2018-02-28 06:13:00,0.00137200,2.20000000
2018-02-28 06:13:08,0.00137440,2.20000000
2018-02-28 06:13:08,0.00137450,3.64000000
2018-02-28 06:13:08,0.00137460,18.18000000
2018-02-28 06:13:08,0.00137470,10.78000000
2018-02-28 06:13:09,0.00137210,1.00000000
2018-02-28 06:13:09,0.00137210,35.17000000
2018-02-28 06:13:10,0.00137330,28.75000000
2018-02-28 06:13:12,0.00137400,36.17000000
2018-02-28 06:13:12,0.00137410,24.00000000
2018-02-28 06:13:12,0.00137430,34.40000000
2018-02-28 06:13:13,0.00137470,109.24000000
2018-02-28 06:13:16,0.00137210,2.20000000
2018-02-28 06:13:19,0.00137210,0.97000000
2018-02-28 06:13:19,0.00137210,0.50000000
2018-02-28 06:13:20,0.00137210,3.29000000
2018-02-28 06:13:22,0.00137410,0.97000000
2018-02-28 06:13:29,0.00137240,27.25000000
2018-02-28 06:13:29,0.00137230,2.92000000
2018-02-28 06:13:29,0.00137210,6.76000000
2018-02-28 06:13:29,0.00137200,59.24000000
2018-02-28 06:13:30,0.00137210,103.44000000
2018-02-28 06:13:32,0.00137200,1.60000000
2018-02-28 06:13:32,0.00137180,0.60000000
2018-02-28 06:13:34,0.00137230,44.83000000
2018-02-28 06:13:37,0.00137240,8.93000000
2018-02-28 06:13:37,0.00137180,99.40000000
2018-02-28 06:13:37,0.00137180,39.03000000
2018-02-28 06:13:41,0.00137170,3.92000000
2018-02-28 06:13:41,0.00137180,27.64000000
2018-02-28 06:13:42,0.00137250,60.81000000
2018-02-28 06:13:48,0.00137250,41.71000000
2018-02-28 06:13:48,0.00137180,1.15000000
2018-02-28 06:13:50,0.00137180,21.00000000
2018-02-28 06:13:51,0.00137180,52.70000000
2018-02-28 06:13:54,0.00137180,23.71000000
2018-02-28 06:13:56,0.00137170,6.22000000
2018-02-28 06:13:57,0.00137170,1.24000000
2018-02-28 06:13:59,0.00137170,40.49000000
2018-02-28 06:14:00,0.00137170,6.97000000
2018-02-28 06:14:01,0.00137170,31.29000000
2018-02-28 06:14:02,0.00137170,22.51000000
2018-02-28 06:14:03,0.00137170,145.93000000
2018-02-28 06:14:03,0.00137180,66.35000000
2018-02-28 06:14:05,0.00137180,68.84000000
2018-02-28 06:14:12,0.00137180,0.73000000
2018-02-28 06:14:14,0.00137180,11.35000000
2018-02-28 06:14:14,0.00137240,44.41000000
2018-02-28 06:14:16,0.00137240,14.83000000
2018-02-28 06:14:16,0.00137250,8.13000000
2018-02-28 06:14:16,0.00137340,100.00000000
2018-02-28 06:14:16,0.00137380,247.47000000
2018-02-28 06:14:16,0.00137380,9.10000000
2018-02-28 06:14:16,0.00137380,7.25000000
2018-02-28 06:14:16,0.00137380,9.10000000
2018-02-28 06:14:17,0.00137170,7.06000000
2018-02-28 06:14:17,0.00137410,6.81000000
2018-02-28 06:14:20,0.00137160,12.54000000
2018-02-28 06:14:22,0.00137160,9.02000000
2018-02-28 06:14:22,0.00137160,1.44000000
2018-02-28 06:14:22,0.00137130,2.56000000
2018-02-28 06:14:26,0.00137150,2.06000000
2018-02-28 06:14:26,0.00137410,0.11000000
2018-02-28 06:14:27,0.00137410,1.86000000
2018-02-28 06:14:27,0.00137270,41.49000000
2018-02-28 06:14:32,0.00137160,1.29000000
2018-02-28 06:14:39,0.00137160,14.89000000
2018-02-28 06:14:39,0.00137150,3.37000000
2018-02-28 06:14:39,0.00137130,19.31000000
2018-02-28 06:14:39,0.00137060,6.38000000
2018-02-28 06:14:43,0.00137060,18.75000000
2018-02-28 06:14:44,0.00137110,116.17000000
2018-02-28 06:14:46,0.00137060,2.21000000
2018-02-28 06:14:52,0.00137070,3.00000000
2018-02-28 06:14:53,0.00137070,28.72000000
2018-02-28 06:14:53,0.00137060,99.51000000
2018-02-28 06:14:57,0.00137060,43.29000000
2018-02-28 06:14:57,0.00137050,79.08000000
2018-02-28 06:14:57,0.00137030,3.82000000
2018-02-28 06:14:57,0.00137020,22.53000000
2018-02-28 06:14:57,0.00137020,96.48000000
2018-02-28 06:14:57,0.00137010,471.55000000
2018-02-28 06:14:57,0.00137100,47.92000000
2018-02-28 06:14:58,0.00137060,3.64000000
2018-02-28 06:15:00,0.00137060,2.19000000
2018-02-28 06:15:00,0.00137060,8.11000000
2018-02-28 06:15:01,0.00137060,21.00000000
2018-02-28 06:15:02,0.00137150,1.00000000
2018-02-28 06:15:02,0.00137150,8.42000000
2018-02-28 06:15:05,0.00137150,7.57000000
2018-02-28 06:15:08,0.00137160,10.00000000
2018-02-28 06:15:08,0.00137170,34.32000000
2018-02-28 06:15:09,0.00137070,7.89000000
2018-02-28 06:15:10,0.00137110,122.61000000
2018-02-28 06:15:11,0.00137170,44.40000000
2018-02-28 06:15:13,0.00137150,0.73000000
2018-02-28 06:15:25,0.00137100,54.36000000
2018-02-28 06:15:32,0.00137080,2.19000000
2018-02-28 06:15:32,0.00137080,2.22000000
2018-02-28 06:15:41,0.00137150,1.00000000
2018-02-28 06:15:41,0.00137120,129.05000000
2018-02-28 06:15:41,0.00137150,3.58000000
2018-02-28 06:15:41,0.00137100,4.64000000
2018-02-28 06:15:41,0.00137080,0.16000000
2018-02-28 06:15:41,0.00137080,66.81000000
2018-02-28 06:15:43,0.00137080,0.01000000
2018-02-28 06:15:43,0.00137150,7.28000000
2018-02-28 06:15:46,0.00137090,7.75000000
2018-02-28 06:15:47,0.00137090,0.02000000
2018-02-28 06:15:48,0.00137150,0.17000000
2018-02-28 06:16:00,0.00137120,60.80000000
2018-02-28 06:16:01,0.00137100,130.27000000
2018-02-28 06:16:01,0.00137080,69.73000000
2018-02-28 06:16:03,0.00137150,0.74000000
2018-02-28 06:16:06,0.00137140,1.00000000
2018-02-28 06:16:08,0.00137120,70.51000000
2018-02-28 06:16:08,0.00137120,2.93000000
2018-02-28 06:16:12,0.00137080,2.19000000
2018-02-28 06:16:13,0.00137120,1.39000000
2018-02-28 06:16:13,0.00137120,56.38000000
2018-02-28 06:16:16,0.00137120,0.73000000
2018-02-28 06:16:19,0.00137090,19.22000000
2018-02-28 06:16:21,0.00137100,135.48000000
2018-02-28 06:16:24,0.00137090,4.93000000
2018-02-28 06:16:27,0.00137090,27.20000000
2018-02-28 06:16:27,0.00137080,348.11000000
2018-02-28 06:16:27,0.00137070,99.94000000
2018-02-28 06:16:27,0.00137070,34.69000000
2018-02-28 06:16:27,0.00137060,51.48000000
2018-02-28 06:16:32,0.00137100,8.44000000
2018-02-28 06:16:32,0.00137090,2.81000000
2018-02-28 06:16:33,0.00136950,67.24000000
2018-02-28 06:16:40,0.00137060,130.79000000
2018-02-28 06:16:40,0.00137070,61.21000000
2018-02-28 06:16:40,0.00137090,111.96000000
2018-02-28 06:16:40,0.00137090,712.87000000
2018-02-28 06:16:40,0.00137090,543.69000000
2018-02-28 06:16:42,0.00136850,2.00000000
2018-02-28 06:16:43,0.00137110,2.00000000
2018-02-28 06:16:43,0.00137120,20.00000000
2018-02-28 06:16:43,0.00137130,21.87000000
2018-02-28 06:16:43,0.00137140,33.13000000
2018-02-28 06:16:44,0.00136870,2.19000000
2018-02-28 06:16:49,0.00136920,20.00000000
2018-02-28 06:16:50,0.00136920,121.92000000
2018-02-28 06:16:50,0.00136920,2.19000000
2018-02-28 06:16:52,0.00136920,17.81000000
2018-02-28 06:16:52,0.00136900,4.19000000
2018-02-28 06:16:54,0.00136950,0.96000000
2018-02-28 06:16:54,0.00136900,3.91000000
2018-02-28 06:16:54,0.00136860,21.92000000
2018-02-28 06:16:54,0.00136820,50.00000000
2018-02-28 06:16:54,0.00136800,48.86000000
2018-02-28 06:16:54,0.00136750,327.66000000
2018-02-28 06:16:54,0.00136740,259.57000000
2018-02-28 06:16:58,0.00136740,28.33000000
2018-02-28 06:17:01,0.00136740,40.36000000
2018-02-28 06:17:04,0.00136740,3.80000000
2018-02-28 06:17:05,0.00136770,93.23000000
2018-02-28 06:17:09,0.00136870,44.86000000
2018-02-28 06:17:09,0.00136870,28.67000000
2018-02-28 06:17:10,0.00136860,1.00000000
2018-02-28 06:17:10,0.00136770,156.62000000
2018-02-28 06:17:10,0.00136860,14.60000000
2018-02-28 06:17:10,0.00136770,153.50000000
2018-02-28 06:17:10,0.00136740,163.82000000
2018-02-28 06:17:10,0.00136740,250.48000000
2018-02-28 06:17:10,0.00136710,58.93000000
2018-02-28 06:17:10,0.00136700,50.00000000
2018-02-28 06:17:10,0.00136670,4.39000000
2018-02-28 06:17:10,0.00136560,61.74000000
2018-02-28 06:17:10,0.00136530,3.66000000
2018-02-28 06:17:10,0.00136520,2.86000000
2018-02-28 06:17:11,0.00136850,3.43000000
2018-02-28 06:17:11,0.00136580,73.21000000
2018-02-28 06:17:11,0.00136570,24.00000000
2018-02-28 06:17:11,0.00136500,197.67000000
2018-02-28 06:17:11,0.00136450,50.00000000
2018-02-28 06:17:11,0.00136450,1.00000000
2018-02-28 06:17:11,0.00136440,2.19000000
2018-02-28 06:17:12,0.00136840,51.57000000
2018-02-28 06:17:13,0.00136380,15.18000000
2018-02-28 06:17:13,0.00136380,49.79000000
2018-02-28 06:17:13,0.00136370,10.00000000
2018-02-28 06:17:13,0.00136340,4.38000000
2018-02-28 06:17:13,0.00136310,3.67000000
2018-02-28 06:17:13,0.00136120,7.35000000
2018-02-28 06:17:13,0.00136080,5.49000000
2018-02-28 06:17:13,0.00136030,3.68000000
2018-02-28 06:17:13,0.00136000,95.10000000
2018-02-28 06:17:15,0.00136410,5.86000000
2018-02-28 06:17:16,0.00136650,41.64000000
2018-02-28 06:17:16,0.00136660,33.20000000
2018-02-28 06:17:18,0.00136660,0.80000000
2018-02-28 06:17:19,0.00136660,18.36000000
2018-02-28 06:17:19,0.00136180,40.97000000
2018-02-28 06:17:21,0.00136240,32.49000000
2018-02-28 06:17:21,0.00136230,20.00000000
2018-02-28 06:17:21,0.00136220,5.87000000
2018-02-28 06:17:21,0.00136210,33.17000000
2018-02-28 06:17:21,0.00136100,29.48000000
2018-02-28 06:17:21,0.00136080,83.96000000
2018-02-28 06:17:21,0.00136070,3.67000000
2018-02-28 06:17:21,0.00136010,2.03000000
2018-02-28 06:17:21,0.00136000,1.40000000
2018-02-28 06:17:23,0.00136600,0.88000000
2018-02-28 06:17:23,0.00136600,4.61000000
2018-02-28 06:17:23,0.00136600,3.29000000
2018-02-28 06:17:25,0.00136280,3.13000000
2018-02-28 06:17:25,0.00136240,2.91000000
2018-02-28 06:17:25,0.00136170,48.30000000
2018-02-28 06:17:26,0.00136170,5.37000000
2018-02-28 06:17:26,0.00136170,1.51000000
2018-02-28 06:17:26,0.00136170,2.95000000
2018-02-28 06:17:27,0.00136000,72.83000000
2018-02-28 06:17:28,0.00136060,5.29000000
2018-02-28 06:17:28,0.00136060,1.26000000
2018-02-28 06:17:29,0.00136000,149.49000000
2018-02-28 06:17:29,0.00136000,2.00000000
2018-02-28 06:17:30,0.00136000,126.85000000
2018-02-28 06:17:31,0.00136000,9.11000000
2018-02-28 06:17:33,0.00136000,64.08000000
2018-02-28 06:17:33,0.00136000,111.00000000
2018-02-28 06:17:33,0.00136000,301.33000000
2018-02-28 06:17:34,0.00136000,1.16000000
2018-02-28 06:17:34,0.00136000,6.46000000
2018-02-28 06:17:34,0.00136000,7.33000000
2018-02-28 06:17:34,0.00136000,37.75000000
2018-02-28 06:17:35,0.00135990,33.17000000
2018-02-28 06:17:35,0.00136000,15.08000000
2018-02-28 06:17:36,0.00135990,2.02000000
2018-02-28 06:17:36,0.00136000,94.24000000
2018-02-28 06:17:39,0.00136000,3.74000000
2018-02-28 06:17:40,0.00136000,65.83000000
2018-02-28 06:17:40,0.00136000,2.17000000
2018-02-28 06:17:41,0.00135860,2.21000000
2018-02-28 06:17:41,0.00135850,3.66000000
2018-02-28 06:17:41,0.00135630,16.47000000
2018-02-28 06:17:44,0.00135700,0.17000000
2018-02-28 06:17:50,0.00135830,79.97000000
2018-02-28 06:17:53,0.00135870,11.44000000
2018-02-28 06:17:58,0.00135900,49.26000000
2018-02-28 06:17:58,0.00135870,67.73000000
2018-02-28 06:18:03,0.00135910,0.01000000
2018-02-28 06:18:07,0.00135880,19.69000000
2018-02-28 06:18:07,0.00135870,3.99000000
2018-02-28 06:18:07,0.00135880,11.73000000
2018-02-28 06:18:12,0.00135870,16.46000000
2018-02-28 06:18:12,0.00135880,3.67000000
2018-02-28 06:18:14,0.00135880,32.40000000
2018-02-28 06:18:14,0.00135870,117.32000000
2018-02-28 06:18:15,0.00135880,3.54000000
2018-02-28 06:18:19,0.00135870,113.92000000
2018-02-28 06:18:19,0.00135870,47.59000000
2018-02-28 06:18:20,0.00135870,2.00000000
2018-02-28 06:18:22,0.00135870,8.70000000
2018-02-28 06:18:24,0.00135870,39.50000000
2018-02-28 06:18:25,0.00135800,77.87000000
2018-02-28 06:18:29,0.00135800,73.41000000
2018-02-28 06:18:30,0.00135690,6.95000000
2018-02-28 06:18:31,0.00135790,64.98000000
2018-02-28 06:18:31,0.00135800,364.22000000
2018-02-28 06:18:31,0.00135880,40.11000000
2018-02-28 06:18:31,0.00135930,150.00000000
2018-02-28 06:18:31,0.00136000,297.83000000
2018-02-28 06:18:31,0.00136050,4.41000000
2018-02-28 06:18:31,0.00136070,5.29000000
2018-02-28 06:18:35,0.00135800,33.26000000
2018-02-28 06:18:35,0.00135800,617.08000000
2018-02-28 06:18:37,0.00135780,10.00000000
2018-02-28 06:18:38,0.00135790,10.17000000
2018-02-28 06:18:38,0.00135800,44.21000000
2018-02-28 06:18:38,0.00135800,5.79000000
2018-02-28 06:18:39,0.00135970,18.17000000
2018-02-28 06:18:42,0.00136130,0.88000000
2018-02-28 06:18:45,0.00135970,1.00000000
2018-02-28 06:18:45,0.00135800,3.02000000
2018-02-28 06:18:48,0.00136090,43.38000000
2018-02-28 06:18:48,0.00136100,30.08000000
2018-02-28 06:18:53,0.00136090,8.62000000
2018-02-28 06:18:55,0.00135810,75.92000000
2018-02-28 06:18:55,0.00135800,26.14000000
2018-02-28 06:18:56,0.00135800,1.00000000
2018-02-28 06:18:59,0.00135910,92.85000000
2018-02-28 06:19:00,0.00135800,22.87000000
2018-02-28 06:19:04,0.00135800,2.19000000
2018-02-28 06:19:06,0.00135800,7.33000000
2018-02-28 06:19:06,0.00135700,0.67000000
2018-02-28 06:19:06,0.00135990,2.20000000
2018-02-28 06:19:07,0.00135690,0.64000000
2018-02-28 06:19:07,0.00135630,20.78000000
2018-02-28 06:19:07,0.00135970,71.42000000
2018-02-28 06:19:07,0.00135980,1.81000000
2018-02-28 06:19:07,0.00135960,12.17000000
2018-02-28 06:19:07,0.00135980,2.04000000
2018-02-28 06:19:10,0.00135840,24.60000000
2018-02-28 06:19:13,0.00135840,24.60000000
2018-02-28 06:19:13,0.00135700,11.78000000
2018-02-28 06:19:15,0.00135700,10.32000000
2018-02-28 06:19:15,0.00135690,7.63000000
2018-02-28 06:19:15,0.00135650,12.48000000
2018-02-28 06:19:15,0.00135640,24.00000000
2018-02-28 06:19:15,0.00135620,37.93000000
2018-02-28 06:19:15,0.00135600,323.82000000
2018-02-28 06:19:15,0.00135580,206.17000000
2018-02-28 06:19:15,0.00135500,1321.58000000
2018-02-28 06:19:15,0.00135490,30.84000000
2018-02-28 06:19:15,0.00135460,2.98000000
2018-02-28 06:19:15,0.00135420,4.43000000
2018-02-28 06:19:15,0.00135360,6.86000000
2018-02-28 06:19:15,0.00135320,2.22000000
2018-02-28 06:19:15,0.00135310,3.68000000
2018-02-28 06:19:15,0.00135250,34.01000000
2018-02-28 06:19:15,0.00135580,1.66000000
2018-02-28 06:19:16,0.00135580,39.67000000
2018-02-28 06:19:16,0.00135240,79.74000000
2018-02-28 06:19:16,0.00135230,83.69000000
2018-02-28 06:19:16,0.00135200,26.65000000
2018-02-28 06:19:16,0.00135180,62.70000000
2018-02-28 06:19:16,0.00135180,114.71000000
2018-02-28 06:19:16,0.00135170,3.66000000
2018-02-28 06:19:17,0.00135240,1.15000000
2018-02-28 06:19:17,0.00135240,3.29000000
2018-02-28 06:19:18,0.00135080,1.00000000
2018-02-28 06:19:18,0.00135010,448.81000000
2018-02-28 06:19:20,0.00135470,33.26000000
2018-02-28 06:19:20,0.00135480,38.14000000
2018-02-28 06:19:21,0.00135480,1.78000000
2018-02-28 06:19:21,0.00135070,8.65000000
2018-02-28 06:19:23,0.00135460,5.00000000
2018-02-28 06:19:24,0.00135440,1.00000000
2018-02-28 06:19:28,0.00135210,22.43000000
2018-02-28 06:19:30,0.00135290,17.00000000
2018-02-28 06:19:30,0.00135290,82.29000000
2018-02-28 06:19:31,0.00135280,1.47000000
2018-02-28 06:19:31,0.00135280,1.47000000
2018-02-28 06:19:31,0.00135280,5.91000000
2018-02-28 06:19:31,0.00135170,9.59000000
2018-02-28 06:19:31,0.00135150,10.43000000
2018-02-28 06:19:31,0.00135140,5.91000000
2018-02-28 06:19:31,0.00135090,18.22000000
2018-02-28 06:19:31,0.00135070,3.65000000
2018-02-28 06:19:31,0.00135060,5.92000000
2018-02-28 06:19:31,0.00135030,24.00000000
2018-02-28 06:19:31,0.00135010,185.11000000
2018-02-28 06:19:31,0.00135280,12.09000000
2018-02-28 06:19:33,0.00135280,2.16000000
2018-02-28 06:19:33,0.00135280,4.90000000
2018-02-28 06:19:33,0.00135290,5.08000000
2018-02-28 06:19:36,0.00135100,5.04000000
2018-02-28 06:19:37,0.00135100,4.21000000
2018-02-28 06:19:39,0.00135100,0.50000000
2018-02-28 06:19:42,0.00135100,2.20000000
2018-02-28 06:19:42,0.00135100,5.83000000
2018-02-28 06:19:43,0.00135100,3.62000000
2018-02-28 06:19:44,0.00135100,2.20000000
2018-02-28 06:19:45,0.00135100,167.88000000
2018-02-28 06:19:45,0.00135100,3.68000000
2018-02-28 06:19:45,0.00135100,3.67000000
2018-02-28 06:19:46,0.00135190,31.04000000
2018-02-28 06:19:47,0.00135290,1.09000000
2018-02-28 06:19:48,0.00135290,1.48000000
2018-02-28 06:19:48,0.00135290,1.58000000
2018-02-28 06:19:48,0.00135100,183.74000000
2018-02-28 06:19:49,0.00135100,3.80000000
2018-02-28 06:19:51,0.00135100,74.01000000
2018-02-28 06:19:51,0.00135290,3.63000000
2018-02-28 06:19:51,0.00135100,818.18000000
2018-02-28 06:19:51,0.00135100,669.38000000
2018-02-28 06:19:51,0.00135010,3729.99000000
2018-02-28 06:19:51,0.00135010,159.16000000
2018-02-28 06:19:51,0.00135000,495.78000000
2018-02-28 06:19:51,0.00134820,2.29000000
2018-02-28 06:19:51,0.00134800,5.42000000
2018-02-28 06:19:52,0.00135280,1.81000000
2018-02-28 06:19:55,0.00135270,3.54000000
2018-02-28 06:19:56,0.00135270,7.52000000
2018-02-28 06:19:58,0.00135180,105.58000000
2018-02-28 06:19:58,0.00135280,2.51000000
2018-02-28 06:19:58,0.00135280,6.84000000
2018-02-28 06:20:02,0.00135100,2.37000000
2018-02-28 06:20:02,0.00135100,100.00000000
2018-02-28 06:20:03,0.00135100,70.65000000
2018-02-28 06:20:04,0.00135100,2.94000000
2018-02-28 06:20:04,0.00135100,3.91000000
2018-02-28 06:20:04,0.00135280,3.09000000
2018-02-28 06:20:05,0.00135280,1.60000000
2018-02-28 06:20:06,0.00135250,147.33000000
2018-02-28 06:20:06,0.00135250,52.67000000
2018-02-28 06:20:07,0.00135270,3.43000000
2018-02-28 06:20:07,0.00135270,1.00000000
2018-02-28 06:20:09,0.00135060,2.00000000
2018-02-28 06:20:10,0.00135270,8.40000000
2018-02-28 06:20:10,0.00135280,19.31000000
2018-02-28 06:20:10,0.00135290,39.69000000
2018-02-28 06:20:10,0.00135290,1.00000000
2018-02-28 06:20:12,0.00135100,32.32000000
2018-02-28 06:20:12,0.00135100,7.38000000
2018-02-28 06:20:12,0.00135100,32.32000000
2018-02-28 06:20:12,0.00135080,37.34000000
2018-02-28 06:20:12,0.00135070,7.38000000
2018-02-28 06:20:13,0.00135100,1.00000000
2018-02-28 06:20:14,0.00135070,12.00000000
2018-02-28 06:20:14,0.00135100,1.00000000
2018-02-28 06:20:15,0.00135100,1.00000000
2018-02-28 06:20:16,0.00135100,306.00000000
2018-02-28 06:20:16,0.00135280,206.12000000
2018-02-28 06:20:16,0.00135290,42.00000000
2018-02-28 06:20:16,0.00135070,8.69000000
2018-02-28 06:20:16,0.00135060,8.64000000
2018-02-28 06:20:16,0.00135020,59.81000000
2018-02-28 06:20:16,0.00135000,175.53000000
2018-02-28 06:20:16,0.00134800,50.93000000
2018-02-28 06:20:16,0.00134760,8.60000000
2018-02-28 06:20:16,0.00134740,5.20000000
2018-02-28 06:20:16,0.00134670,4.60000000
2018-02-28 06:20:16,0.00134610,3.71000000
2018-02-28 06:20:16,0.00134600,192.15000000
2018-02-28 06:20:16,0.00134560,74.31000000
2018-02-28 06:20:16,0.00134550,96.88000000
2018-02-28 06:20:16,0.00134520,1.53000000
2018-02-28 06:20:16,0.00134510,12.28000000
2018-02-28 06:20:16,0.00134500,308.24000000
2018-02-28 06:20:16,0.00135430,22.10000000
2018-02-28 06:20:17,0.00135550,1.00000000
2018-02-28 06:20:17,0.00135270,112.91000000
2018-02-28 06:20:18,0.00135550,3.44000000
2018-02-28 06:20:18,0.00135740,20.72000000
2018-02-28 06:20:18,0.00135960,87.89000000
2018-02-28 06:20:18,0.00134910,22.23000000
2018-02-28 06:20:18,0.00134900,74.32000000
2018-02-28 06:20:18,0.00134890,57.46000000
2018-02-28 06:20:18,0.00134870,1.52000000
2018-02-28 06:20:18,0.00134520,9.73000000
2018-02-28 06:20:18,0.00134510,100.00000000
2018-02-28 06:20:18,0.00134500,44.55000000
2018-02-28 06:20:20,0.00135770,1.00000000
2018-02-28 06:20:20,0.00135920,0.74000000
2018-02-28 06:20:23,0.00135530,1.00000000
2018-02-28 06:20:23,0.00135530,0.03000000
2018-02-28 06:20:25,0.00135490,1.00000000
2018-02-28 06:20:27,0.00135490,8.52000000
2018-02-28 06:20:27,0.00135100,308.00000000
2018-02-28 06:20:28,0.00135080,1.00000000
2018-02-28 06:20:28,0.00135070,63.03000000
2018-02-28 06:20:28,0.00135080,2.71000000
2018-02-28 06:20:28,0.00135100,324.21000000
2018-02-28 06:20:29,0.00135060,94.31000000
2018-02-28 06:20:30,0.00135470,1.00000000
2018-02-28 06:20:31,0.00135000,20.00000000
2018-02-28 06:20:32,0.00134990,6.40000000
2018-02-28 06:20:32,0.00134990,1.00000000
2018-02-28 06:20:32,0.00134810,112.02000000
2018-02-28 06:20:33,0.00134630,45.14000000
2018-02-28 06:20:35,0.00134970,1.00000000
2018-02-28 06:20:37,0.00134950,2.62000000
2018-02-28 06:20:37,0.00134950,10.21000000
2018-02-28 06:20:37,0.00134960,2.62000000
2018-02-28 06:20:37,0.00134960,4.19000000
2018-02-28 06:20:37,0.00134960,1.00000000
2018-02-28 06:20:39,0.00134950,5.00000000
2018-02-28 06:20:40,0.00134950,1.00000000
2018-02-28 06:20:40,0.00134950,27.46000000
2018-02-28 06:20:41,0.00134930,45.14000000
2018-02-28 06:20:41,0.00134940,92.19000000
2018-02-28 06:20:43,0.00135060,19.44000000
2018-02-28 06:20:43,0.00135540,2.69000000
2018-02-28 06:20:43,0.00135530,1.00000000
2018-02-28 06:20:45,0.00134950,3.84000000
2018-02-28 06:20:45,0.00134950,1.81000000
2018-02-28 06:20:45,0.00134960,1.13000000
2018-02-28 06:20:45,0.00134960,1.00000000
2018-02-28 06:20:45,0.00134960,2.97000000
2018-02-28 06:20:45,0.00134960,6.52000000
2018-02-28 06:20:46,0.00135530,1.00000000
2018-02-28 06:20:46,0.00135530,4.27000000
2018-02-28 06:20:47,0.00135530,3.90000000
2018-02-28 06:20:48,0.00135530,1.00000000
2018-02-28 06:20:49,0.00135530,1.80000000
2018-02-28 06:20:50,0.00135530,50.73000000
2018-02-28 06:20:50,0.00135540,203.88000000
2018-02-28 06:20:50,0.00135560,10.00000000
2018-02-28 06:20:51,0.00135550,1.00000000
2018-02-28 06:20:51,0.00135540,4.00000000
2018-02-28 06:20:52,0.00135540,6.00000000
2018-02-28 06:20:52,0.00135530,61.24000000
2018-02-28 06:20:52,0.00135800,18.95000000
2018-02-28 06:20:53,0.00135550,1.00000000
2018-02-28 06:20:53,0.00135530,39.15000000
2018-02-28 06:20:55,0.00135530,1.00000000
2018-02-28 06:20:58,0.00135530,1.00000000
2018-02-28 06:20:59,0.00135530,5.56000000
2018-02-28 06:21:02,0.00135290,1.00000000
2018-02-28 06:21:02,0.00135290,0.91000000
2018-02-28 06:21:02,0.00135290,5.37000000
2018-02-28 06:21:03,0.00135500,0.46000000
2018-02-28 06:21:04,0.00135490,5.00000000
2018-02-28 06:21:07,0.00135490,1.81000000
2018-02-28 06:21:07,0.00135490,1.00000000
2018-02-28 06:21:08,0.00135290,29.28000000
2018-02-28 06:21:10,0.00135290,1.00000000
2018-02-28 06:21:11,0.00135150,446.87000000
2018-02-28 06:21:11,0.00135290,6.03000000
2018-02-28 06:21:14,0.00135290,7.88000000
2018-02-28 06:21:14,0.00135490,7.12000000
2018-02-28 06:21:16,0.00135480,2.19000000
2018-02-28 06:21:17,0.00135120,1.00000000
2018-02-28 06:21:17,0.00135480,1.00000000
2018-02-28 06:21:17,0.00135290,13.11000000
2018-02-28 06:21:18,0.00135130,1.17000000
2018-02-28 06:21:18,0.00135270,1.90000000
2018-02-28 06:21:20,0.00135460,1.00000000
2018-02-28 06:21:23,0.00135490,1.00000000
2018-02-28 06:21:23,0.00135230,2.33000000
2018-02-28 06:21:24,0.00135490,1.00000000
2018-02-28 06:21:26,0.00135290,38.04000000
2018-02-28 06:21:26,0.00135290,11.46000000
2018-02-28 06:21:27,0.00135490,5.00000000
2018-02-28 06:21:28,0.00135380,224.83000000
2018-02-28 06:21:29,0.00135490,1.00000000
2018-02-28 06:21:32,0.00135490,1.00000000
2018-02-28 06:21:35,0.00135300,3.20000000
2018-02-28 06:21:35,0.00135290,6.80000000
2018-02-28 06:21:36,0.00135290,7.26000000
2018-02-28 06:21:36,0.00135290,7.39000000
2018-02-28 06:21:36,0.00135290,43.05000000
2018-02-28 06:21:36,0.00135230,2.72000000
2018-02-28 06:21:36,0.00135290,7.39000000
2018-02-28 06:21:36,0.00135160,7.39000000
2018-02-28 06:21:36,0.00135160,11.28000000
2018-02-28 06:21:37,0.00135480,18.00000000
2018-02-28 06:21:37,0.00135490,22.78000000
2018-02-28 06:21:37,0.00135490,18.67000000
2018-02-28 06:21:37,0.00135490,7.40000000
2018-02-28 06:21:38,0.00135490,11.28000000
2018-02-28 06:21:40,0.00135500,5.00000000
2018-02-28 06:21:40,0.00135500,20.00000000
2018-02-28 06:21:41,0.00135500,52.00000000
2018-02-28 06:21:41,0.00135530,90.19000000
2018-02-28 06:21:41,0.00135800,252.22000000
2018-02-28 06:21:41,0.00135800,6.95000000
2018-02-28 06:21:41,0.00135800,7.24000000
2018-02-28 06:21:41,0.00135800,7.36000000
2018-02-28 06:21:41,0.00135800,2.79000000
2018-02-28 06:21:41,0.00135800,28.03000000
2018-02-28 06:21:42,0.00135520,20.00000000
2018-02-28 06:21:42,0.00135520,51.97000000
2018-02-28 06:21:43,0.00135800,1.00000000
2018-02-28 06:21:45,0.00135640,5.26000000
2018-02-28 06:21:46,0.00135780,1.10000000
2018-02-28 06:21:46,0.00135780,1.00000000
2018-02-28 06:21:47,0.00135520,15.30000000
2018-02-28 06:21:49,0.00135750,1.00000000
2018-02-28 06:21:49,0.00135750,79.73000000
2018-02-28 06:21:51,0.00135690,1.00000000
2018-02-28 06:21:52,0.00135490,214.74000000
2018-02-28 06:21:53,0.00135480,5.66000000
2018-02-28 06:21:53,0.00135480,1.00000000
2018-02-28 06:21:56,0.00135480,7.64000000
2018-02-28 06:21:56,0.00135490,1.00000000
2018-02-28 06:21:56,0.00135490,2.19000000
2018-02-28 06:21:56,0.00135480,135.36000000
2018-02-28 06:21:58,0.00135490,1.00000000
2018-02-28 06:22:01,0.00135400,1.00000000
2018-02-28 06:22:01,0.00135340,245.78000000
2018-02-28 06:22:03,0.00135400,19.00000000
2018-02-28 06:22:03,0.00135400,15.14000000
2018-02-28 06:22:07,0.00135480,1.00000000
2018-02-28 06:22:11,0.00135480,1.00000000
2018-02-28 06:22:13,0.00135390,23.74000000
2018-02-28 06:22:14,0.00135480,8.85000000
2018-02-28 06:22:20,0.00135480,26.65000000
2018-02-28 06:22:23,0.00135390,2.00000000
2018-02-28 06:22:24,0.00135390,266.72000000
2018-02-28 06:22:27,0.00135420,2.00000000
2018-02-28 06:22:30,0.00135470,1.00000000
2018-02-28 06:22:31,0.00135310,13.84000000
2018-02-28 06:22:32,0.00135310,6.16000000
2018-02-28 06:22:33,0.00135470,1.00000000
2018-02-28 06:22:40,0.00135350,44.22000000
2018-02-28 06:22:42,0.00135390,1.00000000
2018-02-28 06:22:50,0.00135320,11.91000000
2018-02-28 06:22:50,0.00135320,0.02000000
2018-02-28 06:22:51,0.00135320,9.21000000
2018-02-28 06:22:52,0.00135300,26.21000000
2018-02-28 06:22:52,0.00135320,2.20000000
2018-02-28 06:22:55,0.00135320,0.50000000
2018-02-28 06:22:55,0.00135390,6.46000000
2018-02-28 06:22:55,0.00135390,2.00000000
2018-02-28 06:22:56,0.00135300,1.31000000
2018-02-28 06:22:57,0.00135230,5.82000000
2018-02-28 06:22:57,0.00135210,12.72000000
2018-02-28 06:22:58,0.00135300,1.00000000
2018-02-28 06:22:58,0.00135250,287.21000000
2018-02-28 06:22:58,0.00135300,44.90000000
2018-02-28 06:23:01,0.00135380,1.00000000
2018-02-28 06:23:01,0.00135380,23.00000000
2018-02-28 06:23:01,0.00135390,25.22000000
2018-02-28 06:23:02,0.00135350,1.50000000
2018-02-28 06:23:04,0.00135460,94.32000000
2018-02-28 06:23:04,0.00135240,15.96000000
2018-02-28 06:23:04,0.00135470,142.70000000
2018-02-28 06:23:04,0.00135480,46.34000000
2018-02-28 06:23:04,0.00135490,400.44000000
2018-02-28 06:23:05,0.00135490,7.27000000
2018-02-28 06:23:05,0.00135680,4.43000000
2018-02-28 06:23:05,0.00135700,180.00000000
2018-02-28 06:23:05,0.00135800,4.93000000
2018-02-28 06:23:05,0.00135920,7.39000000
2018-02-28 06:23:05,0.00135500,4.04000000
2018-02-28 06:23:06,0.00135490,23.86000000
2018-02-28 06:23:06,0.00135490,36.37000000
2018-02-28 06:23:06,0.00135670,24.00000000
2018-02-28 06:23:07,0.00135500,11.50000000
2018-02-28 06:23:07,0.00135670,7.39000000
2018-02-28 06:23:09,0.00135700,2.72000000
2018-02-28 06:23:10,0.00135660,11.50000000
2018-02-28 06:23:10,0.00135670,11.98000000
2018-02-28 06:23:10,0.00135800,2.72000000
2018-02-28 06:23:10,0.00135920,20.00000000
2018-02-28 06:23:10,0.00135580,22.12000000
2018-02-28 06:23:10,0.00135510,32.32000000
2018-02-28 06:23:10,0.00135490,105.75000000
2018-02-28 06:23:11,0.00135950,2.00000000
2018-02-28 06:23:11,0.00135950,2.50000000
2018-02-28 06:23:12,0.00135930,22.12000000
2018-02-28 06:23:12,0.00135940,33.49000000
2018-02-28 06:23:12,0.00135950,0.70000000
2018-02-28 06:23:12,0.00135960,7.38000000
2018-02-28 06:23:12,0.00135980,81.90000000
2018-02-28 06:23:12,0.00135980,138.01000000
2018-02-28 06:23:12,0.00135990,90.93000000
2018-02-28 06:23:12,0.00135990,177.43000000
2018-02-28 06:23:12,0.00136000,3.78000000
2018-02-28 06:23:14,0.00135980,1.00000000
2018-02-28 06:23:14,0.00135720,1.00000000
2018-02-28 06:23:14,0.00135940,1.00000000
2018-02-28 06:23:15,0.00135730,3.73000000
2018-02-28 06:23:15,0.00135980,1.34000000
2018-02-28 06:23:15,0.00135990,10.00000000
2018-02-28 06:23:16,0.00136100,6.27000000
2018-02-28 06:23:17,0.00135990,6.27000000
2018-02-28 06:23:17,0.00135980,50.59000000
2018-02-28 06:23:17,0.00135980,6.27000000
2018-02-28 06:23:18,0.00135990,2.35000000
2018-02-28 06:23:19,0.00136100,1.10000000
2018-02-28 06:23:19,0.00136220,9.80000000
2018-02-28 06:23:19,0.00136230,1.60000000
2018-02-28 06:23:19,0.00136270,5.07000000
2018-02-28 06:23:20,0.00135990,1.00000000
2018-02-28 06:23:20,0.00136130,65.16000000
2018-02-28 06:23:20,0.00135990,9.00000000
2018-02-28 06:23:22,0.00136000,1.91000000
2018-02-28 06:23:24,0.00136210,1.91000000
2018-02-28 06:23:24,0.00136220,1.14000000
2018-02-28 06:23:24,0.00136220,91.39000000
2018-02-28 06:23:24,0.00136270,23.46000000
2018-02-28 06:23:24,0.00136280,13.85000000
2018-02-28 06:23:24,0.00136310,0.12000000
2018-02-28 06:23:25,0.00136070,2.20000000
2018-02-28 06:23:25,0.00136000,33.35000000
2018-02-28 06:23:25,0.00136000,17.00000000
2018-02-28 06:23:26,0.00136010,3.20000000
2018-02-28 06:23:28,0.00136270,1.00000000
2018-02-28 06:23:30,0.00136270,2.20000000
2018-02-28 06:23:30,0.00136280,22.80000000
2018-02-28 06:23:31,0.00136280,6.50000000
2018-02-28 06:23:31,0.00136290,21.05000000
2018-02-28 06:23:31,0.00136310,162.91000000
2018-02-28 06:23:34,0.00136250,0.99000000
2018-02-28 06:23:36,0.00136030,59.66000000
2018-02-28 06:23:36,0.00136010,140.51000000
2018-02-28 06:23:36,0.00136000,73.72000000
2018-02-28 06:23:38,0.00136000,1.00000000
2018-02-28 06:23:38,0.00136000,9.68000000
2018-02-28 06:23:38,0.00136000,5.62000000
2018-02-28 06:23:38,0.00135990,48.30000000
2018-02-28 06:23:39,0.00135990,41.70000000
2018-02-28 06:23:39,0.00135970,22.06000000
2018-02-28 06:23:39,0.00135580,3.70000000
2018-02-28 06:23:39,0.00135520,171.91000000
2018-02-28 06:23:39,0.00135490,62.85000000
2018-02-28 06:23:40,0.00136000,308.15000000
2018-02-28 06:23:42,0.00136000,2.00000000
2018-02-28 06:23:43,0.00136200,29.27000000
2018-02-28 06:23:43,0.00136000,28.09000000
2018-02-28 06:23:43,0.00136190,2.00000000
2018-02-28 06:23:44,0.00136190,57.66000000
2018-02-28 06:23:44,0.00136200,14.34000000
2018-02-28 06:23:44,0.00136010,2.59000000
2018-02-28 06:23:44,0.00136000,31.99000000
2018-02-28 06:23:51,0.00136010,1.00000000
2018-02-28 06:23:51,0.00136010,53.20000000
2018-02-28 06:23:54,0.00136070,50.00000000
2018-02-28 06:23:54,0.00136070,10.00000000
2018-02-28 06:23:54,0.00136070,26.11000000
2018-02-28 06:23:54,0.00136000,66.28000000
2018-02-28 06:23:57,0.00136000,172.04000000
2018-02-28 06:23:57,0.00135850,11.05000000
2018-02-28 06:23:57,0.00135850,47.00000000
2018-02-28 06:23:57,0.00135850,56.48000000
2018-02-28 06:23:57,0.00135850,7.35000000
2018-02-28 06:23:58,0.00135850,2.79000000
2018-02-28 06:24:03,0.00135850,11.34000000
2018-02-28 06:24:06,0.00135970,1.00000000
2018-02-28 06:24:09,0.00135970,1.00000000
2018-02-28 06:24:10,0.00135850,172.14000000
2018-02-28 06:24:10,0.00135840,37.10000000
2018-02-28 06:24:10,0.00135800,43.01000000
2018-02-28 06:24:11,0.00135860,14.86000000
2018-02-28 06:24:12,0.00135950,25.00000000
2018-02-28 06:24:12,0.00135950,6.05000000
2018-02-28 06:24:12,0.00135960,7.38000000
2018-02-28 06:24:12,0.00135970,5.37000000
2018-02-28 06:24:12,0.00135980,7.92000000
2018-02-28 06:24:12,0.00136000,84.82000000
2018-02-28 06:24:13,0.00135810,329.10000000
2018-02-28 06:24:15,0.00135900,1.00000000
2018-02-28 06:24:16,0.00135600,8.00000000
2018-02-28 06:24:16,0.00135550,16.67000000
2018-02-28 06:24:16,0.00135560,27.07000000
2018-02-28 06:24:18,0.00135790,1.00000000
2018-02-28 06:24:20,0.00135590,1.00000000
2018-02-28 06:24:20,0.00135590,20.00000000
2018-02-28 06:24:21,0.00135590,2.58000000
2018-02-28 06:24:25,0.00135590,1.00000000
2018-02-28 06:24:27,0.00135550,3.68000000
2018-02-28 06:24:28,0.00135550,1.00000000
2018-02-28 06:24:28,0.00135500,8.00000000
2018-02-28 06:24:28,0.00135550,13.48000000
2018-02-28 06:24:28,0.00135560,14.61000000
2018-02-28 06:24:28,0.00135880,2.09000000
2018-02-28 06:24:30,0.00135860,1.00000000
2018-02-28 06:24:30,0.00135860,0.02000000
2018-02-28 06:24:30,0.00135690,107.06000000
2018-02-28 06:24:32,0.00135840,1.00000000
2018-02-28 06:24:34,0.00135850,1.00000000
2018-02-28 06:24:38,0.00135580,1.00000000
2018-02-28 06:24:39,0.00135560,3.00000000
2018-02-28 06:24:40,0.00135560,4.26000000
2018-02-28 06:24:42,0.00135560,57.57000000
2018-02-28 06:24:42,0.00135570,5.89000000
2018-02-28 06:24:42,0.00135580,7.99000000
2018-02-28 06:24:42,0.00135590,153.77000000
2018-02-28 06:24:43,0.00135690,2.85000000
2018-02-28 06:24:43,0.00135690,1.00000000
2018-02-28 06:24:43,0.00135690,4.37000000
2018-02-28 06:24:43,0.00135690,71.92000000
2018-02-28 06:24:46,0.00135830,1.62000000
2018-02-28 06:24:48,0.00135830,1.00000000
2018-02-28 06:24:48,0.00135750,350.05000000
2018-02-28 06:24:48,0.00135690,13.45000000
2018-02-28 06:24:51,0.00135840,1.00000000
2018-02-28 06:24:54,0.00135850,1.00000000
2018-02-28 06:24:54,0.00135700,2.37000000
2018-02-28 06:24:55,0.00135700,33.35000000
2018-02-28 06:24:56,0.00135700,13.51000000
2018-02-28 06:24:56,0.00135830,1.00000000
2018-02-28 06:24:59,0.00135820,1.00000000
2018-02-28 06:25:01,0.00135700,0.02000000
2018-02-28 06:25:01,0.00135690,76.57000000
2018-02-28 06:25:01,0.00135690,2.75000000
2018-02-28 06:25:02,0.00135820,1.00000000
2018-02-28 06:25:05,0.00135710,8.89000000
2018-02-28 06:25:05,0.00135800,1.00000000
2018-02-28 06:25:05,0.00135710,1.70000000
2018-02-28 06:25:07,0.00135710,0.02000000
2018-02-28 06:25:07,0.00135710,1.00000000
2018-02-28 06:25:08,0.00135700,128.01000000
2018-02-28 06:25:11,0.00135690,0.22000000
2018-02-28 06:25:14,0.00135680,2.51000000
2018-02-28 06:25:18,0.00135590,3.49000000
2018-02-28 06:25:24,0.00135590,7.29000000
2018-02-28 06:25:24,0.00135620,371.00000000
2018-02-28 06:25:25,0.00135670,1.55000000
2018-02-28 06:25:26,0.00135590,21.25000000
2018-02-28 06:25:26,0.00135520,100.00000000
2018-02-28 06:25:26,0.00135400,3.06000000
2018-02-28 06:25:27,0.00135400,19.15000000
2018-02-28 06:25:32,0.00135500,2.54000000
2018-02-28 06:25:32,0.00135500,83.65000000
2018-02-28 06:25:32,0.00135330,1.48000000
2018-02-28 06:25:32,0.00135220,6.72000000
2018-02-28 06:25:39,0.00135360,148.49000000
2018-02-28 06:25:43,0.00135490,1.55000000
2018-02-28 06:25:46,0.00135400,2.09000000
2018-02-28 06:25:46,0.00135220,23.12000000
2018-02-28 06:25:46,0.00135210,50.00000000
2018-02-28 06:25:46,0.00135200,924.79000000
2018-02-28 06:25:56,0.00135400,1.62000000
2018-02-28 06:25:57,0.00135400,8.01000000
2018-02-28 06:25:59,0.00135430,1.42000000
2018-02-28 06:25:59,0.00135430,390.06000000
2018-02-28 06:25:59,0.00135400,129.44000000
2018-02-28 06:25:59,0.00135400,307.59000000
2018-02-28 06:26:00,0.00135210,2.42000000
2018-02-28 06:26:00,0.00135200,75.21000000
2018-02-28 06:26:00,0.00135190,4.44000000
2018-02-28 06:26:00,0.00135150,134.94000000
2018-02-28 06:26:00,0.00135020,36.09000000
2018-02-28 06:26:00,0.00135010,150.00000000
2018-02-28 06:26:00,0.00135000,221.49000000
2018-02-28 06:26:00,0.00134870,6.41000000
2018-02-28 06:26:00,0.00134800,3.69000000
2018-02-28 06:26:00,0.00134730,2.35000000
2018-02-28 06:26:00,0.00134700,1.48000000
2018-02-28 06:26:00,0.00134690,2.17000000
2018-02-28 06:26:00,0.00134680,255.54000000
2018-02-28 06:26:00,0.00134670,3.67000000
2018-02-28 06:26:00,0.00134660,1.50000000
2018-02-28 06:26:00,0.00134650,1.19000000
2018-02-28 06:26:00,0.00134610,5.55000000
2018-02-28 06:26:00,0.00134580,5.14000000
2018-02-28 06:26:00,0.00134550,74.32000000
2018-02-28 06:26:00,0.00134500,411.00000000
2018-02-28 06:26:02,0.00134630,74.33000000
2018-02-28 06:26:02,0.00134620,20.00000000
2018-02-28 06:26:02,0.00134530,100.00000000
2018-02-28 06:26:02,0.00134520,86.07000000
2018-02-28 06:26:02,0.00134510,4.46000000
2018-02-28 06:26:02,0.00134500,492.92000000
2018-02-28 06:26:04,0.00134920,40.00000000
2018-02-28 06:26:07,0.00134850,1.48000000
2018-02-28 06:26:11,0.00134780,6.00000000
2018-02-28 06:26:12,0.00134600,17.20000000
2018-02-28 06:26:12,0.00134670,2.21000000
2018-02-28 06:26:12,0.00134660,28.33000000
2018-02-28 06:26:12,0.00134670,141.11000000
2018-02-28 06:26:13,0.00134610,1.43000000
2018-02-28 06:26:13,0.00134600,1.38000000
2018-02-28 06:26:14,0.00134670,26.12000000
2018-02-28 06:26:14,0.00134750,74.31000000
2018-02-28 06:26:14,0.00134890,22.12000000
2018-02-28 06:26:14,0.00134660,21.00000000
2018-02-28 06:26:14,0.00134600,5.19000000
2018-02-28 06:26:14,0.00134660,79.00000000
2018-02-28 06:26:15,0.00134970,4.46000000
2018-02-28 06:26:15,0.00135000,0.73000000
2018-02-28 06:26:16,0.00134630,3.67000000
2018-02-28 06:26:17,0.00134980,1.77000000
2018-02-28 06:26:18,0.00134650,10.62000000
2018-02-28 06:26:18,0.00134650,5.00000000
2018-02-28 06:26:18,0.00134980,1.92000000
2018-02-28 06:26:18,0.00134990,3.08000000
2018-02-28 06:26:24,0.00134990,2.77000000
2018-02-28 06:26:24,0.00134990,3.65000000
2018-02-28 06:26:25,0.00134980,1.22000000
2018-02-28 06:26:26,0.00134970,2.30000000
2018-02-28 06:26:26,0.00134660,21.62000000
2018-02-28 06:26:28,0.00134970,0.94000000
2018-02-28 06:26:28,0.00134800,16.05000000
2018-02-28 06:26:28,0.00134810,396.37000000
2018-02-28 06:26:32,0.00134640,40.99000000
2018-02-28 06:26:32,0.00134810,16.05000000
2018-02-28 06:26:32,0.00134930,21.62000000
2018-02-28 06:26:33,0.00134660,33.62000000
2018-02-28 06:26:33,0.00134640,89.87000000
2018-02-28 06:26:33,0.00134510,3.71000000
2018-02-28 06:26:33,0.00134500,262.80000000
2018-02-28 06:26:35,0.00134790,33.62000000
2018-02-28 06:26:35,0.00134800,3.68000000
2018-02-28 06:26:35,0.00134930,7.43000000
2018-02-28 06:26:36,0.00134950,55.57000000
2018-02-28 06:26:38,0.00134730,60.03000000
2018-02-28 06:26:39,0.00134930,10.00000000
2018-02-28 06:26:41,0.00134960,22.53000000
2018-02-28 06:26:45,0.00134960,21.00000000
2018-02-28 06:26:45,0.00134970,67.78000000
2018-02-28 06:26:45,0.00134970,3.64000000
2018-02-28 06:26:46,0.00134960,1.30000000
2018-02-28 06:26:47,0.00134790,190.38000000
2018-02-28 06:26:47,0.00134960,20.02000000
2018-02-28 06:26:47,0.00134970,9.56000000
2018-02-28 06:27:03,0.00134830,433.37000000
2018-02-28 06:27:04,0.00134950,1.61000000
2018-02-28 06:27:05,0.00134710,4.80000000
2018-02-28 06:27:08,0.00134940,10.18000000
2018-02-28 06:27:14,0.00134940,14.52000000
2018-02-28 06:27:18,0.00134710,15.20000000
2018-02-28 06:27:18,0.00134700,7.00000000
2018-02-28 06:27:18,0.00134680,22.27000000
2018-02-28 06:27:18,0.00134650,17.47000000
2018-02-28 06:27:21,0.00134750,211.33000000
2018-02-28 06:27:24,0.00134860,4.35000000
2018-02-28 06:27:27,0.00134860,2.34000000
2018-02-28 06:27:32,0.00134590,6.69000000
2018-02-28 06:27:32,0.00134590,31.99000000
2018-02-28 06:27:32,0.00134610,104.47000000
2018-02-28 06:27:32,0.00134820,31.99000000
2018-02-28 06:27:33,0.00134550,22.44000000
2018-02-28 06:27:35,0.00134580,22.44000000
2018-02-28 06:27:35,0.00134590,64.14000000
2018-02-28 06:27:35,0.00134590,345.02000000
2018-02-28 06:27:35,0.00134590,480.49000000
2018-02-28 06:27:35,0.00134640,6.49000000
2018-02-28 06:27:37,0.00134540,454.32000000
2018-02-28 06:27:37,0.00134570,3.71000000
2018-02-28 06:27:37,0.00134840,3.71000000
2018-02-28 06:27:38,0.00134510,74.32000000
2018-02-28 06:27:38,0.00134500,64.80000000
2018-02-28 06:27:40,0.00134690,1.47000000
2018-02-28 06:27:44,0.00134520,72.85000000
2018-02-28 06:27:44,0.00134530,8.63000000
2018-02-28 06:27:44,0.00134660,7.75000000
2018-02-28 06:27:44,0.00134700,6.33000000
2018-02-28 06:27:44,0.00134750,40.86000000
2018-02-28 06:27:45,0.00134640,60.06000000
2018-02-28 06:27:52,0.00134640,106.33000000
2018-02-28 06:27:53,0.00134640,77.11000000
2018-02-28 06:27:54,0.00134510,3.93000000
2018-02-28 06:27:54,0.00134500,7.07000000
2018-02-28 06:27:57,0.00134560,232.28000000
2018-02-28 06:27:57,0.00134500,19.04000000
2018-02-28 06:27:59,0.00134610,3.68000000
2018-02-28 06:27:59,0.00134500,5.10000000
2018-02-28 06:28:01,0.00134500,10.36000000
2018-02-28 06:28:02,0.00134500,185.83000000
2018-02-28 06:28:02,0.00134500,21.00000000
2018-02-28 06:28:02,0.00134500,35.00000000
2018-02-28 06:28:02,0.00134500,24.61000000
2018-02-28 06:28:04,0.00134490,7.38000000
2018-02-28 06:28:04,0.00134480,117.47000000
2018-02-28 06:28:04,0.00134470,74.36000000
2018-02-28 06:28:04,0.00134450,0.79000000
2018-02-28 06:28:04,0.00134470,1.97000000
2018-02-28 06:28:04,0.00134610,3.68000000
2018-02-28 06:28:10,0.00134510,2.82000000
2018-02-28 06:28:10,0.00134450,30.34000000
2018-02-28 06:28:10,0.00134440,180.30000000
2018-02-28 06:28:10,0.00134440,43.98000000
2018-02-28 06:28:10,0.00134440,10.24000000
2018-02-28 06:28:10,0.00134440,5.00000000
2018-02-28 06:28:10,0.00134440,64.66000000
2018-02-28 06:28:11,0.00134430,20.81000000
2018-02-28 06:28:11,0.00134440,63.87000000
2018-02-28 06:28:13,0.00134490,7.30000000
2018-02-28 06:28:14,0.00134490,168.99000000
2018-02-28 06:28:14,0.00134490,19.33000000
2018-02-28 06:28:16,0.00134550,10.24000000
2018-02-28 06:28:17,0.00134430,1.53000000
2018-02-28 06:28:19,0.00134440,2.22000000
2018-02-28 06:28:19,0.00134440,1.27000000
2018-02-28 06:28:19,0.00134610,2.41000000
2018-02-28 06:28:21,0.00134610,1.53000000
2018-02-28 06:28:22,0.00134610,1.19000000
2018-02-28 06:28:24,0.00134610,1.84000000
2018-02-28 06:28:27,0.00134490,5.47000000
2018-02-28 06:28:28,0.00134430,77.66000000
2018-02-28 06:28:28,0.00134420,26.04000000
2018-02-28 06:28:28,0.00134340,22.33000000
2018-02-28 06:28:28,0.00134330,7.44000000
2018-02-28 06:28:28,0.00134320,4.37000000
2018-02-28 06:28:28,0.00134300,21.16000000
2018-02-28 06:28:28,0.00134260,72.09000000
2018-02-28 06:28:28,0.00134250,5.01000000
