DATE,PRICE,VOLUME
2018-03-01 15:00:00,0.00149780,64.59000000
2018-03-01 15:00:02,0.00149780,200.72000000
2018-03-01 15:00:06,0.00150000,1.57000000
2018-03-01 15:00:08,0.00149810,1.35000000
2018-03-01 15:00:08,0.00150000,2.61000000
2018-03-01 15:00:08,0.00150000,90.23000000
2018-03-01 15:00:09,0.00149900,51.30000000
2018-03-01 15:00:09,0.00149810,1.44000000
2018-03-01 15:00:09,0.00149810,1.67000000
2018-03-01 15:00:10,0.00149810,1.68000000
2018-03-01 15:00:10,0.00149810,3.35000000
2018-03-01 15:00:11,0.00149810,0.58000000
2018-03-01 15:00:11,0.00149780,3.35000000
2018-03-01 15:00:11,0.00149810,85.59000000
2018-03-01 15:00:12,0.00149810,66.76000000
2018-03-01 15:00:12,0.00149810,515.25000000
2018-03-01 15:00:12,0.00149780,1.88000000
2018-03-01 15:00:14,0.00149780,11.26000000
2018-03-01 15:00:19,0.00149780,9.55000000
2018-03-01 15:00:20,0.00149780,40.75000000
2018-03-01 15:00:21,0.00149780,5.65000000
2018-03-01 15:00:21,0.00149780,5.94000000
2018-03-01 15:00:25,0.00149780,15.13000000
2018-03-01 15:00:26,0.00149780,397.00000000
2018-03-01 15:00:27,0.00149790,43.00000000
2018-03-01 15:00:27,0.00149780,167.00000000
2018-03-01 15:00:28,0.00149780,22.00000000
2018-03-01 15:00:28,0.00149780,53.15000000
2018-03-01 15:00:28,0.00149670,30.74000000
2018-03-01 15:00:28,0.00149610,66.09000000
2018-03-01 15:00:30,0.00149860,301.61000000
2018-03-01 15:00:31,0.00149780,10.00000000
2018-03-01 15:00:35,0.00149670,10.00000000
2018-03-01 15:00:35,0.00149660,17.90000000
2018-03-01 15:00:35,0.00149610,104.44000000
2018-03-01 15:00:36,0.00149770,26.06000000
2018-03-01 15:00:36,0.00149630,27.42000000
2018-03-01 15:00:36,0.00149620,13.32000000
2018-03-01 15:00:38,0.00149760,1.35000000
2018-03-01 15:00:40,0.00149610,4.83000000
2018-03-01 15:00:40,0.00149610,15.00000000
2018-03-01 15:00:41,0.00149620,1.89000000
2018-03-01 15:00:45,0.00149760,14.12000000
2018-03-01 15:00:46,0.00149620,2.00000000
2018-03-01 15:00:47,0.00149680,72.88000000
2018-03-01 15:00:52,0.00149620,200.18000000
2018-03-01 15:00:53,0.00149620,73.00000000
2018-03-01 15:00:53,0.00149760,1.00000000
2018-03-01 15:00:56,0.00149680,70.48000000
2018-03-01 15:00:57,0.00149680,22.60000000
2018-03-01 15:00:57,0.00149680,2.00000000
2018-03-01 15:00:57,0.00149620,30.34000000
2018-03-01 15:00:57,0.00149610,14.65000000
2018-03-01 15:01:02,0.00149670,7.40000000
2018-03-01 15:01:02,0.00149680,4.97000000
2018-03-01 15:01:02,0.00149650,323.19000000
2018-03-01 15:01:09,0.00149630,14.95000000
2018-03-01 15:01:09,0.00149630,0.01000000
2018-03-01 15:01:09,0.00149680,2.75000000
2018-03-01 15:01:10,0.00149610,17.80000000
2018-03-01 15:01:12,0.00149610,79.92000000
2018-03-01 15:01:12,0.00149610,34.16000000
2018-03-01 15:01:12,0.00149600,0.68000000
2018-03-01 15:01:12,0.00149510,4.97000000
2018-03-01 15:01:12,0.00149500,402.56000000
2018-03-01 15:01:12,0.00149480,10.03000000
2018-03-01 15:01:12,0.00149470,2.01000000
2018-03-01 15:01:12,0.00149400,7.19000000
2018-03-01 15:01:12,0.00149360,3.35000000
2018-03-01 15:01:12,0.00149340,9.92000000
2018-03-01 15:01:12,0.00149330,7.37000000
2018-03-01 15:01:12,0.00149320,114.63000000
2018-03-01 15:01:12,0.00149310,18.09000000
2018-03-01 15:01:13,0.00149320,6.41000000
2018-03-01 15:01:13,0.00149310,3.33000000
2018-03-01 15:01:13,0.00149320,0.87000000
2018-03-01 15:01:15,0.00149310,16.61000000
2018-03-01 15:01:15,0.00149320,1.00000000
2018-03-01 15:01:15,0.00149320,3.00000000
2018-03-01 15:01:18,0.00149320,20.09000000
2018-03-01 15:01:19,0.00149310,253.05000000
2018-03-01 15:01:20,0.00149310,18.62000000
2018-03-01 15:01:22,0.00149300,61.00000000
2018-03-01 15:01:22,0.00149130,6.67000000
2018-03-01 15:01:23,0.00149130,16.33000000
2018-03-01 15:01:23,0.00149120,10.63000000
2018-03-01 15:01:23,0.00149100,1.24000000
2018-03-01 15:01:23,0.00149050,9.08000000
2018-03-01 15:01:23,0.00149040,3.35000000
2018-03-01 15:01:23,0.00149030,10.74000000
2018-03-01 15:01:23,0.00149010,398.18000000
2018-03-01 15:01:24,0.00149160,94.46000000
2018-03-01 15:01:25,0.00149300,18.12000000
2018-03-01 15:01:25,0.00149010,17.23000000
2018-03-01 15:01:27,0.00149010,28.24000000
2018-03-01 15:01:27,0.00149300,14.17000000
2018-03-01 15:01:27,0.00149300,0.83000000
2018-03-01 15:01:31,0.00149300,64.86000000
2018-03-01 15:01:34,0.00149020,1.70000000
2018-03-01 15:01:35,0.00149010,400.14000000
2018-03-01 15:01:36,0.00149010,201.00000000
2018-03-01 15:01:36,0.00149100,344.77000000
2018-03-01 15:01:36,0.00149010,250.00000000
2018-03-01 15:01:37,0.00149010,10.00000000
2018-03-01 15:01:37,0.00149200,6.35000000
2018-03-01 15:01:37,0.00149010,22.78000000
2018-03-01 15:01:39,0.00149200,30.59000000
2018-03-01 15:01:42,0.00149010,47.62000000
2018-03-01 15:01:46,0.00149020,3.38000000
2018-03-01 15:01:47,0.00149290,0.68000000
2018-03-01 15:01:47,0.00149300,5.35000000
2018-03-01 15:01:52,0.00149300,27.00000000
2018-03-01 15:01:56,0.00149190,116.04000000
2018-03-01 15:01:56,0.00149300,1.33000000
2018-03-01 15:01:56,0.00149100,22.34000000
2018-03-01 15:01:58,0.00149100,264.04000000
2018-03-01 15:01:59,0.00149100,10.66000000
2018-03-01 15:01:59,0.00149100,11.68000000
2018-03-01 15:02:02,0.00149060,3.35000000
2018-03-01 15:02:02,0.00149040,3.35000000
2018-03-01 15:02:02,0.00149030,183.35000000
2018-03-01 15:02:02,0.00149020,59.95000000
2018-03-01 15:02:03,0.00149300,171.63000000
2018-03-01 15:02:04,0.00149100,110.26000000
2018-03-01 15:02:05,0.00149100,58.49000000
2018-03-01 15:02:07,0.00149190,365.86000000
2018-03-01 15:02:07,0.00149290,3.00000000
2018-03-01 15:02:14,0.00149200,4.16000000
2018-03-01 15:02:15,0.00149100,443.42000000
2018-03-01 15:02:17,0.00149100,1.73000000
2018-03-01 15:02:18,0.00149090,1.00000000
2018-03-01 15:02:18,0.00149020,127.22000000
2018-03-01 15:02:18,0.00149010,73.74000000
2018-03-01 15:02:18,0.00149000,48.04000000
2018-03-01 15:02:19,0.00149040,137.14000000
2018-03-01 15:02:19,0.00149000,11.39000000
2018-03-01 15:02:22,0.00149020,33.08000000
2018-03-01 15:02:22,0.00149020,1.61000000
2018-03-01 15:02:23,0.00149000,1.50000000
2018-03-01 15:02:24,0.00149020,15.00000000
2018-03-01 15:02:25,0.00149000,1.08000000
2018-03-01 15:02:25,0.00149000,4.00000000
2018-03-01 15:02:26,0.00149020,5.37000000
2018-03-01 15:02:26,0.00149000,548.48000000
2018-03-01 15:02:26,0.00149000,1547.02000000
2018-03-01 15:02:27,0.00149000,11.39000000
2018-03-01 15:02:27,0.00149000,12.64000000
2018-03-01 15:02:28,0.00149010,1.01000000
2018-03-01 15:02:28,0.00149000,275.52000000
2018-03-01 15:02:28,0.00149000,171.45000000
2018-03-01 15:02:28,0.00148950,0.01000000
2018-03-01 15:02:28,0.00149020,14.05000000
2018-03-01 15:02:29,0.00149020,53.16000000
2018-03-01 15:02:29,0.00149090,75.03000000
2018-03-01 15:02:30,0.00149000,2.47000000
2018-03-01 15:02:30,0.00149000,250.00000000
2018-03-01 15:02:34,0.00149000,52.72000000
2018-03-01 15:02:36,0.00149000,1.68000000
2018-03-01 15:02:36,0.00148970,387.44000000
2018-03-01 15:02:38,0.00149000,32.54000000
2018-03-01 15:02:39,0.00148960,20.00000000
2018-03-01 15:02:40,0.00148960,2.11000000
2018-03-01 15:02:40,0.00149000,8.13000000
2018-03-01 15:02:40,0.00149000,0.02000000
2018-03-01 15:02:43,0.00148960,10.80000000
2018-03-01 15:02:43,0.00148950,46.03000000
2018-03-01 15:02:43,0.00148930,1.36000000
2018-03-01 15:02:43,0.00148900,2.27000000
2018-03-01 15:02:43,0.00148880,4.01000000
2018-03-01 15:02:43,0.00148800,6.24000000
2018-03-01 15:02:43,0.00149000,535.50000000
2018-03-01 15:02:43,0.00149000,2.71000000
2018-03-01 15:02:45,0.00148800,30.00000000
2018-03-01 15:02:46,0.00149000,8.67000000
2018-03-01 15:02:47,0.00148820,3.35000000
2018-03-01 15:02:47,0.00148800,31.14000000
2018-03-01 15:02:49,0.00149000,3.00000000
2018-03-01 15:02:50,0.00149000,100.00000000
2018-03-01 15:02:50,0.00148970,75.00000000
2018-03-01 15:02:50,0.00148800,83.53000000
2018-03-01 15:02:52,0.00148800,17.82000000
2018-03-01 15:02:52,0.00148890,158.71000000
2018-03-01 15:02:54,0.00148800,30.00000000
2018-03-01 15:02:55,0.00148800,11.85000000
2018-03-01 15:02:56,0.00148800,24.55000000
2018-03-01 15:02:56,0.00148800,19.85000000
2018-03-01 15:02:56,0.00148790,14.21000000
2018-03-01 15:02:56,0.00148750,3.78000000
2018-03-01 15:02:56,0.00148740,0.74000000
2018-03-01 15:02:56,0.00148700,26.33000000
2018-03-01 15:02:56,0.00148590,1.23000000
2018-03-01 15:02:56,0.00148580,5.26000000
2018-03-01 15:02:56,0.00148550,13.81000000
2018-03-01 15:02:56,0.00148510,61.99000000
2018-03-01 15:02:56,0.00148500,102.80000000
2018-03-01 15:02:56,0.00148500,18.02000000
2018-03-01 15:02:58,0.00148800,36.03000000
2018-03-01 15:02:58,0.00148800,32.14000000
2018-03-01 15:02:59,0.00148800,30.82000000
2018-03-01 15:02:59,0.00148800,0.27000000
2018-03-01 15:03:00,0.00148700,5.61000000
2018-03-01 15:03:01,0.00148710,3.36000000
2018-03-01 15:03:01,0.00148600,5.38000000
2018-03-01 15:03:01,0.00148550,9.45000000
2018-03-01 15:03:01,0.00148500,20.21000000
2018-03-01 15:03:01,0.00148800,1.68000000
2018-03-01 15:03:02,0.00148710,5.37000000
2018-03-01 15:03:02,0.00148700,3.36000000
2018-03-01 15:03:03,0.00148700,29.01000000
2018-03-01 15:03:05,0.00148570,3.53000000
2018-03-01 15:03:05,0.00148530,35.14000000
2018-03-01 15:03:05,0.00148650,409.02000000
2018-03-01 15:03:05,0.00148800,150.98000000
2018-03-01 15:03:05,0.00149000,20.69000000
2018-03-01 15:03:07,0.00148800,1.29000000
2018-03-01 15:03:09,0.00148800,38.23000000
2018-03-01 15:03:10,0.00148800,30.32000000
2018-03-01 15:03:10,0.00148710,33.00000000
2018-03-01 15:03:11,0.00148710,23.57000000
2018-03-01 15:03:13,0.00148710,1.17000000
2018-03-01 15:03:13,0.00148710,3.60000000
2018-03-01 15:03:13,0.00148710,27.30000000
2018-03-01 15:03:13,0.00148710,27.30000000
2018-03-01 15:03:13,0.00148710,23.70000000
2018-03-01 15:03:13,0.00148710,47.00000000
2018-03-01 15:03:13,0.00148710,13.69000000
2018-03-01 15:03:13,0.00148710,274.46000000
2018-03-01 15:03:13,0.00148710,6.71000000
2018-03-01 15:03:13,0.00148710,75.94000000
2018-03-01 15:03:13,0.00148710,6.25000000
2018-03-01 15:03:14,0.00148710,6.71000000
2018-03-01 15:03:15,0.00148700,1.44000000
2018-03-01 15:03:15,0.00148710,67.24000000
2018-03-01 15:03:16,0.00148710,84.22000000
2018-03-01 15:03:16,0.00148710,3.98000000
2018-03-01 15:03:17,0.00148700,30.52000000
2018-03-01 15:03:18,0.00148670,180.29000000
2018-03-01 15:03:19,0.00148800,1.35000000
2018-03-01 15:03:20,0.00148800,10.08000000
2018-03-01 15:03:20,0.00148800,1.68000000
2018-03-01 15:03:21,0.00148800,2.35000000
2018-03-01 15:03:22,0.00148560,1.84000000
2018-03-01 15:03:22,0.00148530,125.79000000
2018-03-01 15:03:22,0.00148520,3.36000000
2018-03-01 15:03:22,0.00148500,119.01000000
2018-03-01 15:03:22,0.00148800,4.03000000
2018-03-01 15:03:22,0.00148500,4.03000000
2018-03-01 15:03:24,0.00148710,6.72000000
2018-03-01 15:03:25,0.00148710,35.04000000
2018-03-01 15:03:27,0.00148710,6.72000000
2018-03-01 15:03:27,0.00148710,6.72000000
2018-03-01 15:03:27,0.00148710,244.80000000
2018-03-01 15:03:28,0.00148800,7.71000000
2018-03-01 15:03:31,0.00148700,3.41000000
2018-03-01 15:03:31,0.00148700,1.79000000
2018-03-01 15:03:31,0.00148510,3.00000000
2018-03-01 15:03:31,0.00148710,29.37000000
2018-03-01 15:03:32,0.00148710,0.68000000
2018-03-01 15:03:34,0.00148710,3.21000000
2018-03-01 15:03:36,0.00148600,11.91000000
2018-03-01 15:03:36,0.00148600,418.69000000
2018-03-01 15:03:36,0.00148710,52.64000000
2018-03-01 15:03:37,0.00148600,11.91000000
2018-03-01 15:03:37,0.00148510,33.45000000
2018-03-01 15:03:37,0.00148500,204.64000000
2018-03-01 15:03:38,0.00148710,32.27000000
2018-03-01 15:03:39,0.00148600,10.15000000
2018-03-01 15:03:39,0.00148710,68.55000000
2018-03-01 15:03:44,0.00148600,40.00000000
2018-03-01 15:03:45,0.00148710,3.37000000
2018-03-01 15:03:45,0.00148800,0.64000000
2018-03-01 15:03:46,0.00148800,194.30000000
2018-03-01 15:03:46,0.00148990,612.18000000
2018-03-01 15:03:46,0.00149000,119.30000000
2018-03-01 15:03:46,0.00149000,8.00000000
2018-03-01 15:03:47,0.00149000,0.29000000
2018-03-01 15:03:48,0.00149000,103.95000000
2018-03-01 15:03:49,0.00149000,2.01000000
2018-03-01 15:03:49,0.00148850,201.87000000
2018-03-01 15:03:49,0.00149000,33.56000000
2018-03-01 15:03:50,0.00149000,30.00000000
2018-03-01 15:03:50,0.00149000,286.69000000
2018-03-01 15:03:51,0.00149000,1.30000000
2018-03-01 15:03:51,0.00149000,19.60000000
2018-03-01 15:03:51,0.00149000,22.54000000
2018-03-01 15:03:51,0.00149290,1.66000000
2018-03-01 15:03:52,0.00149000,20.00000000
2018-03-01 15:03:53,0.00149290,13.86000000
2018-03-01 15:03:53,0.00149290,7.70000000
2018-03-01 15:03:53,0.00149000,6.79000000
2018-03-01 15:03:53,0.00149290,1.67000000
2018-03-01 15:03:53,0.00149000,8.14000000
2018-03-01 15:03:54,0.00149270,1.34000000
2018-03-01 15:03:54,0.00149270,1.14000000
2018-03-01 15:03:54,0.00149270,4.02000000
2018-03-01 15:03:54,0.00149270,0.23000000
2018-03-01 15:03:54,0.00149290,2.25000000
2018-03-01 15:03:55,0.00149000,2.59000000
2018-03-01 15:03:56,0.00149290,72.45000000
2018-03-01 15:03:56,0.00149000,0.05000000
2018-03-01 15:03:57,0.00149000,2.78000000
2018-03-01 15:03:57,0.00149290,170.49000000
2018-03-01 15:03:57,0.00149320,10.00000000
2018-03-01 15:03:57,0.00149490,28.00000000
2018-03-01 15:03:57,0.00149490,25.95000000
2018-03-01 15:03:57,0.00149490,6.86000000
2018-03-01 15:03:57,0.00149490,10.80000000
2018-03-01 15:03:57,0.00149490,10.79000000
2018-03-01 15:03:57,0.00149490,23.75000000
2018-03-01 15:03:58,0.00149490,2.25000000
2018-03-01 15:03:58,0.00149500,35.29000000
2018-03-01 15:03:59,0.00149030,0.82000000
2018-03-01 15:04:00,0.00149110,67.10000000
2018-03-01 15:04:00,0.00149020,20.13000000
2018-03-01 15:04:00,0.00149010,33.00000000
2018-03-01 15:04:00,0.00149000,426.14000000
2018-03-01 15:04:00,0.00148740,6.70000000
2018-03-01 15:04:00,0.00148710,711.63000000
2018-03-01 15:04:00,0.00148710,12.08000000
2018-03-01 15:04:00,0.00148710,1.41000000
2018-03-01 15:04:00,0.00148710,1.41000000
2018-03-01 15:04:00,0.00148710,21.63000000
2018-03-01 15:04:00,0.00148690,4.35000000
2018-03-01 15:04:00,0.00148700,35.77000000
2018-03-01 15:04:01,0.00148700,31.33000000
2018-03-01 15:04:01,0.00148710,6.52000000
2018-03-01 15:04:02,0.00148710,8.00000000
2018-03-01 15:04:04,0.00148710,373.67000000
2018-03-01 15:04:05,0.00148710,310.58000000
2018-03-01 15:04:05,0.00148620,56.66000000
2018-03-01 15:04:07,0.00149430,20.00000000
2018-03-01 15:04:07,0.00149440,20.13000000
2018-03-01 15:04:07,0.00149450,7.03000000
2018-03-01 15:04:07,0.00149490,2.57000000
2018-03-01 15:04:09,0.00149090,67.26000000
2018-03-01 15:04:09,0.00149080,20.00000000
2018-03-01 15:04:09,0.00149040,20.12000000
2018-03-01 15:04:09,0.00149020,75.75000000
2018-03-01 15:04:09,0.00148710,8.10000000
2018-03-01 15:04:09,0.00148620,3.36000000
2018-03-01 15:04:09,0.00148610,23.00000000
2018-03-01 15:04:09,0.00148600,66.11000000
2018-03-01 15:04:09,0.00148520,285.73000000
2018-03-01 15:04:09,0.00148510,9.53000000
2018-03-01 15:04:09,0.00148500,143.54000000
2018-03-01 15:04:09,0.00148440,4.00000000
2018-03-01 15:04:09,0.00148430,19.31000000
2018-03-01 15:04:09,0.00148400,100.00000000
2018-03-01 15:04:09,0.00148380,3.34000000
2018-03-01 15:04:09,0.00148370,6.74000000
2018-03-01 15:04:09,0.00148340,2.50000000
2018-03-01 15:04:09,0.00148330,465.09000000
2018-03-01 15:04:09,0.00148320,1.21000000
2018-03-01 15:04:09,0.00148300,109.40000000
2018-03-01 15:04:09,0.00148270,2.51000000
2018-03-01 15:04:09,0.00148250,48.28000000
2018-03-01 15:04:09,0.00148250,4.91000000
2018-03-01 15:04:10,0.00148820,123.92000000
2018-03-01 15:04:10,0.00148830,328.26000000
2018-03-01 15:04:10,0.00148800,1.35000000
2018-03-01 15:04:11,0.00148830,26.21000000
2018-03-01 15:04:11,0.00148830,97.71000000
2018-03-01 15:04:14,0.00148930,67.38000000
2018-03-01 15:04:14,0.00148920,7.39000000
2018-03-01 15:04:14,0.00148800,331.65000000
2018-03-01 15:04:15,0.00148700,12.04000000
2018-03-01 15:04:15,0.00148700,55.34000000
2018-03-01 15:04:15,0.00148710,11.68000000
2018-03-01 15:04:15,0.00148710,226.75000000
2018-03-01 15:04:15,0.00148710,155.15000000
2018-03-01 15:04:16,0.00149280,2.01000000
2018-03-01 15:04:20,0.00149000,23.00000000
2018-03-01 15:04:20,0.00149260,7.39000000
2018-03-01 15:04:20,0.00149270,16.61000000
2018-03-01 15:04:23,0.00149250,4.49000000
2018-03-01 15:04:24,0.00149000,977.00000000
2018-03-01 15:04:24,0.00149120,223.45000000
2018-03-01 15:04:31,0.00149000,33.87000000
2018-03-01 15:04:37,0.00148710,67.20000000
2018-03-01 15:04:37,0.00148700,500.00000000
2018-03-01 15:04:38,0.00148690,1.35000000
2018-03-01 15:04:38,0.00148690,65.84000000
2018-03-01 15:04:38,0.00148690,0.01000000
2018-03-01 15:04:38,0.00148700,21.67000000
2018-03-01 15:04:39,0.00148700,24.87000000
2018-03-01 15:04:39,0.00148700,1.31000000
2018-03-01 15:04:41,0.00148700,5.01000000
2018-03-01 15:04:41,0.00148640,473.28000000
2018-03-01 15:04:41,0.00148700,56.32000000
2018-03-01 15:04:42,0.00148700,3.00000000
2018-03-01 15:04:43,0.00148700,3.52000000
2018-03-01 15:04:44,0.00148700,10.82000000
2018-03-01 15:04:44,0.00148600,0.50000000
2018-03-01 15:04:44,0.00148700,5.87000000
2018-03-01 15:04:44,0.00148700,0.01000000
2018-03-01 15:04:45,0.00148700,2.42000000
2018-03-01 15:04:45,0.00148610,6.58000000
2018-03-01 15:04:45,0.00148600,21.00000000
2018-03-01 15:04:52,0.00148980,61.30000000
2018-03-01 15:04:54,0.00148700,2.00000000
2018-03-01 15:04:55,0.00148700,10.15000000
2018-03-01 15:04:57,0.00148710,6.33000000
2018-03-01 15:04:57,0.00148700,12.16000000
2018-03-01 15:04:59,0.00148830,244.55000000
2018-03-01 15:05:00,0.00148780,16.68000000
2018-03-01 15:05:01,0.00148780,10.00000000
2018-03-01 15:05:05,0.00148970,1.61000000
2018-03-01 15:05:07,0.00148970,10.03000000
2018-03-01 15:05:07,0.00148980,62.11000000
2018-03-01 15:05:07,0.00148780,24.00000000
2018-03-01 15:05:07,0.00148780,0.01000000
2018-03-01 15:05:08,0.00148970,28.43000000
2018-03-01 15:05:08,0.00148980,35.17000000
2018-03-01 15:05:08,0.00148980,6.71000000
2018-03-01 15:05:10,0.00148980,0.87000000
2018-03-01 15:05:10,0.00148980,75.63000000
2018-03-01 15:05:11,0.00148980,36.19000000
2018-03-01 15:05:11,0.00148990,3.51000000
2018-03-01 15:05:11,0.00149000,4.49000000
2018-03-01 15:05:14,0.00149000,76.44000000
2018-03-01 15:05:15,0.00148890,15.82000000
2018-03-01 15:05:15,0.00149000,4.36000000
2018-03-01 15:05:17,0.00149000,35.75000000
2018-03-01 15:05:19,0.00149000,3.53000000
2018-03-01 15:05:19,0.00149000,0.15000000
2018-03-01 15:05:27,0.00148900,266.13000000
2018-03-01 15:05:28,0.00149000,242.81000000
2018-03-01 15:05:29,0.00149000,2.68000000
2018-03-01 15:05:29,0.00149000,10.00000000
2018-03-01 15:05:30,0.00149000,1.21000000
2018-03-01 15:05:30,0.00149000,37.65000000
2018-03-01 15:05:33,0.00149000,276.26000000
2018-03-01 15:05:33,0.00149000,248.49000000
2018-03-01 15:05:33,0.00149000,115.66000000
2018-03-01 15:05:34,0.00148820,33.00000000
2018-03-01 15:05:34,0.00148810,1006.80000000
2018-03-01 15:05:34,0.00149000,100.00000000
2018-03-01 15:05:35,0.00149000,54.44000000
2018-03-01 15:05:41,0.00148890,37.40000000
2018-03-01 15:05:41,0.00148990,1.30000000
2018-03-01 15:05:42,0.00148990,3.62000000
2018-03-01 15:05:46,0.00148990,1.68000000
2018-03-01 15:05:49,0.00148990,1.35000000
2018-03-01 15:05:52,0.00148990,6.34000000
2018-03-01 15:05:57,0.00148980,7.08000000
2018-03-01 15:05:57,0.00148980,1.35000000
2018-03-01 15:06:00,0.00148930,287.70000000
2018-03-01 15:06:00,0.00148900,14.33000000
2018-03-01 15:06:00,0.00148810,135.00000000
2018-03-01 15:06:00,0.00148800,996.94000000
2018-03-01 15:06:02,0.00148980,11.47000000
2018-03-01 15:06:02,0.00148990,3.56000000
2018-03-01 15:06:02,0.00149000,16.88000000
2018-03-01 15:06:04,0.00148900,66.00000000
2018-03-01 15:06:04,0.00148900,24.13000000
2018-03-01 15:06:04,0.00148800,25.60000000
2018-03-01 15:06:06,0.00149000,1.14000000
2018-03-01 15:06:06,0.00149000,24.46000000
2018-03-01 15:06:07,0.00149000,17.92000000
2018-03-01 15:06:07,0.00149000,2.21000000
2018-03-01 15:06:07,0.00149000,1.28000000
2018-03-01 15:06:07,0.00148900,2.78000000
2018-03-01 15:06:07,0.00149000,0.51000000
2018-03-01 15:06:07,0.00149000,3.02000000
2018-03-01 15:06:08,0.00149000,1.01000000
2018-03-01 15:06:09,0.00149000,1.88000000
2018-03-01 15:06:11,0.00148990,9.90000000
2018-03-01 15:06:11,0.00149000,8.66000000
2018-03-01 15:06:12,0.00148990,4.33000000
2018-03-01 15:06:13,0.00148990,1.35000000
2018-03-01 15:06:13,0.00148990,2.50000000
2018-03-01 15:06:13,0.00148990,358.60000000
2018-03-01 15:06:13,0.00149000,67.45000000
2018-03-01 15:06:13,0.00149000,24.44000000
2018-03-01 15:06:16,0.00149000,5.60000000
2018-03-01 15:06:17,0.00148990,96.95000000
2018-03-01 15:06:17,0.00149000,203.05000000
2018-03-01 15:06:19,0.00149000,20.00000000
2018-03-01 15:06:19,0.00149000,123.57000000
2018-03-01 15:06:20,0.00149000,100.00000000
2018-03-01 15:06:21,0.00149000,1.24000000
2018-03-01 15:06:22,0.00148910,58.98000000
2018-03-01 15:06:22,0.00148990,34.76000000
2018-03-01 15:06:22,0.00149000,11.42000000
2018-03-01 15:06:22,0.00149000,85.43000000
2018-03-01 15:06:23,0.00149000,81.90000000
2018-03-01 15:06:30,0.00148990,2.00000000
2018-03-01 15:06:34,0.00148990,50.14000000
2018-03-01 15:06:34,0.00149000,55.99000000
2018-03-01 15:06:35,0.00148850,10.47000000
2018-03-01 15:06:36,0.00148990,6.75000000
2018-03-01 15:06:36,0.00148990,1.00000000
2018-03-01 15:06:37,0.00148930,309.28000000
2018-03-01 15:06:38,0.00148990,6.94000000
2018-03-01 15:06:42,0.00148880,7.00000000
2018-03-01 15:06:42,0.00148850,2.46000000
2018-03-01 15:06:42,0.00148780,2.73000000
2018-03-01 15:06:42,0.00148700,48.40000000
2018-03-01 15:06:42,0.00148680,20.17000000
2018-03-01 15:06:42,0.00148670,276.68000000
2018-03-01 15:06:42,0.00148600,54.81000000
2018-03-01 15:06:42,0.00148580,42.66000000
2018-03-01 15:06:42,0.00148990,1.51000000
2018-03-01 15:06:43,0.00148970,0.81000000
2018-03-01 15:06:43,0.00148970,1.01000000
2018-03-01 15:06:44,0.00148970,3.09000000
2018-03-01 15:06:44,0.00148970,13.08000000
2018-03-01 15:06:44,0.00148980,2.92000000
2018-03-01 15:06:44,0.00148980,1.01000000
2018-03-01 15:06:48,0.00148970,51.10000000
2018-03-01 15:06:48,0.00148970,48.78000000
2018-03-01 15:06:49,0.00148970,11.21000000
2018-03-01 15:06:49,0.00148980,16.24000000
2018-03-01 15:06:49,0.00148990,31.44000000
2018-03-01 15:06:59,0.00148780,20.00000000
2018-03-01 15:06:59,0.00148770,60.55000000
2018-03-01 15:07:00,0.00148850,4.52000000
2018-03-01 15:07:00,0.00148980,7.00000000
2018-03-01 15:07:00,0.00148990,181.92000000
2018-03-01 15:07:00,0.00149000,803.68000000
2018-03-01 15:07:02,0.00149000,249.23000000
2018-03-01 15:07:03,0.00149000,7.96000000
2018-03-01 15:07:03,0.00149000,62.31000000
2018-03-01 15:07:03,0.00149000,1.68000000
2018-03-01 15:07:05,0.00148820,9.08000000
2018-03-01 15:07:05,0.00149000,15.58000000
2018-03-01 15:07:06,0.00149000,217.79000000
2018-03-01 15:07:07,0.00149000,17.00000000
2018-03-01 15:07:07,0.00149000,5.19000000
2018-03-01 15:07:12,0.00148790,3.00000000
2018-03-01 15:07:14,0.00149000,1.34000000
2018-03-01 15:07:14,0.00149000,4.77000000
2018-03-01 15:07:16,0.00149000,125.67000000
2018-03-01 15:07:20,0.00148890,330.86000000
2018-03-01 15:07:21,0.00149000,2.15000000
2018-03-01 15:07:21,0.00149000,26.97000000
2018-03-01 15:07:27,0.00149000,12.19000000
2018-03-01 15:07:28,0.00149000,5.00000000
2018-03-01 15:07:29,0.00148800,149.80000000
2018-03-01 15:07:29,0.00148790,1315.25000000
2018-03-01 15:07:31,0.00149000,0.02000000
2018-03-01 15:07:32,0.00148880,101.65000000
2018-03-01 15:07:36,0.00149000,201.66000000
2018-03-01 15:07:37,0.00149000,12.75000000
2018-03-01 15:07:37,0.00149000,180.00000000
2018-03-01 15:07:39,0.00149000,132.00000000
2018-03-01 15:07:40,0.00149000,18.74000000
2018-03-01 15:07:41,0.00148850,8.75000000
2018-03-01 15:07:42,0.00149000,29.17000000
2018-03-01 15:07:42,0.00149010,67.09000000
2018-03-01 15:07:42,0.00149000,45.30000000
2018-03-01 15:07:45,0.00148930,27.37000000
2018-03-01 15:07:45,0.00148920,20.14000000
2018-03-01 15:07:45,0.00148900,7.00000000
2018-03-01 15:07:45,0.00148850,0.22000000
2018-03-01 15:07:45,0.00148790,7.20000000
2018-03-01 15:07:45,0.00148770,20.00000000
2018-03-01 15:07:45,0.00148580,11.06000000
2018-03-01 15:07:46,0.00148590,25.03000000
2018-03-01 15:07:47,0.00148590,45.27000000
2018-03-01 15:07:48,0.00148740,351.96000000
2018-03-01 15:07:50,0.00148800,0.14000000
2018-03-01 15:07:51,0.00148700,6.86000000
2018-03-01 15:07:51,0.00148770,19.67000000
2018-03-01 15:07:52,0.00148750,47.42000000
2018-03-01 15:07:52,0.00148760,20.00000000
2018-03-01 15:07:52,0.00148780,1.29000000
2018-03-01 15:07:53,0.00148770,6.00000000
2018-03-01 15:07:55,0.00148770,1.37000000
2018-03-01 15:07:55,0.00148780,2.85000000
2018-03-01 15:07:55,0.00148780,6.58000000
2018-03-01 15:07:57,0.00148780,3.33000000
2018-03-01 15:07:57,0.00148780,29.25000000
2018-03-01 15:07:59,0.00148780,1.66000000
2018-03-01 15:08:03,0.00148780,25.34000000
2018-03-01 15:08:03,0.00148900,310.15000000
2018-03-01 15:08:04,0.00148900,10.25000000
2018-03-01 15:08:04,0.00148940,123.23000000
2018-03-01 15:08:04,0.00148900,58.16000000
2018-03-01 15:08:04,0.00148780,20.00000000
2018-03-01 15:08:04,0.00148610,5.38000000
2018-03-01 15:08:04,0.00148600,132.23000000
2018-03-01 15:08:04,0.00148590,52.46000000
2018-03-01 15:08:04,0.00148580,50.99000000
2018-03-01 15:08:04,0.00148550,25.00000000
2018-03-01 15:08:04,0.00148520,858.11000000
2018-03-01 15:08:04,0.00148510,40.92000000
2018-03-01 15:08:05,0.00148510,31.43000000
2018-03-01 15:08:05,0.00148510,0.84000000
2018-03-01 15:08:05,0.00148510,22.69000000
2018-03-01 15:08:05,0.00148510,147.90000000
2018-03-01 15:08:05,0.00148510,1.31000000
2018-03-01 15:08:05,0.00148510,58.31000000
2018-03-01 15:08:05,0.00148510,184.44000000
2018-03-01 15:08:05,0.00148510,211.12000000
2018-03-01 15:08:05,0.00148510,227.50000000
2018-03-01 15:08:05,0.00148510,14.51000000
2018-03-01 15:08:05,0.00148510,6.71000000
2018-03-01 15:08:05,0.00148510,226.16000000
2018-03-01 15:08:05,0.00148510,214.62000000
2018-03-01 15:08:05,0.00148510,209.07000000
2018-03-01 15:08:05,0.00148510,203.16000000
2018-03-01 15:08:05,0.00148510,129.20000000
2018-03-01 15:08:06,0.00148610,6.71000000
2018-03-01 15:08:06,0.00148980,10.00000000
2018-03-01 15:08:07,0.00148980,10.14000000
2018-03-01 15:08:07,0.00149000,1.00000000
2018-03-01 15:08:07,0.00149400,3.86000000
2018-03-01 15:08:09,0.00148730,23.81000000
2018-03-01 15:08:10,0.00149000,5.00000000
2018-03-01 15:08:10,0.00149360,10.00000000
2018-03-01 15:08:11,0.00149350,1.67000000
2018-03-01 15:08:12,0.00149340,2.68000000
2018-03-01 15:08:12,0.00149300,7.00000000
2018-03-01 15:08:12,0.00149330,28.85000000
2018-03-01 15:08:12,0.00149340,7.32000000
2018-03-01 15:08:12,0.00149370,29.57000000
2018-03-01 15:08:12,0.00149390,29.52000000
2018-03-01 15:08:12,0.00149400,61.04000000
2018-03-01 15:08:12,0.00149400,13.45000000
2018-03-01 15:08:12,0.00148900,7.00000000
2018-03-01 15:08:12,0.00148830,6.45000000
2018-03-01 15:08:13,0.00148840,6.69000000
2018-03-01 15:08:18,0.00148920,17.37000000
2018-03-01 15:08:20,0.00148910,7.23000000
2018-03-01 15:08:20,0.00148900,339.25000000
2018-03-01 15:08:21,0.00148900,7.11000000
2018-03-01 15:08:22,0.00149000,41.36000000
2018-03-01 15:08:24,0.00149000,55.57000000
2018-03-01 15:08:24,0.00148900,3.00000000
2018-03-01 15:08:24,0.00148880,55.59000000
2018-03-01 15:08:24,0.00148870,261.95000000
2018-03-01 15:08:24,0.00148790,250.40000000
2018-03-01 15:08:24,0.00148650,20.00000000
2018-03-01 15:08:24,0.00148640,142.04000000
2018-03-01 15:08:24,0.00148630,31.00000000
2018-03-01 15:08:24,0.00148610,605.10000000
2018-03-01 15:08:24,0.00148600,2688.17000000
2018-03-01 15:08:26,0.00148890,373.54000000
2018-03-01 15:08:27,0.00149100,2.01000000
2018-03-01 15:08:31,0.00148980,55.59000000
2018-03-01 15:08:31,0.00148990,12.06000000
2018-03-01 15:08:33,0.00148690,3.52000000
2018-03-01 15:08:33,0.00148680,3.48000000
2018-03-01 15:08:36,0.00148900,4.99000000
2018-03-01 15:08:36,0.00148910,3.36000000
2018-03-01 15:08:36,0.00148970,1.71000000
2018-03-01 15:08:39,0.00148890,2.28000000
2018-03-01 15:08:41,0.00148890,1.20000000
2018-03-01 15:08:41,0.00148900,14.36000000
2018-03-01 15:08:42,0.00148780,28.01000000
2018-03-01 15:08:46,0.00148840,144.81000000
2018-03-01 15:08:47,0.00148890,0.70000000
2018-03-01 15:08:51,0.00148890,97.34000000
2018-03-01 15:08:54,0.00148900,1.48000000
2018-03-01 15:08:55,0.00148890,103.38000000
2018-03-01 15:08:55,0.00148890,74.98000000
2018-03-01 15:08:55,0.00148820,28.23000000
2018-03-01 15:08:55,0.00148800,69.61000000
2018-03-01 15:08:55,0.00148790,56.25000000
2018-03-01 15:08:55,0.00148780,164.13000000
2018-03-01 15:08:55,0.00148700,143.09000000
2018-03-01 15:08:55,0.00148680,275.36000000
2018-03-01 15:08:55,0.00148670,857.16000000
2018-03-01 15:08:55,0.00148650,7.00000000
2018-03-01 15:08:55,0.00148630,28.08000000
2018-03-01 15:08:55,0.00148610,1203.96000000
2018-03-01 15:08:55,0.00148610,1803.58000000
2018-03-01 15:08:55,0.00148610,84.17000000
2018-03-01 15:08:55,0.00148600,330.25000000
2018-03-01 15:08:55,0.00148530,337.83000000
2018-03-01 15:08:55,0.00148530,90.73000000
2018-03-01 15:08:55,0.00148500,24.73000000
2018-03-01 15:08:55,0.00148500,329.10000000
2018-03-01 15:08:55,0.00148630,3.91000000
2018-03-01 15:08:55,0.00148450,1.41000000
2018-03-01 15:08:55,0.00148630,5.73000000
2018-03-01 15:08:55,0.00148630,5.73000000
2018-03-01 15:08:55,0.00148630,11.82000000
2018-03-01 15:08:58,0.00148630,1.17000000
2018-03-01 15:08:59,0.00148450,48.59000000
2018-03-01 15:08:59,0.00148400,55.36000000
2018-03-01 15:08:59,0.00148630,3.08000000
2018-03-01 15:09:01,0.00148630,1.00000000
2018-03-01 15:09:01,0.00148630,1.48000000
2018-03-01 15:09:02,0.00148460,67.36000000
2018-03-01 15:09:02,0.00148450,5.67000000
2018-03-01 15:09:02,0.00148420,22.63000000
2018-03-01 15:09:02,0.00148400,31.23000000
2018-03-01 15:09:02,0.00148620,116.05000000
2018-03-01 15:09:04,0.00148600,67.36000000
2018-03-01 15:09:04,0.00148610,20.00000000
2018-03-01 15:09:04,0.00148630,89.00000000
2018-03-01 15:09:05,0.00148630,17.22000000
2018-03-01 15:09:06,0.00148680,395.11000000
2018-03-01 15:09:07,0.00148840,14.14000000
2018-03-01 15:09:11,0.00148900,0.84000000
2018-03-01 15:09:19,0.00148760,166.39000000
2018-03-01 15:09:20,0.00148650,14.14000000
2018-03-01 15:09:20,0.00148630,103.23000000
2018-03-01 15:09:22,0.00148800,2.00000000
2018-03-01 15:09:23,0.00148870,13.41000000
2018-03-01 15:09:24,0.00148640,8.68000000
2018-03-01 15:09:25,0.00148870,10.81000000
2018-03-01 15:09:27,0.00148870,8.00000000
2018-03-01 15:09:27,0.00148870,1.30000000
2018-03-01 15:09:27,0.00148640,12.70000000
2018-03-01 15:09:27,0.00148630,87.21000000
2018-03-01 15:09:27,0.00148620,45.73000000
2018-03-01 15:09:27,0.00148500,141.17000000
2018-03-01 15:09:27,0.00148410,3000.00000000
2018-03-01 15:09:27,0.00148410,6.70000000
2018-03-01 15:09:27,0.00148410,8.10000000
2018-03-01 15:09:27,0.00148410,8.00000000
2018-03-01 15:09:27,0.00148410,8.12000000
2018-03-01 15:09:27,0.00148410,8.00000000
2018-03-01 15:09:27,0.00148410,16.82000000
2018-03-01 15:09:27,0.00148410,1.30000000
2018-03-01 15:09:27,0.00148410,725.51000000
2018-03-01 15:09:27,0.00148410,930.64000000
2018-03-01 15:09:28,0.00148860,20.00000000
2018-03-01 15:09:28,0.00148870,22.73000000
2018-03-01 15:09:28,0.00148870,6.70000000
2018-03-01 15:09:28,0.00148880,10.00000000
2018-03-01 15:09:28,0.00148880,20.00000000
2018-03-01 15:09:29,0.00148870,51.05000000
2018-03-01 15:09:31,0.00148880,6.71000000
2018-03-01 15:09:33,0.00148870,20.00000000
2018-03-01 15:09:33,0.00148870,14.65000000
2018-03-01 15:09:36,0.00148860,94.18000000
2018-03-01 15:09:37,0.00148740,416.69000000
2018-03-01 15:09:40,0.00148850,1.34000000
2018-03-01 15:09:43,0.00148850,110.95000000
2018-03-01 15:09:43,0.00148860,2.44000000
2018-03-01 15:09:43,0.00148870,353.99000000
2018-03-01 15:09:43,0.00148870,11.67000000
2018-03-01 15:09:44,0.00148870,10.00000000
2018-03-01 15:09:47,0.00148870,347.27000000
2018-03-01 15:09:50,0.00148870,37.18000000
2018-03-01 15:09:50,0.00148870,34.55000000
2018-03-01 15:09:52,0.00148850,20.73000000
2018-03-01 15:09:52,0.00148860,0.01000000
2018-03-01 15:09:55,0.00148860,218.95000000
2018-03-01 15:09:55,0.00148870,121.07000000
2018-03-01 15:09:55,0.00148900,70.00000000
2018-03-01 15:09:55,0.00148910,187.96000000
2018-03-01 15:09:57,0.00148900,2.92000000
2018-03-01 15:09:59,0.00148970,36.93000000
2018-03-01 15:09:59,0.00149000,67.63000000
2018-03-01 15:09:59,0.00149370,27.00000000
2018-03-01 15:09:59,0.00149390,261.69000000
2018-03-01 15:09:59,0.00149400,6.75000000
2018-03-01 15:10:00,0.00149380,3.00000000
2018-03-01 15:10:02,0.00149370,1.33000000
2018-03-01 15:10:04,0.00149050,5.90000000
2018-03-01 15:10:04,0.00149050,7.59000000
2018-03-01 15:10:04,0.00149050,48.54000000
2018-03-01 15:10:05,0.00149020,2.52000000
2018-03-01 15:10:05,0.00148950,7.20000000
2018-03-01 15:10:06,0.00149270,4.69000000
2018-03-01 15:10:07,0.00148990,1.36000000
2018-03-01 15:10:07,0.00149020,52.86000000
2018-03-01 15:10:07,0.00148940,15.00000000
2018-03-01 15:10:07,0.00148910,202.40000000
2018-03-01 15:10:09,0.00148910,17.87000000
2018-03-01 15:10:09,0.00149000,4.48000000
2018-03-01 15:10:09,0.00149030,2.60000000
2018-03-01 15:10:09,0.00149280,18.51000000
2018-03-01 15:10:09,0.00149300,12.44000000
2018-03-01 15:10:10,0.00149230,303.60000000
2018-03-01 15:10:11,0.00149230,1.67000000
2018-03-01 15:10:14,0.00149080,438.27000000
2018-03-01 15:10:21,0.00148940,56.34000000
2018-03-01 15:10:21,0.00148930,20.14000000
2018-03-01 15:10:21,0.00148910,38.82000000
2018-03-01 15:10:23,0.00148910,740.91000000
2018-03-01 15:10:23,0.00148900,84.33000000
2018-03-01 15:10:23,0.00148870,206.32000000
2018-03-01 15:10:23,0.00148800,17.47000000
2018-03-01 15:10:27,0.00148610,23.00000000
2018-03-01 15:10:27,0.00148600,52.03000000
2018-03-01 15:10:27,0.00149060,4.62000000
2018-03-01 15:10:27,0.00149060,32.52000000
2018-03-01 15:10:27,0.00149070,56.34000000
2018-03-01 15:10:27,0.00149080,38.47000000
2018-03-01 15:10:33,0.00148890,209.54000000
2018-03-01 15:10:36,0.00148950,1.34000000
2018-03-01 15:10:36,0.00148630,20.18000000
2018-03-01 15:10:36,0.00148620,24.30000000
2018-03-01 15:10:36,0.00148600,3.47000000
2018-03-01 15:10:36,0.00148590,55.28000000
2018-03-01 15:10:37,0.00148910,1.35000000
2018-03-01 15:10:39,0.00148790,25.76000000
2018-03-01 15:10:40,0.00148770,1.35000000
2018-03-01 15:10:40,0.00148620,2.13000000
2018-03-01 15:10:41,0.00148760,8.65000000
2018-03-01 15:10:41,0.00148760,8.65000000
2018-03-01 15:10:41,0.00148750,15.02000000
2018-03-01 15:10:42,0.00148740,1.35000000
2018-03-01 15:10:42,0.00148730,6.79000000
2018-03-01 15:10:43,0.00148730,0.42000000
2018-03-01 15:10:43,0.00148740,5.95000000
2018-03-01 15:10:43,0.00148800,2.28000000
2018-03-01 15:10:44,0.00148800,1.35000000
2018-03-01 15:10:47,0.00148790,1.75000000
2018-03-01 15:10:47,0.00148790,5.34000000
2018-03-01 15:10:47,0.00148790,5.35000000
2018-03-01 15:10:47,0.00148790,5.00000000
2018-03-01 15:10:47,0.00148790,24.18000000
2018-03-01 15:10:47,0.00148800,4.99000000
2018-03-01 15:10:47,0.00148780,5.34000000
2018-03-01 15:10:47,0.00148630,6.59000000
2018-03-01 15:10:47,0.00148620,1.23000000
2018-03-01 15:10:47,0.00148600,63.43000000
2018-03-01 15:10:47,0.00148590,633.07000000
2018-03-01 15:10:48,0.00148800,54.70000000
2018-03-01 15:10:50,0.00148640,1.65000000
2018-03-01 15:10:50,0.00148600,55.72000000
2018-03-01 15:10:50,0.00148590,974.15000000
2018-03-01 15:10:50,0.00148520,18.41000000
2018-03-01 15:10:50,0.00148510,411.27000000
2018-03-01 15:10:50,0.00148640,459.37000000
2018-03-01 15:10:52,0.00148780,3.35000000
2018-03-01 15:10:52,0.00148790,56.43000000
2018-03-01 15:10:52,0.00148800,28.25000000
2018-03-01 15:10:54,0.00148800,1.64000000
2018-03-01 15:10:54,0.00148800,1.64000000
2018-03-01 15:10:54,0.00148800,1.64000000
2018-03-01 15:10:54,0.00148800,1.63000000
2018-03-01 15:10:55,0.00148800,0.68000000
2018-03-01 15:10:56,0.00148800,12.15000000
2018-03-01 15:10:57,0.00148800,1.41000000
2018-03-01 15:10:58,0.00148800,8.00000000
2018-03-01 15:10:59,0.00148700,4.33000000
2018-03-01 15:10:59,0.00148700,2.47000000
2018-03-01 15:11:01,0.00148700,2.52000000
2018-03-01 15:11:01,0.00148650,9.61000000
2018-03-01 15:11:01,0.00148650,221.03000000
2018-03-01 15:11:01,0.00148650,9.61000000
2018-03-01 15:11:01,0.00148620,520.09000000
2018-03-01 15:11:01,0.00148620,10.77000000
2018-03-01 15:11:02,0.00148620,25.00000000
2018-03-01 15:11:02,0.00148620,121.13000000
2018-03-01 15:11:04,0.00148620,10.00000000
2018-03-01 15:11:05,0.00148620,8.00000000
2018-03-01 15:11:05,0.00148620,39.85000000
2018-03-01 15:11:06,0.00148620,9.32000000
2018-03-01 15:11:07,0.00148620,1.41000000
2018-03-01 15:11:07,0.00148590,7.57000000
2018-03-01 15:11:08,0.00148700,3.00000000
2018-03-01 15:11:08,0.00148620,13.46000000
2018-03-01 15:11:08,0.00148620,1.41000000
2018-03-01 15:11:11,0.00148590,10.00000000
2018-03-01 15:11:11,0.00148620,12.11000000
2018-03-01 15:11:13,0.00148600,5.42000000
2018-03-01 15:11:14,0.00148600,83.68000000
2018-03-01 15:11:14,0.00148620,140.16000000
2018-03-01 15:11:14,0.00148590,91.13000000
2018-03-01 15:11:14,0.00148510,1.65000000
2018-03-01 15:11:14,0.00148500,113.67000000
2018-03-01 15:11:14,0.00148500,10.83000000
2018-03-01 15:11:15,0.00148500,21.64000000
2018-03-01 15:11:17,0.00148620,28.16000000
2018-03-01 15:11:17,0.00148620,1.41000000
2018-03-01 15:11:17,0.00148620,8.00000000
2018-03-01 15:11:17,0.00148620,20.62000000
2018-03-01 15:11:17,0.00148620,6.70000000
2018-03-01 15:11:17,0.00148620,20.62000000
2018-03-01 15:11:17,0.00148620,20.62000000
2018-03-01 15:11:17,0.00148620,20.00000000
2018-03-01 15:11:18,0.00148590,2.06000000
2018-03-01 15:11:18,0.00148500,106.69000000
2018-03-01 15:11:19,0.00148620,1.41000000
2018-03-01 15:11:20,0.00148620,1.68000000
2018-03-01 15:11:22,0.00148610,1.41000000
2018-03-01 15:11:24,0.00148610,1.41000000
2018-03-01 15:11:25,0.00148610,106.34000000
2018-03-01 15:11:25,0.00148550,252.22000000
2018-03-01 15:11:26,0.00148610,1.41000000
2018-03-01 15:11:28,0.00148610,1.46000000
2018-03-01 15:11:30,0.00148610,8.00000000
2018-03-01 15:11:30,0.00148610,6.83000000
2018-03-01 15:11:30,0.00148610,1.46000000
2018-03-01 15:11:32,0.00148610,1.46000000
2018-03-01 15:11:33,0.00148550,10.86000000
2018-03-01 15:11:33,0.00148610,10.00000000
2018-03-01 15:11:35,0.00148610,1.46000000
2018-03-01 15:11:37,0.00148610,1.46000000
2018-03-01 15:11:38,0.00148550,417.07000000
2018-03-01 15:11:38,0.00148520,6.73000000
2018-03-01 15:11:38,0.00148510,86.76000000
2018-03-01 15:11:38,0.00148500,118.72000000
2018-03-01 15:11:38,0.00148550,5.01000000
2018-03-01 15:11:38,0.00148550,18.48000000
2018-03-01 15:11:38,0.00148610,1.46000000
2018-03-01 15:11:40,0.00148610,8.00000000
2018-03-01 15:11:40,0.00148610,1.46000000
2018-03-01 15:11:41,0.00148610,1.46000000
2018-03-01 15:11:46,0.00148600,1.10000000
2018-03-01 15:11:47,0.00148600,1.08000000
2018-03-01 15:11:48,0.00148600,7.35000000
2018-03-01 15:11:48,0.00148550,8.16000000
2018-03-01 15:11:48,0.00148500,17.57000000
2018-03-01 15:11:50,0.00148600,8.00000000
2018-03-01 15:11:50,0.00148600,6.07000000
2018-03-01 15:11:50,0.00148610,0.07000000
2018-03-01 15:11:51,0.00148500,3.00000000
2018-03-01 15:11:51,0.00148550,273.80000000
2018-03-01 15:11:53,0.00148610,1.46000000
2018-03-01 15:11:56,0.00148510,3.45000000
2018-03-01 15:11:56,0.00148500,168.73000000
2018-03-01 15:11:56,0.00148610,20.18000000
2018-03-01 15:11:57,0.00148610,75.42000000
2018-03-01 15:11:57,0.00148610,3.74000000
2018-03-01 15:12:00,0.00148610,21.03000000
2018-03-01 15:12:03,0.00148550,45.07000000
2018-03-01 15:12:03,0.00148610,5.99000000
2018-03-01 15:12:05,0.00148610,22.96000000
2018-03-01 15:12:07,0.00148510,4.72000000
2018-03-01 15:12:09,0.00148610,8.00000000
2018-03-01 15:12:10,0.00148520,5.38000000
2018-03-01 15:12:10,0.00148510,0.62000000
2018-03-01 15:12:10,0.00148610,35.00000000
2018-03-01 15:12:11,0.00148550,2.85000000
2018-03-01 15:12:11,0.00148520,2.15000000
2018-03-01 15:12:11,0.00148510,45.07000000
2018-03-01 15:12:12,0.00148610,6.72000000
2018-03-01 15:12:13,0.00148530,21.00000000
2018-03-01 15:12:13,0.00148510,29.00000000
2018-03-01 15:12:15,0.00148540,13.39000000
2018-03-01 15:12:15,0.00148510,15.33000000
2018-03-01 15:12:17,0.00148610,37.92000000
2018-03-01 15:12:17,0.00148610,2.84000000
2018-03-01 15:12:20,0.00148780,20.98000000
2018-03-01 15:12:20,0.00148800,3.02000000
2018-03-01 15:12:20,0.00148800,6.70000000
2018-03-01 15:12:20,0.00148800,9.42000000
2018-03-01 15:12:20,0.00148660,295.38000000
2018-03-01 15:12:23,0.00148800,0.87000000
2018-03-01 15:12:25,0.00148610,9.44000000
2018-03-01 15:12:25,0.00148610,1.46000000
2018-03-01 15:12:25,0.00148610,4.54000000
2018-03-01 15:12:28,0.00148610,3.17000000
2018-03-01 15:12:32,0.00148520,28.51000000
2018-03-01 15:12:32,0.00148610,8.00000000
2018-03-01 15:12:32,0.00148610,3.36000000
2018-03-01 15:12:34,0.00148610,3.56000000
2018-03-01 15:12:35,0.00148800,6.70000000
2018-03-01 15:12:35,0.00148800,18.45000000
2018-03-01 15:12:35,0.00148810,20.18000000
2018-03-01 15:12:35,0.00148880,26.35000000
2018-03-01 15:12:35,0.00149000,30.64000000
2018-03-01 15:12:35,0.00149040,49.95000000
2018-03-01 15:12:36,0.00148920,17.30000000
2018-03-01 15:12:36,0.00148900,7.00000000
2018-03-01 15:12:37,0.00149210,6.23000000
2018-03-01 15:12:37,0.00149100,6.73000000
2018-03-01 15:12:38,0.00148850,6.71000000
2018-03-01 15:12:38,0.00148830,13.67000000
2018-03-01 15:12:39,0.00148940,3.33000000
2018-03-01 15:12:39,0.00149190,0.80000000
2018-03-01 15:12:40,0.00149190,0.80000000
2018-03-01 15:12:41,0.00149010,66.65000000
2018-03-01 15:12:41,0.00149190,1.46000000
2018-03-01 15:12:41,0.00148900,2.96000000
2018-03-01 15:12:41,0.00148880,20.15000000
2018-03-01 15:12:41,0.00148870,3.73000000
2018-03-01 15:12:41,0.00148840,1.60000000
2018-03-01 15:12:42,0.00149180,6.34000000
2018-03-01 15:12:42,0.00149180,1.10000000
2018-03-01 15:12:42,0.00149170,3.85000000
2018-03-01 15:12:47,0.00149130,8.00000000
2018-03-01 15:12:47,0.00149130,20.15000000
2018-03-01 15:12:47,0.00149170,31.49000000
2018-03-01 15:12:47,0.00149210,13.00000000
2018-03-01 15:12:48,0.00149170,42.36000000
2018-03-01 15:12:50,0.00148910,21.53000000
2018-03-01 15:12:51,0.00148910,45.63000000
2018-03-01 15:12:51,0.00148910,20.14000000
2018-03-01 15:12:51,0.00148900,26.31000000
2018-03-01 15:12:52,0.00148860,0.01000000
2018-03-01 15:12:52,0.00149190,8.39000000
2018-03-01 15:12:55,0.00148980,316.95000000
2018-03-01 15:12:55,0.00148850,1.00000000
2018-03-01 15:12:56,0.00149090,6.25000000
2018-03-01 15:12:57,0.00149070,23.55000000
2018-03-01 15:12:58,0.00149060,1.08000000
2018-03-01 15:12:59,0.00149050,1.08000000
2018-03-01 15:12:59,0.00149050,1.08000000
2018-03-01 15:12:59,0.00149040,1.08000000
2018-03-01 15:13:01,0.00149000,225.09000000
2018-03-01 15:13:01,0.00148860,5.26000000
2018-03-01 15:13:01,0.00148970,1.08000000
2018-03-01 15:13:02,0.00148960,1.08000000
2018-03-01 15:13:02,0.00148950,34.11000000
2018-03-01 15:13:03,0.00148940,8.38000000
2018-03-01 15:13:04,0.00149000,8.33000000
2018-03-01 15:13:06,0.00148920,87.75000000
2018-03-01 15:13:09,0.00148920,3.00000000
2018-03-01 15:13:10,0.00148920,15.00000000
2018-03-01 15:13:11,0.00148850,37.50000000
2018-03-01 15:13:11,0.00148830,55.87000000
2018-03-01 15:13:11,0.00148800,17.03000000
2018-03-01 15:13:12,0.00148980,1.08000000
2018-03-01 15:13:13,0.00148850,2.48000000
2018-03-01 15:13:14,0.00148990,0.01000000
2018-03-01 15:13:14,0.00148990,81.51000000
2018-03-01 15:13:14,0.00148990,1.08000000
2018-03-01 15:13:15,0.00148980,12.81000000
2018-03-01 15:13:16,0.00148980,37.92000000
2018-03-01 15:13:18,0.00148980,1.08000000
2018-03-01 15:13:19,0.00148980,1.08000000
2018-03-01 15:13:20,0.00148970,1.73000000
2018-03-01 15:13:21,0.00148970,1.73000000
2018-03-01 15:13:22,0.00148970,1.73000000
2018-03-01 15:13:22,0.00148670,6.18000000
2018-03-01 15:13:22,0.00148980,1.08000000
2018-03-01 15:13:23,0.00148970,1.73000000
2018-03-01 15:13:23,0.00148820,338.05000000
2018-03-01 15:13:23,0.00148970,5.11000000
2018-03-01 15:13:23,0.00148980,142.72000000
2018-03-01 15:13:24,0.00149000,81.62000000
2018-03-01 15:13:25,0.00148970,55.71000000
2018-03-01 15:13:26,0.00148840,56.40000000
2018-03-01 15:13:26,0.00148830,13.82000000
2018-03-01 15:13:26,0.00148820,338.05000000
2018-03-01 15:13:26,0.00148720,3.14000000
2018-03-01 15:13:26,0.00148660,86.21000000
2018-03-01 15:13:26,0.00148610,32.26000000
2018-03-01 15:13:26,0.00148580,10.00000000
2018-03-01 15:13:26,0.00148520,100.13000000
2018-03-01 15:13:26,0.00148510,96.20000000
2018-03-01 15:13:26,0.00148510,49.00000000
2018-03-01 15:13:26,0.00148510,6.70000000
2018-03-01 15:13:26,0.00148510,8.09000000
2018-03-01 15:13:26,0.00148970,55.70000000
2018-03-01 15:13:27,0.00148620,6.70000000
2018-03-01 15:13:35,0.00148800,109.32000000
2018-03-01 15:13:39,0.00148800,3.39000000
2018-03-01 15:13:39,0.00148650,8.76000000
2018-03-01 15:13:39,0.00148550,66.38000000
2018-03-01 15:13:40,0.00148940,20.00000000
2018-03-01 15:13:40,0.00148940,6.76000000
2018-03-01 15:13:40,0.00148950,4.21000000
2018-03-01 15:13:41,0.00148950,1.00000000
2018-03-01 15:13:44,0.00148950,3.72000000
2018-03-01 15:13:47,0.00148800,167.80000000
2018-03-01 15:13:49,0.00148660,20.00000000
2018-03-01 15:13:49,0.00148650,6.75000000
2018-03-01 15:13:51,0.00148610,12.81000000
2018-03-01 15:13:51,0.00148610,12.81000000
2018-03-01 15:13:51,0.00148610,13.00000000
2018-03-01 15:13:51,0.00148610,33.64000000
2018-03-01 15:13:52,0.00148610,87.87000000
2018-03-01 15:13:52,0.00148610,45.17000000
2018-03-01 15:13:57,0.00148580,1.00000000
2018-03-01 15:13:58,0.00148870,1.45000000
2018-03-01 15:14:02,0.00148860,1.00000000
2018-03-01 15:14:02,0.00148870,21.67000000
2018-03-01 15:14:03,0.00148870,44.35000000
2018-03-01 15:14:04,0.00148870,22.67000000
2018-03-01 15:14:04,0.00148600,40.00000000
2018-03-01 15:14:04,0.00148590,6.59000000
2018-03-01 15:14:04,0.00148580,115.61000000
2018-03-01 15:14:04,0.00148570,55.87000000
2018-03-01 15:14:04,0.00148550,183.62000000
2018-03-01 15:14:04,0.00148500,75.64000000
2018-03-01 15:14:04,0.00148510,22.96000000
2018-03-01 15:14:08,0.00148690,384.08000000
2018-03-01 15:14:08,0.00148680,6.74000000
2018-03-01 15:14:08,0.00148680,2.70000000
2018-03-01 15:14:09,0.00148550,7.00000000
2018-03-01 15:14:10,0.00148660,1.46000000
2018-03-01 15:14:12,0.00148660,2.70000000
2018-03-01 15:14:14,0.00148530,1.81000000
2018-03-01 15:14:14,0.00148660,9.37000000
2018-03-01 15:14:14,0.00148670,20.00000000
2018-03-01 15:14:14,0.00148860,13.45000000
2018-03-01 15:14:14,0.00148880,136.98000000
2018-03-01 15:14:14,0.00148950,115.66000000
2018-03-01 15:14:15,0.00148950,24.16000000
2018-03-01 15:14:16,0.00148600,7.00000000
2018-03-01 15:14:16,0.00148540,94.80000000
2018-03-01 15:14:16,0.00148500,210.20000000
2018-03-01 15:14:16,0.00148490,154.25000000
2018-03-01 15:14:16,0.00148450,35.00000000
2018-03-01 15:14:16,0.00148440,13.39000000
2018-03-01 15:14:16,0.00148400,3.00000000
2018-03-01 15:14:16,0.00148350,615.23000000
2018-03-01 15:14:16,0.00148340,435.44000000
2018-03-01 15:14:16,0.00148250,125.83000000
2018-03-01 15:14:18,0.00148870,1.48000000
2018-03-01 15:14:18,0.00148530,1.00000000
2018-03-01 15:14:18,0.00148530,3.70000000
2018-03-01 15:14:18,0.00148800,2.41000000
2018-03-01 15:14:19,0.00148850,6.04000000
2018-03-01 15:14:23,0.00148500,5.01000000
2018-03-01 15:14:23,0.00148480,1.46000000
2018-03-01 15:14:23,0.00148400,4.59000000
2018-03-01 15:14:23,0.00148470,19.12000000
2018-03-01 15:14:24,0.00148470,17.91000000
2018-03-01 15:14:24,0.00148470,5.01000000
2018-03-01 15:14:24,0.00148310,5.00000000
2018-03-01 15:14:26,0.00148430,5.01000000
2018-03-01 15:14:27,0.00148410,12.74000000
2018-03-01 15:14:27,0.00148420,0.53000000
2018-03-01 15:14:27,0.00148420,2.70000000
2018-03-01 15:14:27,0.00148410,7.49000000
2018-03-01 15:14:27,0.00148480,15.31000000
2018-03-01 15:14:27,0.00148490,27.33000000
2018-03-01 15:14:27,0.00148500,75.70000000
2018-03-01 15:14:28,0.00148320,0.81000000
2018-03-01 15:14:28,0.00148310,20.19000000
2018-03-01 15:14:28,0.00148500,5.01000000
2018-03-01 15:14:28,0.00148500,0.05000000
2018-03-01 15:14:29,0.00148400,186.44000000
2018-03-01 15:14:30,0.00148500,250.91000000
2018-03-01 15:14:30,0.00148800,5.01000000
2018-03-01 15:14:34,0.00148450,20.39000000
2018-03-01 15:14:37,0.00148780,40.31000000
2018-03-01 15:14:38,0.00148780,40.00000000
2018-03-01 15:14:38,0.00148780,17.84000000
2018-03-01 15:14:39,0.00148780,149.85000000
2018-03-01 15:14:40,0.00148780,5.82000000
2018-03-01 15:14:40,0.00148620,20.39000000
2018-03-01 15:14:40,0.00148630,382.33000000
2018-03-01 15:14:41,0.00148630,20.39000000
2018-03-01 15:14:41,0.00148800,3.61000000
2018-03-01 15:14:44,0.00148780,41.82000000
2018-03-01 15:14:44,0.00148470,6.58000000
2018-03-01 15:14:45,0.00148470,15.27000000
2018-03-01 15:14:47,0.00148470,33.93000000
2018-03-01 15:14:48,0.00148470,5.01000000
2018-03-01 15:14:50,0.00148470,5.01000000
2018-03-01 15:14:50,0.00148470,17.37000000
2018-03-01 15:14:52,0.00148470,5.01000000
2018-03-01 15:14:52,0.00148470,70.00000000
2018-03-01 15:14:53,0.00148500,8.00000000
2018-03-01 15:14:53,0.00148470,205.09000000
2018-03-01 15:14:55,0.00148500,1.08000000
2018-03-01 15:14:55,0.00148500,5.01000000
2018-03-01 15:14:56,0.00148500,38.49000000
2018-03-01 15:14:57,0.00148500,13.17000000
2018-03-01 15:14:57,0.00148500,5.01000000
2018-03-01 15:14:57,0.00148460,49.90000000
2018-03-01 15:14:57,0.00148430,4.02000000
2018-03-01 15:14:57,0.00148330,76.73000000
2018-03-01 15:14:57,0.00148320,13.68000000
2018-03-01 15:14:57,0.00148310,102.47000000
2018-03-01 15:14:59,0.00148500,5.01000000
2018-03-01 15:14:59,0.00148330,18.00000000
2018-03-01 15:14:59,0.00148320,62.32000000
2018-03-01 15:14:59,0.00148310,91.17000000
2018-03-01 15:15:01,0.00148490,17.91000000
2018-03-01 15:15:01,0.00148490,33.67000000
2018-03-01 15:15:01,0.00148490,2.46000000
2018-03-01 15:15:02,0.00148470,29.67000000
2018-03-01 15:15:02,0.00148490,2.47000000
2018-03-01 15:15:03,0.00148500,5.01000000
2018-03-01 15:15:04,0.00148500,33.67000000
2018-03-01 15:15:04,0.00148360,7.08000000
2018-03-01 15:15:04,0.00148500,19.76000000
2018-03-01 15:15:05,0.00148500,186.89000000
2018-03-01 15:15:05,0.00148500,8.00000000
2018-03-01 15:15:05,0.00148500,5.01000000
2018-03-01 15:15:06,0.00148500,11.08000000
2018-03-01 15:15:06,0.00148500,3.49000000
2018-03-01 15:15:07,0.00148500,37.88000000
2018-03-01 15:15:07,0.00148500,5.01000000
2018-03-01 15:15:07,0.00148360,1.91000000
2018-03-01 15:15:07,0.00148330,16.49000000
2018-03-01 15:15:07,0.00148500,76.67000000
2018-03-01 15:15:08,0.00148500,12.63000000
2018-03-01 15:15:09,0.00148500,3.05000000
2018-03-01 15:15:10,0.00148330,40.02000000
2018-03-01 15:15:10,0.00148320,422.19000000
2018-03-01 15:15:10,0.00148310,575.68000000
2018-03-01 15:15:10,0.00148250,718.53000000
2018-03-01 15:15:10,0.00148240,186.70000000
2018-03-01 15:15:10,0.00148240,6.12000000
2018-03-01 15:15:10,0.00148240,45.73000000
2018-03-01 15:15:10,0.00148240,2.60000000
2018-03-01 15:15:10,0.00148240,0.70000000
2018-03-01 15:15:10,0.00148240,33.59000000
2018-03-01 15:15:11,0.00148240,2.60000000
2018-03-01 15:15:11,0.00148240,32.78000000
2018-03-01 15:15:11,0.00148240,432.76000000
2018-03-01 15:15:11,0.00148500,1.53000000
2018-03-01 15:15:12,0.00148360,7.04000000
2018-03-01 15:15:17,0.00148230,24.17000000
2018-03-01 15:15:17,0.00148490,46.01000000
2018-03-01 15:15:17,0.00148500,116.19000000
2018-03-01 15:15:17,0.00148620,20.22000000
2018-03-01 15:15:17,0.00148780,8.57000000
2018-03-01 15:15:17,0.00148800,17.73000000
2018-03-01 15:15:17,0.00148860,1.25000000
2018-03-01 15:15:18,0.00148470,10.65000000
2018-03-01 15:15:22,0.00148470,0.76000000
2018-03-01 15:15:22,0.00148250,162.88000000
2018-03-01 15:15:22,0.00148230,403.52000000
2018-03-01 15:15:22,0.00148210,34.37000000
2018-03-01 15:15:22,0.00148200,26.59000000
2018-03-01 15:15:22,0.00148170,20.24000000
2018-03-01 15:15:22,0.00148150,5.00000000
2018-03-01 15:15:22,0.00148140,100.36000000
2018-03-01 15:15:22,0.00148100,513.91000000
2018-03-01 15:15:22,0.00148080,1.36000000
2018-03-01 15:15:22,0.00148050,50.00000000
2018-03-01 15:15:22,0.00148040,13.39000000
2018-03-01 15:15:22,0.00148020,120.00000000
2018-03-01 15:15:22,0.00148010,3.00000000
2018-03-01 15:15:22,0.00148000,1319.36000000
2018-03-01 15:15:22,0.00148000,31.28000000
2018-03-01 15:15:22,0.00148000,98.47000000
2018-03-01 15:15:22,0.00148000,93.60000000
2018-03-01 15:15:22,0.00148000,412.13000000
2018-03-01 15:15:22,0.00148000,24.44000000
2018-03-01 15:15:22,0.00148000,56.00000000
2018-03-01 15:15:22,0.00148000,6.64000000
2018-03-01 15:15:22,0.00148000,6.73000000
2018-03-01 15:15:22,0.00148000,6.74000000
2018-03-01 15:15:22,0.00148000,21.42000000
2018-03-01 15:15:23,0.00148000,4.58000000
2018-03-01 15:15:23,0.00148000,483.52000000
2018-03-01 15:15:23,0.00148270,2.54000000
2018-03-01 15:15:23,0.00147990,38.64000000
2018-03-01 15:15:23,0.00147980,14.82000000
2018-03-01 15:15:25,0.00148430,6.69000000
2018-03-01 15:15:29,0.00148280,223.32000000
2018-03-01 15:15:31,0.00148140,47.25000000
2018-03-01 15:15:34,0.00148140,15.07000000
2018-03-01 15:15:34,0.00148450,24.00000000
2018-03-01 15:15:37,0.00148450,38.32000000
2018-03-01 15:15:37,0.00148430,2.00000000
2018-03-01 15:15:37,0.00148130,422.66000000
2018-03-01 15:15:37,0.00148000,48.31000000
2018-03-01 15:15:37,0.00147980,28.77000000
2018-03-01 15:15:37,0.00147950,18.03000000
2018-03-01 15:15:37,0.00147940,13.39000000
2018-03-01 15:15:37,0.00147900,145.65000000
2018-03-01 15:15:37,0.00147890,50.00000000
2018-03-01 15:15:37,0.00147870,4.19000000
2018-03-01 15:15:37,0.00147850,9.85000000
2018-03-01 15:15:37,0.00147840,19.66000000
2018-03-01 15:15:37,0.00147800,1657.62000000
2018-03-01 15:15:37,0.00147800,317.31000000
2018-03-01 15:15:37,0.00147800,6.58000000
2018-03-01 15:15:37,0.00147800,6.58000000
2018-03-01 15:15:37,0.00147800,4.32000000
2018-03-01 15:15:37,0.00147800,1.33000000
2018-03-01 15:15:37,0.00147800,3.00000000
2018-03-01 15:15:38,0.00147800,5.69000000
2018-03-01 15:15:38,0.00147800,235.06000000
2018-03-01 15:15:38,0.00147860,28.81000000
2018-03-01 15:15:40,0.00147930,0.72000000
2018-03-01 15:15:41,0.00148010,10.05000000
2018-03-01 15:15:42,0.00148030,56.87000000
2018-03-01 15:15:42,0.00148020,20.00000000
2018-03-01 15:15:42,0.00148000,7.00000000
2018-03-01 15:15:42,0.00147940,7.32000000
2018-03-01 15:15:42,0.00147850,50.00000000
2018-03-01 15:15:42,0.00147850,17.64000000
2018-03-01 15:15:42,0.00147860,32.36000000
2018-03-01 15:15:42,0.00147860,4.42000000
2018-03-01 15:15:43,0.00148300,7.00000000
2018-03-01 15:15:43,0.00148390,47.32000000
2018-03-01 15:15:43,0.00148400,6.58000000
2018-03-01 15:15:43,0.00148410,13.55000000
2018-03-01 15:15:43,0.00148430,1.97000000
2018-03-01 15:15:43,0.00148440,50.02000000
2018-03-01 15:15:43,0.00148450,37.76000000
2018-03-01 15:15:43,0.00148680,5.00000000
2018-03-01 15:15:43,0.00148850,29.13000000
2018-03-01 15:15:44,0.00148310,25.68000000
2018-03-01 15:15:44,0.00147800,1.19000000
2018-03-01 15:15:46,0.00148840,1.19000000
2018-03-01 15:15:48,0.00148310,2.61000000
2018-03-01 15:15:48,0.00148100,7.00000000
2018-03-01 15:15:48,0.00148060,47.33000000
2018-03-01 15:15:48,0.00148040,13.51000000
2018-03-01 15:15:49,0.00148050,1.78000000
2018-03-01 15:15:49,0.00148400,1.68000000
2018-03-01 15:15:49,0.00148390,6.73000000
2018-03-01 15:15:50,0.00148380,3.57000000
2018-03-01 15:15:50,0.00148300,3.50000000
2018-03-01 15:15:50,0.00148300,1.82000000
2018-03-01 15:15:51,0.00148350,6.73000000
2018-03-01 15:15:53,0.00148310,1.78000000
2018-03-01 15:15:53,0.00148320,4.96000000
2018-03-01 15:15:53,0.00148320,11.47000000
2018-03-01 15:15:53,0.00148450,12.53000000
2018-03-01 15:15:56,0.00148300,1.35000000
2018-03-01 15:15:57,0.00148150,10.25000000
2018-03-01 15:15:57,0.00148150,2.78000000
2018-03-01 15:15:59,0.00148230,4.97000000
2018-03-01 15:15:59,0.00148150,13.97000000
2018-03-01 15:15:59,0.00148140,20.20000000
2018-03-01 15:16:00,0.00148120,241.96000000
2018-03-01 15:16:04,0.00147950,1.75000000
2018-03-01 15:16:04,0.00147950,10.00000000
2018-03-01 15:16:05,0.00148230,5.79000000
2018-03-01 15:16:07,0.00147980,5.40000000
2018-03-01 15:16:07,0.00147950,1.69000000
2018-03-01 15:16:07,0.00147940,5.96000000
2018-03-01 15:16:09,0.00147940,7.33000000
2018-03-01 15:16:09,0.00147950,19.10000000
2018-03-01 15:16:09,0.00148240,4.90000000
2018-03-01 15:16:11,0.00147950,7.20000000
2018-03-01 15:16:14,0.00148260,1.42000000
2018-03-01 15:16:15,0.00147950,19.14000000
2018-03-01 15:16:17,0.00147950,41.25000000
2018-03-01 15:16:17,0.00147940,90.18000000
2018-03-01 15:16:17,0.00147940,300.18000000
2018-03-01 15:16:17,0.00147800,20.00000000
2018-03-01 15:16:17,0.00147770,449.50000000
2018-03-01 15:16:17,0.00147770,1.47000000
2018-03-01 15:16:18,0.00147760,0.88000000
2018-03-01 15:16:18,0.00147760,5.03000000
2018-03-01 15:16:18,0.00147760,1.01000000
2018-03-01 15:16:19,0.00147750,18.02000000
2018-03-01 15:16:19,0.00147740,51.22000000
2018-03-01 15:16:20,0.00147760,0.93000000
2018-03-01 15:16:21,0.00147760,1.69000000
2018-03-01 15:16:21,0.00147760,1.35000000
2018-03-01 15:16:21,0.00147760,1.02000000
2018-03-01 15:16:22,0.00147760,4.06000000
2018-03-01 15:16:22,0.00147760,1.69000000
2018-03-01 15:16:22,0.00147760,49.93000000
2018-03-01 15:16:22,0.00148000,8.00000000
2018-03-01 15:16:25,0.00148000,62.23000000
2018-03-01 15:16:27,0.00148000,17.98000000
2018-03-01 15:16:27,0.00148000,1.89000000
2018-03-01 15:16:27,0.00148000,1.49000000
2018-03-01 15:16:28,0.00148000,0.81000000
2018-03-01 15:16:28,0.00147820,39.96000000
2018-03-01 15:16:28,0.00148000,76.37000000
2018-03-01 15:16:28,0.00148000,6.49000000
2018-03-01 15:16:29,0.00148000,16.86000000
2018-03-01 15:16:29,0.00148000,48.75000000
2018-03-01 15:16:31,0.00148100,0.95000000
2018-03-01 15:16:32,0.00148100,1.69000000
2018-03-01 15:16:33,0.00148100,2.30000000
2018-03-01 15:16:34,0.00148100,24.70000000
2018-03-01 15:16:34,0.00148100,2.23000000
2018-03-01 15:16:34,0.00148100,2.03000000
2018-03-01 15:16:35,0.00148100,9.93000000
2018-03-01 15:16:36,0.00148100,4.66000000
2018-03-01 15:16:36,0.00148000,0.50000000
2018-03-01 15:16:37,0.00148100,3.85000000
2018-03-01 15:16:37,0.00148100,1.69000000
2018-03-01 15:16:37,0.00148000,90.04000000
2018-03-01 15:16:37,0.00148100,3.38000000
2018-03-01 15:16:39,0.00148040,260.61000000
2018-03-01 15:16:40,0.00148000,7.62000000
2018-03-01 15:16:40,0.00147900,1.00000000
2018-03-01 15:16:40,0.00147800,29.01000000
2018-03-01 15:16:41,0.00147800,279.55000000
2018-03-01 15:16:41,0.00147770,83.40000000
2018-03-01 15:16:41,0.00147740,38.13000000
2018-03-01 15:16:41,0.00147700,24.59000000
2018-03-01 15:16:41,0.00147690,36.95000000
2018-03-01 15:16:41,0.00147680,572.19000000
2018-03-01 15:16:41,0.00147640,62.48000000
2018-03-01 15:16:41,0.00147630,19.08000000
2018-03-01 15:16:41,0.00147610,26.91000000
2018-03-01 15:16:41,0.00147680,3.25000000
2018-03-01 15:16:41,0.00147680,14.00000000
2018-03-01 15:16:41,0.00147680,54.59000000
2018-03-01 15:16:41,0.00147680,8.00000000
2018-03-01 15:16:42,0.00147610,17.00000000
2018-03-01 15:16:44,0.00147680,93.33000000
2018-03-01 15:16:45,0.00147680,4.06000000
2018-03-01 15:16:46,0.00147610,39.20000000
2018-03-01 15:16:47,0.00147680,1.69000000
2018-03-01 15:16:47,0.00147680,66.62000000
2018-03-01 15:16:47,0.00147680,3.39000000
2018-03-01 15:16:49,0.00147680,96.63000000
2018-03-01 15:16:49,0.00147680,100.32000000
2018-03-01 15:16:50,0.00147640,7.39000000
2018-03-01 15:16:50,0.00147630,14.00000000
2018-03-01 15:16:50,0.00147610,35.55000000
2018-03-01 15:16:50,0.00147600,43.19000000
2018-03-01 15:16:50,0.00147600,9.08000000
2018-03-01 15:16:51,0.00147680,6.75000000
2018-03-01 15:16:52,0.00147610,4.02000000
2018-03-01 15:16:52,0.00147600,114.52000000
2018-03-01 15:16:53,0.00147670,7.39000000
2018-03-01 15:16:53,0.00147680,0.61000000
2018-03-01 15:16:54,0.00147610,60.77000000
2018-03-01 15:16:54,0.00147600,839.23000000
2018-03-01 15:16:54,0.00147600,21.18000000
2018-03-01 15:16:54,0.00147580,10.00000000
2018-03-01 15:16:54,0.00147560,119.43000000
2018-03-01 15:16:54,0.00147540,13.39000000
2018-03-01 15:16:54,0.00147520,6.09000000
2018-03-01 15:16:55,0.00147510,2.00000000
2018-03-01 15:16:56,0.00147600,5.01000000
2018-03-01 15:16:56,0.00147600,0.09000000
2018-03-01 15:16:56,0.00147520,4.73000000
2018-03-01 15:16:56,0.00147600,46.39000000
2018-03-01 15:16:56,0.00147520,25.11000000
2018-03-01 15:16:56,0.00147510,134.06000000
2018-03-01 15:16:56,0.00147600,13.54000000
2018-03-01 15:16:57,0.00147600,12.00000000
2018-03-01 15:16:57,0.00147600,1.95000000
2018-03-01 15:16:57,0.00147600,5.01000000
2018-03-01 15:16:57,0.00147600,2.03000000
2018-03-01 15:16:58,0.00147520,30.74000000
2018-03-01 15:16:58,0.00147520,0.01000000
2018-03-01 15:16:59,0.00147520,12.73000000
2018-03-01 15:16:59,0.00147600,25.80000000
2018-03-01 15:17:00,0.00147630,62.97000000
2018-03-01 15:17:01,0.00147600,68.16000000
2018-03-01 15:17:01,0.00147510,26.64000000
2018-03-01 15:17:01,0.00147500,542.11000000
2018-03-01 15:17:01,0.00147500,19.36000000
2018-03-01 15:17:01,0.00147500,20.21000000
2018-03-01 15:17:01,0.00147500,2.04000000
2018-03-01 15:17:01,0.00147500,54.28000000
2018-03-01 15:17:02,0.00147490,2.61000000
2018-03-01 15:17:02,0.00147490,47.39000000
2018-03-01 15:17:02,0.00147470,14.79000000
2018-03-01 15:17:02,0.00147440,16.14000000
2018-03-01 15:17:02,0.00147430,10.15000000
2018-03-01 15:17:02,0.00147420,1.50000000
2018-03-01 15:17:02,0.00147410,0.17000000
2018-03-01 15:17:02,0.00147410,12.08000000
2018-03-01 15:17:02,0.00147500,5.89000000
2018-03-01 15:17:02,0.00147500,3.27000000
2018-03-01 15:17:04,0.00147410,28.43000000
2018-03-01 15:17:04,0.00147400,16.14000000
2018-03-01 15:17:04,0.00147400,0.19000000
2018-03-01 15:17:04,0.00147500,80.62000000
2018-03-01 15:17:05,0.00147500,13.43000000
2018-03-01 15:17:05,0.00147500,33.89000000
2018-03-01 15:17:06,0.00147500,2.86000000
2018-03-01 15:17:06,0.00147370,0.75000000
2018-03-01 15:17:06,0.00147350,2.64000000
2018-03-01 15:17:06,0.00147350,36.86000000
2018-03-01 15:17:06,0.00147350,67.71000000
2018-03-01 15:17:06,0.00147340,2.12000000
2018-03-01 15:17:07,0.00147370,0.56000000
2018-03-01 15:17:07,0.00147500,14.76000000
2018-03-01 15:17:07,0.00147340,11.27000000
2018-03-01 15:17:07,0.00147320,138.08000000
2018-03-01 15:17:07,0.00147300,0.75000000
2018-03-01 15:17:07,0.00147260,0.75000000
2018-03-01 15:17:07,0.00147240,11.15000000
2018-03-01 15:17:07,0.00147240,6.26000000
2018-03-01 15:17:08,0.00147190,4.29000000
2018-03-01 15:17:08,0.00147160,16.00000000
2018-03-01 15:17:08,0.00147140,13.39000000
2018-03-01 15:17:08,0.00147120,2.44000000
2018-03-01 15:17:08,0.00147100,43.37000000
2018-03-01 15:17:08,0.00147200,33.96000000
2018-03-01 15:17:09,0.00147200,1.30000000
2018-03-01 15:17:09,0.00147200,6.77000000
2018-03-01 15:17:09,0.00147100,1.09000000
2018-03-01 15:17:10,0.00147100,22.55000000
2018-03-01 15:17:11,0.00147100,79.78000000
2018-03-01 15:17:11,0.00147090,4.67000000
2018-03-01 15:17:11,0.00147080,2.53000000
2018-03-01 15:17:11,0.00147040,2.12000000
2018-03-01 15:17:11,0.00147020,1.38000000
2018-03-01 15:17:11,0.00147010,24.63000000
2018-03-01 15:17:11,0.00147000,299.23000000
2018-03-01 15:17:11,0.00147200,73.46000000
2018-03-01 15:17:11,0.00147260,5.01000000
2018-03-01 15:17:12,0.00147260,29.88000000
2018-03-01 15:17:12,0.00147020,14.00000000
2018-03-01 15:17:12,0.00147010,183.91000000
2018-03-01 15:17:13,0.00147260,9.00000000
2018-03-01 15:17:13,0.00147260,5.01000000
2018-03-01 15:17:14,0.00147240,12.45000000
2018-03-01 15:17:16,0.00147240,2.54000000
2018-03-01 15:17:16,0.00147260,249.75000000
2018-03-01 15:17:17,0.00147500,1.47000000
2018-03-01 15:17:18,0.00147500,0.68000000
2018-03-01 15:17:18,0.00147500,1.42000000
2018-03-01 15:17:19,0.00147500,1.36000000
2018-03-01 15:17:19,0.00147500,5.42000000
2018-03-01 15:17:19,0.00147500,1.47000000
2018-03-01 15:17:19,0.00147500,1.69000000
2018-03-01 15:17:19,0.00147500,11.13000000
2018-03-01 15:17:19,0.00147500,0.68000000
2018-03-01 15:17:20,0.00147500,3.39000000
2018-03-01 15:17:20,0.00147500,3.32000000
2018-03-01 15:17:20,0.00147500,1.47000000
2018-03-01 15:17:20,0.00147260,0.68000000
2018-03-01 15:17:21,0.00147260,3.32000000
2018-03-01 15:17:21,0.00147500,3.46000000
2018-03-01 15:17:21,0.00147230,14.00000000
2018-03-01 15:17:21,0.00147220,16.55000000
2018-03-01 15:17:21,0.00147500,92.49000000
2018-03-01 15:17:21,0.00147350,10.20000000
2018-03-01 15:17:21,0.00147350,269.05000000
2018-03-01 15:17:22,0.00147500,24.00000000
2018-03-01 15:17:22,0.00147500,5.00000000
2018-03-01 15:17:23,0.00147500,5.08000000
2018-03-01 15:17:23,0.00147500,20.34000000
2018-03-01 15:17:23,0.00147350,2.20000000
2018-03-01 15:17:23,0.00147500,2.17000000
2018-03-01 15:17:24,0.00147500,6.76000000
2018-03-01 15:17:24,0.00147500,2.37000000
2018-03-01 15:17:24,0.00147500,1.25000000
2018-03-01 15:17:24,0.00147500,13.66000000
2018-03-01 15:17:26,0.00147500,1.25000000
2018-03-01 15:17:26,0.00147500,5.42000000
2018-03-01 15:17:27,0.00147500,3.39000000
2018-03-01 15:17:28,0.00147360,3.39000000
2018-03-01 15:17:28,0.00147350,5.04000000
2018-03-01 15:17:28,0.00147500,1.49000000
2018-03-01 15:17:29,0.00147500,4.07000000
2018-03-01 15:17:30,0.00147500,20.00000000
2018-03-01 15:17:30,0.00147500,2.03000000
2018-03-01 15:17:32,0.00147500,6.44000000
2018-03-01 15:17:33,0.00147490,0.68000000
2018-03-01 15:17:34,0.00147490,1.86000000
2018-03-01 15:17:34,0.00147500,6.14000000
2018-03-01 15:17:36,0.00147500,13.56000000
2018-03-01 15:17:37,0.00147490,47.46000000
2018-03-01 15:17:37,0.00147500,210.01000000
2018-03-01 15:17:37,0.00147500,6.77000000
2018-03-01 15:17:37,0.00147500,3.39000000
2018-03-01 15:17:38,0.00147430,81.62000000
2018-03-01 15:17:39,0.00147500,11.06000000
2018-03-01 15:17:39,0.00147500,6.76000000
2018-03-01 15:17:39,0.00147500,11.06000000
2018-03-01 15:17:43,0.00147400,1.25000000
2018-03-01 15:17:43,0.00147400,1.09000000
2018-03-01 15:17:43,0.00147400,23.39000000
2018-03-01 15:17:43,0.00147400,23.39000000
2018-03-01 15:17:43,0.00147400,6.75000000
2018-03-01 15:17:43,0.00147380,2.63000000
2018-03-01 15:17:43,0.00147400,10.00000000
2018-03-01 15:17:44,0.00147380,6.75000000
2018-03-01 15:17:47,0.00147400,1.25000000
2018-03-01 15:17:49,0.00147400,51.12000000
2018-03-01 15:17:49,0.00147500,0.03000000
2018-03-01 15:17:49,0.00147500,0.03000000
2018-03-01 15:17:50,0.00147500,8.00000000
2018-03-01 15:17:50,0.00147500,102.92000000
2018-03-01 15:17:50,0.00147500,102.92000000
2018-03-01 15:17:50,0.00147500,102.92000000
2018-03-01 15:17:50,0.00147500,7.49000000
2018-03-01 15:17:50,0.00147500,6.75000000
2018-03-01 15:17:50,0.00147500,34.44000000
2018-03-01 15:17:51,0.00147500,203.99000000
2018-03-01 15:17:51,0.00147510,13.93000000
2018-03-01 15:17:52,0.00147510,6.75000000
2018-03-01 15:17:52,0.00147750,0.95000000
2018-03-01 15:17:53,0.00147750,3.38000000
2018-03-01 15:17:53,0.00147750,1.69000000
2018-03-01 15:17:53,0.00147750,2.71000000
2018-03-01 15:17:53,0.00147550,1.37000000
2018-03-01 15:17:54,0.00147750,7.16000000
2018-03-01 15:17:54,0.00147750,2.03000000
2018-03-01 15:17:54,0.00147550,1.67000000
2018-03-01 15:17:54,0.00147750,9.49000000
2018-03-01 15:17:54,0.00147640,33.73000000
2018-03-01 15:17:54,0.00147640,15.84000000
2018-03-01 15:17:54,0.00147640,248.33000000
2018-03-01 15:17:54,0.00147750,1.22000000
2018-03-01 15:17:55,0.00147750,1.69000000
2018-03-01 15:17:55,0.00147750,1.35000000
2018-03-01 15:17:55,0.00147750,6.04000000
2018-03-01 15:17:55,0.00147750,1.49000000
2018-03-01 15:17:55,0.00147750,0.68000000
2018-03-01 15:17:55,0.00147750,4.87000000
2018-03-01 15:17:55,0.00147750,56.05000000
2018-03-01 15:17:55,0.00147750,1.00000000
2018-03-01 15:17:56,0.00147750,292.00000000
2018-03-01 15:17:57,0.00147990,1.69000000
2018-03-01 15:17:57,0.00147990,2.70000000
2018-03-01 15:17:57,0.00147990,1.42000000
2018-03-01 15:17:57,0.00147990,1.01000000
2018-03-01 15:17:57,0.00147990,1.69000000
2018-03-01 15:17:57,0.00147990,1.69000000
2018-03-01 15:17:57,0.00147990,1.69000000
2018-03-01 15:17:58,0.00147990,0.81000000
2018-03-01 15:17:58,0.00147990,2.19000000
2018-03-01 15:17:58,0.00147990,10.14000000
2018-03-01 15:17:58,0.00147990,3.59000000
2018-03-01 15:17:59,0.00147990,1.35000000
2018-03-01 15:17:59,0.00147990,0.67000000
2018-03-01 15:17:59,0.00148000,1.69000000
2018-03-01 15:18:00,0.00148000,1.46000000
2018-03-01 15:18:00,0.00148000,1.49000000
2018-03-01 15:18:00,0.00147750,11.11000000
2018-03-01 15:18:00,0.00148000,10.66000000
2018-03-01 15:18:00,0.00148000,1.69000000
2018-03-01 15:18:01,0.00148000,1.55000000
2018-03-01 15:18:01,0.00147990,1.69000000
2018-03-01 15:18:01,0.00147980,1.55000000
2018-03-01 15:18:01,0.00147980,1.69000000
2018-03-01 15:18:01,0.00147980,0.68000000
2018-03-01 15:18:01,0.00147980,1.69000000
2018-03-01 15:18:01,0.00147980,2.09000000
2018-03-01 15:18:01,0.00147980,5.41000000
2018-03-01 15:18:01,0.00147980,6.76000000
2018-03-01 15:18:01,0.00147980,1.35000000
2018-03-01 15:18:01,0.00147980,0.84000000
2018-03-01 15:18:01,0.00147980,1.69000000
2018-03-01 15:18:01,0.00147980,1.35000000
2018-03-01 15:18:01,0.00147980,36.69000000
2018-03-01 15:18:02,0.00147980,1.42000000
2018-03-01 15:18:02,0.00147980,6.76000000
2018-03-01 15:18:02,0.00147980,5.34000000
2018-03-01 15:18:02,0.00147980,1.69000000
2018-03-01 15:18:02,0.00147980,2.03000000
2018-03-01 15:18:02,0.00147980,2.03000000
2018-03-01 15:18:02,0.00147980,2.03000000
2018-03-01 15:18:02,0.00147750,2.54000000
2018-03-01 15:18:02,0.00147750,23.34000000
2018-03-01 15:18:02,0.00147640,2.54000000
2018-03-01 15:18:02,0.00147980,0.68000000
2018-03-01 15:18:02,0.00147980,1.35000000
2018-03-01 15:18:02,0.00147980,9.80000000
2018-03-01 15:18:02,0.00147980,1.01000000
2018-03-01 15:18:03,0.00147980,1.69000000
2018-03-01 15:18:03,0.00147980,0.95000000
2018-03-01 15:18:03,0.00147980,1.69000000
2018-03-01 15:18:03,0.00147980,1.69000000
2018-03-01 15:18:03,0.00147980,0.97000000
2018-03-01 15:18:03,0.00147990,1.06000000
2018-03-01 15:18:04,0.00147990,2.03000000
2018-03-01 15:18:04,0.00147990,2.64000000
2018-03-01 15:18:04,0.00147990,3.38000000
2018-03-01 15:18:04,0.00147980,3.16000000
2018-03-01 15:18:05,0.00147960,1.69000000
2018-03-01 15:18:05,0.00147960,24.00000000
2018-03-01 15:18:06,0.00147960,3.38000000
2018-03-01 15:18:06,0.00147960,43.99000000
2018-03-01 15:18:06,0.00147960,1.69000000
2018-03-01 15:18:06,0.00147960,1.69000000
2018-03-01 15:18:06,0.00147960,2.37000000
2018-03-01 15:18:06,0.00147960,2.80000000
2018-03-01 15:18:07,0.00147960,2.70000000
2018-03-01 15:18:07,0.00147850,2.09000000
2018-03-01 15:18:07,0.00147850,98.17000000
2018-03-01 15:18:08,0.00147960,100.00000000
2018-03-01 15:18:08,0.00147960,1.35000000
2018-03-01 15:18:08,0.00147960,39.01000000
2018-03-01 15:18:09,0.00147960,40.55000000
2018-03-01 15:18:11,0.00147990,6.35000000
2018-03-01 15:18:11,0.00147850,77.22000000
2018-03-01 15:18:12,0.00147990,1.69000000
2018-03-01 15:18:12,0.00147990,1.69000000
2018-03-01 15:18:14,0.00147990,165.29000000
2018-03-01 15:18:15,0.00147990,1.69000000
2018-03-01 15:18:15,0.00147990,2.03000000
2018-03-01 15:18:15,0.00147990,1.69000000
2018-03-01 15:18:16,0.00147980,26.01000000
2018-03-01 15:18:16,0.00147990,168.45000000
2018-03-01 15:18:16,0.00148000,37.96000000
2018-03-01 15:18:16,0.00147960,16.12000000
2018-03-01 15:18:17,0.00147880,8.00000000
2018-03-01 15:18:17,0.00147870,1.26000000
2018-03-01 15:18:17,0.00147880,0.90000000
2018-03-01 15:18:18,0.00147880,6.76000000
2018-03-01 15:18:19,0.00147880,15.46000000
2018-03-01 15:18:21,0.00147880,1.69000000
2018-03-01 15:18:22,0.00147880,3.98000000
2018-03-01 15:18:22,0.00147880,199.79000000
2018-03-01 15:18:25,0.00147860,3.00000000
2018-03-01 15:18:25,0.00147860,8.10000000
2018-03-01 15:18:25,0.00147860,2.26000000
2018-03-01 15:18:25,0.00147880,122.54000000
2018-03-01 15:18:26,0.00147880,1.47000000
2018-03-01 15:18:27,0.00147880,8.00000000
2018-03-01 15:18:29,0.00147880,100.28000000
2018-03-01 15:18:29,0.00147880,3.74000000
2018-03-01 15:18:29,0.00147880,21.84000000
2018-03-01 15:18:29,0.00147880,21.84000000
2018-03-01 15:18:29,0.00147880,40.67000000
2018-03-01 15:18:29,0.00147850,13.00000000
2018-03-01 15:18:34,0.00147850,172.34000000
2018-03-01 15:18:35,0.00147880,6.76000000
2018-03-01 15:18:36,0.00147880,0.65000000
2018-03-01 15:18:36,0.00147900,23.35000000
2018-03-01 15:18:37,0.00147850,37.73000000
2018-03-01 15:18:37,0.00147900,62.17000000
2018-03-01 15:18:42,0.00147850,111.47000000
2018-03-01 15:18:45,0.00147900,1.83000000
2018-03-01 15:18:45,0.00147900,74.94000000
2018-03-01 15:18:46,0.00147870,118.49000000
2018-03-01 15:18:46,0.00147900,385.91000000
2018-03-01 15:18:46,0.00147900,326.24000000
2018-03-01 15:18:46,0.00147960,68.98000000
2018-03-01 15:18:46,0.00147980,18.91000000
2018-03-01 15:18:46,0.00147990,9.98000000
2018-03-01 15:18:46,0.00148000,238.26000000
2018-03-01 15:18:47,0.00147900,25.00000000
2018-03-01 15:18:49,0.00148100,38.85000000
2018-03-01 15:18:50,0.00148100,18.71000000
2018-03-01 15:18:50,0.00148100,1.01000000
2018-03-01 15:18:51,0.00147900,16.44000000
2018-03-01 15:18:51,0.00147900,118.00000000
2018-03-01 15:18:51,0.00147900,30.71000000
2018-03-01 15:18:52,0.00148100,2.83000000
2018-03-01 15:18:52,0.00148100,1.31000000
2018-03-01 15:18:53,0.00148240,4.66000000
2018-03-01 15:18:53,0.00148240,9.66000000
2018-03-01 15:18:55,0.00148240,3.21000000
2018-03-01 15:18:55,0.00148240,2.36000000
2018-03-01 15:18:56,0.00148240,1.54000000
2018-03-01 15:18:56,0.00148100,5.04000000
2018-03-01 15:18:57,0.00148240,17.61000000
2018-03-01 15:18:59,0.00148250,6.75000000
2018-03-01 15:18:59,0.00148240,3.39000000
2018-03-01 15:19:01,0.00148240,200.32000000
2018-03-01 15:19:01,0.00148240,1.79000000
2018-03-01 15:19:02,0.00148250,12.04000000
2018-03-01 15:19:02,0.00148270,0.66000000
2018-03-01 15:19:03,0.00148270,68.00000000
2018-03-01 15:19:04,0.00148240,136.42000000
2018-03-01 15:19:04,0.00148240,1.69000000
2018-03-01 15:19:04,0.00148240,1.69000000
2018-03-01 15:19:05,0.00148240,1.69000000
2018-03-01 15:19:05,0.00148100,3.00000000
2018-03-01 15:19:06,0.00148240,2.02000000
2018-03-01 15:19:07,0.00148240,1.69000000
2018-03-01 15:19:07,0.00148240,6.74000000
2018-03-01 15:19:07,0.00148100,74.44000000
2018-03-01 15:19:07,0.00148240,3.37000000
2018-03-01 15:19:07,0.00148240,39.03000000
2018-03-01 15:19:08,0.00148270,3.00000000
2018-03-01 15:19:10,0.00148240,8.75000000
2018-03-01 15:19:10,0.00148270,1.69000000
2018-03-01 15:19:10,0.00148270,9.01000000
2018-03-01 15:19:10,0.00148270,1.35000000
2018-03-01 15:19:11,0.00148270,3.39000000
2018-03-01 15:19:11,0.00148270,1.89000000
2018-03-01 15:19:12,0.00148250,137.14000000
2018-03-01 15:19:13,0.00148270,1.69000000
2018-03-01 15:19:14,0.00148270,8.81000000
2018-03-01 15:19:14,0.00148270,3.37000000
2018-03-01 15:19:15,0.00148240,11.05000000
2018-03-01 15:19:15,0.00148240,17.37000000
2018-03-01 15:19:15,0.00148270,14.17000000
2018-03-01 15:19:18,0.00148250,14.77000000
2018-03-01 15:19:18,0.00148240,34.86000000
2018-03-01 15:19:19,0.00148250,1.69000000
2018-03-01 15:19:19,0.00148250,1.69000000
2018-03-01 15:19:20,0.00148250,1.69000000
2018-03-01 15:19:22,0.00148250,164.07000000
2018-03-01 15:19:22,0.00148270,143.93000000
2018-03-01 15:19:24,0.00148270,0.50000000
2018-03-01 15:19:24,0.00148290,0.11000000
2018-03-01 15:19:26,0.00148270,45.90000000
2018-03-01 15:19:27,0.00148240,41.52000000
2018-03-01 15:19:28,0.00148240,1.84000000
2018-03-01 15:19:28,0.00148270,14.88000000
2018-03-01 15:19:30,0.00148260,353.42000000
2018-03-01 15:19:32,0.00148270,3.99000000
2018-03-01 15:19:32,0.00148290,47.26000000
2018-03-01 15:19:32,0.00148300,26.14000000
2018-03-01 15:19:38,0.00148270,3.31000000
2018-03-01 15:19:38,0.00148300,12.24000000
2018-03-01 15:19:40,0.00148480,1.68000000
2018-03-01 15:19:44,0.00148480,14.01000000
2018-03-01 15:19:44,0.00148480,1.21000000
2018-03-01 15:19:45,0.00148480,33.05000000
2018-03-01 15:19:47,0.00148480,25.85000000
2018-03-01 15:19:47,0.00148490,155.78000000
2018-03-01 15:19:49,0.00148500,31.94000000
2018-03-01 15:19:49,0.00148500,69.07000000
2018-03-01 15:19:49,0.00148480,230.21000000
2018-03-01 15:19:54,0.00148500,5.27000000
2018-03-01 15:19:56,0.00148500,30.00000000
2018-03-01 15:19:57,0.00148500,10.72000000
2018-03-01 15:19:59,0.00148570,0.80000000
2018-03-01 15:20:01,0.00148630,7.94000000
2018-03-01 15:20:01,0.00148630,364.12000000
2018-03-01 15:20:02,0.00148630,7.94000000
2018-03-01 15:20:02,0.00148700,3.36000000
2018-03-01 15:20:04,0.00148700,21.32000000
2018-03-01 15:20:04,0.00148700,1.76000000
2018-03-01 15:20:05,0.00148590,10.08000000
2018-03-01 15:20:05,0.00148570,3.82000000
2018-03-01 15:20:06,0.00148580,1.45000000
2018-03-01 15:20:07,0.00148700,3.33000000
2018-03-01 15:20:07,0.00148700,37.25000000
2018-03-01 15:20:07,0.00148700,22.44000000
2018-03-01 15:20:07,0.00148700,8.14000000
2018-03-01 15:20:08,0.00148700,1.06000000
2018-03-01 15:20:09,0.00148700,28.80000000
2018-03-01 15:20:11,0.00148710,49.49000000
2018-03-01 15:20:12,0.00148700,1.36000000
2018-03-01 15:20:12,0.00148700,100.08000000
2018-03-01 15:20:13,0.00148700,2.25000000
2018-03-01 15:20:14,0.00148700,142.56000000
2018-03-01 15:20:14,0.00148700,13.37000000
2018-03-01 15:20:15,0.00148710,7.02000000
2018-03-01 15:20:15,0.00148710,39.70000000
2018-03-01 15:20:15,0.00148640,134.73000000
2018-03-01 15:20:17,0.00148700,101.47000000
2018-03-01 15:20:18,0.00148780,20.55000000
2018-03-01 15:20:18,0.00148860,23.07000000
2018-03-01 15:20:18,0.00148700,5.90000000
2018-03-01 15:20:18,0.00148700,225.68000000
2018-03-01 15:20:19,0.00148700,12.59000000
2018-03-01 15:20:20,0.00148710,14.76000000
2018-03-01 15:20:20,0.00148860,7.69000000
2018-03-01 15:20:20,0.00148880,1.63000000
2018-03-01 15:20:20,0.00148900,100.00000000
2018-03-01 15:20:20,0.00148920,12.79000000
2018-03-01 15:20:20,0.00148970,2.89000000
2018-03-01 15:20:21,0.00148970,3.00000000
2018-03-01 15:20:27,0.00148750,2.01000000
2018-03-01 15:20:27,0.00148740,13.22000000
2018-03-01 15:20:27,0.00148750,6.73000000
2018-03-01 15:20:27,0.00148750,0.68000000
2018-03-01 15:20:28,0.00148750,0.68000000
2018-03-01 15:20:28,0.00148750,3.00000000
2018-03-01 15:20:30,0.00148750,24.12000000
2018-03-01 15:20:30,0.00148750,31.04000000
2018-03-01 15:20:32,0.00148870,6.00000000
2018-03-01 15:20:32,0.00148970,348.92000000
2018-03-01 15:20:32,0.00148990,84.92000000
2018-03-01 15:20:32,0.00149000,23.50000000
2018-03-01 15:20:35,0.00149000,43.85000000
2018-03-01 15:20:35,0.00149000,1.34000000
2018-03-01 15:20:36,0.00149000,96.60000000
2018-03-01 15:20:36,0.00149000,90.98000000
2018-03-01 15:20:37,0.00149050,7.10000000
2018-03-01 15:20:37,0.00149090,2.95000000
2018-03-01 15:20:37,0.00149000,96.60000000
2018-03-01 15:20:37,0.00148970,14.00000000
2018-03-01 15:20:38,0.00149090,10.96000000
2018-03-01 15:20:39,0.00148990,3.00000000
2018-03-01 15:20:39,0.00149090,3.65000000
2018-03-01 15:20:40,0.00148800,2.65000000
2018-03-01 15:20:40,0.00148940,193.07000000
2018-03-01 15:20:41,0.00148980,2.65000000
2018-03-01 15:20:41,0.00148990,3.00000000
2018-03-01 15:20:41,0.00149000,30.00000000
2018-03-01 15:20:41,0.00149000,50.00000000
2018-03-01 15:20:41,0.00149000,31.21000000
2018-03-01 15:20:41,0.00148940,3.00000000
2018-03-01 15:20:42,0.00148980,6.07000000
2018-03-01 15:20:43,0.00149090,3.46000000
2018-03-01 15:20:43,0.00149140,3.24000000
2018-03-01 15:20:43,0.00149000,236.70000000
2018-03-01 15:20:44,0.00149040,3.00000000
2018-03-01 15:20:44,0.00149140,3.17000000
2018-03-01 15:20:44,0.00149150,1.54000000
2018-03-01 15:20:44,0.00149160,7.91000000
2018-03-01 15:20:44,0.00149190,5.27000000
2018-03-01 15:20:44,0.00149200,12.00000000
2018-03-01 15:20:44,0.00149230,10.79000000
2018-03-01 15:20:45,0.00149000,3.00000000
2018-03-01 15:20:46,0.00148980,1.22000000
2018-03-01 15:20:46,0.00148940,1.96000000
2018-03-01 15:20:48,0.00149000,9.99000000
2018-03-01 15:20:49,0.00149010,17.94000000
2018-03-01 15:20:50,0.00149010,1.59000000
2018-03-01 15:20:53,0.00149010,26.98000000
2018-03-01 15:20:53,0.00149010,10.10000000
2018-03-01 15:20:53,0.00149000,421.69000000
2018-03-01 15:20:53,0.00148990,37.51000000
2018-03-01 15:20:54,0.00149000,60.12000000
2018-03-01 15:20:54,0.00148860,12.43000000
2018-03-01 15:20:55,0.00148860,19.01000000
2018-03-01 15:20:55,0.00148850,20.15000000
2018-03-01 15:20:55,0.00148790,346.36000000
2018-03-01 15:20:55,0.00149000,3.00000000
2018-03-01 15:20:55,0.00149100,12.43000000
2018-03-01 15:20:55,0.00149110,38.00000000
2018-03-01 15:20:55,0.00149130,3.00000000
2018-03-01 15:20:55,0.00149230,204.12000000
2018-03-01 15:20:56,0.00149110,2.28000000
2018-03-01 15:20:56,0.00149110,406.66000000
2018-03-01 15:20:56,0.00149110,2.28000000
2018-03-01 15:20:56,0.00149000,18.24000000
2018-03-01 15:20:57,0.00149220,0.29000000
2018-03-01 15:20:58,0.00149000,3.00000000
2018-03-01 15:20:59,0.00148910,2.93000000
2018-03-01 15:20:59,0.00149010,16.92000000
2018-03-01 15:20:59,0.00149010,0.80000000
2018-03-01 15:20:59,0.00149010,18.63000000
2018-03-01 15:21:00,0.00149070,18.72000000
2018-03-01 15:21:00,0.00149080,2.28000000
2018-03-01 15:21:01,0.00149000,3.00000000
2018-03-01 15:21:02,0.00149000,1.39000000
2018-03-01 15:21:02,0.00149010,1.87000000
2018-03-01 15:21:03,0.00149060,15.99000000
2018-03-01 15:21:03,0.00149010,176.07000000
2018-03-01 15:21:03,0.00149010,150.32000000
2018-03-01 15:21:04,0.00149060,40.40000000
2018-03-01 15:21:04,0.00149070,8.14000000
2018-03-01 15:21:04,0.00149020,2.61000000
2018-03-01 15:21:04,0.00149020,7.46000000
2018-03-01 15:21:04,0.00149050,7.68000000
2018-03-01 15:21:05,0.00148870,7.73000000
2018-03-01 15:21:05,0.00148860,133.79000000
2018-03-01 15:21:05,0.00148850,80.78000000
2018-03-01 15:21:05,0.00148800,56.48000000
2018-03-01 15:21:05,0.00148790,75.01000000
2018-03-01 15:21:07,0.00148990,50.00000000
2018-03-01 15:21:09,0.00148990,1.68000000
2018-03-01 15:21:09,0.00148990,2.04000000
2018-03-01 15:21:10,0.00148790,1.16000000
2018-03-01 15:21:11,0.00148790,2.15000000
2018-03-01 15:21:12,0.00148790,1.69000000
2018-03-01 15:21:13,0.00148880,211.30000000
2018-03-01 15:21:14,0.00148960,19.00000000
2018-03-01 15:21:14,0.00149000,684.66000000
2018-03-01 15:21:15,0.00148790,3.15000000
2018-03-01 15:21:17,0.00148990,0.80000000
2018-03-01 15:21:19,0.00148960,1.45000000
2018-03-01 15:21:19,0.00148970,1.96000000
2018-03-01 15:21:19,0.00148980,3.59000000
2018-03-01 15:21:23,0.00148980,14.70000000
2018-03-01 15:21:25,0.00148990,19.38000000
2018-03-01 15:21:25,0.00149000,39.05000000
2018-03-01 15:21:27,0.00148910,6.72000000
2018-03-01 15:21:27,0.00148900,6.75000000
2018-03-01 15:21:27,0.00148890,0.24000000
2018-03-01 15:21:29,0.00149000,10.00000000
2018-03-01 15:21:31,0.00149020,13.67000000
2018-03-01 15:21:32,0.00149000,3.00000000
2018-03-01 15:21:32,0.00149000,0.01000000
2018-03-01 15:21:35,0.00148980,3.00000000
2018-03-01 15:21:35,0.00149000,13.49000000
2018-03-01 15:21:35,0.00149050,2.06000000
2018-03-01 15:21:38,0.00149050,47.74000000
2018-03-01 15:21:38,0.00148890,40.29000000
2018-03-01 15:21:42,0.00149210,20.15000000
2018-03-01 15:21:42,0.00149220,79.85000000
2018-03-01 15:21:48,0.00149150,229.95000000
2018-03-01 15:21:48,0.00149100,0.76000000
2018-03-01 15:21:49,0.00149220,67.21000000
2018-03-01 15:21:53,0.00149220,23.47000000
2018-03-01 15:21:53,0.00149230,6.94000000
2018-03-01 15:21:54,0.00149230,111.22000000
2018-03-01 15:21:54,0.00149230,100.37000000
2018-03-01 15:21:55,0.00149320,22.78000000
2018-03-01 15:21:55,0.00149330,16.04000000
2018-03-01 15:21:55,0.00149340,52.89000000
2018-03-01 15:21:55,0.00149350,12.48000000
2018-03-01 15:21:55,0.00149380,6.81000000
2018-03-01 15:21:55,0.00149230,6.00000000
2018-03-01 15:21:55,0.00149230,21.12000000
2018-03-01 15:21:57,0.00149380,6.46000000
2018-03-01 15:21:57,0.00149400,19.77000000
2018-03-01 15:21:57,0.00149420,23.77000000
2018-03-01 15:22:00,0.00149240,16.39000000
2018-03-01 15:22:00,0.00149420,12.61000000
2018-03-01 15:22:02,0.00149320,3.00000000
2018-03-01 15:22:02,0.00149270,32.31000000
2018-03-01 15:22:03,0.00149310,16.39000000
2018-03-01 15:22:03,0.00149320,9.00000000
2018-03-01 15:22:03,0.00149400,214.64000000
2018-03-01 15:22:04,0.00149230,35.88000000
2018-03-01 15:22:04,0.00149320,3.00000000
2018-03-01 15:22:04,0.00149230,63.53000000
2018-03-01 15:22:08,0.00149300,3.00000000
2018-03-01 15:22:11,0.00149400,9.14000000
2018-03-01 15:22:11,0.00149390,75.42000000
2018-03-01 15:22:11,0.00149400,318.00000000
2018-03-01 15:22:11,0.00149400,2.91000000
2018-03-01 15:22:12,0.00149400,1.08000000
2018-03-01 15:22:12,0.00149400,2.03000000
2018-03-01 15:22:12,0.00149400,1.01000000
2018-03-01 15:22:12,0.00149400,10.00000000
2018-03-01 15:22:13,0.00149420,182.00000000
2018-03-01 15:22:14,0.00149400,40.60000000
2018-03-01 15:22:15,0.00149400,4.11000000
2018-03-01 15:22:15,0.00149420,43.98000000
2018-03-01 15:22:16,0.00149400,63.62000000
2018-03-01 15:22:17,0.00149400,66.18000000
2018-03-01 15:22:18,0.00149400,280.00000000
2018-03-01 15:22:18,0.00149400,59.72000000
2018-03-01 15:22:18,0.00149300,1.79000000
2018-03-01 15:22:19,0.00149230,10.00000000
2018-03-01 15:22:20,0.00149300,3.00000000
2018-03-01 15:22:20,0.00149230,0.81000000
2018-03-01 15:22:23,0.00149300,364.40000000
2018-03-01 15:22:23,0.00149300,149.61000000
2018-03-01 15:22:23,0.00149330,248.59000000
2018-03-01 15:22:24,0.00149370,1.67000000
2018-03-01 15:22:24,0.00149370,5.15000000
2018-03-01 15:22:25,0.00149370,4.13000000
2018-03-01 15:22:25,0.00149330,7.00000000
2018-03-01 15:22:26,0.00149330,6.51000000
2018-03-01 15:22:26,0.00149370,0.80000000
2018-03-01 15:22:27,0.00149300,4.66000000
2018-03-01 15:22:28,0.00149230,66.00000000
2018-03-01 15:22:29,0.00149370,45.85000000
2018-03-01 15:22:29,0.00149230,15.31000000
2018-03-01 15:22:32,0.00149230,24.93000000
2018-03-01 15:22:32,0.00149270,3.00000000
2018-03-01 15:22:32,0.00149360,144.93000000
2018-03-01 15:22:32,0.00149300,24.44000000
2018-03-01 15:22:32,0.00149360,154.53000000
2018-03-01 15:22:32,0.00149370,498.96000000
2018-03-01 15:22:33,0.00149370,122.07000000
2018-03-01 15:22:35,0.00149330,2.72000000
2018-03-01 15:22:36,0.00149230,48.42000000
2018-03-01 15:22:36,0.00149390,36.85000000
2018-03-01 15:22:37,0.00149390,9.24000000
2018-03-01 15:22:37,0.00149400,3.04000000
2018-03-01 15:22:38,0.00149400,527.44000000
2018-03-01 15:22:38,0.00149420,1582.45000000
2018-03-01 15:22:38,0.00149470,81.04000000
2018-03-01 15:22:40,0.00149420,106.23000000
2018-03-01 15:22:41,0.00149480,64.22000000
2018-03-01 15:22:43,0.00149420,6.25000000
2018-03-01 15:22:54,0.00149430,161.98000000
2018-03-01 15:22:54,0.00149430,105.26000000
2018-03-01 15:22:54,0.00149430,10.89000000
2018-03-01 15:22:55,0.00149420,8.10000000
2018-03-01 15:22:56,0.00149430,1.08000000
2018-03-01 15:22:58,0.00149420,94.08000000
2018-03-01 15:22:58,0.00149420,257.73000000
2018-03-01 15:22:59,0.00149420,161.90000000
2018-03-01 15:22:59,0.00149400,88.00000000
2018-03-01 15:22:59,0.00149390,4.65000000
2018-03-01 15:23:01,0.00149400,6.73000000
2018-03-01 15:23:01,0.00149400,3.00000000
2018-03-01 15:23:02,0.00149230,1.01000000
2018-03-01 15:23:02,0.00149230,3.39000000
2018-03-01 15:23:03,0.00149230,0.68000000
2018-03-01 15:23:03,0.00149230,712.45000000
2018-03-01 15:23:04,0.00149230,3.00000000
2018-03-01 15:23:04,0.00149100,4.06000000
2018-03-01 15:23:04,0.00149100,16.06000000
2018-03-01 15:23:05,0.00149010,12.45000000
2018-03-01 15:23:06,0.00149100,141.36000000
2018-03-01 15:23:06,0.00149190,12.45000000
2018-03-01 15:23:06,0.00149230,2.08000000
2018-03-01 15:23:06,0.00149380,6.00000000
2018-03-01 15:23:06,0.00149400,290.27000000
2018-03-01 15:23:06,0.00149400,15.82000000
2018-03-01 15:23:07,0.00149400,2.03000000
2018-03-01 15:23:07,0.00149400,1.02000000
2018-03-01 15:23:07,0.00149400,58.03000000
2018-03-01 15:23:07,0.00149010,32.00000000
2018-03-01 15:23:08,0.00149030,28.58000000
2018-03-01 15:23:08,0.00149030,6.76000000
2018-03-01 15:23:08,0.00149030,3.38000000
2018-03-01 15:23:09,0.00149040,0.95000000
2018-03-01 15:23:09,0.00149050,0.68000000
2018-03-01 15:23:09,0.00149050,0.68000000
2018-03-01 15:23:09,0.00149050,3.85000000
2018-03-01 15:23:10,0.00149050,5.89000000
2018-03-01 15:23:10,0.00149050,1.69000000
2018-03-01 15:23:10,0.00149060,1.49000000
2018-03-01 15:23:10,0.00149190,16.42000000
2018-03-01 15:23:10,0.00149200,53.18000000
2018-03-01 15:23:10,0.00149060,28.82000000
2018-03-01 15:23:10,0.00149010,56.41000000
2018-03-01 15:23:10,0.00149000,113.42000000
2018-03-01 15:23:10,0.00148980,10.00000000
2018-03-01 15:23:11,0.00148990,4.69000000
2018-03-01 15:23:12,0.00148930,0.95000000
2018-03-01 15:23:12,0.00148990,9.91000000
2018-03-01 15:23:12,0.00148990,23.12000000
2018-03-01 15:23:12,0.00148930,1.69000000
2018-03-01 15:23:13,0.00148930,1.22000000
2018-03-01 15:23:14,0.00148930,18.20000000
2018-03-01 15:23:14,0.00148860,42.00000000
2018-03-01 15:23:14,0.00148790,33.81000000
2018-03-01 15:23:15,0.00148930,30.53000000
2018-03-01 15:23:15,0.00148930,29.37000000
2018-03-01 15:23:15,0.00148990,1.24000000
2018-03-01 15:23:18,0.00148930,1.42000000
2018-03-01 15:23:18,0.00148930,5.41000000
2018-03-01 15:23:18,0.00148930,76.03000000
2018-03-01 15:23:18,0.00148990,20.00000000
2018-03-01 15:23:19,0.00148930,3.35000000
2018-03-01 15:23:20,0.00148810,6.71000000
2018-03-01 15:23:20,0.00148790,8.75000000
2018-03-01 15:23:21,0.00148920,0.77000000
2018-03-01 15:23:22,0.00148850,285.88000000
2018-03-01 15:23:23,0.00148790,257.63000000
2018-03-01 15:23:24,0.00148790,473.19000000
2018-03-01 15:23:24,0.00148790,126.95000000
2018-03-01 15:23:25,0.00148920,9.25000000
2018-03-01 15:23:25,0.00148930,22.07000000
2018-03-01 15:23:26,0.00148920,3.60000000
2018-03-01 15:23:29,0.00148920,0.92000000
2018-03-01 15:23:31,0.00148790,3.66000000
2018-03-01 15:23:31,0.00148720,6.34000000
2018-03-01 15:23:34,0.00148850,87.83000000
2018-03-01 15:23:37,0.00148800,2.54000000
2018-03-01 15:23:38,0.00148920,4.85000000
2018-03-01 15:23:38,0.00148930,109.04000000
2018-03-01 15:23:38,0.00149000,7.32000000
2018-03-01 15:23:38,0.00149030,3.39000000
2018-03-01 15:23:38,0.00149040,22.06000000
2018-03-01 15:23:46,0.00148900,1.03000000
2018-03-01 15:23:47,0.00149180,56.41000000
2018-03-01 15:23:47,0.00149190,16.20000000
2018-03-01 15:23:49,0.00149000,1.34000000
2018-03-01 15:23:49,0.00149030,136.66000000
2018-03-01 15:23:51,0.00149190,3.46000000
2018-03-01 15:23:52,0.00149190,6.70000000
2018-03-01 15:23:55,0.00149040,304.11000000
2018-03-01 15:23:59,0.00149180,285.56000000
2018-03-01 15:24:01,0.00148930,3.35000000
2018-03-01 15:24:01,0.00148910,30.38000000
2018-03-01 15:24:01,0.00148890,20.14000000
2018-03-01 15:24:01,0.00148790,0.30000000
2018-03-01 15:24:04,0.00148990,31.41000000
2018-03-01 15:24:04,0.00149000,125.45000000
2018-03-01 15:24:06,0.00148790,10.45000000
2018-03-01 15:24:07,0.00148790,6.48000000
2018-03-01 15:24:08,0.00148720,0.02000000
2018-03-01 15:24:08,0.00148680,5.52000000
2018-03-01 15:24:08,0.00148670,2.02000000
2018-03-01 15:24:08,0.00148640,39.70000000
2018-03-01 15:24:08,0.00148550,54.00000000
2018-03-01 15:24:08,0.00148500,5.91000000
2018-03-01 15:24:08,0.00148440,6.70000000
2018-03-01 15:24:08,0.00148360,1.93000000
2018-03-01 15:24:08,0.00148350,55.00000000
2018-03-01 15:24:08,0.00148270,0.60000000
2018-03-01 15:24:08,0.00148490,3.35000000
2018-03-01 15:24:08,0.00148490,6.13000000
2018-03-01 15:24:08,0.00148790,18.13000000
2018-03-01 15:24:11,0.00148750,4.32000000
2018-03-01 15:24:13,0.00148780,6.04000000
2018-03-01 15:24:16,0.00148640,106.48000000
2018-03-01 15:24:18,0.00148550,6.73000000
2018-03-01 15:24:18,0.00148530,0.40000000
2018-03-01 15:24:19,0.00148780,2.02000000
2018-03-01 15:24:25,0.00148700,102.87000000
2018-03-01 15:24:25,0.00148700,121.54000000
2018-03-01 15:24:25,0.00148570,7.27000000
2018-03-01 15:24:25,0.00148550,3.36000000
2018-03-01 15:24:25,0.00148520,2.48000000
2018-03-01 15:24:25,0.00148490,31.41000000
2018-03-01 15:24:25,0.00148470,4.65000000
2018-03-01 15:24:25,0.00148380,2.84000000
2018-03-01 15:24:25,0.00148350,2.87000000
2018-03-01 15:24:25,0.00148270,40.38000000
2018-03-01 15:24:25,0.00148250,1.77000000
2018-03-01 15:24:25,0.00148240,7.52000000
2018-03-01 15:24:25,0.00148220,25.00000000
2018-03-01 15:24:25,0.00148200,99.87000000
2018-03-01 15:24:25,0.00148190,6.07000000
2018-03-01 15:24:25,0.00148100,157.95000000
2018-03-01 15:24:25,0.00148040,6.70000000
2018-03-01 15:24:25,0.00148010,28.00000000
2018-03-01 15:24:25,0.00148000,48.69000000
2018-03-01 15:24:25,0.00148000,102.56000000
2018-03-01 15:24:25,0.00148000,16.59000000
2018-03-01 15:24:25,0.00148000,16.59000000
2018-03-01 15:24:25,0.00148000,16.59000000
2018-03-01 15:24:25,0.00148000,6.74000000
2018-03-01 15:24:25,0.00148000,5.72000000
2018-03-01 15:24:25,0.00148000,6.74000000
2018-03-01 15:24:25,0.00148000,357.88000000
2018-03-01 15:24:25,0.00148770,6.70000000
2018-03-01 15:24:25,0.00148780,7.76000000
2018-03-01 15:24:25,0.00148790,20.18000000
2018-03-01 15:24:26,0.00148230,6.74000000
2018-03-01 15:24:30,0.00148430,67.52000000
2018-03-01 15:24:30,0.00148240,7.10000000
2018-03-01 15:24:30,0.00148230,15.00000000
2018-03-01 15:24:31,0.00148200,1.14000000
2018-03-01 15:24:31,0.00148200,3.62000000
2018-03-01 15:24:31,0.00148190,67.52000000
2018-03-01 15:24:31,0.00148200,26.48000000
2018-03-01 15:24:31,0.00148190,31.41000000
2018-03-01 15:24:31,0.00148200,357.44000000
2018-03-01 15:24:33,0.00148290,12.89000000
2018-03-01 15:24:37,0.00148490,322.76000000
2018-03-01 15:24:40,0.00148500,2.35000000
2018-03-01 15:24:41,0.00148490,11.39000000
2018-03-01 15:24:41,0.00148500,22.28000000
2018-03-01 15:24:42,0.00148200,8.14000000
2018-03-01 15:24:42,0.00148490,6.70000000
2018-03-01 15:24:42,0.00148500,307.07000000
2018-03-01 15:24:43,0.00148300,67.43000000
2018-03-01 15:24:43,0.00148290,13.38000000
2018-03-01 15:24:43,0.00148300,2.75000000
2018-03-01 15:24:43,0.00148400,2.41000000
2018-03-01 15:24:46,0.00148330,31.41000000
2018-03-01 15:24:46,0.00148320,3.44000000
2018-03-01 15:24:47,0.00148290,399.14000000
2018-03-01 15:24:48,0.00148490,67.43000000
2018-03-01 15:24:48,0.00148500,2.41000000
2018-03-01 15:24:49,0.00148560,31.41000000
2018-03-01 15:24:56,0.00148580,125.12000000
2018-03-01 15:25:01,0.00148500,3.75000000
2018-03-01 15:25:03,0.00148580,3.00000000
2018-03-01 15:25:07,0.00148680,2.75000000
2018-03-01 15:25:08,0.00148680,10.00000000
2018-03-01 15:25:08,0.00148680,38.82000000
2018-03-01 15:25:08,0.00148680,29.47000000
2018-03-01 15:25:10,0.00148680,0.03000000
2018-03-01 15:25:10,0.00148760,7.84000000
2018-03-01 15:25:10,0.00148790,5.20000000
2018-03-01 15:25:10,0.00148600,341.40000000
2018-03-01 15:25:10,0.00148790,2.63000000
2018-03-01 15:25:11,0.00148790,0.37000000
2018-03-01 15:25:11,0.00148530,9.92000000
2018-03-01 15:25:11,0.00148500,12.25000000
2018-03-01 15:25:11,0.00148490,4.74000000
2018-03-01 15:25:11,0.00148450,132.34000000
2018-03-01 15:25:12,0.00148790,2.62000000
2018-03-01 15:25:13,0.00148790,0.38000000
2018-03-01 15:25:13,0.00148350,0.62000000
2018-03-01 15:25:14,0.00148450,3.00000000
2018-03-01 15:25:14,0.00148790,1.41000000
2018-03-01 15:25:14,0.00148790,2.81000000
2018-03-01 15:25:15,0.00148790,3.00000000
2018-03-01 15:25:15,0.00148790,1.08000000
2018-03-01 15:25:15,0.00148790,1.08000000
2018-03-01 15:25:15,0.00148790,4.57000000
2018-03-01 15:25:15,0.00148790,5.22000000
2018-03-01 15:25:20,0.00148950,4.02000000
2018-03-01 15:25:21,0.00148790,56.67000000
2018-03-01 15:25:23,0.00148790,3.37000000
2018-03-01 15:25:23,0.00148970,3.44000000
2018-03-01 15:25:24,0.00148970,2.66000000
2018-03-01 15:25:24,0.00148970,5.50000000
2018-03-01 15:25:25,0.00148790,245.18000000
2018-03-01 15:25:26,0.00148750,6.53000000
2018-03-01 15:25:28,0.00148610,143.77000000
2018-03-01 15:25:29,0.00148750,10.00000000
2018-03-01 15:25:29,0.00148480,13.60000000
2018-03-01 15:25:32,0.00148480,18.00000000
2018-03-01 15:25:32,0.00148470,13.90000000
2018-03-01 15:25:32,0.00148450,20.20000000
2018-03-01 15:25:32,0.00148300,16.04000000
2018-03-01 15:25:32,0.00148290,227.12000000
2018-03-01 15:25:32,0.00148750,33.60000000
2018-03-01 15:25:45,0.00148600,27.00000000
2018-03-01 15:25:45,0.00148610,210.49000000
2018-03-01 15:25:45,0.00148730,20.20000000
2018-03-01 15:25:45,0.00148750,278.25000000
2018-03-01 15:25:48,0.00148850,360.05000000
2018-03-01 15:25:52,0.00148780,9.50000000
2018-03-01 15:25:54,0.00148780,9.25000000
2018-03-01 15:25:54,0.00148750,140.69000000
2018-03-01 15:25:55,0.00148750,77.15000000
2018-03-01 15:26:01,0.00148970,4.45000000
2018-03-01 15:26:02,0.00148910,162.41000000
2018-03-01 15:26:03,0.00148850,14.69000000
2018-03-01 15:26:06,0.00148860,3.45000000
2018-03-01 15:26:11,0.00148850,92.21000000
2018-03-01 15:26:14,0.00148850,170.83000000
2018-03-01 15:26:18,0.00148810,378.69000000
2018-03-01 15:26:21,0.00148780,26.32000000
2018-03-01 15:26:21,0.00148780,11.99000000
2018-03-01 15:26:24,0.00148780,9.25000000
2018-03-01 15:26:25,0.00148850,53.48000000
2018-03-01 15:26:33,0.00148810,181.06000000
2018-03-01 15:26:37,0.00148850,22.79000000
2018-03-01 15:26:37,0.00148780,30.93000000
2018-03-01 15:26:38,0.00148780,94.87000000
2018-03-01 15:26:38,0.00148750,44.76000000
2018-03-01 15:26:38,0.00148670,20.17000000
2018-03-01 15:26:38,0.00148590,2.00000000
2018-03-01 15:26:38,0.00148530,47.34000000
2018-03-01 15:26:38,0.00148440,85.71000000
2018-03-01 15:26:38,0.00148410,4.36000000
2018-03-01 15:26:38,0.00148320,31.50000000
2018-03-01 15:26:38,0.00148290,148.51000000
2018-03-01 15:26:38,0.00148290,804.08000000
2018-03-01 15:26:38,0.00148290,452.11000000
2018-03-01 15:26:38,0.00148290,31.06000000
2018-03-01 15:26:38,0.00148290,6.72000000
2018-03-01 15:26:38,0.00148290,6.73000000
2018-03-01 15:26:39,0.00148290,24.37000000
2018-03-01 15:26:39,0.00148280,31.50000000
2018-03-01 15:26:39,0.00148290,652.10000000
2018-03-01 15:26:39,0.00148290,861.21000000
2018-03-01 15:26:39,0.00148160,6.72000000
2018-03-01 15:26:41,0.00148750,1.00000000
2018-03-01 15:26:41,0.00148800,1.00000000
2018-03-01 15:26:42,0.00148300,7.00000000
2018-03-01 15:26:42,0.00148250,6.58000000
2018-03-01 15:26:43,0.00148490,396.92000000
2018-03-01 15:26:45,0.00148690,8.80000000
2018-03-01 15:26:48,0.00148580,3.36000000
2018-03-01 15:26:49,0.00148290,8.80000000
2018-03-01 15:26:49,0.00148280,5.69000000
2018-03-01 15:26:49,0.00148240,3.22000000
2018-03-01 15:26:49,0.00148250,26.58000000
2018-03-01 15:26:50,0.00148490,0.73000000
2018-03-01 15:26:51,0.00148250,53.92000000
2018-03-01 15:26:53,0.00148400,7.00000000
2018-03-01 15:26:53,0.00148480,6.72000000
2018-03-01 15:26:53,0.00148550,7.31000000
2018-03-01 15:26:54,0.00148220,31.06000000
2018-03-01 15:26:56,0.00148260,36.38000000
2018-03-01 15:26:56,0.00148250,8.00000000
2018-03-01 15:26:56,0.00148230,31.46000000
2018-03-01 15:26:56,0.00148170,97.49000000
2018-03-01 15:26:59,0.00148350,199.29000000
2018-03-01 15:27:04,0.00148250,0.77000000
2018-03-01 15:27:08,0.00148400,2.00000000
2018-03-01 15:27:10,0.00148350,99.90000000
2018-03-01 15:27:10,0.00148400,15.80000000
2018-03-01 15:27:11,0.00148400,4.96000000
2018-03-01 15:27:11,0.00148400,33.69000000
2018-03-01 15:27:12,0.00148380,3.98000000
2018-03-01 15:27:14,0.00148360,7.01000000
2018-03-01 15:27:14,0.00148370,3.37000000
2018-03-01 15:27:14,0.00148390,7.71000000
2018-03-01 15:27:17,0.00148350,40.00000000
2018-03-01 15:27:17,0.00148350,4.60000000
2018-03-01 15:27:19,0.00148390,33.69000000
2018-03-01 15:27:19,0.00148360,4.56000000
2018-03-01 15:27:27,0.00148390,33.69000000
2018-03-01 15:27:29,0.00148390,10.88000000
2018-03-01 15:27:29,0.00148400,22.81000000
2018-03-01 15:27:31,0.00148400,20.98000000
2018-03-01 15:27:31,0.00148350,4.83000000
2018-03-01 15:27:34,0.00148400,4.57000000
2018-03-01 15:27:35,0.00148370,217.93000000
2018-03-01 15:27:37,0.00148350,0.94000000
2018-03-01 15:27:39,0.00148390,6.09000000
2018-03-01 15:27:39,0.00148400,0.45000000
2018-03-01 15:27:50,0.00148370,20.30000000
2018-03-01 15:27:50,0.00148360,2.50000000
2018-03-01 15:27:50,0.00148390,11.27000000
2018-03-01 15:27:55,0.00148400,23.60000000
2018-03-01 15:27:58,0.00148400,70.00000000
2018-03-01 15:28:04,0.00148400,63.80000000
2018-03-01 15:28:05,0.00148400,49.49000000
2018-03-01 15:28:05,0.00148400,414.36000000
2018-03-01 15:28:05,0.00148390,3.94000000
2018-03-01 15:28:06,0.00148400,11.00000000
2018-03-01 15:28:06,0.00148400,1.44000000
2018-03-01 15:28:06,0.00148400,10.18000000
2018-03-01 15:28:07,0.00148500,7.08000000
2018-03-01 15:28:07,0.00148500,6.34000000
2018-03-01 15:28:07,0.00148510,0.74000000
2018-03-01 15:28:07,0.00148400,16.38000000
2018-03-01 15:28:07,0.00148400,1.14000000
2018-03-01 15:28:08,0.00148510,0.75000000
2018-03-01 15:28:08,0.00148530,6.80000000
2018-03-01 15:28:08,0.00148600,26.09000000
2018-03-01 15:28:09,0.00148400,14.99000000
2018-03-01 15:28:11,0.00148600,2.39000000
2018-03-01 15:28:14,0.00148400,6.77000000
