DATE,PRICE,VOLUME
2018-02-23 04:59:59,0.00099640,4.62000000
2018-02-23 05:00:00,0.00099640,6.62000000
2018-02-23 05:00:00,0.00099630,0.30000000
2018-02-23 05:00:00,0.00099640,92.14000000
2018-02-23 05:00:00,0.00099630,89.29000000
2018-02-23 05:00:02,0.00099690,1.50000000
2018-02-23 05:00:02,0.00099650,2.02000000
2018-02-23 05:00:02,0.00099640,132.97000000
2018-02-23 05:00:02,0.00099630,378.10000000
2018-02-23 05:00:02,0.00099500,8.52000000
2018-02-23 05:00:02,0.00099500,8.52000000
2018-02-23 05:00:02,0.00099500,402.01000000
2018-02-23 05:00:02,0.00099500,30.11000000
2018-02-23 05:00:02,0.00099500,103.37000000
2018-02-23 05:00:02,0.00099500,30.11000000
2018-02-23 05:00:02,0.00099500,169.40000000
2018-02-23 05:00:03,0.00099610,0.23000000
2018-02-23 05:00:03,0.00099650,49.97000000
2018-02-23 05:00:04,0.00099650,2.42000000
2018-02-23 05:00:05,0.00099650,2.03000000
2018-02-23 05:00:06,0.00099650,46.50000000
2018-02-23 05:00:06,0.00099660,8.48000000
2018-02-23 05:00:06,0.00099660,92.67000000
2018-02-23 05:00:06,0.00099650,41.96000000
2018-02-23 05:00:06,0.00099630,0.17000000
2018-02-23 05:00:07,0.00099650,14.16000000
2018-02-23 05:00:07,0.00099630,948.85000000
2018-02-23 05:00:08,0.00099630,8.71000000
2018-02-23 05:00:09,0.00099630,151.43000000
2018-02-23 05:00:09,0.00099650,2.51000000
2018-02-23 05:00:09,0.00099630,0.13000000
2018-02-23 05:00:09,0.00099650,181.72000000
2018-02-23 05:00:10,0.00099630,7.13000000
2018-02-23 05:00:10,0.00099630,12.96000000
2018-02-23 05:00:10,0.00099650,103.35000000
2018-02-23 05:00:10,0.00099660,101.15000000
2018-02-23 05:00:10,0.00099670,101.88000000
2018-02-23 05:00:10,0.00099680,11.76000000
2018-02-23 05:00:10,0.00099700,91.83000000
2018-02-23 05:00:10,0.00099700,139.48000000
2018-02-23 05:00:11,0.00099700,3.43000000
2018-02-23 05:00:11,0.00099700,3.33000000
2018-02-23 05:00:11,0.00099700,63.97000000
2018-02-23 05:00:11,0.00099630,369.90000000
2018-02-23 05:00:11,0.00099610,12.97000000
2018-02-23 05:00:11,0.00099500,11.74000000
2018-02-23 05:00:11,0.00099500,30.11000000
2018-02-23 05:00:11,0.00099500,222.95000000
2018-02-23 05:00:12,0.00099450,7.13000000
2018-02-23 05:00:12,0.00099500,67.92000000
2018-02-23 05:00:12,0.00099500,30.11000000
2018-02-23 05:00:12,0.00099500,35.23000000
2018-02-23 05:00:12,0.00099480,30.11000000
2018-02-23 05:00:12,0.00099480,2.04000000
2018-02-23 05:00:12,0.00099480,1.52000000
2018-02-23 05:00:13,0.00099480,27.42000000
2018-02-23 05:00:13,0.00099470,2.02000000
2018-02-23 05:00:13,0.00099450,25.12000000
2018-02-23 05:00:13,0.00099630,2.54000000
2018-02-23 05:00:13,0.00099630,7.94000000
2018-02-23 05:00:13,0.00099630,4.97000000
2018-02-23 05:00:13,0.00099630,10.19000000
2018-02-23 05:00:13,0.00099650,2.83000000
2018-02-23 05:00:13,0.00099630,3.67000000
2018-02-23 05:00:13,0.00099630,56.45000000
2018-02-23 05:00:13,0.00099460,63.15000000
2018-02-23 05:00:13,0.00099630,83.90000000
2018-02-23 05:00:13,0.00099630,2.23000000
2018-02-23 05:00:13,0.00099630,2.55000000
2018-02-23 05:00:13,0.00099630,4.68000000
2018-02-23 05:00:13,0.00099630,5.48000000
2018-02-23 05:00:13,0.00099630,7.46000000
2018-02-23 05:00:13,0.00099630,10.16000000
2018-02-23 05:00:13,0.00099640,2.76000000
2018-02-23 05:00:13,0.00099630,5.12000000
2018-02-23 05:00:14,0.00099630,3.44000000
2018-02-23 05:00:14,0.00099630,3.08000000
2018-02-23 05:00:14,0.00099630,2.24000000
2018-02-23 05:00:14,0.00099630,4.73000000
2018-02-23 05:00:14,0.00099500,0.33000000
2018-02-23 05:00:14,0.00099500,2.28000000
2018-02-23 05:00:14,0.00099460,0.48000000
2018-02-23 05:00:14,0.00099460,5.08000000
2018-02-23 05:00:14,0.00099630,2.06000000
2018-02-23 05:00:14,0.00099630,8.08000000
2018-02-23 05:00:14,0.00099630,1.73000000
2018-02-23 05:00:15,0.00099630,2.54000000
2018-02-23 05:00:15,0.00099630,10.79000000
2018-02-23 05:00:15,0.00099460,9.52000000
2018-02-23 05:00:15,0.00099640,58.33000000
2018-02-23 05:00:15,0.00099650,48.22000000
2018-02-23 05:00:15,0.00099700,53.78000000
2018-02-23 05:00:15,0.00099720,1.03000000
2018-02-23 05:00:15,0.00099730,79.62000000
2018-02-23 05:00:15,0.00099750,26.90000000
2018-02-23 05:00:15,0.00099760,357.34000000
2018-02-23 05:00:15,0.00099780,10.48000000
2018-02-23 05:00:15,0.00099800,1013.35000000
2018-02-23 05:00:15,0.00099460,1.94000000
2018-02-23 05:00:15,0.00099460,2.55000000
2018-02-23 05:00:15,0.00099470,2.55000000
2018-02-23 05:00:15,0.00099470,3.06000000
2018-02-23 05:00:16,0.00099490,2.02000000
2018-02-23 05:00:16,0.00099480,15.44000000
2018-02-23 05:00:16,0.00099480,10.19000000
2018-02-23 05:00:16,0.00099490,1.43000000
2018-02-23 05:00:16,0.00099490,1.64000000
2018-02-23 05:00:16,0.00099490,2.55000000
2018-02-23 05:00:16,0.00099490,2.94000000
2018-02-23 05:00:16,0.00099490,10.73000000
2018-02-23 05:00:17,0.00099490,3.06000000
2018-02-23 05:00:17,0.00099500,3.05000000
2018-02-23 05:00:17,0.00099500,3.06000000
2018-02-23 05:00:17,0.00099770,28.17000000
2018-02-23 05:00:17,0.00099780,2.02000000
2018-02-23 05:00:17,0.00099790,82.72000000
2018-02-23 05:00:17,0.00099800,248.09000000
2018-02-23 05:00:17,0.00099800,1.50000000
2018-02-23 05:00:17,0.00099500,3.70000000
2018-02-23 05:00:17,0.00099500,1.54000000
2018-02-23 05:00:17,0.00099500,30.50000000
2018-02-23 05:00:17,0.00099490,5.14000000
2018-02-23 05:00:17,0.00099510,3.04000000
2018-02-23 05:00:17,0.00099510,3.58000000
2018-02-23 05:00:17,0.00099510,2.05000000
2018-02-23 05:00:17,0.00099510,9.91000000
2018-02-23 05:00:17,0.00099510,2.06000000
2018-02-23 05:00:17,0.00099510,2.54000000
2018-02-23 05:00:17,0.00099510,2.42000000
2018-02-23 05:00:17,0.00099490,2.62000000
2018-02-23 05:00:17,0.00099490,30.12000000
2018-02-23 05:00:18,0.00099480,4.99000000
2018-02-23 05:00:18,0.00099490,30.11000000
2018-02-23 05:00:18,0.00099480,3.03000000
2018-02-23 05:00:18,0.00099480,1.53000000
2018-02-23 05:00:18,0.00099490,70.12000000
2018-02-23 05:00:18,0.00099490,13.16000000
2018-02-23 05:00:18,0.00099490,2.56000000
2018-02-23 05:00:18,0.00099490,2.22000000
2018-02-23 05:00:18,0.00099490,2.55000000
2018-02-23 05:00:18,0.00099490,2.54000000
2018-02-23 05:00:18,0.00099520,8.16000000
2018-02-23 05:00:18,0.00099520,2.55000000
2018-02-23 05:00:18,0.00099630,3.64000000
2018-02-23 05:00:18,0.00099630,7.82000000
2018-02-23 05:00:18,0.00099630,2.55000000
2018-02-23 05:00:18,0.00099630,2.54000000
2018-02-23 05:00:18,0.00099630,0.39000000
2018-02-23 05:00:18,0.00099630,7.20000000
2018-02-23 05:00:19,0.00099630,2.54000000
2018-02-23 05:00:19,0.00099630,3.98000000
2018-02-23 05:00:19,0.00099490,3.07000000
2018-02-23 05:00:19,0.00099490,4.01000000
2018-02-23 05:00:19,0.00099480,4.72000000
2018-02-23 05:00:20,0.00099630,3.00000000
2018-02-23 05:00:20,0.00099500,2.02000000
2018-02-23 05:00:20,0.00099490,197.03000000
2018-02-23 05:00:20,0.00099460,10.00000000
2018-02-23 05:00:20,0.00099460,100.00000000
2018-02-23 05:00:20,0.00099460,30.11000000
2018-02-23 05:00:20,0.00099460,20.68000000
2018-02-23 05:00:20,0.00099460,181.16000000
2018-02-23 05:00:20,0.00099460,82.99000000
2018-02-23 05:00:20,0.00099460,30.11000000
2018-02-23 05:00:20,0.00099460,30.43000000
2018-02-23 05:00:20,0.00099500,2.14000000
2018-02-23 05:00:20,0.00099500,2.54000000
2018-02-23 05:00:20,0.00099500,36.19000000
2018-02-23 05:00:20,0.00099500,5.08000000
2018-02-23 05:00:21,0.00099500,2.56000000
2018-02-23 05:00:21,0.00099500,1.37000000
2018-02-23 05:00:21,0.00099500,3.05000000
2018-02-23 05:00:21,0.00099490,25.60000000
2018-02-23 05:00:21,0.00099490,20.88000000
2018-02-23 05:00:21,0.00099510,2.08000000
2018-02-23 05:00:21,0.00099490,0.16000000
2018-02-23 05:00:21,0.00099490,2.44000000
2018-02-23 05:00:21,0.00099490,59.22000000
2018-02-23 05:00:21,0.00099490,10.91000000
2018-02-23 05:00:22,0.00099490,12.10000000
2018-02-23 05:00:22,0.00099490,1.19000000
2018-02-23 05:00:22,0.00099490,181.05000000
2018-02-23 05:00:22,0.00099490,30.11000000
2018-02-23 05:00:22,0.00099490,99.58000000
2018-02-23 05:00:22,0.00099490,30.11000000
2018-02-23 05:00:22,0.00099490,100.08000000
2018-02-23 05:00:22,0.00099490,30.11000000
2018-02-23 05:00:22,0.00099490,30.11000000
2018-02-23 05:00:22,0.00099480,30.11000000
2018-02-23 05:00:22,0.00099480,42.60000000
2018-02-23 05:00:22,0.00099490,139.02000000
2018-02-23 05:00:22,0.00099490,30.11000000
2018-02-23 05:00:22,0.00099490,30.11000000
2018-02-23 05:00:23,0.00099490,30.11000000
2018-02-23 05:00:23,0.00099450,6.18000000
2018-02-23 05:00:23,0.00099490,30.11000000
2018-02-23 05:00:23,0.00099450,10.12000000
2018-02-23 05:00:23,0.00099460,95.05000000
2018-02-23 05:00:23,0.00099460,8.59000000
2018-02-23 05:00:23,0.00099460,603.00000000
2018-02-23 05:00:23,0.00099460,30.11000000
2018-02-23 05:00:23,0.00099460,90.33000000
2018-02-23 05:00:23,0.00099460,82.00000000
2018-02-23 05:00:23,0.00099460,1.79000000
2018-02-23 05:00:23,0.00099460,30.12000000
2018-02-23 05:00:23,0.00099450,1.54000000
2018-02-23 05:00:23,0.00099460,30.12000000
2018-02-23 05:00:23,0.00099460,65.40000000
2018-02-23 05:00:23,0.00099460,30.11000000
2018-02-23 05:00:23,0.00099460,82.61000000
2018-02-23 05:00:23,0.00099460,975.05000000
2018-02-23 05:00:23,0.00099460,30.11000000
2018-02-23 05:00:23,0.00099460,22.19000000
2018-02-23 05:00:23,0.00099460,30.11000000
2018-02-23 05:00:23,0.00099450,30.11000000
2018-02-23 05:00:24,0.00099460,33.76000000
2018-02-23 05:00:24,0.00099450,3.04000000
2018-02-23 05:00:25,0.00099450,10.36000000
2018-02-23 05:00:25,0.00099450,5.90000000
2018-02-23 05:00:25,0.00099450,3.32000000
2018-02-23 05:00:25,0.00099450,3.16000000
2018-02-23 05:00:25,0.00099450,3.04000000
2018-02-23 05:00:25,0.00099450,3.05000000
2018-02-23 05:00:25,0.00099450,3.87000000
2018-02-23 05:00:25,0.00099450,2.55000000
2018-02-23 05:00:26,0.00099450,14.27000000
2018-02-23 05:00:26,0.00099450,2.54000000
2018-02-23 05:00:26,0.00099450,1.53000000
2018-02-23 05:00:26,0.00099450,7.53000000
2018-02-23 05:00:26,0.00099450,2.56000000
2018-02-23 05:00:26,0.00099450,1.63000000
2018-02-23 05:00:26,0.00099450,2.05000000
2018-02-23 05:00:26,0.00099450,3.05000000
2018-02-23 05:00:26,0.00099450,11.05000000
2018-02-23 05:00:26,0.00099450,24.92000000
2018-02-23 05:00:26,0.00099450,5.08000000
2018-02-23 05:00:26,0.00099450,3.08000000
2018-02-23 05:00:26,0.00099450,3.66000000
2018-02-23 05:00:26,0.00099450,2.76000000
2018-02-23 05:00:26,0.00099450,9.51000000
2018-02-23 05:00:26,0.00099460,2.01000000
2018-02-23 05:00:26,0.00099440,41.62000000
2018-02-23 05:00:26,0.00099420,5.01000000
2018-02-23 05:00:26,0.00099410,19.97000000
2018-02-23 05:00:27,0.00099460,5.03000000
2018-02-23 05:00:27,0.00099400,276.73000000
2018-02-23 05:00:27,0.00099300,1858.19000000
2018-02-23 05:00:27,0.00099460,1.51000000
2018-02-23 05:00:28,0.00099460,28.60000000
2018-02-23 05:00:28,0.00099460,11.56000000
2018-02-23 05:00:28,0.00099420,3.03000000
2018-02-23 05:00:28,0.00099420,55.80000000
2018-02-23 05:00:29,0.00099420,111.24000000
2018-02-23 05:00:29,0.00099320,2.02000000
2018-02-23 05:00:29,0.00099300,92.02000000
2018-02-23 05:00:29,0.00099260,21.13000000
2018-02-23 05:00:29,0.00099250,180.86000000
2018-02-23 05:00:29,0.00099250,298.83000000
2018-02-23 05:00:29,0.00099210,9.71000000
2018-02-23 05:00:29,0.00099440,2.02000000
2018-02-23 05:00:29,0.00099460,19.11000000
2018-02-23 05:00:29,0.00099210,0.97000000
2018-02-23 05:00:29,0.00099180,3.01000000
2018-02-23 05:00:29,0.00099120,100.84000000
2018-02-23 05:00:29,0.00099040,59.12000000
2018-02-23 05:00:29,0.00099030,23.13000000
2018-02-23 05:00:29,0.00099020,288.99000000
2018-02-23 05:00:29,0.00099000,144.12000000
2018-02-23 05:00:29,0.00099000,48.00000000
2018-02-23 05:00:29,0.00099450,30.15000000
2018-02-23 05:00:29,0.00099460,4.83000000
2018-02-23 05:00:30,0.00099220,2.56000000
2018-02-23 05:00:30,0.00099440,3.07000000
2018-02-23 05:00:30,0.00099460,84.09000000
2018-02-23 05:00:30,0.00099220,58.51000000
2018-02-23 05:00:30,0.00099220,1.12000000
2018-02-23 05:00:31,0.00099220,3.50000000
2018-02-23 05:00:31,0.00099210,4.16000000
2018-02-23 05:00:31,0.00099220,2.01000000
2018-02-23 05:00:31,0.00099220,3.52000000
2018-02-23 05:00:31,0.00099220,65.24000000
2018-02-23 05:00:31,0.00099210,32.34000000
2018-02-23 05:00:31,0.00099020,11.88000000
2018-02-23 05:00:32,0.00099110,106.79000000
2018-02-23 05:00:32,0.00099220,15.54000000
2018-02-23 05:00:32,0.00099240,8.77000000
2018-02-23 05:00:32,0.00099250,2.72000000
2018-02-23 05:00:33,0.00099200,303.22000000
2018-02-23 05:00:33,0.00099020,7.66000000
2018-02-23 05:00:33,0.00099020,2.24000000
2018-02-23 05:00:33,0.00099020,2.56000000
2018-02-23 05:00:33,0.00099190,3.02000000
2018-02-23 05:00:34,0.00099020,1.63000000
2018-02-23 05:00:34,0.00099030,5.91000000
2018-02-23 05:00:35,0.00099010,4.68000000
2018-02-23 05:00:35,0.00099010,47.67000000
2018-02-23 05:00:36,0.00099010,3.97000000
2018-02-23 05:00:36,0.00099010,145.37000000
2018-02-23 05:00:36,0.00099000,36.19000000
2018-02-23 05:00:36,0.00099000,343.77000000
2018-02-23 05:00:36,0.00099120,0.02000000
2018-02-23 05:00:36,0.00099000,38.04000000
2018-02-23 05:00:36,0.00098920,84.36000000
2018-02-23 05:00:36,0.00098890,18.92000000
2018-02-23 05:00:36,0.00098820,1.11000000
2018-02-23 05:00:36,0.00098800,1.93000000
2018-02-23 05:00:36,0.00098770,9.64000000
2018-02-23 05:00:36,0.00098710,23.64000000
2018-02-23 05:00:36,0.00098700,7.40000000
2018-02-23 05:00:36,0.00098630,10.14000000
2018-02-23 05:00:36,0.00098600,3.01000000
2018-02-23 05:00:36,0.00098580,6.86000000
2018-02-23 05:00:36,0.00098530,6.09000000
2018-02-23 05:00:36,0.00098800,30.06000000
2018-02-23 05:00:36,0.00098800,1.73000000
2018-02-23 05:00:36,0.00098800,5.23000000
2018-02-23 05:00:36,0.00098800,30.26000000
2018-02-23 05:00:36,0.00098800,27.60000000
2018-02-23 05:00:36,0.00098530,5.00000000
2018-02-23 05:00:38,0.00098610,1.85000000
2018-02-23 05:00:39,0.00098970,2.53000000
2018-02-23 05:00:39,0.00098630,10.48000000
2018-02-23 05:00:40,0.00098970,3.84000000
2018-02-23 05:00:40,0.00098640,2.75000000
2018-02-23 05:00:40,0.00098640,48.36000000
2018-02-23 05:00:40,0.00098630,3.56000000
2018-02-23 05:00:41,0.00098630,2.74000000
2018-02-23 05:00:41,0.00098610,17.23000000
2018-02-23 05:00:42,0.00098630,2.57000000
2018-02-23 05:00:42,0.00098930,3.07000000
2018-02-23 05:00:42,0.00098940,24.82000000
2018-02-23 05:00:45,0.00098790,12.92000000
2018-02-23 05:00:45,0.00098790,68.00000000
2018-02-23 05:00:45,0.00098790,30.35000000
2018-02-23 05:00:45,0.00098650,19.57000000
2018-02-23 05:00:45,0.00098640,29.02000000
2018-02-23 05:00:45,0.00098630,32.33000000
2018-02-23 05:00:45,0.00098630,30.36000000
2018-02-23 05:00:45,0.00098630,30.35000000
2018-02-23 05:00:46,0.00098700,30.39000000
2018-02-23 05:00:46,0.00098700,30.39000000
2018-02-23 05:00:46,0.00098700,30.39000000
2018-02-23 05:00:46,0.00098700,72.38000000
2018-02-23 05:00:46,0.00098700,7.56000000
2018-02-23 05:00:46,0.00098790,98.48000000
2018-02-23 05:00:46,0.00098800,19.57000000
2018-02-23 05:00:46,0.00098800,30.39000000
2018-02-23 05:00:46,0.00098800,9.61000000
2018-02-23 05:00:46,0.00098800,30.36000000
2018-02-23 05:00:46,0.00098800,50.00000000
2018-02-23 05:00:46,0.00098800,30.36000000
2018-02-23 05:00:46,0.00098800,51.11000000
2018-02-23 05:00:46,0.00098800,30.36000000
2018-02-23 05:00:46,0.00098800,1.74000000
2018-02-23 05:00:46,0.00098800,181.45000000
2018-02-23 05:00:46,0.00098800,30.36000000
2018-02-23 05:00:47,0.00098800,30.55000000
2018-02-23 05:00:47,0.00098800,5.66000000
2018-02-23 05:00:47,0.00098700,30.39000000
2018-02-23 05:00:47,0.00098700,30.39000000
2018-02-23 05:00:47,0.00098700,4.20000000
2018-02-23 05:00:47,0.00098700,30.39000000
2018-02-23 05:00:47,0.00098700,30.39000000
2018-02-23 05:00:47,0.00098700,19.97000000
2018-02-23 05:00:47,0.00098700,30.39000000
2018-02-23 05:00:47,0.00098700,30.39000000
2018-02-23 05:00:47,0.00098700,30.39000000
2018-02-23 05:00:47,0.00098700,30.39000000
2018-02-23 05:00:48,0.00098700,30.27000000
2018-02-23 05:00:48,0.00098750,5.66000000
2018-02-23 05:00:48,0.00098880,2.00000000
2018-02-23 05:00:48,0.00098880,11.07000000
2018-02-23 05:00:48,0.00098880,72.42000000
2018-02-23 05:00:48,0.00098880,2.04000000
2018-02-23 05:00:49,0.00098880,2.57000000
2018-02-23 05:00:49,0.00098880,188.38000000
2018-02-23 05:00:49,0.00098880,7.76000000
2018-02-23 05:00:49,0.00098880,2.56000000
2018-02-23 05:00:50,0.00098880,227.36000000
2018-02-23 05:00:50,0.00098880,166.90000000
2018-02-23 05:00:52,0.00098790,47.00000000
2018-02-23 05:00:52,0.00098870,29.71000000
2018-02-23 05:00:52,0.00098880,34.37000000
2018-02-23 05:00:52,0.00098890,1.59000000
2018-02-23 05:00:53,0.00098880,4.23000000
2018-02-23 05:00:54,0.00098880,5.28000000
2018-02-23 05:00:54,0.00098880,6.09000000
2018-02-23 05:00:54,0.00098880,3.03000000
2018-02-23 05:00:54,0.00098880,12.72000000
2018-02-23 05:00:54,0.00098880,7.50000000
2018-02-23 05:00:54,0.00098790,47.00000000
2018-02-23 05:00:54,0.00098700,43.45000000
2018-02-23 05:00:54,0.00098890,29.99000000
2018-02-23 05:00:54,0.00098900,15.13000000
2018-02-23 05:00:55,0.00098900,4.37000000
2018-02-23 05:00:55,0.00098900,33.64000000
2018-02-23 05:00:55,0.00098900,5.04000000
2018-02-23 05:00:55,0.00098900,3.08000000
2018-02-23 05:00:56,0.00098900,3.37000000
2018-02-23 05:00:56,0.00098900,3.07000000
2018-02-23 05:00:57,0.00098910,295.00000000
2018-02-23 05:00:57,0.00098900,84.03000000
2018-02-23 05:00:58,0.00098900,2.53000000
2018-02-23 05:00:58,0.00098900,33.20000000
2018-02-23 05:00:59,0.00098900,1.20000000
2018-02-23 05:01:00,0.00098900,1.11000000
2018-02-23 05:01:01,0.00098900,30.54000000
2018-02-23 05:01:02,0.00098900,2.53000000
2018-02-23 05:01:02,0.00098900,43.19000000
2018-02-23 05:01:06,0.00098910,4.77000000
2018-02-23 05:01:06,0.00098910,10.22000000
2018-02-23 05:01:07,0.00098930,20.00000000
2018-02-23 05:01:07,0.00098940,21.13000000
2018-02-23 05:01:07,0.00099000,2.66000000
2018-02-23 05:01:07,0.00099000,8.87000000
2018-02-23 05:01:09,0.00099000,64.43000000
2018-02-23 05:01:09,0.00098910,39.50000000
2018-02-23 05:01:09,0.00098900,38.43000000
2018-02-23 05:01:10,0.00098900,3.09000000
2018-02-23 05:01:10,0.00099000,10.00000000
2018-02-23 05:01:11,0.00099000,0.23000000
2018-02-23 05:01:11,0.00099010,1.99000000
2018-02-23 05:01:11,0.00099010,81.37000000
2018-02-23 05:01:11,0.00099020,13.20000000
2018-02-23 05:01:13,0.00099130,5.04000000
2018-02-23 05:01:14,0.00099130,2.52000000
2018-02-23 05:01:15,0.00099130,1.82000000
2018-02-23 05:01:15,0.00099130,2.52000000
2018-02-23 05:01:15,0.00099040,2.02000000
2018-02-23 05:01:15,0.00099020,260.56000000
2018-02-23 05:01:16,0.00099110,2.02000000
2018-02-23 05:01:16,0.00099130,0.50000000
2018-02-23 05:01:16,0.00099130,7.96000000
2018-02-23 05:01:16,0.00099190,7.40000000
2018-02-23 05:01:16,0.00099200,3.00000000
2018-02-23 05:01:16,0.00099390,26.33000000
2018-02-23 05:01:16,0.00099400,15.51000000
2018-02-23 05:01:16,0.00099030,2.56000000
2018-02-23 05:01:17,0.00099130,7.06000000
2018-02-23 05:01:18,0.00099130,1.21000000
2018-02-23 05:01:19,0.00099130,4.04000000
2018-02-23 05:01:19,0.00099130,11.83000000
2018-02-23 05:01:21,0.00099130,87.13000000
2018-02-23 05:01:21,0.00099130,7.63000000
2018-02-23 05:01:21,0.00099130,2.56000000
2018-02-23 05:01:22,0.00099130,1.38000000
2018-02-23 05:01:22,0.00099180,7.68000000
2018-02-23 05:01:23,0.00099180,7.68000000
2018-02-23 05:01:23,0.00099180,181.67000000
2018-02-23 05:01:25,0.00099230,84.84000000
2018-02-23 05:01:25,0.00099290,3.32000000
2018-02-23 05:01:26,0.00099200,2.02000000
2018-02-23 05:01:26,0.00099180,13.58000000
2018-02-23 05:01:27,0.00099270,2.02000000
2018-02-23 05:01:27,0.00099290,187.83000000
2018-02-23 05:01:27,0.00099300,209.83000000
2018-02-23 05:01:28,0.00099180,82.04000000
2018-02-23 05:01:28,0.00099180,66.83000000
2018-02-23 05:01:28,0.00099300,302.29000000
2018-02-23 05:01:28,0.00099320,2.56000000
2018-02-23 05:01:28,0.00099340,10.03000000
2018-02-23 05:01:28,0.00099350,166.90000000
2018-02-23 05:01:28,0.00099350,3.57000000
2018-02-23 05:01:28,0.00099350,174.91000000
2018-02-23 05:01:28,0.00099350,30.19000000
2018-02-23 05:01:29,0.00099350,306.25000000
2018-02-23 05:01:29,0.00099350,30.00000000
2018-02-23 05:01:31,0.00099350,59.12000000
2018-02-23 05:01:31,0.00099350,138.42000000
2018-02-23 05:01:31,0.00099400,51.93000000
2018-02-23 05:01:33,0.00099400,7.75000000
2018-02-23 05:01:34,0.00099290,2.02000000
2018-02-23 05:01:35,0.00099270,182.47000000
2018-02-23 05:01:35,0.00099290,2.02000000
2018-02-23 05:01:35,0.00099270,79.75000000
2018-02-23 05:01:35,0.00099250,2.55000000
2018-02-23 05:01:36,0.00099200,32.26000000
2018-02-23 05:01:36,0.00099060,3.01000000
2018-02-23 05:01:36,0.00099050,5.73000000
2018-02-23 05:01:36,0.00099030,21.14000000
2018-02-23 05:01:36,0.00099000,50.49000000
2018-02-23 05:01:36,0.00099280,2.02000000
2018-02-23 05:01:36,0.00099330,2.02000000
2018-02-23 05:01:36,0.00099350,0.29000000
2018-02-23 05:01:38,0.00098930,7.66000000
2018-02-23 05:01:38,0.00098930,2.56000000
2018-02-23 05:01:38,0.00099020,11.52000000
2018-02-23 05:01:38,0.00099120,2.52000000
2018-02-23 05:01:38,0.00098950,2.04000000
2018-02-23 05:01:38,0.00098930,0.61000000
2018-02-23 05:01:39,0.00098930,2.36000000
2018-02-23 05:01:39,0.00098930,5.12000000
2018-02-23 05:01:39,0.00099110,2.04000000
2018-02-23 05:01:39,0.00099120,28.07000000
2018-02-23 05:01:39,0.00098930,5.16000000
2018-02-23 05:01:39,0.00099120,2.20000000
2018-02-23 05:01:39,0.00099130,67.90000000
2018-02-23 05:01:39,0.00098930,1.22000000
2018-02-23 05:01:39,0.00098940,3.32000000
2018-02-23 05:01:40,0.00098940,2.45000000
2018-02-23 05:01:40,0.00098940,3.06000000
2018-02-23 05:01:40,0.00098940,5.69000000
2018-02-23 05:01:40,0.00098930,2.88000000
2018-02-23 05:01:41,0.00098940,6.11000000
2018-02-23 05:01:41,0.00098940,2.56000000
2018-02-23 05:01:41,0.00098940,20.73000000
2018-02-23 05:01:42,0.00098940,0.92000000
2018-02-23 05:01:42,0.00098930,10.17000000
2018-02-23 05:01:42,0.00098930,2.56000000
2018-02-23 05:01:43,0.00098930,2.85000000
2018-02-23 05:01:44,0.00098920,3.32000000
2018-02-23 05:01:44,0.00098930,194.12000000
2018-02-23 05:01:44,0.00099110,11.20000000
2018-02-23 05:01:44,0.00099120,257.46000000
2018-02-23 05:01:46,0.00099100,30.32000000
2018-02-23 05:01:46,0.00099110,51.32000000
2018-02-23 05:01:46,0.00099120,34.28000000
2018-02-23 05:01:49,0.00099100,28.99000000
2018-02-23 05:01:49,0.00098940,30.32000000
2018-02-23 05:01:49,0.00098930,61.22000000
2018-02-23 05:01:50,0.00098930,16.93000000
2018-02-23 05:01:51,0.00098930,9.69000000
2018-02-23 05:01:51,0.00098930,80.64000000
2018-02-23 05:01:52,0.00098960,3.37000000
2018-02-23 05:01:54,0.00099010,91.76000000
2018-02-23 05:01:56,0.00098960,4.35000000
2018-02-23 05:01:58,0.00099010,5.04000000
2018-02-23 05:01:58,0.00098970,4.23000000
2018-02-23 05:01:58,0.00098960,6.67000000
2018-02-23 05:01:58,0.00099000,11.00000000
2018-02-23 05:01:59,0.00099000,84.92000000
2018-02-23 05:01:59,0.00099010,3.27000000
2018-02-23 05:02:00,0.00099050,19.63000000
2018-02-23 05:02:00,0.00099050,19.63000000
2018-02-23 05:02:02,0.00099050,0.02000000
2018-02-23 05:02:02,0.00099050,5.05000000
2018-02-23 05:02:04,0.00099000,6.02000000
2018-02-23 05:02:04,0.00099000,5.42000000
2018-02-23 05:02:04,0.00099000,3.64000000
2018-02-23 05:02:05,0.00098970,2.15000000
2018-02-23 05:02:05,0.00099000,15.14000000
2018-02-23 05:02:06,0.00098990,11.22000000
2018-02-23 05:02:06,0.00099000,142.24000000
2018-02-23 05:02:06,0.00099050,5.67000000
2018-02-23 05:02:07,0.00099050,53.21000000
2018-02-23 05:02:07,0.00099000,100.00000000
2018-02-23 05:02:07,0.00098980,18.29000000
2018-02-23 05:02:09,0.00099000,47.18000000
2018-02-23 05:02:09,0.00098970,2.88000000
2018-02-23 05:02:10,0.00099000,5.00000000
2018-02-23 05:02:11,0.00098980,14.47000000
2018-02-23 05:02:11,0.00099000,2.21000000
2018-02-23 05:02:11,0.00098980,2.19000000
2018-02-23 05:02:12,0.00099000,2.52000000
2018-02-23 05:02:12,0.00098980,15.17000000
2018-02-23 05:02:16,0.00099000,358.92000000
2018-02-23 05:02:17,0.00099000,408.04000000
2018-02-23 05:02:18,0.00099000,96.03000000
2018-02-23 05:02:19,0.00099100,50.53000000
2018-02-23 05:02:19,0.00099120,93.35000000
2018-02-23 05:02:20,0.00099130,91.39000000
2018-02-23 05:02:20,0.00099120,279.56000000
2018-02-23 05:02:22,0.00099290,1.51000000
2018-02-23 05:02:23,0.00099120,3.01000000
2018-02-23 05:02:23,0.00099280,5.00000000
2018-02-23 05:02:23,0.00099200,98.52000000
2018-02-23 05:02:24,0.00099280,3.33000000
2018-02-23 05:02:26,0.00099200,6.62000000
2018-02-23 05:02:26,0.00099200,1.88000000
2018-02-23 05:02:27,0.00099270,2.00000000
2018-02-23 05:02:27,0.00099230,86.78000000
2018-02-23 05:02:27,0.00099220,2.02000000
2018-02-23 05:02:27,0.00099200,91.50000000
2018-02-23 05:02:28,0.00099200,10.07000000
2018-02-23 05:02:29,0.00099190,7.62000000
2018-02-23 05:02:29,0.00099200,92.38000000
2018-02-23 05:02:29,0.00099200,2.52000000
2018-02-23 05:02:30,0.00099190,50.00000000
2018-02-23 05:02:30,0.00099200,77.51000000
2018-02-23 05:02:30,0.00099250,2.02000000
2018-02-23 05:02:30,0.00099250,3.23000000
2018-02-23 05:02:30,0.00099250,3.23000000
2018-02-23 05:02:30,0.00099250,6.55000000
2018-02-23 05:02:31,0.00099250,0.73000000
2018-02-23 05:02:31,0.00099200,5.00000000
2018-02-23 05:02:31,0.00099200,6.99000000
2018-02-23 05:02:32,0.00099200,0.55000000
2018-02-23 05:02:34,0.00099230,25.20000000
2018-02-23 05:02:35,0.00099220,2.02000000
2018-02-23 05:02:35,0.00099200,34.05000000
2018-02-23 05:02:36,0.00099200,4.46000000
2018-02-23 05:02:36,0.00099200,4.62000000
2018-02-23 05:02:38,0.00099200,97.24000000
2018-02-23 05:02:40,0.00099140,22.67000000
2018-02-23 05:02:40,0.00099130,97.33000000
2018-02-23 05:02:40,0.00099130,15.25000000
2018-02-23 05:02:41,0.00099120,600.00000000
2018-02-23 05:02:42,0.00099130,4.70000000
2018-02-23 05:02:42,0.00099190,2.02000000
2018-02-23 05:02:42,0.00099200,65.30000000
2018-02-23 05:02:44,0.00099120,362.78000000
2018-02-23 05:02:44,0.00099200,4.60000000
2018-02-23 05:02:45,0.00099140,2.02000000
2018-02-23 05:02:45,0.00099120,17.19000000
2018-02-23 05:02:45,0.00099180,2.02000000
2018-02-23 05:02:45,0.00099200,2.11000000
2018-02-23 05:02:45,0.00099120,0.41000000
2018-02-23 05:02:45,0.00099120,88.10000000
2018-02-23 05:02:45,0.00099200,9.55000000
2018-02-23 05:02:48,0.00099120,224.66000000
2018-02-23 05:02:48,0.00099160,105.44000000
2018-02-23 05:02:49,0.00099140,2.02000000
2018-02-23 05:02:49,0.00099120,79.33000000
2018-02-23 05:02:50,0.00099120,12.43000000
2018-02-23 05:02:50,0.00099120,36.30000000
2018-02-23 05:02:51,0.00099080,1.73000000
2018-02-23 05:02:52,0.00099080,5.06000000
2018-02-23 05:02:54,0.00099120,246.25000000
2018-02-23 05:02:56,0.00099080,2.67000000
2018-02-23 05:02:57,0.00099080,2.55000000
2018-02-23 05:02:57,0.00099080,2.62000000
2018-02-23 05:02:57,0.00099000,26.07000000
2018-02-23 05:02:57,0.00098900,1433.80000000
2018-02-23 05:02:57,0.00098900,42.68000000
2018-02-23 05:02:58,0.00098900,30.29000000
2018-02-23 05:02:58,0.00098900,4.64000000
2018-02-23 05:02:58,0.00098900,30.30000000
2018-02-23 05:02:58,0.00098900,30.30000000
2018-02-23 05:02:58,0.00098900,8.68000000
2018-02-23 05:02:58,0.00099120,42.48000000
2018-02-23 05:02:59,0.00098850,3.63000000
2018-02-23 05:03:00,0.00098850,5.05000000
2018-02-23 05:03:00,0.00098840,49.95000000
2018-02-23 05:03:00,0.00098830,3.01000000
2018-02-23 05:03:00,0.00098740,7.39000000
2018-02-23 05:03:00,0.00098700,75.65000000
2018-02-23 05:03:00,0.00098650,1.18000000
2018-02-23 05:03:00,0.00098630,9.47000000
2018-02-23 05:03:00,0.00098620,3.37000000
2018-02-23 05:03:00,0.00098550,3.01000000
2018-02-23 05:03:00,0.00098530,10.62000000
2018-02-23 05:03:00,0.00098500,22.05000000
2018-02-23 05:03:00,0.00098490,57.63000000
2018-02-23 05:03:00,0.00098470,46.62000000
2018-02-23 05:03:01,0.00098990,3.63000000
2018-02-23 05:03:01,0.00099000,10.05000000
2018-02-23 05:03:01,0.00098560,3.33000000
2018-02-23 05:03:04,0.00098800,32.12000000
2018-02-23 05:03:04,0.00098650,19.79000000
2018-02-23 05:03:04,0.00098650,8.13000000
2018-02-23 05:03:04,0.00098580,3.70000000
2018-02-23 05:03:05,0.00098800,23.27000000
2018-02-23 05:03:05,0.00098800,8.85000000
2018-02-23 05:03:13,0.00098690,5.06000000
2018-02-23 05:03:13,0.00098680,4.61000000
2018-02-23 05:03:13,0.00098600,12.23000000
2018-02-23 05:03:13,0.00098580,66.10000000
2018-02-23 05:03:14,0.00098700,1.31000000
2018-02-23 05:03:14,0.00098700,10.73000000
2018-02-23 05:03:14,0.00098700,20.24000000
2018-02-23 05:03:14,0.00098700,30.37000000
2018-02-23 05:03:14,0.00098700,30.37000000
2018-02-23 05:03:15,0.00098580,30.37000000
2018-02-23 05:03:15,0.00098630,112.35000000
2018-02-23 05:03:15,0.00098700,3.04000000
2018-02-23 05:03:15,0.00098600,1.78000000
2018-02-23 05:03:15,0.00098600,1.33000000
2018-02-23 05:03:15,0.00098600,1.78000000
2018-02-23 05:03:16,0.00098600,2.15000000
2018-02-23 05:03:16,0.00098600,2.22000000
2018-02-23 05:03:16,0.00098600,1.79000000
2018-02-23 05:03:16,0.00098600,141.68000000
2018-02-23 05:03:16,0.00098600,13.33000000
2018-02-23 05:03:16,0.00098590,4.40000000
2018-02-23 05:03:16,0.00098580,6.72000000
2018-02-23 05:03:16,0.00098570,288.14000000
2018-02-23 05:03:18,0.00098580,15.21000000
2018-02-23 05:03:18,0.00098570,150.95000000
2018-02-23 05:03:19,0.00098580,3.33000000
2018-02-23 05:03:21,0.00098590,2.76000000
2018-02-23 05:03:22,0.00098580,16.20000000
2018-02-23 05:03:23,0.00098570,16.20000000
2018-02-23 05:03:24,0.00098590,2.54000000
2018-02-23 05:03:28,0.00098590,53.42000000
2018-02-23 05:03:28,0.00098600,64.23000000
2018-02-23 05:03:28,0.00098600,112.52000000
2018-02-23 05:03:28,0.00098570,3.50000000
2018-02-23 05:03:28,0.00098600,261.63000000
2018-02-23 05:03:29,0.00098600,12.29000000
2018-02-23 05:03:29,0.00098600,3.47000000
2018-02-23 05:03:29,0.00098600,30.42000000
2018-02-23 05:03:29,0.00098600,30.42000000
2018-02-23 05:03:29,0.00098600,30.42000000
2018-02-23 05:03:29,0.00098600,30.42000000
2018-02-23 05:03:29,0.00098600,30.42000000
2018-02-23 05:03:29,0.00098600,30.42000000
2018-02-23 05:03:29,0.00098600,30.42000000
2018-02-23 05:03:30,0.00098600,30.42000000
2018-02-23 05:03:30,0.00098600,70.05000000
2018-02-23 05:03:30,0.00098590,4.81000000
2018-02-23 05:03:30,0.00098590,13.25000000
2018-02-23 05:03:30,0.00098570,30.42000000
2018-02-23 05:03:30,0.00098600,30.42000000
2018-02-23 05:03:30,0.00098600,30.42000000
2018-02-23 05:03:30,0.00098600,3.66000000
2018-02-23 05:03:31,0.00098580,3.66000000
2018-02-23 05:03:31,0.00098600,30.42000000
2018-02-23 05:03:32,0.00098600,30.42000000
2018-02-23 05:03:32,0.00098600,30.42000000
2018-02-23 05:03:32,0.00098600,30.42000000
2018-02-23 05:03:32,0.00098600,30.42000000
2018-02-23 05:03:33,0.00098600,2.89000000
2018-02-23 05:03:33,0.00098670,5.05000000
2018-02-23 05:03:33,0.00098680,64.80000000
2018-02-23 05:03:33,0.00098680,68.00000000
2018-02-23 05:03:33,0.00098680,228.14000000
2018-02-23 05:03:33,0.00098600,68.00000000
2018-02-23 05:03:33,0.00098600,76.13000000
2018-02-23 05:03:33,0.00098600,30.40000000
2018-02-23 05:03:33,0.00098600,30.40000000
2018-02-23 05:03:34,0.00098600,30.42000000
2018-02-23 05:03:34,0.00098600,30.42000000
2018-02-23 05:03:35,0.00098620,39.04000000
2018-02-23 05:03:36,0.00098660,190.49000000
2018-02-23 05:03:36,0.00098680,30.40000000
2018-02-23 05:03:36,0.00098680,30.40000000
2018-02-23 05:03:36,0.00098680,23.20000000
2018-02-23 05:03:36,0.00098600,79.24000000
2018-02-23 05:03:38,0.00098600,40.28000000
2018-02-23 05:03:38,0.00098690,2.00000000
2018-02-23 05:03:39,0.00098600,5.71000000
2018-02-23 05:03:40,0.00098600,54.01000000
2018-02-23 05:03:40,0.00098580,2.76000000
2018-02-23 05:03:40,0.00098590,2.04000000
2018-02-23 05:03:41,0.00098580,3.01000000
2018-02-23 05:03:41,0.00098590,51.97000000
2018-02-23 05:03:41,0.00098590,100.00000000
2018-02-23 05:03:42,0.00098590,15.00000000
2018-02-23 05:03:43,0.00098590,100.00000000
2018-02-23 05:03:44,0.00098590,188.05000000
2018-02-23 05:03:44,0.00098600,15.21000000
2018-02-23 05:03:48,0.00098610,5.05000000
2018-02-23 05:03:51,0.00098610,15.76000000
2018-02-23 05:03:53,0.00098630,119.27000000
2018-02-23 05:03:54,0.00098660,9.87000000
2018-02-23 05:03:56,0.00098660,5.10000000
2018-02-23 05:03:59,0.00098600,1.00000000
2018-02-23 05:04:00,0.00098600,440.78000000
2018-02-23 05:04:01,0.00098660,7.34000000
2018-02-23 05:04:01,0.00098660,30.40000000
2018-02-23 05:04:01,0.00098670,2.04000000
2018-02-23 05:04:01,0.00098690,4.06000000
2018-02-23 05:04:01,0.00098770,60.95000000
2018-02-23 05:04:01,0.00098660,22.08000000
2018-02-23 05:04:03,0.00098660,4.00000000
2018-02-23 05:04:04,0.00098760,21.93000000
2018-02-23 05:04:04,0.00098770,51.60000000
2018-02-23 05:04:04,0.00098780,515.83000000
2018-02-23 05:04:05,0.00098780,18.37000000
2018-02-23 05:04:05,0.00098660,30.40000000
2018-02-23 05:04:05,0.00098660,122.48000000
2018-02-23 05:04:06,0.00098630,30.40000000
2018-02-23 05:04:06,0.00098660,30.48000000
2018-02-23 05:04:06,0.00098750,2.04000000
2018-02-23 05:04:06,0.00098780,140.65000000
2018-02-23 05:04:06,0.00098780,68.00000000
2018-02-23 05:04:06,0.00098780,68.64000000
2018-02-23 05:04:06,0.00098650,2.04000000
2018-02-23 05:04:06,0.00098630,2.05000000
2018-02-23 05:04:06,0.00098610,41.51000000
2018-02-23 05:04:07,0.00098760,47.27000000
2018-02-23 05:04:08,0.00098770,20.81000000
2018-02-23 05:04:09,0.00098780,1.00000000
2018-02-23 05:04:11,0.00098780,54.57000000
2018-02-23 05:04:11,0.00098780,33.08000000
2018-02-23 05:04:11,0.00098780,1.62000000
2018-02-23 05:04:11,0.00098780,1.50000000
2018-02-23 05:04:14,0.00098710,45.95000000
2018-02-23 05:04:14,0.00098780,2.23000000
2018-02-23 05:04:17,0.00098780,20.24000000
2018-02-23 05:04:22,0.00098780,13.07000000
2018-02-23 05:04:23,0.00098710,2.04000000
2018-02-23 05:04:23,0.00098690,86.45000000
2018-02-23 05:04:23,0.00098760,2.04000000
2018-02-23 05:04:23,0.00098780,0.27000000
2018-02-23 05:04:24,0.00098780,30.37000000
2018-02-23 05:04:25,0.00098780,9.56000000
2018-02-23 05:04:27,0.00098730,126.19000000
2018-02-23 05:04:29,0.00098780,211.98000000
2018-02-23 05:04:32,0.00098780,14.69000000
2018-02-23 05:04:32,0.00098710,0.91000000
2018-02-23 05:04:32,0.00098710,1.13000000
2018-02-23 05:04:32,0.00098700,1.40000000
2018-02-23 05:04:36,0.00098700,81.42000000
2018-02-23 05:04:41,0.00098760,2.04000000
2018-02-23 05:04:42,0.00098830,52.87000000
2018-02-23 05:04:42,0.00098770,51.96000000
2018-02-23 05:04:42,0.00098770,10.74000000
2018-02-23 05:04:43,0.00098770,85.24000000
2018-02-23 05:04:43,0.00098700,32.41000000
2018-02-23 05:04:45,0.00098720,1.33000000
2018-02-23 05:04:45,0.00098710,2.71000000
2018-02-23 05:04:46,0.00098730,1.05000000
2018-02-23 05:04:48,0.00098710,47.31000000
2018-02-23 05:04:48,0.00098700,182.39000000
2018-02-23 05:04:50,0.00098720,50.00000000
2018-02-23 05:04:50,0.00098700,17.05000000
2018-02-23 05:04:50,0.00098700,107.88000000
2018-02-23 05:04:50,0.00098680,44.95000000
2018-02-23 05:04:51,0.00098750,2.31000000
2018-02-23 05:04:52,0.00098740,2.04000000
2018-02-23 05:04:55,0.00098680,399.56000000
2018-02-23 05:04:55,0.00098610,32.00000000
2018-02-23 05:04:55,0.00098600,2.74000000
2018-02-23 05:04:55,0.00098600,2.04000000
2018-02-23 05:04:55,0.00098600,6.83000000
2018-02-23 05:04:55,0.00098600,16.14000000
2018-02-23 05:04:55,0.00098520,6.08000000
2018-02-23 05:04:58,0.00098590,6.53000000
2018-02-23 05:04:58,0.00098590,1.05000000
2018-02-23 05:04:58,0.00098530,5.21000000
2018-02-23 05:04:58,0.00098520,97.47000000
2018-02-23 05:04:58,0.00098510,9.87000000
2018-02-23 05:04:59,0.00098550,2.04000000
2018-02-23 05:04:59,0.00098510,56.66000000
2018-02-23 05:04:59,0.00098500,62.91000000
2018-02-23 05:04:59,0.00098500,5.08000000
2018-02-23 05:05:00,0.00098490,4.04000000
2018-02-23 05:05:00,0.00098500,3.27000000
2018-02-23 05:05:01,0.00098470,132.95000000
2018-02-23 05:05:02,0.00098490,11.00000000
2018-02-23 05:05:03,0.00098460,5.08000000
2018-02-23 05:05:03,0.00098430,2.54000000
2018-02-23 05:05:03,0.00098360,10.00000000
2018-02-23 05:05:03,0.00098350,3.08000000
2018-02-23 05:05:03,0.00098280,12.21000000
2018-02-23 05:05:03,0.00098250,5.79000000
2018-02-23 05:05:03,0.00098230,3.01000000
2018-02-23 05:05:03,0.00098220,23.62000000
2018-02-23 05:05:03,0.00098170,67.01000000
2018-02-23 05:05:03,0.00098150,11.09000000
2018-02-23 05:05:03,0.00098140,0.66000000
2018-02-23 05:05:03,0.00098190,8.51000000
2018-02-23 05:05:03,0.00098190,31.63000000
2018-02-23 05:05:05,0.00098490,1.02000000
2018-02-23 05:05:05,0.00098490,3.05000000
2018-02-23 05:05:06,0.00098350,158.32000000
2018-02-23 05:05:06,0.00098350,96.03000000
2018-02-23 05:05:06,0.00098350,4.64000000
2018-02-23 05:05:09,0.00098470,34.29000000
2018-02-23 05:05:09,0.00098360,10.50000000
2018-02-23 05:05:09,0.00098200,32.00000000
2018-02-23 05:05:09,0.00098190,31.00000000
2018-02-23 05:05:09,0.00098140,164.48000000
2018-02-23 05:05:09,0.00098490,101.77000000
2018-02-23 05:05:09,0.00098500,1.50000000
2018-02-23 05:05:09,0.00098520,3.01000000
2018-02-23 05:05:09,0.00098580,2.04000000
2018-02-23 05:05:09,0.00098660,2.04000000
2018-02-23 05:05:09,0.00098680,8.48000000
2018-02-23 05:05:11,0.00098700,10.78000000
2018-02-23 05:05:11,0.00098700,12.14000000
2018-02-23 05:05:12,0.00098350,50.14000000
2018-02-23 05:05:12,0.00098350,0.07000000
2018-02-23 05:05:13,0.00098350,49.14000000
2018-02-23 05:05:15,0.00098490,3.05000000
2018-02-23 05:05:15,0.00098490,0.90000000
2018-02-23 05:05:17,0.00098490,29.40000000
2018-02-23 05:05:18,0.00098490,26.51000000
2018-02-23 05:05:19,0.00098640,10.75000000
2018-02-23 05:05:19,0.00098640,32.34000000
2018-02-23 05:05:19,0.00098640,7.75000000
2018-02-23 05:05:19,0.00098640,10.24000000
2018-02-23 05:05:22,0.00098640,2.96000000
2018-02-23 05:05:23,0.00098660,59.63000000
2018-02-23 05:05:28,0.00098690,1.78000000
2018-02-23 05:05:30,0.00098650,79.41000000
2018-02-23 05:05:31,0.00098650,9.12000000
2018-02-23 05:05:33,0.00098650,10.73000000
2018-02-23 05:05:33,0.00098650,1.11000000
2018-02-23 05:05:34,0.00098650,9.12000000
2018-02-23 05:05:34,0.00098650,10.66000000
2018-02-23 05:05:34,0.00098650,10.66000000
2018-02-23 05:05:34,0.00098650,8.88000000
2018-02-23 05:05:34,0.00098650,10.66000000
2018-02-23 05:05:34,0.00098650,5.67000000
2018-02-23 05:05:34,0.00098620,10.66000000
2018-02-23 05:05:37,0.00098630,139.86000000
2018-02-23 05:05:38,0.00098650,20.18000000
2018-02-23 05:05:39,0.00098650,9.57000000
2018-02-23 05:05:42,0.00098650,24.01000000
2018-02-23 05:05:44,0.00098650,182.30000000
2018-02-23 05:05:48,0.00098650,5.00000000
2018-02-23 05:05:50,0.00098630,66.55000000
2018-02-23 05:05:50,0.00098650,47.37000000
2018-02-23 05:05:51,0.00098650,5.33000000
2018-02-23 05:05:51,0.00098620,29.34000000
2018-02-23 05:05:51,0.00098600,20.64000000
2018-02-23 05:05:52,0.00098650,265.86000000
2018-02-23 05:05:52,0.00098650,2.34000000
2018-02-23 05:05:53,0.00098650,10.66000000
2018-02-23 05:06:02,0.00098640,146.78000000
2018-02-23 05:06:10,0.00098680,5.47000000
2018-02-23 05:06:10,0.00098650,24.75000000
2018-02-23 05:06:14,0.00098660,7.95000000
2018-02-23 05:06:14,0.00098650,67.63000000
2018-02-23 05:06:14,0.00098650,2.33000000
2018-02-23 05:06:14,0.00098680,3.41000000
2018-02-23 05:06:14,0.00098690,2.86000000
2018-02-23 05:06:14,0.00098700,1.40000000
2018-02-23 05:06:14,0.00098640,7.95000000
2018-02-23 05:06:16,0.00098640,0.31000000
2018-02-23 05:06:18,0.00098650,46.81000000
2018-02-23 05:06:19,0.00098650,0.94000000
2018-02-23 05:06:20,0.00098670,73.47000000
2018-02-23 05:06:20,0.00098700,98.60000000
2018-02-23 05:06:22,0.00098700,33.88000000
2018-02-23 05:06:26,0.00098700,14.58000000
2018-02-23 05:06:28,0.00098760,2.04000000
2018-02-23 05:06:28,0.00098790,72.78000000
2018-02-23 05:06:28,0.00098800,100.00000000
2018-02-23 05:06:28,0.00098850,2.51000000
2018-02-23 05:06:28,0.00098880,118.83000000
2018-02-23 05:06:28,0.00098900,161.84000000
2018-02-23 05:06:31,0.00098900,181.87000000
2018-02-23 05:06:31,0.00098940,1.06000000
2018-02-23 05:06:31,0.00098820,2.04000000
2018-02-23 05:06:32,0.00098800,3.27000000
2018-02-23 05:06:32,0.00098800,2.04000000
2018-02-23 05:06:32,0.00098830,5.69000000
2018-02-23 05:06:32,0.00098880,2.04000000
2018-02-23 05:06:32,0.00098940,0.12000000
2018-02-23 05:06:32,0.00098950,5.08000000
2018-02-23 05:06:32,0.00098970,78.42000000
2018-02-23 05:06:33,0.00098800,112.19000000
2018-02-23 05:06:36,0.00098800,29.35000000
2018-02-23 05:06:36,0.00098990,5.03000000
2018-02-23 05:06:36,0.00099000,94.21000000
2018-02-23 05:06:39,0.00098760,10.74000000
2018-02-23 05:06:45,0.00098890,80.38000000
2018-02-23 05:06:46,0.00098900,117.50000000
2018-02-23 05:06:46,0.00098980,10.74000000
2018-02-23 05:06:46,0.00099000,74.75000000
2018-02-23 05:06:46,0.00099000,96.33000000
2018-02-23 05:06:47,0.00099000,505.31000000
2018-02-23 05:06:47,0.00099000,8.94000000
2018-02-23 05:06:48,0.00099000,4.12000000
2018-02-23 05:06:48,0.00099000,26.44000000
2018-02-23 05:06:48,0.00099060,5.36000000
2018-02-23 05:06:48,0.00099060,4.92000000
2018-02-23 05:06:51,0.00099060,8.88000000
2018-02-23 05:06:51,0.00099060,1.31000000
2018-02-23 05:06:52,0.00099060,31.79000000
2018-02-23 05:06:57,0.00098940,2.04000000
2018-02-23 05:06:57,0.00098920,2.04000000
2018-02-23 05:06:57,0.00098900,1.30000000
2018-02-23 05:06:57,0.00098850,7.69000000
2018-02-23 05:06:58,0.00098940,7.95000000
2018-02-23 05:06:58,0.00099040,4.08000000
2018-02-23 05:06:58,0.00099060,10.81000000
2018-02-23 05:06:59,0.00099060,2.75000000
2018-02-23 05:06:59,0.00099070,9.25000000
2018-02-23 05:07:01,0.00099060,6.56000000
2018-02-23 05:07:01,0.00098960,2.04000000
2018-02-23 05:07:03,0.00098980,7.07000000
2018-02-23 05:07:06,0.00098940,41.94000000
2018-02-23 05:07:07,0.00098940,0.01000000
2018-02-23 05:07:11,0.00098880,58.84000000
2018-02-23 05:07:11,0.00098940,10.10000000
2018-02-23 05:07:12,0.00098880,69.67000000
2018-02-23 05:07:12,0.00098850,22.65000000
2018-02-23 05:07:12,0.00098810,94.92000000
2018-02-23 05:07:12,0.00098760,23.00000000
2018-02-23 05:07:12,0.00098730,5.05000000
2018-02-23 05:07:12,0.00098720,34.68000000
2018-02-23 05:07:12,0.00098940,14.46000000
2018-02-23 05:07:15,0.00098880,49.31000000
2018-02-23 05:07:16,0.00098810,5.09000000
2018-02-23 05:07:20,0.00098880,87.30000000
2018-02-23 05:07:21,0.00098810,378.03000000
2018-02-23 05:07:24,0.00098970,50.44000000
2018-02-23 05:07:30,0.00098970,24.16000000
2018-02-23 05:07:31,0.00098970,25.00000000
2018-02-23 05:07:35,0.00098820,60.35000000
2018-02-23 05:07:35,0.00098810,62.79000000
2018-02-23 05:07:40,0.00098810,21.28000000
2018-02-23 05:07:40,0.00098810,2.04000000
2018-02-23 05:07:40,0.00098810,68.72000000
2018-02-23 05:07:40,0.00098810,20.48000000
2018-02-23 05:07:40,0.00098710,20.48000000
2018-02-23 05:07:40,0.00098930,2.04000000
2018-02-23 05:07:40,0.00098950,16.96000000
2018-02-23 05:07:41,0.00098810,3.11000000
2018-02-23 05:07:41,0.00098810,10.72000000
2018-02-23 05:07:41,0.00098810,3.11000000
2018-02-23 05:07:42,0.00098920,20.48000000
2018-02-23 05:07:42,0.00098950,13.01000000
2018-02-23 05:07:48,0.00098770,1.39000000
2018-02-23 05:07:49,0.00098770,3.06000000
2018-02-23 05:07:51,0.00098810,17.60000000
2018-02-23 05:07:52,0.00098770,25.16000000
2018-02-23 05:07:52,0.00098760,8.23000000
2018-02-23 05:07:52,0.00098740,7.92000000
2018-02-23 05:07:52,0.00098710,8.34000000
2018-02-23 05:07:52,0.00098810,12.53000000
2018-02-23 05:07:52,0.00098780,94.06000000
2018-02-23 05:07:54,0.00098810,14.10000000
2018-02-23 05:07:54,0.00098780,8.34000000
2018-02-23 05:07:54,0.00098800,0.74000000
2018-02-23 05:07:54,0.00098770,1.30000000
2018-02-23 05:07:56,0.00098770,10.00000000
2018-02-23 05:07:59,0.00098770,13.09000000
2018-02-23 05:07:59,0.00098810,4.21000000
2018-02-23 05:08:02,0.00098810,10.12000000
2018-02-23 05:08:02,0.00098810,8.08000000
2018-02-23 05:08:03,0.00098900,1.45000000
2018-02-23 05:08:08,0.00098780,5.68000000
2018-02-23 05:08:08,0.00098780,15.06000000
2018-02-23 05:08:12,0.00098790,10.09000000
2018-02-23 05:08:21,0.00098930,10.09000000
2018-02-23 05:08:21,0.00098940,9.91000000
2018-02-23 05:08:22,0.00098820,4.17000000
2018-02-23 05:08:28,0.00098880,100.98000000
2018-02-23 05:08:34,0.00098900,10.00000000
2018-02-23 05:08:35,0.00098820,31.78000000
2018-02-23 05:08:36,0.00098900,10.00000000
2018-02-23 05:08:41,0.00098900,1.48000000
2018-02-23 05:08:42,0.00098880,12.62000000
2018-02-23 05:08:45,0.00098840,2.04000000
2018-02-23 05:08:45,0.00098820,27.35000000
2018-02-23 05:08:45,0.00098840,10.76000000
2018-02-23 05:08:45,0.00098840,10.77000000
2018-02-23 05:08:45,0.00098840,6.13000000
2018-02-23 05:08:46,0.00098880,27.68000000
2018-02-23 05:08:48,0.00098880,10.19000000
2018-02-23 05:08:50,0.00098840,21.53000000
2018-02-23 05:08:50,0.00098820,150.09000000
2018-02-23 05:08:50,0.00098820,5.46000000
2018-02-23 05:08:52,0.00098810,15.31000000
2018-02-23 05:08:53,0.00098820,6.82000000
2018-02-23 05:08:57,0.00098820,157.08000000
2018-02-23 05:08:57,0.00098840,10.00000000
2018-02-23 05:08:57,0.00098860,107.89000000
2018-02-23 05:08:59,0.00098850,6.76000000
2018-02-23 05:09:02,0.00098850,68.52000000
2018-02-23 05:09:02,0.00098870,19.65000000
2018-02-23 05:09:02,0.00098810,6.57000000
2018-02-23 05:09:03,0.00098850,93.78000000
2018-02-23 05:09:06,0.00098850,17.26000000
2018-02-23 05:09:06,0.00098810,1.10000000
2018-02-23 05:09:08,0.00098810,3.71000000
2018-02-23 05:09:09,0.00098860,2.04000000
2018-02-23 05:09:09,0.00098860,24.45000000
2018-02-23 05:09:10,0.00098870,10.84000000
2018-02-23 05:09:13,0.00098860,3.19000000
2018-02-23 05:09:14,0.00098860,37.07000000
2018-02-23 05:09:15,0.00098860,20.33000000
2018-02-23 05:09:15,0.00098810,77.52000000
2018-02-23 05:09:17,0.00098830,34.58000000
2018-02-23 05:09:19,0.00098810,1.68000000
2018-02-23 05:09:19,0.00098870,3.54000000
2018-02-23 05:09:20,0.00098810,56.37000000
2018-02-23 05:09:20,0.00098870,1.68000000
2018-02-23 05:09:24,0.00098810,74.82000000
2018-02-23 05:09:24,0.00098780,9.37000000
2018-02-23 05:09:24,0.00098770,287.76000000
2018-02-23 05:09:25,0.00098770,177.64000000
2018-02-23 05:09:26,0.00098770,2.87000000
2018-02-23 05:09:26,0.00098720,47.87000000
2018-02-23 05:09:30,0.00098740,114.81000000
2018-02-23 05:09:32,0.00098720,24.94000000
2018-02-23 05:09:32,0.00098700,393.53000000
2018-02-23 05:09:32,0.00098660,63.87000000
2018-02-23 05:09:33,0.00098660,10.79000000
2018-02-23 05:09:33,0.00098660,13.11000000
2018-02-23 05:09:33,0.00098650,10.00000000
2018-02-23 05:09:36,0.00098660,1.21000000
2018-02-23 05:09:37,0.00098660,4.01000000
2018-02-23 05:09:38,0.00098650,2.15000000
2018-02-23 05:09:38,0.00098600,119.05000000
2018-02-23 05:09:38,0.00098600,398.70000000
2018-02-23 05:09:38,0.00098520,6.22000000
2018-02-23 05:09:38,0.00098500,106.56000000
2018-02-23 05:09:42,0.00098600,2.21000000
2018-02-23 05:09:42,0.00098600,17.22000000
2018-02-23 05:09:42,0.00098600,28.70000000
2018-02-23 05:09:42,0.00098600,3.32000000
2018-02-23 05:09:42,0.00098600,3.32000000
2018-02-23 05:09:45,0.00098600,8.60000000
2018-02-23 05:09:48,0.00098490,33.92000000
2018-02-23 05:09:50,0.00098540,41.49000000
2018-02-23 05:09:51,0.00098510,1.66000000
2018-02-23 05:09:51,0.00098500,2.34000000
2018-02-23 05:09:54,0.00098600,1.11000000
2018-02-23 05:09:55,0.00098610,61.15000000
2018-02-23 05:09:55,0.00098600,116.69000000
2018-02-23 05:09:55,0.00098500,42.34000000
2018-02-23 05:10:00,0.00098600,4.92000000
2018-02-23 05:10:01,0.00098620,2.04000000
2018-02-23 05:10:01,0.00098600,47.12000000
2018-02-23 05:10:01,0.00098600,6.82000000
2018-02-23 05:10:01,0.00098660,121.73000000
2018-02-23 05:10:10,0.00098620,33.50000000
2018-02-23 05:10:14,0.00098600,20.24000000
2018-02-23 05:10:14,0.00098610,27.65000000
2018-02-23 05:10:15,0.00098660,49.82000000
2018-02-23 05:10:15,0.00098680,2.04000000
2018-02-23 05:10:18,0.00098660,30.40000000
2018-02-23 05:10:18,0.00098660,27.60000000
2018-02-23 05:10:18,0.00098660,4.57000000
2018-02-23 05:10:18,0.00098660,48.26000000
2018-02-23 05:10:22,0.00098620,1.38000000
2018-02-23 05:10:22,0.00098640,2.04000000
2018-02-23 05:10:22,0.00098600,50.74000000
2018-02-23 05:10:27,0.00098600,7.88000000
2018-02-23 05:10:27,0.00098500,7.88000000
2018-02-23 05:10:28,0.00098600,6.59000000
2018-02-23 05:10:31,0.00098600,30.42000000
2018-02-23 05:10:32,0.00098600,28.41000000
2018-02-23 05:10:37,0.00098520,1.67000000
2018-02-23 05:10:37,0.00098550,128.49000000
2018-02-23 05:10:40,0.00098600,12.07000000
2018-02-23 05:10:47,0.00098660,3.62000000
2018-02-23 05:10:47,0.00098670,29.99000000
2018-02-23 05:10:47,0.00098670,2.41000000
2018-02-23 05:10:47,0.00098670,2.46000000
2018-02-23 05:10:47,0.00098670,4.22000000
2018-02-23 05:10:47,0.00098670,4.31000000
2018-02-23 05:10:49,0.00098680,2.94000000
2018-02-23 05:10:50,0.00098670,45.49000000
2018-02-23 05:10:51,0.00098660,1.05000000
2018-02-23 05:10:52,0.00098660,3.46000000
2018-02-23 05:10:52,0.00098680,5.65000000
2018-02-23 05:10:52,0.00098690,2.04000000
2018-02-23 05:10:52,0.00098710,12.05000000
2018-02-23 05:10:52,0.00098730,2.04000000
2018-02-23 05:10:53,0.00098740,55.17000000
2018-02-23 05:10:54,0.00098730,1.99000000
2018-02-23 05:10:55,0.00098730,3.18000000
2018-02-23 05:10:55,0.00098730,3.18000000
2018-02-23 05:10:57,0.00098760,10.00000000
2018-02-23 05:10:57,0.00098760,3.18000000
2018-02-23 05:11:03,0.00098800,32.61000000
2018-02-23 05:11:05,0.00098790,10.00000000
2018-02-23 05:11:05,0.00098790,10.76000000
2018-02-23 05:11:14,0.00098790,29.68000000
2018-02-23 05:11:14,0.00098760,88.12000000
2018-02-23 05:11:14,0.00098760,1.16000000
2018-02-23 05:11:22,0.00098760,7.75000000
2018-02-23 05:11:23,0.00098790,8.77000000
2018-02-23 05:11:23,0.00098780,62.09000000
2018-02-23 05:11:25,0.00098770,49.82000000
2018-02-23 05:11:25,0.00098760,104.68000000
2018-02-23 05:11:31,0.00098760,20.00000000
2018-02-23 05:11:31,0.00098780,1.67000000
2018-02-23 05:11:35,0.00098790,4.20000000
2018-02-23 05:11:36,0.00098800,6.81000000
2018-02-23 05:11:36,0.00098830,22.79000000
2018-02-23 05:11:38,0.00098780,17.08000000
2018-02-23 05:11:40,0.00098790,142.32000000
2018-02-23 05:11:42,0.00098800,3.54000000
2018-02-23 05:11:42,0.00098800,248.59000000
2018-02-23 05:11:42,0.00098800,17.24000000
2018-02-23 05:11:45,0.00098790,2.07000000
2018-02-23 05:11:47,0.00098800,186.44000000
2018-02-23 05:11:47,0.00098800,100.00000000
2018-02-23 05:11:49,0.00098800,139.83000000
2018-02-23 05:11:50,0.00098800,117.66000000
2018-02-23 05:11:58,0.00098790,16.28000000
2018-02-23 05:11:58,0.00098780,54.48000000
2018-02-23 05:11:58,0.00098760,92.90000000
2018-02-23 05:12:03,0.00098800,71.51000000
2018-02-23 05:12:03,0.00098850,108.06000000
2018-02-23 05:12:05,0.00098850,1.50000000
2018-02-23 05:12:10,0.00098850,91.83000000
2018-02-23 05:12:13,0.00098800,2.40000000
2018-02-23 05:12:14,0.00098800,146.84000000
2018-02-23 05:12:24,0.00098800,2.10000000
2018-02-23 05:12:29,0.00098800,113.72000000
2018-02-23 05:12:29,0.00098800,224.50000000
2018-02-23 05:12:33,0.00098790,75.92000000
2018-02-23 05:12:43,0.00098780,1.20000000
2018-02-23 05:12:51,0.00098790,4.71000000
2018-02-23 05:12:53,0.00098780,0.84000000
2018-02-23 05:12:53,0.00098760,135.34000000
2018-02-23 05:12:54,0.00098760,20.60000000
2018-02-23 05:13:01,0.00098760,21.43000000
2018-02-23 05:13:04,0.00098760,21.11000000
2018-02-23 05:13:06,0.00098710,30.37000000
2018-02-23 05:13:06,0.00098710,43.25000000
2018-02-23 05:13:06,0.00098710,9.22000000
2018-02-23 05:13:09,0.00098710,60.32000000
2018-02-23 05:13:12,0.00098760,5.00000000
2018-02-23 05:13:19,0.00098770,9.37000000
2018-02-23 05:13:30,0.00098780,25.83000000
2018-02-23 05:13:32,0.00098760,15.47000000
2018-02-23 05:13:37,0.00098760,194.13000000
2018-02-23 05:13:43,0.00098770,66.20000000
2018-02-23 05:13:44,0.00098780,98.38000000
2018-02-23 05:13:48,0.00098780,106.51000000
2018-02-23 05:13:49,0.00098790,35.48000000
2018-02-23 05:13:49,0.00098800,56.72000000
2018-02-23 05:13:52,0.00098800,69.12000000
2018-02-23 05:13:52,0.00098780,23.29000000
2018-02-23 05:13:59,0.00098830,2.04000000
2018-02-23 05:13:59,0.00098890,8.52000000
2018-02-23 05:13:59,0.00098900,3.01000000
2018-02-23 05:13:59,0.00098950,56.44000000
2018-02-23 05:13:59,0.00098950,86.65000000
2018-02-23 05:14:07,0.00098950,72.42000000
2018-02-23 05:14:08,0.00098950,8.52000000
2018-02-23 05:14:12,0.00098950,47.37000000
2018-02-23 05:14:12,0.00098950,83.38000000
2018-02-23 05:14:12,0.00098960,98.35000000
2018-02-23 05:14:12,0.00098980,159.68000000
2018-02-23 05:14:12,0.00098990,146.00000000
2018-02-23 05:14:12,0.00099000,226.71000000
2018-02-23 05:14:14,0.00098850,16.55000000
2018-02-23 05:14:14,0.00098930,96.52000000
2018-02-23 05:14:16,0.00099020,7.57000000
2018-02-23 05:14:17,0.00099020,5.56000000
2018-02-23 05:14:17,0.00099050,124.46000000
2018-02-23 05:14:17,0.00099050,5.07000000
2018-02-23 05:14:18,0.00099060,30.25000000
2018-02-23 05:14:18,0.00099070,2.96000000
2018-02-23 05:14:18,0.00099090,10.00000000
2018-02-23 05:14:18,0.00099150,7.40000000
2018-02-23 05:14:18,0.00099180,10.15000000
2018-02-23 05:14:18,0.00099190,57.94000000
2018-02-23 05:14:20,0.00099060,13.00000000
2018-02-23 05:14:20,0.00099190,1.51000000
2018-02-23 05:14:22,0.00099180,13.00000000
2018-02-23 05:14:22,0.00099190,73.47000000
2018-02-23 05:14:24,0.00099190,11.49000000
2018-02-23 05:14:24,0.00099200,6.69000000
2018-02-23 05:14:26,0.00099090,2.02000000
2018-02-23 05:14:26,0.00099070,2.02000000
2018-02-23 05:14:26,0.00098930,15.60000000
2018-02-23 05:14:27,0.00099170,4.04000000
2018-02-23 05:14:27,0.00099180,2.02000000
2018-02-23 05:14:28,0.00099120,23.20000000
2018-02-23 05:14:30,0.00099180,3.29000000
2018-02-23 05:14:32,0.00099180,3.02000000
2018-02-23 05:14:34,0.00099120,2.02000000
2018-02-23 05:14:34,0.00099110,91.81000000
2018-02-23 05:14:34,0.00099100,95.63000000
2018-02-23 05:14:35,0.00099160,2.02000000
2018-02-23 05:14:35,0.00099180,42.68000000
2018-02-23 05:14:37,0.00099180,7.79000000
2018-02-23 05:14:38,0.00099190,23.29000000
2018-02-23 05:14:41,0.00099190,33.40000000
2018-02-23 05:14:44,0.00099190,35.12000000
2018-02-23 05:14:44,0.00099200,118.75000000
2018-02-23 05:14:45,0.00099230,159.13000000
2018-02-23 05:14:45,0.00099290,143.01000000
2018-02-23 05:14:49,0.00099290,14.22000000
2018-02-23 05:14:49,0.00099290,127.59000000
2018-02-23 05:14:49,0.00099290,26.02000000
2018-02-23 05:14:49,0.00099290,26.38000000
2018-02-23 05:14:49,0.00099290,26.38000000
2018-02-23 05:14:50,0.00099290,30.21000000
2018-02-23 05:14:50,0.00099290,30.21000000
2018-02-23 05:14:50,0.00099290,30.21000000
2018-02-23 05:14:50,0.00099290,12.86000000
2018-02-23 05:14:50,0.00099210,29.60000000
2018-02-23 05:14:55,0.00099300,1.15000000
2018-02-23 05:14:55,0.00099300,23.45000000
2018-02-23 05:14:55,0.00099300,30.21000000
2018-02-23 05:14:55,0.00099300,30.21000000
2018-02-23 05:14:55,0.00099300,8.43000000
2018-02-23 05:14:56,0.00099300,30.20000000
2018-02-23 05:14:56,0.00099300,30.21000000
2018-02-23 05:14:56,0.00099300,18.53000000
2018-02-23 05:14:57,0.00099300,1.71000000
2018-02-23 05:14:57,0.00099320,15.79000000
2018-02-23 05:14:57,0.00099320,2.38000000
2018-02-23 05:14:59,0.00099290,6.56000000
2018-02-23 05:15:00,0.00099290,30.12000000
2018-02-23 05:15:03,0.00099290,30.20000000
2018-02-23 05:15:03,0.00099290,30.21000000
2018-02-23 05:15:04,0.00099290,30.21000000
2018-02-23 05:15:04,0.00099290,30.20000000
2018-02-23 05:15:04,0.00099290,30.21000000
2018-02-23 05:15:04,0.00099290,24.25000000
2018-02-23 05:15:04,0.00099290,30.20000000
2018-02-23 05:15:04,0.00099350,2.11000000
2018-02-23 05:15:04,0.00099370,0.09000000
2018-02-23 05:15:04,0.00099290,30.21000000
2018-02-23 05:15:04,0.00099290,10.38000000
2018-02-23 05:15:04,0.00099380,12.54000000
2018-02-23 05:15:04,0.00099390,10.00000000
2018-02-23 05:15:04,0.00099400,6.83000000
2018-02-23 05:15:05,0.00099400,9.75000000
2018-02-23 05:15:07,0.00099290,203.19000000
2018-02-23 05:15:07,0.00099310,2.02000000
2018-02-23 05:15:07,0.00099290,28.19000000
2018-02-23 05:15:07,0.00099290,30.21000000
2018-02-23 05:15:07,0.00099290,30.20000000
2018-02-23 05:15:07,0.00099290,26.80000000
2018-02-23 05:15:07,0.00099380,2.01000000
2018-02-23 05:15:07,0.00099270,2.02000000
2018-02-23 05:15:07,0.00099250,24.77000000
2018-02-23 05:15:08,0.00099300,1.51000000
2018-02-23 05:15:09,0.00099330,4.04000000
2018-02-23 05:15:09,0.00099370,5.70000000
2018-02-23 05:15:09,0.00099370,78.43000000
2018-02-23 05:15:09,0.00099370,30.19000000
2018-02-23 05:15:10,0.00099380,0.01000000
2018-02-23 05:15:10,0.00099400,50.29000000
2018-02-23 05:15:10,0.00099460,2.21000000
2018-02-23 05:15:10,0.00099490,104.58000000
2018-02-23 05:15:10,0.00099500,100.90000000
2018-02-23 05:15:10,0.00099500,166.80000000
2018-02-23 05:15:10,0.00099510,3.57000000
2018-02-23 05:15:10,0.00099660,56.86000000
2018-02-23 05:15:10,0.00099700,39.54000000
2018-02-23 05:15:10,0.00099730,44.67000000
2018-02-23 05:15:10,0.00099740,570.79000000
2018-02-23 05:15:10,0.00099790,29.97000000
2018-02-23 05:15:10,0.00099800,2.60000000
2018-02-23 05:15:10,0.00099850,89.97000000
2018-02-23 05:15:10,0.00099870,105.03000000
2018-02-23 05:15:11,0.00099380,60.16000000
2018-02-23 05:15:12,0.00099500,1.05000000
2018-02-23 05:15:12,0.00099870,142.06000000
2018-02-23 05:15:13,0.00099800,500.82000000
2018-02-23 05:15:13,0.00099800,45.81000000
2018-02-23 05:15:13,0.00099860,33.54000000
2018-02-23 05:15:13,0.00099870,194.36000000
2018-02-23 05:15:13,0.00099500,21.77000000
2018-02-23 05:15:14,0.00099500,78.94000000
2018-02-23 05:15:15,0.00099510,3.41000000
2018-02-23 05:15:15,0.00099870,67.36000000
2018-02-23 05:15:16,0.00099530,30.14000000
2018-02-23 05:15:17,0.00099530,0.01000000
2018-02-23 05:15:17,0.00099530,16.65000000
2018-02-23 05:15:17,0.00099530,32.72000000
2018-02-23 05:15:17,0.00099800,1.50000000
2018-02-23 05:15:17,0.00099540,18.12000000
2018-02-23 05:15:18,0.00099540,0.01000000
2018-02-23 05:15:18,0.00099520,2.02000000
2018-02-23 05:15:18,0.00099500,16.10000000
2018-02-23 05:15:19,0.00099510,20.25000000
2018-02-23 05:15:20,0.00099780,3.41000000
2018-02-23 05:15:20,0.00099790,0.75000000
2018-02-23 05:15:20,0.00099550,30.13000000
2018-02-23 05:15:20,0.00099550,90.38000000
2018-02-23 05:15:20,0.00099550,150.52000000
2018-02-23 05:15:21,0.00099540,110.35000000
2018-02-23 05:15:21,0.00099530,1.84000000
2018-02-23 05:15:22,0.00099530,18.29000000
2018-02-23 05:15:22,0.00099520,2.02000000
2018-02-23 05:15:22,0.00099520,1.04000000
2018-02-23 05:15:23,0.00099520,1.50000000
2018-02-23 05:15:23,0.00099520,4.22000000
2018-02-23 05:15:23,0.00099510,1.84000000
2018-02-23 05:15:24,0.00099520,40.00000000
2018-02-23 05:15:24,0.00099510,10.00000000
2018-02-23 05:15:24,0.00099520,2.07000000
2018-02-23 05:15:24,0.00099530,24.40000000
2018-02-23 05:15:24,0.00099550,4.53000000
2018-02-23 05:15:24,0.00099520,7.11000000
2018-02-23 05:15:24,0.00099550,48.39000000
2018-02-23 05:15:24,0.00099770,22.27000000
2018-02-23 05:15:24,0.00099780,13.13000000
2018-02-23 05:15:24,0.00099790,29.39000000
2018-02-23 05:15:24,0.00099850,2.02000000
2018-02-23 05:15:24,0.00099870,76.15000000
2018-02-23 05:15:24,0.00099870,231.55000000
2018-02-23 05:15:25,0.00099870,30.51000000
2018-02-23 05:15:25,0.00099870,21.65000000
2018-02-23 05:15:25,0.00099880,59.89000000
2018-02-23 05:15:26,0.00099870,33.60000000
2018-02-23 05:15:26,0.00099870,21.00000000
2018-02-23 05:15:26,0.00099870,121.04000000
2018-02-23 05:15:27,0.00099880,0.26000000
2018-02-23 05:15:27,0.00099870,337.51000000
2018-02-23 05:15:28,0.00099870,116.16000000
2018-02-23 05:15:28,0.00099880,16.82000000
2018-02-23 05:15:28,0.00099870,689.22000000
2018-02-23 05:15:28,0.00099870,8.02000000
2018-02-23 05:15:29,0.00099880,0.06000000
2018-02-23 05:15:29,0.00099610,30.11000000
2018-02-23 05:15:29,0.00099600,2.02000000
2018-02-23 05:15:29,0.00099590,68.23000000
2018-02-23 05:15:29,0.00099590,5.00000000
2018-02-23 05:15:31,0.00099850,73.23000000
2018-02-23 05:15:31,0.00099860,2.02000000
2018-02-23 05:15:31,0.00099870,13.75000000
2018-02-23 05:15:31,0.00099540,3.05000000
2018-02-23 05:15:31,0.00099540,2.02000000
2018-02-23 05:15:32,0.00099550,11.16000000
2018-02-23 05:15:32,0.00099540,24.93000000
2018-02-23 05:15:32,0.00099530,1.87000000
2018-02-23 05:15:32,0.00099520,4.64000000
2018-02-23 05:15:32,0.00099560,2.02000000
2018-02-23 05:15:32,0.00099550,1.32000000
2018-02-23 05:15:32,0.00099550,5.06000000
2018-02-23 05:15:32,0.00099550,1.15000000
2018-02-23 05:15:32,0.00099550,5.11000000
2018-02-23 05:15:32,0.00099610,37.38000000
2018-02-23 05:15:32,0.00099610,2.33000000
2018-02-23 05:15:32,0.00099610,12.75000000
2018-02-23 05:15:32,0.00099770,0.02000000
2018-02-23 05:15:32,0.00099610,4.16000000
2018-02-23 05:15:32,0.00099610,2.53000000
2018-02-23 05:15:32,0.00099610,2.24000000
2018-02-23 05:15:33,0.00099610,8.41000000
2018-02-23 05:15:33,0.00099610,2.55000000
2018-02-23 05:15:33,0.00099610,2.25000000
2018-02-23 05:15:33,0.00099610,3.05000000
2018-02-23 05:15:33,0.00099760,1.20000000
2018-02-23 05:15:33,0.00099610,2.23000000
2018-02-23 05:15:33,0.00099610,2.56000000
2018-02-23 05:15:33,0.00099610,9.12000000
2018-02-23 05:15:33,0.00099760,11.83000000
2018-02-23 05:15:33,0.00099770,43.57000000
2018-02-23 05:15:33,0.00099800,79.13000000
2018-02-23 05:15:33,0.00099610,8.50000000
2018-02-23 05:15:33,0.00099610,3.02000000
2018-02-23 05:15:33,0.00099610,9.30000000
2018-02-23 05:15:34,0.00099610,3.03000000
2018-02-23 05:15:34,0.00099610,9.45000000
2018-02-23 05:15:34,0.00099610,2.03000000
2018-02-23 05:15:34,0.00099620,1.62000000
2018-02-23 05:15:34,0.00099620,1.02000000
2018-02-23 05:15:34,0.00099620,5.61000000
2018-02-23 05:15:34,0.00099620,2.93000000
2018-02-23 05:15:34,0.00099610,5.19000000
2018-02-23 05:15:34,0.00099610,11.23000000
2018-02-23 05:15:34,0.00099610,93.43000000
2018-02-23 05:15:34,0.00099610,2.84000000
2018-02-23 05:15:34,0.00099610,5.10000000
2018-02-23 05:15:34,0.00099620,2.04000000
2018-02-23 05:15:34,0.00099620,21.38000000
2018-02-23 05:15:34,0.00099620,2.54000000
2018-02-23 05:15:34,0.00099620,2.53000000
2018-02-23 05:15:34,0.00099620,9.43000000
2018-02-23 05:15:34,0.00099620,3.13000000
2018-02-23 05:15:34,0.00099620,3.54000000
2018-02-23 05:15:34,0.00099620,4.08000000
2018-02-23 05:15:34,0.00099620,1.02000000
2018-02-23 05:15:34,0.00099620,5.06000000
2018-02-23 05:15:34,0.00099620,2.54000000
2018-02-23 05:15:34,0.00099620,19.97000000
2018-02-23 05:15:35,0.00099620,14.30000000
2018-02-23 05:15:35,0.00099610,25.07000000
2018-02-23 05:15:35,0.00099610,2.53000000
2018-02-23 05:15:35,0.00099610,5.05000000
2018-02-23 05:15:35,0.00099640,2.02000000
2018-02-23 05:15:35,0.00099610,14.12000000
2018-02-23 05:15:35,0.00099610,2.54000000
2018-02-23 05:15:35,0.00099610,5.04000000
2018-02-23 05:15:35,0.00099610,3.05000000
2018-02-23 05:15:35,0.00099610,5.05000000
2018-02-23 05:15:35,0.00099610,5.33000000
2018-02-23 05:15:35,0.00099610,2.55000000
2018-02-23 05:15:35,0.00099610,9.12000000
2018-02-23 05:15:35,0.00099610,1.52000000
2018-02-23 05:15:35,0.00099610,3.02000000
2018-02-23 05:15:35,0.00099610,2.13000000
2018-02-23 05:15:35,0.00099610,1.82000000
2018-02-23 05:15:36,0.00099610,2.55000000
2018-02-23 05:15:36,0.00099610,12.96000000
2018-02-23 05:15:36,0.00099610,4.57000000
2018-02-23 05:15:36,0.00099610,2.53000000
2018-02-23 05:15:36,0.00099610,12.17000000
2018-02-23 05:15:36,0.00099610,3.05000000
2018-02-23 05:15:36,0.00099610,2.06000000
2018-02-23 05:15:36,0.00099610,7.39000000
2018-02-23 05:15:36,0.00099610,406.38000000
2018-02-23 05:15:36,0.00099610,27.76000000
2018-02-23 05:15:37,0.00099610,5.92000000
2018-02-23 05:15:37,0.00099610,2.14000000
2018-02-23 05:15:38,0.00099610,2.53000000
2018-02-23 05:15:38,0.00099610,2.02000000
2018-02-23 05:15:39,0.00099630,2.02000000
2018-02-23 05:15:39,0.00099610,18.34000000
2018-02-23 05:15:39,0.00099610,77.36000000
2018-02-23 05:15:39,0.00099610,8.83000000
2018-02-23 05:15:39,0.00099610,8.83000000
2018-02-23 05:15:39,0.00099610,10.59000000
2018-02-23 05:15:39,0.00099610,10.59000000
2018-02-23 05:15:39,0.00099610,27.67000000
2018-02-23 05:15:39,0.00099610,10.59000000
2018-02-23 05:15:39,0.00099610,3.97000000
2018-02-23 05:15:39,0.00099610,7.09000000
2018-02-23 05:15:39,0.00099730,2.02000000
2018-02-23 05:15:39,0.00099740,3.82000000
2018-02-23 05:15:39,0.00099520,5.24000000
2018-02-23 05:15:39,0.00099520,3.97000000
2018-02-23 05:15:40,0.00099720,30.11000000
2018-02-23 05:15:40,0.00099730,11.18000000
2018-02-23 05:15:40,0.00099770,2.02000000
2018-02-23 05:15:40,0.00099800,28.01000000
2018-02-23 05:15:40,0.00099800,2.02000000
2018-02-23 05:15:40,0.00099800,16.00000000
2018-02-23 05:15:40,0.00099720,30.00000000
2018-02-23 05:15:40,0.00099620,3.37000000
2018-02-23 05:15:41,0.00099620,7.11000000
2018-02-23 05:15:41,0.00099620,3.04000000
2018-02-23 05:15:41,0.00099650,37.04000000
2018-02-23 05:15:42,0.00099620,2.04000000
2018-02-23 05:15:43,0.00099620,2.14000000
2018-02-23 05:15:44,0.00099620,3.05000000
2018-02-23 05:15:44,0.00099700,8.82000000
2018-02-23 05:15:44,0.00099790,20.91000000
2018-02-23 05:15:45,0.00099790,40.65000000
2018-02-23 05:15:45,0.00099800,28.71000000
2018-02-23 05:15:45,0.00099850,2.02000000
2018-02-23 05:15:45,0.00099870,178.62000000
2018-02-23 05:15:47,0.00099870,7.39000000
2018-02-23 05:15:47,0.00099700,71.26000000
2018-02-23 05:15:47,0.00099650,20.71000000
2018-02-23 05:15:47,0.00099650,23.29000000
2018-02-23 05:15:48,0.00099860,1.85000000
2018-02-23 05:15:48,0.00099860,18.86000000
2018-02-23 05:15:48,0.00099870,31.43000000
2018-02-23 05:15:48,0.00099880,5.05000000
2018-02-23 05:15:48,0.00099670,2.54000000
2018-02-23 05:15:50,0.00099670,2.53000000
2018-02-23 05:15:51,0.00099700,4.94000000
2018-02-23 05:15:52,0.00099860,71.02000000
2018-02-23 05:15:52,0.00099700,13.59000000
2018-02-23 05:15:53,0.00099700,16.57000000
2018-02-23 05:15:53,0.00099690,17.06000000
2018-02-23 05:15:55,0.00099720,0.02000000
2018-02-23 05:15:57,0.00099720,2.00000000
2018-02-23 05:15:57,0.00099700,2.48000000
2018-02-23 05:15:59,0.00099800,2.50000000
2018-02-23 05:15:59,0.00099740,2.02000000
2018-02-23 05:15:59,0.00099800,124.73000000
2018-02-23 05:15:59,0.00099830,2.02000000
2018-02-23 05:15:59,0.00099850,4.04000000
2018-02-23 05:15:59,0.00099860,30.09000000
2018-02-23 05:15:59,0.00099870,24.47000000
2018-02-23 05:15:59,0.00099880,108.90000000
2018-02-23 05:16:01,0.00099900,16.10000000
2018-02-23 05:16:01,0.00099900,16.10000000
2018-02-23 05:16:01,0.00099900,13.42000000
2018-02-23 05:16:01,0.00099880,16.10000000
2018-02-23 05:16:01,0.00099900,121.25000000
2018-02-23 05:16:02,0.00099910,87.45000000
2018-02-23 05:16:02,0.00099900,10.19000000
2018-02-23 05:16:04,0.00099910,71.70000000
2018-02-23 05:16:04,0.00099910,29.40000000
2018-02-23 05:16:04,0.00099900,2.23000000
2018-02-23 05:16:04,0.00099900,57.72000000
2018-02-23 05:16:04,0.00099910,76.97000000
2018-02-23 05:16:05,0.00099900,25.00000000
2018-02-23 05:16:06,0.00099910,4.36000000
2018-02-23 05:16:06,0.00099900,1.52000000
2018-02-23 05:16:06,0.00099900,26.42000000
2018-02-23 05:16:06,0.00099880,82.99000000
2018-02-23 05:16:07,0.00099910,15.35000000
2018-02-23 05:16:07,0.00099880,2.47000000
2018-02-23 05:16:07,0.00099910,9.50000000
2018-02-23 05:16:07,0.00099910,84.99000000
2018-02-23 05:16:07,0.00099920,35.00000000
2018-02-23 05:16:07,0.00099940,18.17000000
2018-02-23 05:16:07,0.00099950,27.78000000
2018-02-23 05:16:08,0.00099950,55.72000000
2018-02-23 05:16:08,0.00099960,6.08000000
2018-02-23 05:16:09,0.00099910,8.00000000
2018-02-23 05:16:10,0.00099940,26.26000000
2018-02-23 05:16:11,0.00099940,0.01000000
2018-02-23 05:16:11,0.00099960,0.69000000
2018-02-23 05:16:12,0.00099980,4.11000000
2018-02-23 05:16:12,0.00099990,42.19000000
2018-02-23 05:16:12,0.00100000,1165.53000000
2018-02-23 05:16:12,0.00100000,8.00000000
2018-02-23 05:16:13,0.00100000,2.83000000
2018-02-23 05:16:13,0.00100020,10.24000000
2018-02-23 05:16:13,0.00100030,3.11000000
2018-02-23 05:16:13,0.00100110,0.38000000
2018-02-23 05:16:13,0.00100070,1.37000000
2018-02-23 05:16:14,0.00100230,10.00000000
2018-02-23 05:16:14,0.00100240,4.13000000
2018-02-23 05:16:15,0.00100240,39.87000000
2018-02-23 05:16:15,0.00100250,23.55000000
2018-02-23 05:16:15,0.00100230,94.72000000
2018-02-23 05:16:15,0.00100090,2.00000000
2018-02-23 05:16:15,0.00100070,13.00000000
2018-02-23 05:16:15,0.00100070,10.28000000
2018-02-23 05:16:16,0.00100100,212.67000000
2018-02-23 05:16:16,0.00100210,22.64000000
2018-02-23 05:16:16,0.00100230,7.31000000
2018-02-23 05:16:18,0.00100130,43.80000000
2018-02-23 05:16:19,0.00100210,5.13000000
2018-02-23 05:16:19,0.00100220,5.00000000
2018-02-23 05:16:19,0.00100230,3.01000000
2018-02-23 05:16:19,0.00100250,18.70000000
2018-02-23 05:16:19,0.00100250,39.87000000
2018-02-23 05:16:19,0.00100230,10.22000000
2018-02-23 05:16:19,0.00100230,44.33000000
2018-02-23 05:16:19,0.00100230,13.82000000
2018-02-23 05:16:19,0.00100230,45.94000000
2018-02-23 05:16:19,0.00100230,29.93000000
2018-02-23 05:16:20,0.00100230,58.21000000
2018-02-23 05:16:21,0.00100280,10.00000000
2018-02-23 05:16:21,0.00100280,50.62000000
2018-02-23 05:16:21,0.00100230,49.95000000
2018-02-23 05:16:22,0.00100230,432.08000000
2018-02-23 05:16:22,0.00100210,116.25000000
2018-02-23 05:16:22,0.00100280,54.71000000
2018-02-23 05:16:22,0.00100290,6.10000000
2018-02-23 05:16:22,0.00100300,98.04000000
2018-02-23 05:16:22,0.00100210,8.00000000
2018-02-23 05:16:23,0.00100230,2.00000000
2018-02-23 05:16:23,0.00100230,14.40000000
2018-02-23 05:16:23,0.00100280,2.00000000
2018-02-23 05:16:23,0.00100300,15.36000000
2018-02-23 05:16:25,0.00100230,29.93000000
2018-02-23 05:16:25,0.00100220,53.20000000
2018-02-23 05:16:25,0.00100400,69.31000000
2018-02-23 05:16:25,0.00100460,147.16000000
2018-02-23 05:16:25,0.00100490,1807.68000000
2018-02-23 05:16:25,0.00100500,2676.20000000
2018-02-23 05:16:25,0.00100500,3.47000000
2018-02-23 05:16:26,0.00100500,29.84000000
2018-02-23 05:16:26,0.00100500,29.85000000
2018-02-23 05:16:26,0.00100500,99.00000000
2018-02-23 05:16:26,0.00100510,50.00000000
2018-02-23 05:16:26,0.00100520,320.82000000
2018-02-23 05:16:26,0.00100500,1.91000000
2018-02-23 05:16:26,0.00100500,96.47000000
2018-02-23 05:16:26,0.00100500,50.82000000
2018-02-23 05:16:26,0.00100580,0.10000000
2018-02-23 05:16:27,0.00100570,3.20000000
2018-02-23 05:16:27,0.00100580,48.94000000
2018-02-23 05:16:27,0.00100590,108.69000000
2018-02-23 05:16:27,0.00100590,11.00000000
2018-02-23 05:16:27,0.00100640,2.64000000
2018-02-23 05:16:27,0.00100750,1.00000000
2018-02-23 05:16:27,0.00100850,14.73000000
2018-02-23 05:16:27,0.00100900,9.11000000
2018-02-23 05:16:27,0.00100970,6.03000000
2018-02-23 05:16:27,0.00100980,66.60000000
2018-02-23 05:16:27,0.00101000,143.55000000
2018-02-23 05:16:27,0.00100520,2.00000000
2018-02-23 05:16:27,0.00100500,8.00000000
2018-02-23 05:16:28,0.00100520,8.00000000
2018-02-23 05:16:28,0.00100560,2.00000000
2018-02-23 05:16:28,0.00100580,1.68000000
2018-02-23 05:16:28,0.00100580,1.42000000
2018-02-23 05:16:29,0.00100540,1.10000000
2018-02-23 05:16:29,0.00100980,8.00000000
2018-02-23 05:16:29,0.00100990,68.34000000
2018-02-23 05:16:29,0.00101000,89.53000000
2018-02-23 05:16:30,0.00100750,24.33000000
2018-02-23 05:16:30,0.00100750,99.70000000
2018-02-23 05:16:30,0.00100580,1.42000000
2018-02-23 05:16:30,0.00100560,28.36000000
2018-02-23 05:16:30,0.00100750,24.33000000
2018-02-23 05:16:30,0.00101000,82.26000000
2018-02-23 05:16:31,0.00100560,66.06000000
2018-02-23 05:16:33,0.00100590,10.00000000
2018-02-23 05:16:33,0.00100950,1.10000000
2018-02-23 05:16:33,0.00100960,2.00000000
2018-02-23 05:16:33,0.00100980,45.20000000
2018-02-23 05:16:34,0.00100960,0.02000000
2018-02-23 05:16:34,0.00100610,5.00000000
2018-02-23 05:16:35,0.00100610,2.20000000
2018-02-23 05:16:35,0.00100950,20.11000000
2018-02-23 05:16:35,0.00100620,50.00000000
2018-02-23 05:16:35,0.00100950,19.82000000
2018-02-23 05:16:35,0.00100960,155.43000000
2018-02-23 05:16:35,0.00100960,9.92000000
2018-02-23 05:16:35,0.00100690,46.23000000
2018-02-23 05:16:36,0.00100690,4.00000000
2018-02-23 05:16:36,0.00100640,11.32000000
2018-02-23 05:16:36,0.00100600,2.00000000
2018-02-23 05:16:36,0.00100570,4.68000000
2018-02-23 05:16:36,0.00100930,50.00000000
2018-02-23 05:16:36,0.00100940,35.75000000
2018-02-23 05:16:36,0.00100960,3.25000000
2018-02-23 05:16:36,0.00100960,43.12000000
2018-02-23 05:16:37,0.00100780,3.68000000
2018-02-23 05:16:37,0.00100900,7.10000000
2018-02-23 05:16:37,0.00100700,10.00000000
2018-02-23 05:16:38,0.00100760,11.88000000
2018-02-23 05:16:38,0.00100900,7.80000000
2018-02-23 05:16:38,0.00100950,43.27000000
2018-02-23 05:16:38,0.00100950,3.10000000
2018-02-23 05:16:39,0.00100950,2.70000000
2018-02-23 05:16:39,0.00100650,48.75000000
2018-02-23 05:16:39,0.00100640,2.00000000
2018-02-23 05:16:39,0.00100620,20.93000000
2018-02-23 05:16:39,0.00100940,10.00000000
2018-02-23 05:16:39,0.00100950,12.92000000
2018-02-23 05:16:39,0.00100650,8.00000000
2018-02-23 05:16:39,0.00100760,0.90000000
2018-02-23 05:16:40,0.00100760,1.10000000
2018-02-23 05:16:40,0.00100750,1.36000000
2018-02-23 05:16:40,0.00100670,16.90000000
2018-02-23 05:16:40,0.00100620,8.88000000
2018-02-23 05:16:40,0.00100610,181.92000000
2018-02-23 05:16:41,0.00100590,12.25000000
2018-02-23 05:16:41,0.00100590,23.53000000
2018-02-23 05:16:41,0.00100590,12.97000000
2018-02-23 05:16:41,0.00100590,6.64000000
2018-02-23 05:16:41,0.00100510,98.04000000
2018-02-23 05:16:41,0.00100510,1.11000000
2018-02-23 05:16:42,0.00100500,31.74000000
2018-02-23 05:16:42,0.00100500,29.80000000
2018-02-23 05:16:42,0.00100500,75.43000000
2018-02-23 05:16:42,0.00100500,5.45000000
2018-02-23 05:16:42,0.00100600,24.35000000
2018-02-23 05:16:42,0.00100600,172.21000000
2018-02-23 05:16:43,0.00100590,7.24000000
2018-02-23 05:16:43,0.00100590,7.24000000
2018-02-23 05:16:43,0.00100590,7.24000000
2018-02-23 05:16:43,0.00100590,7.23000000
2018-02-23 05:16:43,0.00100590,19.19000000
2018-02-23 05:16:43,0.00100590,24.17000000
2018-02-23 05:16:43,0.00100440,8.89000000
2018-02-23 05:16:43,0.00100590,6.64000000
2018-02-23 05:16:44,0.00100460,2.00000000
2018-02-23 05:16:44,0.00100460,10.09000000
2018-02-23 05:16:44,0.00100460,4.07000000
2018-02-23 05:16:44,0.00100460,3.84000000
2018-02-23 05:16:44,0.00100460,0.23000000
2018-02-23 05:16:45,0.00100580,0.20000000
2018-02-23 05:16:45,0.00100430,35.13000000
2018-02-23 05:16:45,0.00100400,69.31000000
2018-02-23 05:16:45,0.00100300,7.28000000
2018-02-23 05:16:45,0.00100230,0.72000000
2018-02-23 05:16:46,0.00100230,9.21000000
2018-02-23 05:16:46,0.00100220,2.96000000
2018-02-23 05:16:46,0.00100210,44.40000000
2018-02-23 05:16:46,0.00100170,4.97000000
2018-02-23 05:16:46,0.00100160,48.80000000
2018-02-23 05:16:46,0.00100170,7.31000000
2018-02-23 05:16:46,0.00100400,41.16000000
2018-02-23 05:16:47,0.00100260,1.10000000
2018-02-23 05:16:47,0.00100190,2.00000000
2018-02-23 05:16:47,0.00100180,2.14000000
2018-02-23 05:16:47,0.00100170,0.03000000
2018-02-23 05:16:47,0.00100370,2.00000000
2018-02-23 05:16:47,0.00100390,87.50000000
2018-02-23 05:16:47,0.00100400,94.72000000
2018-02-23 05:16:47,0.00100170,2.23000000
2018-02-23 05:16:47,0.00100170,3.03000000
2018-02-23 05:16:47,0.00100170,1.31000000
2018-02-23 05:16:47,0.00100170,3.64000000
2018-02-23 05:16:47,0.00100400,63.95000000
2018-02-23 05:16:47,0.00100500,10.08000000
2018-02-23 05:16:47,0.00100580,1.80000000
2018-02-23 05:16:47,0.00100600,200.07000000
2018-02-23 05:16:47,0.00100740,2.00000000
2018-02-23 05:16:47,0.00100960,71.18000000
2018-02-23 05:16:47,0.00100990,0.92000000
2018-02-23 05:16:47,0.00100170,30.34000000
2018-02-23 05:16:48,0.00100170,10.28000000
2018-02-23 05:16:48,0.00100170,5.09000000
2018-02-23 05:16:48,0.00100170,2.23000000
2018-02-23 05:16:48,0.00100180,7.75000000
2018-02-23 05:16:48,0.00100180,2.53000000
2018-02-23 05:16:48,0.00100180,13.23000000
2018-02-23 05:16:48,0.00100180,3.24000000
2018-02-23 05:16:48,0.00100180,19.90000000
2018-02-23 05:16:48,0.00100180,5.02000000
2018-02-23 05:16:48,0.00100180,6.85000000
2018-02-23 05:16:48,0.00100180,7.12000000
2018-02-23 05:16:48,0.00100180,6.16000000
2018-02-23 05:16:48,0.00100180,2.53000000
2018-02-23 05:16:48,0.00100180,2.33000000
2018-02-23 05:16:48,0.00100180,7.57000000
2018-02-23 05:16:48,0.00100180,2.05000000
2018-02-23 05:16:49,0.00100180,2.53000000
2018-02-23 05:16:49,0.00100180,3.67000000
2018-02-23 05:16:49,0.00100180,2.85000000
2018-02-23 05:16:49,0.00100180,8.85000000
2018-02-23 05:16:49,0.00100180,4.08000000
2018-02-23 05:16:49,0.00100180,3.06000000
2018-02-23 05:16:49,0.00100180,22.42000000
2018-02-23 05:16:49,0.00100180,6.54000000
2018-02-23 05:16:49,0.00100180,1.71000000
2018-02-23 05:16:49,0.00100180,1.02000000
2018-02-23 05:16:49,0.00100190,29.94000000
2018-02-23 05:16:49,0.00100180,9.04000000
2018-02-23 05:16:49,0.00100260,4.06000000
2018-02-23 05:16:49,0.00100260,5.07000000
2018-02-23 05:16:49,0.00100260,2.96000000
2018-02-23 05:16:49,0.00100260,9.00000000
2018-02-23 05:16:49,0.00100260,9.00000000
2018-02-23 05:16:49,0.00100260,6.72000000
2018-02-23 05:16:49,0.00100260,4.46000000
2018-02-23 05:16:49,0.00100260,9.45000000
2018-02-23 05:16:49,0.00100180,10.03000000
2018-02-23 05:16:49,0.00100180,2.59000000
2018-02-23 05:16:49,0.00100180,1.93000000
2018-02-23 05:16:50,0.00100180,2.54000000
2018-02-23 05:16:50,0.00100180,3.04000000
2018-02-23 05:16:50,0.00100180,2.64000000
2018-02-23 05:16:50,0.00100180,3.66000000
2018-02-23 05:16:50,0.00100180,2.53000000
2018-02-23 05:16:50,0.00100180,50.60000000
2018-02-23 05:16:50,0.00100180,2.22000000
2018-02-23 05:16:50,0.00100180,2.53000000
2018-02-23 05:16:50,0.00100180,5.07000000
2018-02-23 05:16:50,0.00100180,4.65000000
2018-02-23 05:16:51,0.00100180,3.03000000
2018-02-23 05:16:51,0.00100240,50.56000000
2018-02-23 05:16:51,0.00100250,11.37000000
2018-02-23 05:16:51,0.00100260,41.27000000
2018-02-23 05:16:51,0.00100370,15.03000000
2018-02-23 05:16:51,0.00100380,7.34000000
2018-02-23 05:16:51,0.00100500,39.41000000
2018-02-23 05:16:51,0.00100180,8.73000000
2018-02-23 05:16:52,0.00100160,8.00000000
2018-02-23 05:16:52,0.00100160,1.82000000
2018-02-23 05:16:52,0.00100160,5.06000000
2018-02-23 05:16:52,0.00100180,3.03000000
2018-02-23 05:16:52,0.00100190,5.04000000
2018-02-23 05:16:52,0.00100190,17.13000000
2018-02-23 05:16:53,0.00100220,2.19000000
2018-02-23 05:16:53,0.00100190,3.20000000
2018-02-23 05:16:53,0.00100190,100.26000000
2018-02-23 05:16:53,0.00100190,4.43000000
2018-02-23 05:16:53,0.00100180,39.26000000
2018-02-23 05:16:53,0.00100180,2.53000000
2018-02-23 05:16:53,0.00100220,19.00000000
2018-02-23 05:16:53,0.00100230,7.43000000
2018-02-23 05:16:53,0.00100240,11.48000000
2018-02-23 05:16:53,0.00100240,29.80000000
2018-02-23 05:16:53,0.00100240,8.68000000
2018-02-23 05:16:53,0.00100240,8.69000000
2018-02-23 05:16:54,0.00100180,29.80000000
2018-02-23 05:16:54,0.00100180,1.82000000
2018-02-23 05:16:54,0.00100210,7.43000000
2018-02-23 05:16:54,0.00100180,2.53000000
2018-02-23 05:16:54,0.00100210,10.05000000
2018-02-23 05:16:54,0.00100240,15.31000000
2018-02-23 05:16:54,0.00100310,5.06000000
2018-02-23 05:16:54,0.00100180,2.04000000
2018-02-23 05:16:54,0.00100180,2.54000000
2018-02-23 05:16:54,0.00100180,1.52000000
2018-02-23 05:16:54,0.00100180,41.35000000
2018-02-23 05:16:55,0.00100180,2.23000000
2018-02-23 05:16:55,0.00100180,3.03000000
2018-02-23 05:16:55,0.00100190,10.18000000
2018-02-23 05:16:55,0.00100190,2.53000000
2018-02-23 05:16:55,0.00100190,2.12000000
2018-02-23 05:16:55,0.00100190,1.42000000
2018-02-23 05:16:55,0.00100190,10.07000000
2018-02-23 05:16:55,0.00100190,20.46000000
2018-02-23 05:16:55,0.00100190,15.15000000
2018-02-23 05:16:55,0.00100210,2.01000000
2018-02-23 05:16:55,0.00100210,12.95000000
2018-02-23 05:16:55,0.00100190,0.79000000
2018-02-23 05:16:56,0.00100190,4.06000000
2018-02-23 05:16:56,0.00100190,20.25000000
2018-02-23 05:16:56,0.00100180,100.83000000
2018-02-23 05:16:56,0.00100160,91.28000000
2018-02-23 05:16:56,0.00100150,29.38000000
2018-02-23 05:16:56,0.00100470,11.04000000
2018-02-23 05:16:56,0.00100480,24.04000000
2018-02-23 05:16:56,0.00100490,24.88000000
2018-02-23 05:16:56,0.00100500,49.53000000
2018-02-23 05:16:56,0.00100150,10.72000000
2018-02-23 05:16:57,0.00100190,2.53000000
2018-02-23 05:16:57,0.00100190,21.01000000
2018-02-23 05:16:57,0.00100190,17.47000000
2018-02-23 05:16:57,0.00100180,53.94000000
2018-02-23 05:16:57,0.00100180,0.31000000
2018-02-23 05:16:57,0.00100160,2.24000000
2018-02-23 05:16:57,0.00100160,1.12000000
2018-02-23 05:16:57,0.00100160,8.00000000
2018-02-23 05:16:58,0.00100150,9.99000000
2018-02-23 05:16:58,0.00100170,5.07000000
2018-02-23 05:16:58,0.00100170,4.22000000
2018-02-23 05:16:58,0.00100170,2.53000000
2018-02-23 05:16:58,0.00100170,6.82000000
2018-02-23 05:16:58,0.00100110,3.18000000
2018-02-23 05:16:58,0.00100450,11.04000000
2018-02-23 05:16:59,0.00100110,2.14000000
2018-02-23 05:17:00,0.00100110,0.03000000
2018-02-23 05:17:00,0.00100110,1.83000000
2018-02-23 05:17:01,0.00100120,6.07000000
2018-02-23 05:17:01,0.00100120,2.53000000
2018-02-23 05:17:01,0.00100110,2.50000000
2018-02-23 05:17:01,0.00100110,2.50000000
2018-02-23 05:17:01,0.00100150,14.59000000
2018-02-23 05:17:01,0.00100150,2.54000000
2018-02-23 05:17:01,0.00100150,2.44000000
2018-02-23 05:17:01,0.00100150,2.68000000
2018-02-23 05:17:02,0.00100150,36.26000000
2018-02-23 05:17:02,0.00100150,5.08000000
2018-02-23 05:17:02,0.00100150,4.25000000
2018-02-23 05:17:02,0.00100150,1.22000000
2018-02-23 05:17:02,0.00100150,2.53000000
2018-02-23 05:17:02,0.00100160,5.20000000
2018-02-23 05:17:02,0.00100150,61.44000000
2018-02-23 05:17:02,0.00100150,3.03000000
2018-02-23 05:17:02,0.00100150,3.98000000
2018-02-23 05:17:02,0.00100150,93.17000000
2018-02-23 05:17:02,0.00100150,2.53000000
2018-02-23 05:17:02,0.00100150,7.71000000
2018-02-23 05:17:02,0.00100150,4.86000000
2018-02-23 05:17:02,0.00100150,50.51000000
2018-02-23 05:17:02,0.00100150,2.54000000
2018-02-23 05:17:02,0.00100150,9.69000000
2018-02-23 05:17:03,0.00100200,2.24000000
2018-02-23 05:17:03,0.00100200,1.05000000
2018-02-23 05:17:03,0.00100200,8.02000000
2018-02-23 05:17:03,0.00100200,1.42000000
2018-02-23 05:17:03,0.00100200,8.00000000
2018-02-23 05:17:03,0.00100200,2.34000000
2018-02-23 05:17:03,0.00100200,6.56000000
2018-02-23 05:17:03,0.00100200,0.70000000
2018-02-23 05:17:03,0.00100150,2.63000000
2018-02-23 05:17:03,0.00100150,7.06000000
2018-02-23 05:17:04,0.00100150,1.42000000
2018-02-23 05:17:04,0.00100150,2.55000000
2018-02-23 05:17:04,0.00100150,11.11000000
2018-02-23 05:17:04,0.00100150,10.00000000
2018-02-23 05:17:04,0.00100150,5.38000000
2018-02-23 05:17:04,0.00100150,3.07000000
2018-02-23 05:17:04,0.00100340,19.91000000
2018-02-23 05:17:04,0.00100150,2.94000000
2018-02-23 05:17:04,0.00100150,10.15000000
2018-02-23 05:17:04,0.00100150,7.31000000
2018-02-23 05:17:04,0.00100150,1.11000000
2018-02-23 05:17:05,0.00100150,2.24000000
2018-02-23 05:17:05,0.00100150,2.53000000
2018-02-23 05:17:05,0.00100150,2.54000000
2018-02-23 05:17:05,0.00100200,1.56000000
2018-02-23 05:17:05,0.00100170,2.51000000
2018-02-23 05:17:05,0.00100170,128.44000000
2018-02-23 05:17:05,0.00100170,2.51000000
2018-02-23 05:17:05,0.00100190,30.09000000
2018-02-23 05:17:05,0.00100200,112.74000000
2018-02-23 05:17:05,0.00100200,2.51000000
2018-02-23 05:17:05,0.00100150,25.38000000
2018-02-23 05:17:05,0.00100150,1.42000000
2018-02-23 05:17:06,0.00100150,1.38000000
2018-02-23 05:17:06,0.00100150,1.52000000
2018-02-23 05:17:06,0.00100190,99.88000000
2018-02-23 05:17:06,0.00100150,2.63000000
2018-02-23 05:17:06,0.00100150,2.53000000
2018-02-23 05:17:06,0.00100150,2.55000000
2018-02-23 05:17:06,0.00100150,24.56000000
2018-02-23 05:17:07,0.00100150,2.52000000
2018-02-23 05:17:07,0.00100150,3.03000000
2018-02-23 05:17:07,0.00100310,7.26000000
2018-02-23 05:17:07,0.00100150,2.76000000
2018-02-23 05:17:07,0.00100150,8.13000000
2018-02-23 05:17:07,0.00100150,726.01000000
2018-02-23 05:17:07,0.00100310,7.85000000
2018-02-23 05:17:08,0.00100300,29.94000000
2018-02-23 05:17:08,0.00100310,5.12000000
2018-02-23 05:17:08,0.00100410,9.35000000
2018-02-23 05:17:08,0.00100410,5.08000000
2018-02-23 05:17:08,0.00100410,6.09000000
2018-02-23 05:17:08,0.00100410,6.10000000
2018-02-23 05:17:08,0.00100410,2.64000000
2018-02-23 05:17:08,0.00100410,16.89000000
2018-02-23 05:17:08,0.00100410,2.54000000
2018-02-23 05:17:08,0.00100410,2.54000000
2018-02-23 05:17:08,0.00100410,2.53000000
2018-02-23 05:17:09,0.00100410,93.17000000
2018-02-23 05:17:09,0.00100410,5.11000000
2018-02-23 05:17:09,0.00100410,2.42000000
2018-02-23 05:17:09,0.00100410,5.74000000
2018-02-23 05:17:09,0.00100410,45.83000000
2018-02-23 05:17:09,0.00100190,1.94000000
2018-02-23 05:17:09,0.00100170,188.54000000
2018-02-23 05:17:09,0.00100160,64.18000000
2018-02-23 05:17:09,0.00100160,1.26000000
2018-02-23 05:17:09,0.00100160,2.53000000
2018-02-23 05:17:09,0.00100160,10.00000000
2018-02-23 05:17:09,0.00100150,2157.49000000
2018-02-23 05:17:09,0.00100150,24.92000000
2018-02-23 05:17:09,0.00100150,8.00000000
2018-02-23 05:17:10,0.00100210,4.48000000
2018-02-23 05:17:10,0.00100210,4.07000000
2018-02-23 05:17:10,0.00100390,57.00000000
2018-02-23 05:17:10,0.00100210,2.02000000
2018-02-23 05:17:11,0.00100210,2.73000000
2018-02-23 05:17:11,0.00100210,2.23000000
2018-02-23 05:17:11,0.00100210,2.54000000
2018-02-23 05:17:11,0.00100390,5.41000000
2018-02-23 05:17:11,0.00100210,11.86000000
2018-02-23 05:17:11,0.00100200,18.68000000
2018-02-23 05:17:11,0.00100200,1.52000000
2018-02-23 05:17:11,0.00100200,4.57000000
2018-02-23 05:17:11,0.00100200,10.14000000
2018-02-23 05:17:12,0.00100370,5.56000000
2018-02-23 05:17:12,0.00100380,29.54000000
2018-02-23 05:17:12,0.00100390,8.00000000
2018-02-23 05:17:12,0.00100390,2.04000000
2018-02-23 05:17:12,0.00100390,2.53000000
2018-02-23 05:17:12,0.00100390,2.54000000
2018-02-23 05:17:12,0.00100390,2.53000000
2018-02-23 05:17:12,0.00100390,2.23000000
2018-02-23 05:17:12,0.00100400,47.94000000
2018-02-23 05:17:12,0.00100410,379.70000000
2018-02-23 05:17:12,0.00100420,5.41000000
2018-02-23 05:17:12,0.00100440,9.98000000
2018-02-23 05:17:12,0.00100450,75.13000000
2018-02-23 05:17:12,0.00100390,2.53000000
2018-02-23 05:17:12,0.00100390,2.53000000
2018-02-23 05:17:12,0.00100390,5.05000000
2018-02-23 05:17:12,0.00100390,2.53000000
2018-02-23 05:17:12,0.00100390,6.11000000
2018-02-23 05:17:12,0.00100390,2.53000000
2018-02-23 05:17:12,0.00100390,66.32000000
2018-02-23 05:17:12,0.00100210,86.70000000
2018-02-23 05:17:13,0.00100210,4.62000000
2018-02-23 05:17:13,0.00100200,3.03000000
2018-02-23 05:17:13,0.00100200,6.61000000
2018-02-23 05:17:13,0.00100220,4.35000000
2018-02-23 05:17:13,0.00100220,3.04000000
2018-02-23 05:17:13,0.00100220,2.04000000
2018-02-23 05:17:13,0.00100220,3.54000000
2018-02-23 05:17:13,0.00100220,9.76000000
2018-02-23 05:17:13,0.00100220,1.25000000
2018-02-23 05:17:13,0.00100210,3.79000000
2018-02-23 05:17:13,0.00100210,2.53000000
2018-02-23 05:17:14,0.00100210,2.53000000
2018-02-23 05:17:14,0.00100210,41.71000000
2018-02-23 05:17:14,0.00100200,15.79000000
2018-02-23 05:17:14,0.00100200,4.96000000
2018-02-23 05:17:14,0.00100200,1.22000000
2018-02-23 05:17:14,0.00100200,12.21000000
2018-02-23 05:17:14,0.00100220,8.02000000
2018-02-23 05:17:14,0.00100220,4.00000000
2018-02-23 05:17:14,0.00100220,3.05000000
2018-02-23 05:17:15,0.00100220,8.88000000
2018-02-23 05:17:15,0.00100220,1.52000000
2018-02-23 05:17:15,0.00100220,11.26000000
2018-02-23 05:17:16,0.00100220,14.39000000
2018-02-23 05:17:16,0.00100210,15.21000000
2018-02-23 05:17:16,0.00100210,2.23000000
2018-02-23 05:17:17,0.00100210,2.55000000
2018-02-23 05:17:17,0.00100400,6.34000000
2018-02-23 05:17:17,0.00100220,1.20000000
2018-02-23 05:17:17,0.00100220,1.62000000
2018-02-23 05:17:17,0.00100210,2.51000000
2018-02-23 05:17:17,0.00100400,1.36000000
2018-02-23 05:17:18,0.00100390,1.00000000
2018-02-23 05:17:18,0.00100390,2.49000000
2018-02-23 05:17:18,0.00100380,2.49000000
2018-02-23 05:17:19,0.00100370,1.99000000
2018-02-23 05:17:19,0.00100210,3.22000000
2018-02-23 05:17:19,0.00100200,121.93000000
2018-02-23 05:17:20,0.00100360,28.69000000
2018-02-23 05:17:20,0.00100220,2.00000000
2018-02-23 05:17:20,0.00100340,2.00000000
2018-02-23 05:17:20,0.00100360,0.49000000
2018-02-23 05:17:20,0.00100270,57.63000000
2018-02-23 05:17:22,0.00100200,4.33000000
2018-02-23 05:17:22,0.00100200,6.07000000
2018-02-23 05:17:22,0.00100200,137.08000000
2018-02-23 05:17:22,0.00100200,5.06000000
2018-02-23 05:17:22,0.00100340,1.10000000
2018-02-23 05:17:22,0.00100200,44.56000000
2018-02-23 05:17:22,0.00100200,2.53000000
2018-02-23 05:17:22,0.00100340,9.77000000
2018-02-23 05:17:22,0.00100200,2.52000000
2018-02-23 05:17:22,0.00100200,10.10000000
2018-02-23 05:17:23,0.00100200,1.11000000
2018-02-23 05:17:23,0.00100220,2.00000000
2018-02-23 05:17:23,0.00100200,2.54000000
2018-02-23 05:17:23,0.00100200,0.34000000
2018-02-23 05:17:24,0.00100310,1.20000000
2018-02-23 05:17:24,0.00100220,10.68000000
2018-02-23 05:17:24,0.00100200,1.26000000
2018-02-23 05:17:24,0.00100200,7.84000000
2018-02-23 05:17:24,0.00100200,1.92000000
2018-02-23 05:17:24,0.00100310,9.31000000
2018-02-23 05:17:24,0.00100320,0.69000000
2018-02-23 05:17:25,0.00100200,8.68000000
2018-02-23 05:17:26,0.00100200,20.44000000
2018-02-23 05:17:26,0.00100220,2.00000000
2018-02-23 05:17:26,0.00100200,28.54000000
2018-02-23 05:17:27,0.00100200,1.52000000
2018-02-23 05:17:27,0.00100200,129.90000000
2018-02-23 05:17:27,0.00100200,0.88000000
2018-02-23 05:17:27,0.00100270,12.97000000
2018-02-23 05:17:27,0.00100280,2.00000000
2018-02-23 05:17:27,0.00100320,0.25000000
2018-02-23 05:17:28,0.00100300,8.46000000
2018-02-23 05:17:28,0.00100300,22.33000000
2018-02-23 05:17:28,0.00100300,7.52000000
2018-02-23 05:17:28,0.00100300,2.53000000
2018-02-23 05:17:28,0.00100300,5.04000000
2018-02-23 05:17:28,0.00100300,5.00000000
2018-02-23 05:17:29,0.00100300,19.58000000
2018-02-23 05:17:29,0.00100300,3.04000000
2018-02-23 05:17:29,0.00100300,1.52000000
2018-02-23 05:17:29,0.00100310,124.59000000
2018-02-23 05:17:30,0.00100300,10.07000000
2018-02-23 05:17:30,0.00100300,3.05000000
2018-02-23 05:17:30,0.00100300,2.29000000
2018-02-23 05:17:30,0.00100300,6.07000000
2018-02-23 05:17:31,0.00100300,4.91000000
2018-02-23 05:17:31,0.00100300,5.07000000
2018-02-23 05:17:31,0.00100300,0.63000000
2018-02-23 05:17:31,0.00100300,1.59000000
2018-02-23 05:17:31,0.00100310,14.40000000
2018-02-23 05:17:31,0.00100320,107.85000000
2018-02-23 05:17:31,0.00100350,4.97000000
2018-02-23 05:17:31,0.00100350,29.89000000
2018-02-23 05:17:31,0.00100350,8.52000000
2018-02-23 05:17:32,0.00100350,0.11000000
2018-02-23 05:17:32,0.00100300,46.72000000
2018-02-23 05:17:32,0.00100300,54.26000000
2018-02-23 05:17:33,0.00100320,20.04000000
2018-02-23 05:17:34,0.00100320,30.66000000
2018-02-23 05:17:34,0.00100390,40.08000000
2018-02-23 05:17:34,0.00100400,52.03000000
2018-02-23 05:17:34,0.00100400,0.54000000
2018-02-23 05:17:34,0.00100400,17.73000000
2018-02-23 05:17:34,0.00100400,10.62000000
2018-02-23 05:17:34,0.00100400,88.06000000
2018-02-23 05:17:35,0.00100350,49.81000000
2018-02-23 05:17:35,0.00100400,10.62000000
2018-02-23 05:17:35,0.00100450,1.02000000
2018-02-23 05:17:35,0.00100490,15.72000000
2018-02-23 05:17:35,0.00100400,1.52000000
2018-02-23 05:17:35,0.00100490,2.66000000
2018-02-23 05:17:35,0.00100400,50.70000000
2018-02-23 05:17:36,0.00100490,5.28000000
2018-02-23 05:17:36,0.00100400,1.03000000
2018-02-23 05:17:37,0.00100400,11.84000000
2018-02-23 05:17:37,0.00100490,37.78000000
2018-02-23 05:17:37,0.00100500,293.81000000
2018-02-23 05:17:37,0.00100500,4.46000000
2018-02-23 05:17:38,0.00100500,0.59000000
2018-02-23 05:17:38,0.00100500,10.92000000
2018-02-23 05:17:38,0.00100550,9.99000000
2018-02-23 05:17:38,0.00100590,31.96000000
2018-02-23 05:17:39,0.00100510,2.52000000
2018-02-23 05:17:40,0.00100590,182.70000000
2018-02-23 05:17:40,0.00100650,11.00000000
2018-02-23 05:17:40,0.00100800,52.87000000
2018-02-23 05:17:40,0.00100530,2.00000000
2018-02-23 05:17:40,0.00100510,88.52000000
2018-02-23 05:17:40,0.00100500,12.69000000
2018-02-23 05:17:41,0.00100510,9.60000000
2018-02-23 05:17:41,0.00100570,2.00000000
2018-02-23 05:17:41,0.00100590,34.34000000
2018-02-23 05:17:41,0.00100590,7.19000000
2018-02-23 05:17:41,0.00100660,0.57000000
2018-02-23 05:17:41,0.00100590,2.82000000
2018-02-23 05:17:43,0.00100600,50.38000000
2018-02-23 05:17:43,0.00100600,10.37000000
2018-02-23 05:17:44,0.00100600,30.29000000
2018-02-23 05:17:44,0.00100660,27.37000000
2018-02-23 05:17:44,0.00100800,3.20000000
2018-02-23 05:17:44,0.00100600,1.64000000
2018-02-23 05:17:45,0.00100600,0.29000000
2018-02-23 05:17:45,0.00100800,1.43000000
2018-02-23 05:17:45,0.00100800,357.86000000
2018-02-23 05:17:45,0.00100640,29.76000000
2018-02-23 05:17:46,0.00100710,64.55000000
2018-02-23 05:17:46,0.00100800,15.19000000
2018-02-23 05:17:46,0.00100800,2.60000000
2018-02-23 05:17:46,0.00100640,0.21000000
2018-02-23 05:17:47,0.00100800,2.18000000
2018-02-23 05:17:48,0.00100790,9.60000000
2018-02-23 05:17:48,0.00100800,11.21000000
2018-02-23 05:17:48,0.00100800,7.94000000
2018-02-23 05:17:48,0.00100800,3.77000000
2018-02-23 05:17:50,0.00100700,22.73000000
2018-02-23 05:17:50,0.00100700,0.66000000
2018-02-23 05:17:51,0.00100700,4.95000000
2018-02-23 05:17:51,0.00100700,12.70000000
2018-02-23 05:17:51,0.00100700,9.00000000
2018-02-23 05:17:52,0.00100700,4.87000000
2018-02-23 05:17:52,0.00100700,62.70000000
2018-02-23 05:17:52,0.00100700,48.56000000
2018-02-23 05:17:52,0.00100660,2.00000000
2018-02-23 05:17:52,0.00100640,12.62000000
2018-02-23 05:17:52,0.00100770,0.52000000
2018-02-23 05:17:53,0.00100770,1.48000000
2018-02-23 05:17:53,0.00100800,64.47000000
2018-02-23 05:17:53,0.00100700,94.41000000
2018-02-23 05:17:53,0.00100640,17.18000000
2018-02-23 05:17:53,0.00100620,2.00000000
2018-02-23 05:17:53,0.00100600,11.00000000
2018-02-23 05:17:54,0.00100700,0.17000000
2018-02-23 05:17:54,0.00100700,2.92000000
2018-02-23 05:17:54,0.00100770,6.08000000
2018-02-23 05:17:54,0.00100770,0.64000000
2018-02-23 05:17:55,0.00100620,2.00000000
2018-02-23 05:17:55,0.00100600,107.45000000
2018-02-23 05:17:55,0.00100680,2.00000000
2018-02-23 05:17:57,0.00100770,23.08000000
2018-02-23 05:17:57,0.00100780,2.00000000
2018-02-23 05:17:57,0.00100780,39.43000000
2018-02-23 05:17:57,0.00100680,200.00000000
2018-02-23 05:17:57,0.00100640,2.00000000
2018-02-23 05:17:57,0.00100620,20.84000000
2018-02-23 05:17:57,0.00100600,5.82000000
2018-02-23 05:17:57,0.00100600,31.47000000
2018-02-23 05:17:57,0.00100600,29.76000000
2018-02-23 05:17:57,0.00100600,26.23000000
2018-02-23 05:17:57,0.00100600,4.70000000
2018-02-23 05:17:58,0.00100600,4.70000000
2018-02-23 05:17:58,0.00100560,0.67000000
2018-02-23 05:17:58,0.00100560,17.60000000
2018-02-23 05:17:58,0.00100570,60.20000000
2018-02-23 05:17:58,0.00100750,2.00000000
2018-02-23 05:17:58,0.00100800,522.55000000
2018-02-23 05:17:58,0.00100900,165.74000000
2018-02-23 05:17:58,0.00100910,1.10000000
2018-02-23 05:17:58,0.00100960,68.03000000
2018-02-23 05:17:58,0.00100980,88.98000000
2018-02-23 05:17:58,0.00100990,216.42000000
2018-02-23 05:17:59,0.00100980,1.29000000
2018-02-23 05:18:00,0.00100560,4.40000000
2018-02-23 05:18:00,0.00100760,0.67000000
2018-02-23 05:18:00,0.00100760,15.16000000
2018-02-23 05:18:00,0.00100760,0.67000000
2018-02-23 05:18:00,0.00100570,1.34000000
2018-02-23 05:18:01,0.00100580,2.52000000
2018-02-23 05:18:02,0.00100580,3.25000000
2018-02-23 05:18:04,0.00100800,0.67000000
2018-02-23 05:18:04,0.00100810,2.00000000
2018-02-23 05:18:04,0.00100810,3.77000000
2018-02-23 05:18:04,0.00100930,2.00000000
2018-02-23 05:18:04,0.00100950,4.63000000
2018-02-23 05:18:05,0.00100800,9.79000000
2018-02-23 05:18:05,0.00100940,4.40000000
2018-02-23 05:18:05,0.00100970,7.24000000
2018-02-23 05:18:05,0.00100990,97.89000000
2018-02-23 05:18:05,0.00100800,46.33000000
2018-02-23 05:18:06,0.00100930,45.83000000
2018-02-23 05:18:06,0.00100980,29.68000000
2018-02-23 05:18:06,0.00100980,29.68000000
2018-02-23 05:18:06,0.00100810,7.23000000
2018-02-23 05:18:06,0.00100810,0.17000000
2018-02-23 05:18:06,0.00100980,14.26000000
2018-02-23 05:18:06,0.00100810,83.02000000
2018-02-23 05:18:06,0.00100800,296.68000000
2018-02-23 05:18:06,0.00100980,169.10000000
2018-02-23 05:18:07,0.00100800,1.93000000
2018-02-23 05:18:07,0.00100980,172.26000000
2018-02-23 05:18:07,0.00100950,14.78000000
2018-02-23 05:18:07,0.00100980,10.59000000
2018-02-23 05:18:07,0.00100980,13.89000000
2018-02-23 05:18:07,0.00100980,29.68000000
2018-02-23 05:18:07,0.00100980,97.25000000
2018-02-23 05:18:07,0.00100970,29.68000000
2018-02-23 05:18:07,0.00100970,29.68000000
2018-02-23 05:18:08,0.00100970,31.06000000
2018-02-23 05:18:08,0.00100980,5.18000000
2018-02-23 05:18:08,0.00100980,29.68000000
2018-02-23 05:18:08,0.00100980,29.68000000
2018-02-23 05:18:08,0.00100980,29.68000000
2018-02-23 05:18:08,0.00100970,29.68000000
2018-02-23 05:18:08,0.00100980,29.68000000
2018-02-23 05:18:08,0.00100980,23.92000000
2018-02-23 05:18:08,0.00100980,29.68000000
2018-02-23 05:18:08,0.00100980,29.68000000
2018-02-23 05:18:08,0.00100980,0.84000000
2018-02-23 05:18:08,0.00100980,29.68000000
2018-02-23 05:18:08,0.00100980,29.68000000
2018-02-23 05:18:08,0.00100820,14.55000000
2018-02-23 05:18:09,0.00100960,2.00000000
2018-02-23 05:18:09,0.00100980,9.68000000
2018-02-23 05:18:09,0.00100980,29.68000000
2018-02-23 05:18:09,0.00100980,172.22000000
2018-02-23 05:18:09,0.00100980,29.68000000
2018-02-23 05:18:09,0.00100980,114.97000000
2018-02-23 05:18:09,0.00100990,29.68000000
2018-02-23 05:18:09,0.00100990,29.68000000
2018-02-23 05:18:09,0.00100990,72.58000000
2018-02-23 05:18:09,0.00101000,29.67000000
2018-02-23 05:18:09,0.00101000,29.68000000
2018-02-23 05:18:09,0.00101000,29.68000000
2018-02-23 05:18:10,0.00101000,1.21000000
2018-02-23 05:18:10,0.00101000,29.68000000
2018-02-23 05:18:10,0.00101000,172.16000000
2018-02-23 05:18:11,0.00100990,2.00000000
2018-02-23 05:18:11,0.00100990,100.00000000
2018-02-23 05:18:11,0.00101000,12.32000000
2018-02-23 05:18:12,0.00101030,12.31000000
2018-02-23 05:18:13,0.00101000,77.00000000
2018-02-23 05:18:13,0.00101030,63.31000000
2018-02-23 05:18:14,0.00101040,15.82000000
2018-02-23 05:18:14,0.00101050,1.34000000
2018-02-23 05:18:14,0.00101050,6.97000000
2018-02-23 05:18:15,0.00101040,3.04000000
2018-02-23 05:18:15,0.00101040,2.46000000
2018-02-23 05:18:16,0.00101050,14.25000000
2018-02-23 05:18:16,0.00101080,1.00000000
2018-02-23 05:18:16,0.00101110,5.51000000
2018-02-23 05:18:16,0.00101170,13.38000000
2018-02-23 05:18:17,0.00101170,3.86000000
2018-02-23 05:18:17,0.00101060,1.98000000
2018-02-23 05:18:17,0.00101040,9.14000000
2018-02-23 05:18:17,0.00101040,1.01000000
2018-02-23 05:18:18,0.00101040,14.94000000
2018-02-23 05:18:21,0.00101100,35.57000000
2018-02-23 05:18:21,0.00101150,1.98000000
2018-02-23 05:18:22,0.00101150,46.45000000
2018-02-23 05:18:22,0.00101170,9.64000000
2018-02-23 05:18:22,0.00101190,7.50000000
2018-02-23 05:18:22,0.00101200,40.86000000
2018-02-23 05:18:23,0.00101150,0.02000000
2018-02-23 05:18:24,0.00101170,10.91000000
2018-02-23 05:18:25,0.00101200,5.59000000
2018-02-23 05:18:25,0.00101150,2.19000000
2018-02-23 05:18:25,0.00101150,19.91000000
2018-02-23 05:18:26,0.00101180,25.12000000
2018-02-23 05:18:26,0.00101170,1.98000000
2018-02-23 05:18:26,0.00101150,42.71000000
2018-02-23 05:18:26,0.00101110,3.32000000
2018-02-23 05:18:28,0.00101120,30.00000000
2018-02-23 05:18:28,0.00101110,75.64000000
2018-02-23 05:18:29,0.00101210,1.98000000
2018-02-23 05:18:30,0.00101220,50.89000000
2018-02-23 05:18:30,0.00101220,23.15000000
2018-02-23 05:18:30,0.00101230,28.00000000
2018-02-23 05:18:30,0.00101250,6.79000000
2018-02-23 05:18:30,0.00101260,12.55000000
2018-02-23 05:18:30,0.00101270,32.72000000
2018-02-23 05:18:30,0.00101210,2.78000000
2018-02-23 05:18:30,0.00101170,2.45000000
2018-02-23 05:18:30,0.00101130,1.98000000
2018-02-23 05:18:30,0.00101120,12.48000000
2018-02-23 05:18:31,0.00101120,9.99000000
2018-02-23 05:18:31,0.00101190,1.98000000
2018-02-23 05:18:31,0.00101270,21.90000000
2018-02-23 05:18:34,0.00101270,5.20000000
2018-02-23 05:18:34,0.00101300,8.16000000
2018-02-23 05:18:35,0.00101300,79.13000000
2018-02-23 05:18:37,0.00101300,5.89000000
2018-02-23 05:18:37,0.00101300,2.21000000
2018-02-23 05:18:38,0.00101270,178.51000000
2018-02-23 05:18:38,0.00101190,1.98000000
2018-02-23 05:18:38,0.00101180,90.27000000
2018-02-23 05:18:38,0.00101120,50.52000000
2018-02-23 05:18:38,0.00101250,1.98000000
2018-02-23 05:18:38,0.00101290,90.27000000
2018-02-23 05:18:38,0.00101300,74.53000000
2018-02-23 05:18:39,0.00101300,0.94000000
2018-02-23 05:18:39,0.00101270,96.70000000
2018-02-23 05:18:40,0.00101300,10.55000000
2018-02-23 05:18:40,0.00101360,19.92000000
2018-02-23 05:18:40,0.00101390,5.99000000
2018-02-23 05:18:40,0.00101400,9.58000000
2018-02-23 05:18:40,0.00101410,30.05000000
