DATE,PRICE,VOLUME
2018-02-27 05:00:01,0.00141760,60.81000000
2018-02-27 05:00:01,0.00141700,87.61000000
2018-02-27 05:00:01,0.00141700,100.04000000
2018-02-27 05:00:01,0.00141700,1.44000000
2018-02-27 05:00:01,0.00141700,106.84000000
2018-02-27 05:00:02,0.00141700,3.45000000
2018-02-27 05:00:02,0.00141690,3.57000000
2018-02-27 05:00:02,0.00141700,4.41000000
2018-02-27 05:00:02,0.00141800,7.08000000
2018-02-27 05:00:02,0.00141820,3.53000000
2018-02-27 05:00:02,0.00141830,19.39000000
2018-02-27 05:00:02,0.00141640,36.82000000
2018-02-27 05:00:02,0.00141600,23.18000000
2018-02-27 05:00:03,0.00141640,0.80000000
2018-02-27 05:00:03,0.00141600,43.95000000
2018-02-27 05:00:03,0.00141600,7.06000000
2018-02-27 05:00:03,0.00141600,4.91000000
2018-02-27 05:00:03,0.00141600,1.73000000
2018-02-27 05:00:03,0.00141600,5.87000000
2018-02-27 05:00:03,0.00141600,5.87000000
2018-02-27 05:00:04,0.00141600,143.84000000
2018-02-27 05:00:05,0.00141600,40.06000000
2018-02-27 05:00:05,0.00141550,1.39000000
2018-02-27 05:00:05,0.00141340,2.83000000
2018-02-27 05:00:05,0.00141330,1.73000000
2018-02-27 05:00:05,0.00141240,0.80000000
2018-02-27 05:00:05,0.00141240,1.21000000
2018-02-27 05:00:05,0.00141230,5.09000000
2018-02-27 05:00:05,0.00141230,0.89000000
2018-02-27 05:00:05,0.00141250,551.74000000
2018-02-27 05:00:06,0.00141240,70.78000000
2018-02-27 05:00:06,0.00141230,17.34000000
2018-02-27 05:00:06,0.00141230,12.48000000
2018-02-27 05:00:06,0.00141230,2.00000000
2018-02-27 05:00:06,0.00141230,1.18000000
2018-02-27 05:00:06,0.00141230,21.20000000
2018-02-27 05:00:06,0.00141200,38.61000000
2018-02-27 05:00:06,0.00141170,12.30000000
2018-02-27 05:00:06,0.00141040,1.23000000
2018-02-27 05:00:06,0.00141020,0.99000000
2018-02-27 05:00:06,0.00141000,9.52000000
2018-02-27 05:00:06,0.00141000,91.31000000
2018-02-27 05:00:07,0.00141000,43.36000000
2018-02-27 05:00:07,0.00141000,1.44000000
2018-02-27 05:00:07,0.00140940,2.83000000
2018-02-27 05:00:07,0.00140890,8.52000000
2018-02-27 05:00:07,0.00140870,0.78000000
2018-02-27 05:00:07,0.00140860,2.12000000
2018-02-27 05:00:07,0.00140990,70.78000000
2018-02-27 05:00:07,0.00141000,7.23000000
2018-02-27 05:00:07,0.00141500,7.44000000
2018-02-27 05:00:08,0.00140870,60.00000000
2018-02-27 05:00:08,0.00140860,122.47000000
2018-02-27 05:00:08,0.00140800,68.28000000
2018-02-27 05:00:08,0.00140780,37.57000000
2018-02-27 05:00:08,0.00141230,44.06000000
2018-02-27 05:00:09,0.00140900,67.35000000
2018-02-27 05:00:09,0.00141260,7.04000000
2018-02-27 05:00:09,0.00140940,3.54000000
2018-02-27 05:00:09,0.00140900,3.60000000
2018-02-27 05:00:09,0.00140890,16.92000000
2018-02-27 05:00:09,0.00140870,66.78000000
2018-02-27 05:00:09,0.00140780,332.12000000
2018-02-27 05:00:10,0.00141470,0.01000000
2018-02-27 05:00:11,0.00141000,0.97000000
2018-02-27 05:00:11,0.00141000,0.97000000
2018-02-27 05:00:11,0.00140930,13.66000000
2018-02-27 05:00:11,0.00140920,60.00000000
2018-02-27 05:00:11,0.00140910,2.25000000
2018-02-27 05:00:11,0.00140890,3.16000000
2018-02-27 05:00:11,0.00140970,3.52000000
2018-02-27 05:00:11,0.00140980,20.00000000
2018-02-27 05:00:11,0.00140990,70.95000000
2018-02-27 05:00:11,0.00141000,49.12000000
2018-02-27 05:00:11,0.00141210,5.97000000
2018-02-27 05:00:12,0.00140970,0.02000000
2018-02-27 05:00:12,0.00140930,14.75000000
2018-02-27 05:00:12,0.00140790,6.40000000
2018-02-27 05:00:12,0.00140920,2.41000000
2018-02-27 05:00:12,0.00140920,57.59000000
2018-02-27 05:00:12,0.00140980,40.00000000
2018-02-27 05:00:12,0.00141210,17.91000000
2018-02-27 05:00:13,0.00140800,70.98000000
2018-02-27 05:00:13,0.00140790,24.19000000
2018-02-27 05:00:13,0.00140780,18.38000000
2018-02-27 05:00:13,0.00140700,117.96000000
2018-02-27 05:00:13,0.00140690,2.13000000
2018-02-27 05:00:13,0.00140630,5.29000000
2018-02-27 05:00:13,0.00140600,62.70000000
2018-02-27 05:00:13,0.00140590,10.76000000
2018-02-27 05:00:13,0.00140530,89.91000000
2018-02-27 05:00:13,0.00140510,8.87000000
2018-02-27 05:00:13,0.00140500,87.81000000
2018-02-27 05:00:13,0.00140460,3.56000000
2018-02-27 05:00:13,0.00140420,1.47000000
2018-02-27 05:00:13,0.00140410,0.78000000
2018-02-27 05:00:13,0.00140400,5.20000000
2018-02-27 05:00:13,0.00140390,26.89000000
2018-02-27 05:00:13,0.00140390,12.25000000
2018-02-27 05:00:13,0.00140740,24.20000000
2018-02-27 05:00:13,0.00140740,4.08000000
2018-02-27 05:00:13,0.00140390,4.08000000
2018-02-27 05:00:13,0.00140810,7.21000000
2018-02-27 05:00:13,0.00140820,23.55000000
2018-02-27 05:00:13,0.00140810,27.03000000
2018-02-27 05:00:13,0.00140800,11.20000000
2018-02-27 05:00:13,0.00140800,31.60000000
2018-02-27 05:00:13,0.00140400,71.16000000
2018-02-27 05:00:14,0.00140920,1.12000000
2018-02-27 05:00:14,0.00140820,40.00000000
2018-02-27 05:00:14,0.00140410,15.44000000
2018-02-27 05:00:14,0.00140920,1.37000000
2018-02-27 05:00:14,0.00140920,1.36000000
2018-02-27 05:00:14,0.00140900,40.00000000
2018-02-27 05:00:14,0.00140910,70.98000000
2018-02-27 05:00:14,0.00140920,72.19000000
2018-02-27 05:00:14,0.00140940,2.35000000
2018-02-27 05:00:14,0.00140910,1.06000000
2018-02-27 05:00:15,0.00140900,2.49000000
2018-02-27 05:00:15,0.00140410,33.34000000
2018-02-27 05:00:15,0.00140420,7.25000000
2018-02-27 05:00:15,0.00140430,20.00000000
2018-02-27 05:00:15,0.00140420,63.93000000
2018-02-27 05:00:15,0.00140390,65.92000000
2018-02-27 05:00:15,0.00140780,83.35000000
2018-02-27 05:00:15,0.00140880,8.45000000
2018-02-27 05:00:15,0.00140890,8.46000000
2018-02-27 05:00:15,0.00140900,71.16000000
2018-02-27 05:00:15,0.00140910,3.52000000
2018-02-27 05:00:16,0.00140770,9.80000000
2018-02-27 05:00:16,0.00140400,7.24000000
2018-02-27 05:00:16,0.00140760,71.18000000
2018-02-27 05:00:16,0.00140900,33.18000000
2018-02-27 05:00:16,0.00140400,7.25000000
2018-02-27 05:00:16,0.00140410,27.42000000
2018-02-27 05:00:17,0.00140750,27.71000000
2018-02-27 05:00:17,0.00140990,14.49000000
2018-02-27 05:00:17,0.00141000,69.84000000
2018-02-27 05:00:17,0.00141000,41.12000000
2018-02-27 05:00:17,0.00141000,137.21000000
2018-02-27 05:00:18,0.00141010,43.75000000
2018-02-27 05:00:18,0.00141000,156.50000000
2018-02-27 05:00:18,0.00140600,274.07000000
2018-02-27 05:00:18,0.00140600,28.17000000
2018-02-27 05:00:18,0.00140600,9.87000000
2018-02-27 05:00:18,0.00140600,141.14000000
2018-02-27 05:00:18,0.00140610,18.05000000
2018-02-27 05:00:19,0.00141000,4.76000000
2018-02-27 05:00:19,0.00140990,11.41000000
2018-02-27 05:00:19,0.00140980,18.05000000
2018-02-27 05:00:19,0.00140990,59.76000000
2018-02-27 05:00:19,0.00141000,46.52000000
2018-02-27 05:00:20,0.00140630,71.06000000
2018-02-27 05:00:20,0.00140640,34.24000000
2018-02-27 05:00:20,0.00140630,0.03000000
2018-02-27 05:00:20,0.00140620,18.78000000
2018-02-27 05:00:21,0.00140630,13.98000000
2018-02-27 05:00:22,0.00140960,180.14000000
2018-02-27 05:00:22,0.00140700,46.02000000
2018-02-27 05:00:22,0.00140690,22.68000000
2018-02-27 05:00:22,0.00140640,7.34000000
2018-02-27 05:00:22,0.00140990,20.00000000
2018-02-27 05:00:22,0.00141000,1.50000000
2018-02-27 05:00:22,0.00140700,1.89000000
2018-02-27 05:00:23,0.00140770,71.09000000
2018-02-27 05:00:23,0.00140780,125.03000000
2018-02-27 05:00:23,0.00140970,34.24000000
2018-02-27 05:00:23,0.00140990,40.00000000
2018-02-27 05:00:23,0.00141000,45.10000000
2018-02-27 05:00:24,0.00140720,1.77000000
2018-02-27 05:00:24,0.00140710,1.77000000
2018-02-27 05:00:24,0.00140700,3.67000000
2018-02-27 05:00:24,0.00140710,33.53000000
2018-02-27 05:00:25,0.00141000,3.58000000
2018-02-27 05:00:25,0.00141000,396.60000000
2018-02-27 05:00:26,0.00140810,33.53000000
2018-02-27 05:00:26,0.00140820,123.76000000
2018-02-27 05:00:26,0.00141000,97.55000000
2018-02-27 05:00:26,0.00141000,17.00000000
2018-02-27 05:00:27,0.00140800,3.53000000
2018-02-27 05:00:27,0.00141000,384.30000000
2018-02-27 05:00:27,0.00141160,3.56000000
2018-02-27 05:00:27,0.00141190,3.55000000
2018-02-27 05:00:27,0.00141200,42.80000000
2018-02-27 05:00:27,0.00141210,66.78000000
2018-02-27 05:00:27,0.00141200,12.90000000
2018-02-27 05:00:27,0.00141230,4.15000000
2018-02-27 05:00:28,0.00140980,2.25000000
2018-02-27 05:00:28,0.00140990,7.69000000
2018-02-27 05:00:28,0.00141000,24.59000000
2018-02-27 05:00:29,0.00141240,2.85000000
2018-02-27 05:00:29,0.00141250,5.66000000
2018-02-27 05:00:29,0.00141260,7.07000000
2018-02-27 05:00:29,0.00141290,100.00000000
2018-02-27 05:00:29,0.00141310,5.65000000
2018-02-27 05:00:29,0.00141350,8.87000000
2018-02-27 05:00:29,0.00141420,20.75000000
2018-02-27 05:00:29,0.00141500,3.01000000
2018-02-27 05:00:29,0.00141500,1.20000000
2018-02-27 05:00:29,0.00141530,105.24000000
2018-02-27 05:00:29,0.00141550,80.68000000
2018-02-27 05:00:29,0.00141550,31.18000000
2018-02-27 05:00:31,0.00141530,0.88000000
2018-02-27 05:00:31,0.00141590,67.56000000
2018-02-27 05:00:31,0.00141600,103.61000000
2018-02-27 05:00:31,0.00141500,418.14000000
2018-02-27 05:00:32,0.00141500,5.19000000
2018-02-27 05:00:32,0.00141500,109.14000000
2018-02-27 05:00:32,0.00141600,6.27000000
2018-02-27 05:00:33,0.00141500,1.59000000
2018-02-27 05:00:34,0.00141510,3.61000000
2018-02-27 05:00:35,0.00141510,8.20000000
2018-02-27 05:00:36,0.00141600,6.26000000
2018-02-27 05:00:37,0.00141600,27.90000000
2018-02-27 05:00:38,0.00141510,22.50000000
2018-02-27 05:00:38,0.00141510,125.04000000
2018-02-27 05:00:39,0.00141550,71.09000000
2018-02-27 05:00:40,0.00141600,1330.41000000
2018-02-27 05:00:41,0.00141600,4.03000000
2018-02-27 05:00:41,0.00141610,0.71000000
2018-02-27 05:00:41,0.00141600,9.29000000
2018-02-27 05:00:41,0.00141610,5.65000000
2018-02-27 05:00:41,0.00141600,95.11000000
2018-02-27 05:00:41,0.00141660,2.00000000
2018-02-27 05:00:41,0.00141730,38.45000000
2018-02-27 05:00:41,0.00141800,63.01000000
2018-02-27 05:00:41,0.00141830,605.56000000
2018-02-27 05:00:42,0.00141600,0.61000000
2018-02-27 05:00:42,0.00141600,135.83000000
2018-02-27 05:00:42,0.00141600,0.89000000
2018-02-27 05:00:45,0.00141600,6.00000000
2018-02-27 05:00:46,0.00141680,2.13000000
2018-02-27 05:00:46,0.00141760,2.88000000
2018-02-27 05:00:47,0.00141660,2.65000000
2018-02-27 05:00:47,0.00141660,0.15000000
2018-02-27 05:00:47,0.00141600,2.65000000
2018-02-27 05:00:49,0.00141660,0.13000000
2018-02-27 05:00:50,0.00141600,81.15000000
2018-02-27 05:00:50,0.00141600,0.89000000
2018-02-27 05:00:50,0.00141660,2.14000000
2018-02-27 05:00:50,0.00141700,11.14000000
2018-02-27 05:00:50,0.00141760,9.31000000
2018-02-27 05:00:51,0.00141600,370.11000000
2018-02-27 05:00:52,0.00141670,0.78000000
2018-02-27 05:00:52,0.00141670,102.10000000
2018-02-27 05:00:52,0.00141660,135.94000000
2018-02-27 05:00:53,0.00141600,15.26000000
2018-02-27 05:00:53,0.00141600,175.17000000
2018-02-27 05:00:53,0.00141600,3.15000000
2018-02-27 05:00:54,0.00141600,4.12000000
2018-02-27 05:00:54,0.00141550,7.69000000
2018-02-27 05:00:55,0.00141600,3.93000000
2018-02-27 05:00:56,0.00141600,4.06000000
2018-02-27 05:00:56,0.00141660,122.79000000
2018-02-27 05:00:56,0.00141660,1.37000000
2018-02-27 05:00:56,0.00141660,58.91000000
2018-02-27 05:00:57,0.00141660,84.77000000
2018-02-27 05:00:58,0.00141550,0.89000000
2018-02-27 05:00:58,0.00141600,6.04000000
2018-02-27 05:00:58,0.00141550,206.24000000
2018-02-27 05:00:58,0.00141520,100.00000000
2018-02-27 05:00:58,0.00141510,2.09000000
2018-02-27 05:00:58,0.00141500,144.67000000
2018-02-27 05:00:59,0.00141600,44.09000000
2018-02-27 05:00:59,0.00141500,560.89000000
2018-02-27 05:00:59,0.00141500,1980.44000000
2018-02-27 05:00:59,0.00141500,1757.45000000
2018-02-27 05:00:59,0.00141320,2.41000000
2018-02-27 05:01:00,0.00141240,3.54000000
2018-02-27 05:01:00,0.00140880,7.81000000
2018-02-27 05:01:00,0.00140800,286.61000000
2018-02-27 05:01:00,0.00140790,71.02000000
2018-02-27 05:01:00,0.00140780,512.03000000
2018-02-27 05:01:00,0.00140760,2.11000000
2018-02-27 05:01:00,0.00140740,0.72000000
2018-02-27 05:01:00,0.00140700,11.20000000
2018-02-27 05:01:00,0.00140680,2.84000000
2018-02-27 05:01:00,0.00140670,2.35000000
2018-02-27 05:01:00,0.00140620,71.11000000
2018-02-27 05:01:00,0.00140540,2.44000000
2018-02-27 05:01:00,0.00140390,39.28000000
2018-02-27 05:01:00,0.00140360,3.10000000
2018-02-27 05:01:00,0.00140300,485.43000000
2018-02-27 05:01:01,0.00141210,9.52000000
2018-02-27 05:01:01,0.00141490,1.05000000
2018-02-27 05:01:02,0.00141110,1.44000000
2018-02-27 05:01:05,0.00140890,27.87000000
2018-02-27 05:01:05,0.00141100,159.35000000
2018-02-27 05:01:05,0.00141110,1.00000000
2018-02-27 05:01:05,0.00141500,23.65000000
2018-02-27 05:01:06,0.00141500,7.08000000
2018-02-27 05:01:06,0.00140920,71.74000000
2018-02-27 05:01:10,0.00140980,21.05000000
2018-02-27 05:01:10,0.00140970,40.00000000
2018-02-27 05:01:10,0.00140950,2.27000000
2018-02-27 05:01:10,0.00140910,20.00000000
2018-02-27 05:01:10,0.00140940,7.74000000
2018-02-27 05:01:11,0.00140920,1.00000000
2018-02-27 05:01:12,0.00140910,46.76000000
2018-02-27 05:01:12,0.00140900,40.00000000
2018-02-27 05:01:12,0.00140890,0.35000000
2018-02-27 05:01:12,0.00140900,22.21000000
2018-02-27 05:01:12,0.00140910,24.25000000
2018-02-27 05:01:12,0.00140930,22.27000000
2018-02-27 05:01:12,0.00140950,94.80000000
2018-02-27 05:01:13,0.00140890,1.66000000
2018-02-27 05:01:13,0.00140940,16.14000000
2018-02-27 05:01:14,0.00140850,22.65000000
2018-02-27 05:01:15,0.00140850,10.44000000
2018-02-27 05:01:15,0.00140930,38.34000000
2018-02-27 05:01:15,0.00140940,38.66000000
2018-02-27 05:01:17,0.00140900,2.80000000
2018-02-27 05:01:17,0.00140900,42.28000000
2018-02-27 05:01:17,0.00140850,39.89000000
2018-02-27 05:01:18,0.00140850,78.81000000
2018-02-27 05:01:18,0.00140820,7.10000000
2018-02-27 05:01:18,0.00140800,95.00000000
2018-02-27 05:01:18,0.00140800,113.77000000
2018-02-27 05:01:19,0.00140800,1.06000000
2018-02-27 05:01:20,0.00140790,7.74000000
2018-02-27 05:01:20,0.00140800,13.03000000
2018-02-27 05:01:21,0.00140650,10.57000000
2018-02-27 05:01:21,0.00140780,28.66000000
2018-02-27 05:01:21,0.00140790,3.54000000
2018-02-27 05:01:21,0.00140800,82.50000000
2018-02-27 05:01:22,0.00140650,50.12000000
2018-02-27 05:01:22,0.00140560,2.13000000
2018-02-27 05:01:22,0.00140510,9.52000000
2018-02-27 05:01:22,0.00140900,30.00000000
2018-02-27 05:01:24,0.00140800,6.37000000
2018-02-27 05:01:24,0.00140510,1188.59000000
2018-02-27 05:01:24,0.00140360,15.26000000
2018-02-27 05:01:24,0.00140360,3.95000000
2018-02-27 05:01:26,0.00140540,5.69000000
2018-02-27 05:01:26,0.00140500,3.46000000
2018-02-27 05:01:26,0.00140400,13.44000000
2018-02-27 05:01:27,0.00140800,4.11000000
2018-02-27 05:01:28,0.00140560,5.69000000
2018-02-27 05:01:28,0.00140420,0.57000000
2018-02-27 05:01:29,0.00140420,0.57000000
2018-02-27 05:01:29,0.00140610,200.72000000
2018-02-27 05:01:32,0.00140510,71.18000000
2018-02-27 05:01:32,0.00140500,5.53000000
2018-02-27 05:01:32,0.00140460,4.16000000
2018-02-27 05:01:32,0.00140460,4.99000000
2018-02-27 05:01:32,0.00140460,2.10000000
2018-02-27 05:01:32,0.00140460,0.91000000
2018-02-27 05:01:32,0.00140450,5.69000000
2018-02-27 05:01:32,0.00140450,14.00000000
2018-02-27 05:01:33,0.00140450,5.69000000
2018-02-27 05:01:33,0.00140450,45.80000000
2018-02-27 05:01:33,0.00140610,13.23000000
2018-02-27 05:01:33,0.00140790,1.60000000
2018-02-27 05:01:42,0.00140510,45.68000000
2018-02-27 05:01:43,0.00140510,6.97000000
2018-02-27 05:01:43,0.00140790,27.20000000
2018-02-27 05:01:44,0.00140790,1.81000000
2018-02-27 05:01:44,0.00140520,2.14000000
2018-02-27 05:01:44,0.00140500,382.88000000
2018-02-27 05:01:44,0.00140500,323.30000000
2018-02-27 05:01:45,0.00140780,4.11000000
2018-02-27 05:01:47,0.00140510,2.81000000
2018-02-27 05:01:47,0.00140500,97.19000000
2018-02-27 05:01:48,0.00140630,91.67000000
2018-02-27 05:01:50,0.00140780,79.34000000
2018-02-27 05:01:52,0.00140600,97.30000000
2018-02-27 05:01:52,0.00140500,5.46000000
2018-02-27 05:01:53,0.00140780,50.77000000
2018-02-27 05:01:53,0.00140790,840.37000000
2018-02-27 05:01:53,0.00140800,5.00000000
2018-02-27 05:01:53,0.00140910,7.10000000
2018-02-27 05:01:53,0.00140940,55.81000000
2018-02-27 05:01:54,0.00140790,1.00000000
2018-02-27 05:01:57,0.00140800,57.66000000
2018-02-27 05:01:58,0.00140800,57.16000000
2018-02-27 05:01:59,0.00140900,1.41000000
2018-02-27 05:01:59,0.00140900,59.22000000
2018-02-27 05:02:01,0.00140920,0.96000000
2018-02-27 05:02:01,0.00140800,29.74000000
2018-02-27 05:02:02,0.00140900,3.55000000
2018-02-27 05:02:03,0.00140840,211.01000000
2018-02-27 05:02:08,0.00140900,77.63000000
2018-02-27 05:02:08,0.00140930,60.00000000
2018-02-27 05:02:08,0.00140940,362.37000000
2018-02-27 05:02:08,0.00140940,80.00000000
2018-02-27 05:02:09,0.00140940,153.64000000
2018-02-27 05:02:09,0.00140970,1.93000000
2018-02-27 05:02:09,0.00141000,1132.81000000
2018-02-27 05:02:09,0.00141010,39.42000000
2018-02-27 05:02:11,0.00141050,31.49000000
2018-02-27 05:02:11,0.00141040,0.28000000
2018-02-27 05:02:12,0.00141100,12.00000000
2018-02-27 05:02:13,0.00141100,143.88000000
2018-02-27 05:02:14,0.00141400,70.91000000
2018-02-27 05:02:14,0.00141400,10.27000000
2018-02-27 05:02:15,0.00141110,11.00000000
2018-02-27 05:02:18,0.00141110,38.40000000
2018-02-27 05:02:18,0.00141110,0.78000000
2018-02-27 05:02:18,0.00141250,68.59000000
2018-02-27 05:02:18,0.00141250,33.37000000
2018-02-27 05:02:18,0.00141250,50.18000000
2018-02-27 05:02:20,0.00141400,10.28000000
2018-02-27 05:02:20,0.00141410,56.97000000
2018-02-27 05:02:20,0.00141420,32.75000000
2018-02-27 05:02:21,0.00141250,51.78000000
2018-02-27 05:02:21,0.00141100,154.41000000
2018-02-27 05:02:22,0.00141400,14.26000000
2018-02-27 05:02:22,0.00141420,242.43000000
2018-02-27 05:02:23,0.00141420,0.12000000
2018-02-27 05:02:23,0.00141500,12.92000000
2018-02-27 05:02:23,0.00141500,24.78000000
2018-02-27 05:02:23,0.00141500,49.95000000
2018-02-27 05:02:23,0.00141500,97.27000000
2018-02-27 05:02:27,0.00141300,4.94000000
2018-02-27 05:02:29,0.00141510,8.68000000
2018-02-27 05:02:30,0.00141500,72.35000000
2018-02-27 05:02:30,0.00141500,9.23000000
2018-02-27 05:02:30,0.00141510,248.01000000
2018-02-27 05:02:31,0.00141510,2.60000000
2018-02-27 05:02:31,0.00141600,126.42000000
2018-02-27 05:02:31,0.00141750,300.58000000
2018-02-27 05:02:35,0.00141600,41.87000000
2018-02-27 05:02:35,0.00141600,52.69000000
2018-02-27 05:02:35,0.00141600,20.00000000
2018-02-27 05:02:35,0.00141600,0.40000000
2018-02-27 05:02:35,0.00141600,98.44000000
2018-02-27 05:02:36,0.00141740,116.01000000
2018-02-27 05:02:37,0.00141740,82.60000000
2018-02-27 05:02:38,0.00141510,6.05000000
2018-02-27 05:02:39,0.00141620,221.29000000
2018-02-27 05:02:41,0.00141740,10.45000000
2018-02-27 05:02:42,0.00141620,3.87000000
2018-02-27 05:02:42,0.00141600,39.67000000
2018-02-27 05:02:42,0.00141700,89.54000000
2018-02-27 05:02:42,0.00141740,29.25000000
2018-02-27 05:02:42,0.00141740,135.56000000
2018-02-27 05:02:43,0.00141740,14.39000000
2018-02-27 05:02:44,0.00141560,99.38000000
2018-02-27 05:02:44,0.00141510,59.00000000
2018-02-27 05:02:44,0.00141500,52.14000000
2018-02-27 05:02:45,0.00141700,103.77000000
2018-02-27 05:02:45,0.00141700,3.56000000
2018-02-27 05:02:46,0.00141560,3.55000000
2018-02-27 05:02:46,0.00141700,128.05000000
2018-02-27 05:02:48,0.00141510,45.48000000
2018-02-27 05:02:48,0.00141500,10.04000000
2018-02-27 05:02:49,0.00141500,52.67000000
2018-02-27 05:02:54,0.00141500,2.25000000
2018-02-27 05:02:54,0.00141500,0.13000000
2018-02-27 05:02:54,0.00141500,57.89000000
2018-02-27 05:02:54,0.00141500,69.57000000
2018-02-27 05:02:54,0.00141500,63.17000000
2018-02-27 05:02:56,0.00141500,166.80000000
2018-02-27 05:02:57,0.00141500,4.01000000
2018-02-27 05:02:59,0.00141510,56.20000000
2018-02-27 05:02:59,0.00141600,10.85000000
2018-02-27 05:03:00,0.00141540,112.02000000
2018-02-27 05:03:00,0.00141600,81.10000000
2018-02-27 05:03:01,0.00141600,114.76000000
2018-02-27 05:03:01,0.00141500,150.00000000
2018-02-27 05:03:02,0.00141590,74.37000000
2018-02-27 05:03:02,0.00141600,81.58000000
2018-02-27 05:03:02,0.00141620,2.28000000
2018-02-27 05:03:02,0.00141690,3.10000000
2018-02-27 05:03:02,0.00141700,74.00000000
2018-02-27 05:03:02,0.00141730,7.25000000
2018-02-27 05:03:02,0.00141740,146.48000000
2018-02-27 05:03:02,0.00141760,105.81000000
2018-02-27 05:03:02,0.00141770,40.98000000
2018-02-27 05:03:02,0.00141790,166.17000000
2018-02-27 05:03:03,0.00141590,19.04000000
2018-02-27 05:03:03,0.00141500,1268.05000000
2018-02-27 05:03:03,0.00141790,17.21000000
2018-02-27 05:03:03,0.00141800,0.67000000
2018-02-27 05:03:04,0.00141800,19.20000000
2018-02-27 05:03:04,0.00141800,94.20000000
2018-02-27 05:03:04,0.00141830,388.48000000
2018-02-27 05:03:04,0.00141860,2.14000000
2018-02-27 05:03:04,0.00141900,110.48000000
2018-02-27 05:03:06,0.00141550,70.66000000
2018-02-27 05:03:11,0.00141610,9.63000000
2018-02-27 05:03:11,0.00141610,1.82000000
2018-02-27 05:03:11,0.00141610,0.12000000
2018-02-27 05:03:15,0.00141610,32.89000000
2018-02-27 05:03:15,0.00141610,2.00000000
2018-02-27 05:03:15,0.00141600,21.33000000
2018-02-27 05:03:15,0.00141590,10.00000000
2018-02-27 05:03:15,0.00141550,478.21000000
2018-02-27 05:03:15,0.00141500,1084.04000000
2018-02-27 05:03:15,0.00141500,395.02000000
2018-02-27 05:03:16,0.00141590,24.20000000
2018-02-27 05:03:16,0.00141600,5.55000000
2018-02-27 05:03:16,0.00141590,37.70000000
2018-02-27 05:03:17,0.00141300,17.18000000
2018-02-27 05:03:17,0.00141270,98.41000000
2018-02-27 05:03:17,0.00141260,2.10000000
2018-02-27 05:03:17,0.00141250,124.06000000
2018-02-27 05:03:19,0.00141260,43.16000000
2018-02-27 05:03:19,0.00141140,194.00000000
2018-02-27 05:03:19,0.00141130,122.00000000
2018-02-27 05:03:20,0.00141260,75.19000000
2018-02-27 05:03:21,0.00141150,3.54000000
2018-02-27 05:03:21,0.00141020,3.04000000
2018-02-27 05:03:21,0.00141020,80.00000000
2018-02-27 05:03:21,0.00141200,5.80000000
2018-02-27 05:03:21,0.00141200,6.97000000
2018-02-27 05:03:21,0.00141010,10.01000000
2018-02-27 05:03:22,0.00141190,32.66000000
2018-02-27 05:03:22,0.00141010,24.39000000
2018-02-27 05:03:22,0.00141000,90.37000000
2018-02-27 05:03:23,0.00141000,81.02000000
2018-02-27 05:03:23,0.00141020,39.67000000
2018-02-27 05:03:23,0.00141180,4.24000000
2018-02-27 05:03:23,0.00141180,46.14000000
2018-02-27 05:03:23,0.00141200,7.23000000
2018-02-27 05:03:23,0.00141260,46.63000000
2018-02-27 05:03:23,0.00141000,304.40000000
2018-02-27 05:03:24,0.00141000,1.44000000
2018-02-27 05:03:24,0.00141000,3.54000000
2018-02-27 05:03:24,0.00140900,1.59000000
2018-02-27 05:03:24,0.00140800,96.82000000
2018-02-27 05:03:25,0.00141000,22.18000000
2018-02-27 05:03:26,0.00140990,3.56000000
2018-02-27 05:03:26,0.00141000,52.62000000
2018-02-27 05:03:26,0.00141260,10.56000000
2018-02-27 05:03:26,0.00141500,127.22000000
2018-02-27 05:03:26,0.00141610,2.12000000
2018-02-27 05:03:26,0.00141620,2.84000000
2018-02-27 05:03:26,0.00141670,1.48000000
2018-02-27 05:03:26,0.00141700,18.53000000
2018-02-27 05:03:27,0.00141000,20.46000000
2018-02-27 05:03:28,0.00141000,83.57000000
2018-02-27 05:03:29,0.00140820,40.00000000
2018-02-27 05:03:29,0.00140810,17.55000000
2018-02-27 05:03:31,0.00140980,40.00000000
2018-02-27 05:03:31,0.00140990,17.55000000
2018-02-27 05:03:31,0.00141000,42.45000000
2018-02-27 05:03:32,0.00141000,5.41000000
2018-02-27 05:03:32,0.00141000,17.70000000
2018-02-27 05:03:33,0.00141000,58.63000000
2018-02-27 05:03:34,0.00140810,64.48000000
2018-02-27 05:03:34,0.00140810,43.17000000
2018-02-27 05:03:34,0.00140900,79.13000000
2018-02-27 05:03:35,0.00140880,32.24000000
2018-02-27 05:03:35,0.00140890,32.24000000
2018-02-27 05:03:35,0.00140900,43.17000000
2018-02-27 05:03:35,0.00141000,56.37000000
2018-02-27 05:03:39,0.00141000,8.38000000
2018-02-27 05:03:39,0.00140900,0.20000000
2018-02-27 05:03:40,0.00141000,1.00000000
2018-02-27 05:03:42,0.00141000,31.53000000
2018-02-27 05:03:42,0.00141000,76.63000000
2018-02-27 05:03:42,0.00141000,80.43000000
2018-02-27 05:03:43,0.00141000,470.17000000
2018-02-27 05:03:45,0.00141070,1.00000000
2018-02-27 05:03:46,0.00141090,26.73000000
2018-02-27 05:03:48,0.00141130,35.55000000
2018-02-27 05:03:48,0.00141130,7.60000000
2018-02-27 05:03:48,0.00141120,3.55000000
2018-02-27 05:03:48,0.00141000,124.65000000
2018-02-27 05:03:54,0.00141220,13.25000000
2018-02-27 05:03:54,0.00141060,29.69000000
2018-02-27 05:03:54,0.00141040,2.06000000
2018-02-27 05:03:54,0.00141000,352.61000000
2018-02-27 05:03:54,0.00141080,4.29000000
2018-02-27 05:03:55,0.00141380,63.82000000
2018-02-27 05:03:56,0.00141080,76.61000000
2018-02-27 05:03:56,0.00141000,57.00000000
2018-02-27 05:03:57,0.00141290,7.06000000
2018-02-27 05:03:57,0.00141300,21.33000000
2018-02-27 05:03:57,0.00141380,48.85000000
2018-02-27 05:03:57,0.00141070,21.15000000
2018-02-27 05:03:58,0.00141080,70.87000000
2018-02-27 05:03:58,0.00141070,39.19000000
2018-02-27 05:04:01,0.00141030,2.71000000
2018-02-27 05:04:01,0.00141020,9.78000000
2018-02-27 05:04:03,0.00141080,3.54000000
2018-02-27 05:04:04,0.00141000,221.05000000
2018-02-27 05:04:05,0.00141000,10.00000000
2018-02-27 05:04:06,0.00141000,77.99000000
2018-02-27 05:04:06,0.00141000,2.83000000
2018-02-27 05:04:06,0.00141210,1.44000000
2018-02-27 05:04:07,0.00141000,7.17000000
2018-02-27 05:04:07,0.00140990,62.07000000
2018-02-27 05:04:08,0.00140950,104.91000000
2018-02-27 05:04:08,0.00140950,9.78000000
2018-02-27 05:04:08,0.00140990,7.36000000
2018-02-27 05:04:08,0.00141000,15.64000000
2018-02-27 05:04:08,0.00141000,2.71000000
2018-02-27 05:04:09,0.00141000,2.56000000
2018-02-27 05:04:10,0.00140900,89.35000000
2018-02-27 05:04:12,0.00140900,132.24000000
2018-02-27 05:04:15,0.00140840,132.59000000
2018-02-27 05:04:15,0.00140900,1.50000000
2018-02-27 05:04:16,0.00140800,0.85000000
2018-02-27 05:04:17,0.00140800,23.31000000
2018-02-27 05:04:17,0.00140800,39.54000000
2018-02-27 05:04:17,0.00140800,8.24000000
2018-02-27 05:04:18,0.00140670,207.24000000
2018-02-27 05:04:18,0.00140670,0.40000000
2018-02-27 05:04:21,0.00140670,443.13000000
2018-02-27 05:04:23,0.00140780,3.55000000
2018-02-27 05:04:23,0.00140790,2.06000000
2018-02-27 05:04:23,0.00140800,94.39000000
2018-02-27 05:04:23,0.00140670,187.50000000
2018-02-27 05:04:24,0.00140670,2.21000000
2018-02-27 05:04:26,0.00140670,20.09000000
2018-02-27 05:04:26,0.00140670,6.00000000
2018-02-27 05:04:26,0.00140670,9.62000000
2018-02-27 05:04:27,0.00140800,440.50000000
2018-02-27 05:04:28,0.00140800,3.01000000
2018-02-27 05:04:28,0.00140670,288.06000000
2018-02-27 05:04:28,0.00140670,3.96000000
2018-02-27 05:04:29,0.00140670,25.01000000
2018-02-27 05:04:30,0.00140800,8.51000000
2018-02-27 05:04:31,0.00140730,23.54000000
2018-02-27 05:04:31,0.00140680,1.44000000
2018-02-27 05:04:34,0.00140680,5.54000000
2018-02-27 05:04:34,0.00140670,473.16000000
2018-02-27 05:04:34,0.00140660,2.13000000
2018-02-27 05:04:34,0.00140610,28.19000000
2018-02-27 05:04:39,0.00140690,31.26000000
2018-02-27 05:04:39,0.00140610,11.85000000
2018-02-27 05:04:39,0.00140610,52.79000000
2018-02-27 05:04:42,0.00140600,73.67000000
2018-02-27 05:04:42,0.00140590,7.64000000
2018-02-27 05:04:42,0.00140530,63.50000000
2018-02-27 05:04:42,0.00140610,2.14000000
2018-02-27 05:04:43,0.00140610,80.50000000
2018-02-27 05:04:43,0.00140800,29.77000000
2018-02-27 05:04:43,0.00140530,9.27000000
2018-02-27 05:04:43,0.00140520,0.78000000
2018-02-27 05:04:43,0.00140510,68.38000000
2018-02-27 05:04:43,0.00140500,486.27000000
2018-02-27 05:04:46,0.00140540,142.88000000
2018-02-27 05:04:46,0.00140500,33.07000000
2018-02-27 05:04:47,0.00140540,1.51000000
2018-02-27 05:04:47,0.00140540,75.55000000
2018-02-27 05:04:47,0.00140540,2.82000000
2018-02-27 05:04:48,0.00140540,63.00000000
2018-02-27 05:04:48,0.00140600,5.79000000
2018-02-27 05:04:48,0.00140800,611.21000000
2018-02-27 05:04:49,0.00140780,2.84000000
2018-02-27 05:04:50,0.00140690,7.26000000
2018-02-27 05:04:51,0.00140690,1.76000000
2018-02-27 05:04:52,0.00140500,7.45000000
2018-02-27 05:04:54,0.00140500,6.18000000
2018-02-27 05:04:58,0.00140500,12.33000000
2018-02-27 05:05:00,0.00140510,26.45000000
2018-02-27 05:05:03,0.00140510,61.31000000
2018-02-27 05:05:05,0.00140580,33.83000000
2018-02-27 05:05:06,0.00140520,6.19000000
2018-02-27 05:05:06,0.00140510,19.93000000
2018-02-27 05:05:06,0.00140500,35.89000000
2018-02-27 05:05:10,0.00140510,45.26000000
2018-02-27 05:05:10,0.00140500,7.36000000
2018-02-27 05:05:11,0.00140670,15.79000000
2018-02-27 05:05:12,0.00140510,12.71000000
2018-02-27 05:05:12,0.00140500,57.83000000
2018-02-27 05:05:13,0.00140500,3.15000000
2018-02-27 05:05:14,0.00140500,2.16000000
2018-02-27 05:05:16,0.00140500,126.68000000
2018-02-27 05:05:17,0.00140500,37.62000000
2018-02-27 05:05:17,0.00140510,42.30000000
2018-02-27 05:05:18,0.00140500,0.15000000
2018-02-27 05:05:18,0.00140500,60.23000000
2018-02-27 05:05:20,0.00140670,100.00000000
2018-02-27 05:05:20,0.00140500,1.32000000
2018-02-27 05:05:21,0.00140510,3.01000000
2018-02-27 05:05:21,0.00140510,309.79000000
2018-02-27 05:05:22,0.00140580,153.17000000
2018-02-27 05:05:24,0.00140670,1.50000000
2018-02-27 05:05:24,0.00140670,106.00000000
2018-02-27 05:05:24,0.00140680,34.41000000
2018-02-27 05:05:25,0.00140680,158.99000000
2018-02-27 05:05:25,0.00140680,79.55000000
2018-02-27 05:05:26,0.00140510,193.01000000
2018-02-27 05:05:26,0.00140510,101.91000000
2018-02-27 05:05:26,0.00140510,187.29000000
2018-02-27 05:05:28,0.00140660,5.76000000
2018-02-27 05:05:28,0.00140500,0.85000000
2018-02-27 05:05:29,0.00140660,44.04000000
2018-02-27 05:05:29,0.00140500,2.60000000
2018-02-27 05:05:32,0.00140520,19.00000000
2018-02-27 05:05:32,0.00140500,150.96000000
2018-02-27 05:05:33,0.00140500,130.43000000
2018-02-27 05:05:33,0.00140500,21.46000000
2018-02-27 05:05:34,0.00140450,44.12000000
2018-02-27 05:05:34,0.00140500,356.60000000
2018-02-27 05:05:34,0.00140500,91.88000000
2018-02-27 05:05:34,0.00140500,4.71000000
2018-02-27 05:05:35,0.00140500,94.57000000
2018-02-27 05:05:35,0.00140520,47.92000000
2018-02-27 05:05:36,0.00140500,28.26000000
2018-02-27 05:05:36,0.00140450,88.24000000
2018-02-27 05:05:36,0.00140420,6.40000000
2018-02-27 05:05:37,0.00140420,117.46000000
2018-02-27 05:05:37,0.00140400,583.85000000
2018-02-27 05:05:39,0.00140400,122.53000000
2018-02-27 05:05:39,0.00140310,0.38000000
2018-02-27 05:05:39,0.00140400,0.96000000
2018-02-27 05:05:40,0.00140400,0.36000000
2018-02-27 05:05:40,0.00140310,12.76000000
2018-02-27 05:05:40,0.00140300,9.87000000
2018-02-27 05:05:40,0.00140300,52.70000000
2018-02-27 05:05:40,0.00140290,3.56000000
2018-02-27 05:05:40,0.00140280,30.04000000
2018-02-27 05:05:40,0.00140250,1.78000000
2018-02-27 05:05:40,0.00140220,1.29000000
2018-02-27 05:05:40,0.00140210,4.95000000
2018-02-27 05:05:40,0.00140200,11.38000000
2018-02-27 05:05:40,0.00140190,1.51000000
2018-02-27 05:05:40,0.00140180,12.84000000
2018-02-27 05:05:40,0.00140170,14.42000000
2018-02-27 05:05:40,0.00140150,7.14000000
2018-02-27 05:05:40,0.00140100,124.00000000
2018-02-27 05:05:40,0.00140090,23.09000000
2018-02-27 05:05:40,0.00140080,67.36000000
2018-02-27 05:05:40,0.00140020,40.00000000
2018-02-27 05:05:40,0.00140010,607.36000000
2018-02-27 05:05:42,0.00140400,1.06000000
2018-02-27 05:05:44,0.00140340,4.41000000
2018-02-27 05:05:44,0.00140040,7.14000000
2018-02-27 05:05:44,0.00140010,19.42000000
2018-02-27 05:05:44,0.00140400,38.21000000
2018-02-27 05:05:45,0.00140340,9.09000000
2018-02-27 05:05:45,0.00140340,2.18000000
2018-02-27 05:05:46,0.00140190,163.23000000
2018-02-27 05:05:48,0.00140080,1.34000000
2018-02-27 05:05:50,0.00140290,1.51000000
2018-02-27 05:05:50,0.00140290,2.05000000
2018-02-27 05:05:50,0.00140100,8.34000000
2018-02-27 05:05:50,0.00140080,1.52000000
2018-02-27 05:05:51,0.00140300,6.03000000
2018-02-27 05:05:51,0.00140080,7.13000000
2018-02-27 05:05:51,0.00140050,7.13000000
2018-02-27 05:05:51,0.00140020,4.98000000
2018-02-27 05:05:51,0.00140010,165.80000000
2018-02-27 05:05:52,0.00140190,0.85000000
2018-02-27 05:05:52,0.00140010,676.47000000
2018-02-27 05:05:52,0.00140010,5.47000000
2018-02-27 05:05:52,0.00140010,5.47000000
2018-02-27 05:05:52,0.00140010,2.07000000
2018-02-27 05:05:52,0.00140010,2.06000000
2018-02-27 05:05:54,0.00140000,54.39000000
2018-02-27 05:05:54,0.00140000,3.48000000
2018-02-27 05:05:54,0.00140000,10.25000000
2018-02-27 05:05:54,0.00140000,48.79000000
2018-02-27 05:05:55,0.00140010,1.07000000
2018-02-27 05:05:56,0.00140000,68.28000000
2018-02-27 05:05:56,0.00140010,139.45000000
2018-02-27 05:05:57,0.00140000,94.75000000
2018-02-27 05:05:58,0.00140000,115.60000000
2018-02-27 05:05:58,0.00139980,3.08000000
2018-02-27 05:05:58,0.00139960,1.05000000
2018-02-27 05:05:58,0.00139930,2.69000000
2018-02-27 05:05:58,0.00139900,50.00000000
2018-02-27 05:05:58,0.00139880,2.83000000
2018-02-27 05:05:58,0.00139800,160.54000000
2018-02-27 05:05:58,0.00140000,2.07000000
2018-02-27 05:05:59,0.00140000,1.07000000
2018-02-27 05:05:59,0.00140000,36.10000000
2018-02-27 05:05:59,0.00140000,22.61000000
2018-02-27 05:06:01,0.00140000,1.07000000
2018-02-27 05:06:01,0.00139810,20.00000000
2018-02-27 05:06:01,0.00139810,20.00000000
2018-02-27 05:06:03,0.00139900,54.18000000
2018-02-27 05:06:03,0.00140000,20.41000000
2018-02-27 05:06:03,0.00139810,25.60000000
2018-02-27 05:06:05,0.00139810,2.12000000
2018-02-27 05:06:05,0.00139810,2.12000000
2018-02-27 05:06:05,0.00139810,4.01000000
2018-02-27 05:06:05,0.00139810,4.00000000
2018-02-27 05:06:05,0.00139810,2.12000000
2018-02-27 05:06:05,0.00139810,1.89000000
2018-02-27 05:06:05,0.00139800,2.10000000
2018-02-27 05:06:05,0.00139810,67.18000000
2018-02-27 05:06:06,0.00139800,79.95000000
2018-02-27 05:06:06,0.00139800,1.92000000
2018-02-27 05:06:06,0.00140000,5.01000000
2018-02-27 05:06:07,0.00139810,2.00000000
2018-02-27 05:06:09,0.00139800,121.26000000
2018-02-27 05:06:10,0.00139800,16.18000000
2018-02-27 05:06:10,0.00139810,1.52000000
2018-02-27 05:06:11,0.00139800,13.81000000
2018-02-27 05:06:11,0.00139800,102.20000000
2018-02-27 05:06:12,0.00139800,119.67000000
2018-02-27 05:06:12,0.00139800,11.47000000
2018-02-27 05:06:14,0.00139800,27.05000000
2018-02-27 05:06:15,0.00139800,1105.42000000
2018-02-27 05:06:15,0.00139790,16.96000000
2018-02-27 05:06:15,0.00139800,84.56000000
2018-02-27 05:06:17,0.00139800,100.00000000
2018-02-27 05:06:19,0.00139740,6.29000000
2018-02-27 05:06:20,0.00139740,38.68000000
2018-02-27 05:06:21,0.00139720,3.58000000
2018-02-27 05:06:21,0.00139700,5.01000000
2018-02-27 05:06:21,0.00139680,173.51000000
2018-02-27 05:06:22,0.00139670,3.56000000
2018-02-27 05:06:22,0.00139630,2.86000000
2018-02-27 05:06:22,0.00139610,2.15000000
2018-02-27 05:06:22,0.00139590,3.09000000
2018-02-27 05:06:22,0.00139570,10.11000000
2018-02-27 05:06:22,0.00139570,27.14000000
2018-02-27 05:06:22,0.00139700,1.07000000
2018-02-27 05:06:23,0.00139700,59.78000000
2018-02-27 05:06:23,0.00139700,2.00000000
2018-02-27 05:06:24,0.00139700,2.15000000
2018-02-27 05:06:25,0.00139570,34.82000000
2018-02-27 05:06:25,0.00139560,7.17000000
2018-02-27 05:06:25,0.00139500,9.09000000
2018-02-27 05:06:25,0.00139500,45.25000000
2018-02-27 05:06:25,0.00139500,97.64000000
2018-02-27 05:06:26,0.00139600,7.14000000
2018-02-27 05:06:26,0.00139600,7.15000000
2018-02-27 05:06:26,0.00139600,6.84000000
2018-02-27 05:06:27,0.00139600,0.32000000
2018-02-27 05:06:27,0.00139700,0.68000000
2018-02-27 05:06:27,0.00139580,2.51000000
2018-02-27 05:06:27,0.00139500,12.49000000
2018-02-27 05:06:27,0.00139500,116.01000000
2018-02-27 05:06:27,0.00139500,322.00000000
2018-02-27 05:06:28,0.00139500,5.43000000
2018-02-27 05:06:28,0.00139500,87.09000000
2018-02-27 05:06:29,0.00139700,2.90000000
2018-02-27 05:06:30,0.00139520,2.40000000
2018-02-27 05:06:30,0.00139500,20.99000000
2018-02-27 05:06:30,0.00139500,15.25000000
2018-02-27 05:06:30,0.00139500,15.91000000
2018-02-27 05:06:30,0.00139500,1.00000000
2018-02-27 05:06:30,0.00139500,1.00000000
2018-02-27 05:06:31,0.00139470,7.90000000
2018-02-27 05:06:31,0.00139360,2.85000000
2018-02-27 05:06:31,0.00139350,3.58000000
2018-02-27 05:06:31,0.00139300,55.17000000
2018-02-27 05:06:31,0.00139500,278.69000000
2018-02-27 05:06:32,0.00139500,1.07000000
2018-02-27 05:06:32,0.00139500,32.71000000
2018-02-27 05:06:33,0.00139500,4.68000000
2018-02-27 05:06:33,0.00139500,9.11000000
2018-02-27 05:06:33,0.00139700,6.00000000
2018-02-27 05:06:33,0.00139500,14.46000000
2018-02-27 05:06:34,0.00139500,3.00000000
2018-02-27 05:06:35,0.00139700,2.14000000
2018-02-27 05:06:35,0.00139500,248.25000000
2018-02-27 05:06:35,0.00139500,201.24000000
2018-02-27 05:06:35,0.00139500,67.95000000
2018-02-27 05:06:35,0.00139500,30.61000000
2018-02-27 05:06:37,0.00139500,20.88000000
2018-02-27 05:06:37,0.00139500,463.46000000
2018-02-27 05:06:37,0.00139300,405.83000000
2018-02-27 05:06:37,0.00139290,4.26000000
2018-02-27 05:06:37,0.00139280,7.46000000
2018-02-27 05:06:37,0.00139230,1.50000000
2018-02-27 05:06:37,0.00139200,306.54000000
2018-02-27 05:06:37,0.00139190,1.51000000
2018-02-27 05:06:37,0.00139140,7.11000000
2018-02-27 05:06:37,0.00139120,1.09000000
2018-02-27 05:06:37,0.00139110,1.51000000
2018-02-27 05:06:37,0.00139100,581.83000000
2018-02-27 05:06:37,0.00139080,13.31000000
2018-02-27 05:06:37,0.00139010,649.47000000
2018-02-27 05:06:37,0.00139000,3037.25000000
2018-02-27 05:06:37,0.00139700,3.52000000
2018-02-27 05:06:38,0.00139480,20.00000000
2018-02-27 05:06:38,0.00139490,101.23000000
2018-02-27 05:06:38,0.00139050,71.89000000
2018-02-27 05:06:38,0.00139040,29.20000000
2018-02-27 05:06:38,0.00139030,11.90000000
2018-02-27 05:06:38,0.00139020,36.86000000
2018-02-27 05:06:39,0.00139440,0.94000000
2018-02-27 05:06:39,0.00139420,14.50000000
2018-02-27 05:06:42,0.00139290,64.46000000
2018-02-27 05:06:42,0.00139200,18.30000000
2018-02-27 05:06:42,0.00139100,11.66000000
2018-02-27 05:06:43,0.00139350,2.38000000
2018-02-27 05:06:43,0.00139350,2.15000000
2018-02-27 05:06:43,0.00139100,49.13000000
2018-02-27 05:06:43,0.00139030,151.71000000
2018-02-27 05:06:43,0.00139020,5.97000000
2018-02-27 05:06:43,0.00139000,331.38000000
2018-02-27 05:06:43,0.00139310,215.47000000
2018-02-27 05:06:43,0.00139000,359.63000000
2018-02-27 05:06:43,0.00138890,2.85000000
2018-02-27 05:06:43,0.00138860,7.45000000
2018-02-27 05:06:43,0.00138830,5.36000000
2018-02-27 05:06:43,0.00138810,0.80000000
2018-02-27 05:06:43,0.00138800,38.80000000
2018-02-27 05:06:43,0.00138780,9.81000000
2018-02-27 05:06:43,0.00138760,2.68000000
2018-02-27 05:06:43,0.00138750,890.56000000
2018-02-27 05:06:43,0.00138700,60.70000000
2018-02-27 05:06:43,0.00138660,73.74000000
2018-02-27 05:06:43,0.00138640,9.28000000
2018-02-27 05:06:43,0.00138620,0.95000000
2018-02-27 05:06:43,0.00138610,355.73000000
2018-02-27 05:06:46,0.00138890,2.00000000
2018-02-27 05:06:46,0.00138860,40.00000000
2018-02-27 05:06:46,0.00138850,99.76000000
2018-02-27 05:06:47,0.00138680,6.91000000
2018-02-27 05:06:47,0.00138680,8.29000000
2018-02-27 05:06:47,0.00138680,8.30000000
2018-02-27 05:06:47,0.00138680,8.29000000
2018-02-27 05:06:47,0.00138680,8.21000000
2018-02-27 05:06:48,0.00138690,5.01000000
2018-02-27 05:06:48,0.00138610,51.89000000
2018-02-27 05:06:48,0.00138690,5.01000000
2018-02-27 05:06:49,0.00138680,3.58000000
2018-02-27 05:06:49,0.00138690,56.40000000
2018-02-27 05:06:49,0.00138700,599.17000000
2018-02-27 05:06:50,0.00139220,8.05000000
2018-02-27 05:06:50,0.00139260,11.90000000
2018-02-27 05:06:50,0.00139300,5.97000000
2018-02-27 05:06:50,0.00139400,38.01000000
2018-02-27 05:06:50,0.00139420,888.71000000
2018-02-27 05:06:51,0.00139420,1.47000000
2018-02-27 05:06:51,0.00139420,1.47000000
2018-02-27 05:06:51,0.00138770,72.09000000
2018-02-27 05:06:51,0.00138760,167.95000000
2018-02-27 05:06:51,0.00138740,38.61000000
2018-02-27 05:06:51,0.00138700,71.69000000
2018-02-27 05:06:53,0.00139060,183.80000000
2018-02-27 05:06:53,0.00139380,54.37000000
2018-02-27 05:06:53,0.00139050,72.09000000
2018-02-27 05:06:53,0.00139060,7.67000000
2018-02-27 05:06:53,0.00139060,34.65000000
2018-02-27 05:06:53,0.00139060,20.00000000
2018-02-27 05:06:53,0.00139060,49.39000000
2018-02-27 05:06:54,0.00138770,1.02000000
2018-02-27 05:06:54,0.00138760,11.94000000
2018-02-27 05:06:54,0.00138700,244.57000000
2018-02-27 05:06:54,0.00138690,9.00000000
2018-02-27 05:06:54,0.00138610,69.98000000
2018-02-27 05:06:54,0.00138580,79.39000000
2018-02-27 05:06:55,0.00138790,1.04000000
2018-02-27 05:06:55,0.00138790,1.22000000
2018-02-27 05:06:56,0.00138790,13.63000000
2018-02-27 05:06:56,0.00138540,2.40000000
2018-02-27 05:06:56,0.00138540,0.81000000
2018-02-27 05:06:57,0.00138530,10.00000000
2018-02-27 05:06:57,0.00138520,5.00000000
2018-02-27 05:06:57,0.00138530,9.12000000
2018-02-27 05:06:57,0.00138540,1.02000000
2018-02-27 05:06:57,0.00138800,9.86000000
2018-02-27 05:06:58,0.00138800,100.60000000
2018-02-27 05:07:00,0.00138790,2.02000000
2018-02-27 05:07:01,0.00138790,70.04000000
2018-02-27 05:07:01,0.00138800,10.41000000
2018-02-27 05:07:01,0.00138650,11.15000000
2018-02-27 05:07:01,0.00138800,7.77000000
2018-02-27 05:07:02,0.00138650,39.64000000
2018-02-27 05:07:02,0.00138800,127.73000000
2018-02-27 05:07:03,0.00138650,0.38000000
2018-02-27 05:07:03,0.00138650,77.68000000
2018-02-27 05:07:03,0.00138630,25.99000000
2018-02-27 05:07:03,0.00138790,1.01000000
2018-02-27 05:07:04,0.00138800,730.95000000
2018-02-27 05:07:05,0.00138800,550.94000000
2018-02-27 05:07:05,0.00138850,19.98000000
2018-02-27 05:07:05,0.00138850,20.00000000
2018-02-27 05:07:06,0.00138850,427.00000000
2018-02-27 05:07:06,0.00138800,15.20000000
2018-02-27 05:07:06,0.00138800,17.87000000
2018-02-27 05:07:07,0.00138800,23.80000000
2018-02-27 05:07:07,0.00138880,74.75000000
2018-02-27 05:07:07,0.00138980,4.32000000
2018-02-27 05:07:08,0.00138980,3.73000000
2018-02-27 05:07:08,0.00138980,1.80000000
2018-02-27 05:07:08,0.00138800,600.76000000
2018-02-27 05:07:08,0.00138790,2.16000000
2018-02-27 05:07:08,0.00138690,22.98000000
2018-02-27 05:07:08,0.00138650,116.56000000
2018-02-27 05:07:08,0.00138980,0.86000000
2018-02-27 05:07:09,0.00138980,2.73000000
2018-02-27 05:07:09,0.00138980,10.71000000
2018-02-27 05:07:10,0.00138990,1.13000000
2018-02-27 05:07:10,0.00138980,4.38000000
2018-02-27 05:07:12,0.00138800,120.39000000
2018-02-27 05:07:12,0.00138990,6.95000000
2018-02-27 05:07:12,0.00139000,10.20000000
2018-02-27 05:07:12,0.00139000,171.27000000
2018-02-27 05:07:13,0.00138800,1.89000000
2018-02-27 05:07:13,0.00138800,179.18000000
2018-02-27 05:07:14,0.00139040,5.64000000
2018-02-27 05:07:14,0.00138980,946.42000000
2018-02-27 05:07:15,0.00138800,71.15000000
2018-02-27 05:07:15,0.00138680,5.97000000
2018-02-27 05:07:15,0.00138650,4.91000000
2018-02-27 05:07:15,0.00138640,3.61000000
2018-02-27 05:07:15,0.00138510,1.67000000
2018-02-27 05:07:16,0.00138960,1.80000000
2018-02-27 05:07:16,0.00138960,4.17000000
2018-02-27 05:07:16,0.00139000,2.13000000
2018-02-27 05:07:16,0.00139000,0.86000000
2018-02-27 05:07:16,0.00138980,7.41000000
2018-02-27 05:07:16,0.00138960,14.39000000
2018-02-27 05:07:16,0.00138700,72.06000000
2018-02-27 05:07:16,0.00138690,34.43000000
2018-02-27 05:07:16,0.00138510,0.79000000
2018-02-27 05:07:17,0.00139000,3.00000000
2018-02-27 05:07:18,0.00138700,11.94000000
2018-02-27 05:07:18,0.00138670,2.35000000
2018-02-27 05:07:18,0.00138970,1.85000000
2018-02-27 05:07:18,0.00138670,33.95000000
2018-02-27 05:07:18,0.00138510,145.18000000
2018-02-27 05:07:19,0.00138970,70.21000000
2018-02-27 05:07:19,0.00138980,11.94000000
2018-02-27 05:07:19,0.00139000,212.53000000
2018-02-27 05:07:19,0.00139040,49.64000000
2018-02-27 05:07:19,0.00139300,5.43000000
2018-02-27 05:07:19,0.00139380,8.68000000
2018-02-27 05:07:20,0.00138990,0.86000000
2018-02-27 05:07:20,0.00138710,72.18000000
2018-02-27 05:07:20,0.00138700,121.13000000
2018-02-27 05:07:20,0.00138990,1.97000000
2018-02-27 05:07:20,0.00139380,44.04000000
2018-02-27 05:07:21,0.00139370,30.00000000
2018-02-27 05:07:21,0.00139000,6.00000000
2018-02-27 05:07:21,0.00139370,42.18000000
2018-02-27 05:07:21,0.00139380,76.13000000
2018-02-27 05:07:22,0.00139380,29.69000000
2018-02-27 05:07:22,0.00139400,178.86000000
2018-02-27 05:07:22,0.00139380,80.92000000
2018-02-27 05:07:22,0.00139380,614.48000000
2018-02-27 05:07:22,0.00139010,57.91000000
2018-02-27 05:07:22,0.00138720,8.91000000
2018-02-27 05:07:23,0.00138730,7.98000000
2018-02-27 05:07:23,0.00138710,5.40000000
2018-02-27 05:07:23,0.00138700,47.35000000
2018-02-27 05:07:24,0.00138780,1.81000000
2018-02-27 05:07:25,0.00138780,3.17000000
2018-02-27 05:07:26,0.00138700,1.43000000
2018-02-27 05:07:26,0.00138730,194.09000000
2018-02-27 05:07:27,0.00138770,4.61000000
2018-02-27 05:07:28,0.00138760,35.02000000
2018-02-27 05:07:28,0.00138760,0.37000000
2018-02-27 05:07:28,0.00138780,3.00000000
2018-02-27 05:07:28,0.00138790,0.90000000
2018-02-27 05:07:28,0.00138800,72.67000000
2018-02-27 05:07:28,0.00138810,3.61000000
2018-02-27 05:07:30,0.00139000,152.53000000
2018-02-27 05:07:30,0.00138980,1.32000000
2018-02-27 05:07:31,0.00138970,2.08000000
2018-02-27 05:07:31,0.00138970,1.53000000
2018-02-27 05:07:31,0.00138980,6.69000000
2018-02-27 05:07:31,0.00139000,9.69000000
2018-02-27 05:07:32,0.00139000,7.19000000
2018-02-27 05:07:34,0.00138970,1.51000000
2018-02-27 05:07:34,0.00139000,28.44000000
2018-02-27 05:07:34,0.00139100,89.42000000
2018-02-27 05:07:34,0.00139000,2.46000000
2018-02-27 05:07:36,0.00139100,16.40000000
2018-02-27 05:07:36,0.00139100,3.92000000
2018-02-27 05:07:37,0.00139100,17.99000000
2018-02-27 05:07:37,0.00139290,17.91000000
2018-02-27 05:07:37,0.00139300,38.94000000
2018-02-27 05:07:38,0.00139010,9.93000000
2018-02-27 05:07:38,0.00139010,4.01000000
2018-02-27 05:07:38,0.00139300,1.73000000
2018-02-27 05:07:39,0.00139010,1.00000000
2018-02-27 05:07:40,0.00139010,47.48000000
2018-02-27 05:07:40,0.00139010,9.50000000
2018-02-27 05:07:41,0.00139000,40.56000000
2018-02-27 05:07:41,0.00139010,0.01000000
2018-02-27 05:07:42,0.00139010,26.23000000
2018-02-27 05:07:42,0.00139010,31.46000000
2018-02-27 05:07:44,0.00139010,0.03000000
2018-02-27 05:07:45,0.00139240,0.81000000
2018-02-27 05:07:45,0.00139240,33.88000000
2018-02-27 05:07:46,0.00139120,85.04000000
2018-02-27 05:07:48,0.00139010,49.95000000
2018-02-27 05:07:49,0.00139010,0.95000000
2018-02-27 05:07:51,0.00139200,2.86000000
2018-02-27 05:07:52,0.00139200,35.57000000
2018-02-27 05:07:52,0.00139240,14.19000000
2018-02-27 05:07:54,0.00139010,373.98000000
2018-02-27 05:07:54,0.00139000,152.12000000
2018-02-27 05:07:55,0.00139000,23.04000000
2018-02-27 05:07:56,0.00139010,49.30000000
2018-02-27 05:07:57,0.00139050,384.72000000
2018-02-27 05:07:58,0.00139050,263.24000000
2018-02-27 05:07:58,0.00139240,47.49000000
2018-02-27 05:07:58,0.00139300,641.93000000
2018-02-27 05:07:58,0.00139050,139.71000000
2018-02-27 05:07:58,0.00139020,8.11000000
2018-02-27 05:07:58,0.00139010,10.03000000
2018-02-27 05:07:58,0.00139000,206.10000000
2018-02-27 05:07:58,0.00138970,18.99000000
2018-02-27 05:07:58,0.00138900,97.56000000
2018-02-27 05:07:58,0.00138800,62.48000000
2018-02-27 05:07:58,0.00138780,57.65000000
2018-02-27 05:07:59,0.00138830,72.01000000
2018-02-27 05:07:59,0.00138820,35.01000000
2018-02-27 05:07:59,0.00138800,12.76000000
2018-02-27 05:08:00,0.00138980,12.76000000
2018-02-27 05:08:00,0.00138990,72.01000000
2018-02-27 05:08:00,0.00139000,172.18000000
2018-02-27 05:08:01,0.00138980,35.01000000
2018-02-27 05:08:03,0.00139010,111.14000000
2018-02-27 05:08:04,0.00138840,19.98000000
2018-02-27 05:08:05,0.00138990,19.98000000
2018-02-27 05:08:05,0.00139000,204.55000000
2018-02-27 05:08:05,0.00139000,151.45000000
2018-02-27 05:08:06,0.00138870,7.50000000
2018-02-27 05:08:06,0.00138840,84.30000000
2018-02-27 05:08:06,0.00139010,37.53000000
2018-02-27 05:08:07,0.00138910,204.38000000
2018-02-27 05:08:07,0.00139010,33.11000000
2018-02-27 05:08:10,0.00139010,145.00000000
2018-02-27 05:08:11,0.00138910,143.85000000
2018-02-27 05:08:12,0.00138910,55.00000000
2018-02-27 05:08:16,0.00138990,3.59000000
2018-02-27 05:08:16,0.00139000,76.80000000
2018-02-27 05:08:18,0.00139000,355.15000000
2018-02-27 05:08:20,0.00139000,213.05000000
2018-02-27 05:08:20,0.00139010,221.11000000
2018-02-27 05:08:22,0.00139060,95.33000000
2018-02-27 05:08:23,0.00139010,39.06000000
2018-02-27 05:08:26,0.00139010,2.21000000
2018-02-27 05:08:27,0.00139120,14.00000000
2018-02-27 05:08:29,0.00139120,30.62000000
2018-02-27 05:08:32,0.00139230,2.40000000
2018-02-27 05:08:32,0.00139240,68.64000000
2018-02-27 05:08:33,0.00139240,4.41000000
2018-02-27 05:08:33,0.00139250,100.00000000
2018-02-27 05:08:35,0.00139400,612.66000000
2018-02-27 05:08:35,0.00139420,315.30000000
2018-02-27 05:08:35,0.00139250,15.71000000
2018-02-27 05:08:35,0.00139240,299.81000000
2018-02-27 05:08:35,0.00139240,88.54000000
2018-02-27 05:08:36,0.00139400,51.47000000
2018-02-27 05:08:36,0.00139420,80.17000000
2018-02-27 05:08:36,0.00139420,8.26000000
2018-02-27 05:08:36,0.00139400,79.00000000
2018-02-27 05:08:38,0.00139420,105.65000000
2018-02-27 05:08:38,0.00139420,47.81000000
2018-02-27 05:08:38,0.00139420,2.51000000
2018-02-27 05:08:38,0.00139410,14.35000000
2018-02-27 05:08:39,0.00139410,200.08000000
2018-02-27 05:08:39,0.00139410,14.35000000
2018-02-27 05:08:39,0.00139400,4.65000000
2018-02-27 05:08:39,0.00139420,51.59000000
2018-02-27 05:08:40,0.00139420,39.99000000
2018-02-27 05:08:40,0.00139420,7.05000000
2018-02-27 05:08:40,0.00139420,1.79000000
2018-02-27 05:08:40,0.00139300,20.00000000
2018-02-27 05:08:40,0.00139420,151.66000000
2018-02-27 05:08:40,0.00139420,72.71000000
2018-02-27 05:08:41,0.00139420,224.82000000
2018-02-27 05:08:41,0.00139420,105.61000000
2018-02-27 05:08:41,0.00139500,93.87000000
2018-02-27 05:08:42,0.00139780,2.35000000
2018-02-27 05:08:43,0.00139510,1.30000000
2018-02-27 05:08:43,0.00139510,1.82000000
2018-02-27 05:08:43,0.00139510,2.02000000
2018-02-27 05:08:44,0.00139780,76.10000000
2018-02-27 05:08:44,0.00139800,12.49000000
2018-02-27 05:08:44,0.00139810,0.95000000
2018-02-27 05:08:44,0.00139990,336.99000000
2018-02-27 05:08:46,0.00139900,105.27000000
2018-02-27 05:08:46,0.00139900,22.84000000
2018-02-27 05:08:46,0.00139900,439.19000000
2018-02-27 05:08:48,0.00139890,5.14000000
2018-02-27 05:08:48,0.00139900,58.52000000
2018-02-27 05:08:48,0.00139990,47.48000000
2018-02-27 05:08:49,0.00139990,26.39000000
2018-02-27 05:08:49,0.00139800,4.65000000
2018-02-27 05:08:49,0.00139990,37.27000000
2018-02-27 05:08:49,0.00139990,1.00000000
2018-02-27 05:08:49,0.00140000,51.98000000
2018-02-27 05:08:49,0.00140050,38.64000000
2018-02-27 05:08:49,0.00140290,2.14000000
2018-02-27 05:08:49,0.00140330,111.86000000
2018-02-27 05:08:49,0.00140000,3.56000000
2018-02-27 05:08:50,0.00140000,1.92000000
2018-02-27 05:08:50,0.00140160,105.39000000
2018-02-27 05:08:50,0.00139990,69.96000000
2018-02-27 05:08:50,0.00140000,5.97000000
2018-02-27 05:08:50,0.00140000,0.12000000
2018-02-27 05:08:51,0.00139990,1.62000000
2018-02-27 05:08:51,0.00139990,1.62000000
2018-02-27 05:08:51,0.00139990,2.24000000
2018-02-27 05:08:51,0.00140010,71.38000000
2018-02-27 05:08:51,0.00140000,9.70000000
2018-02-27 05:08:51,0.00139970,3.60000000
2018-02-27 05:08:51,0.00139810,1.34000000
2018-02-27 05:08:52,0.00140280,5.97000000
2018-02-27 05:08:52,0.00140300,13.72000000
2018-02-27 05:08:52,0.00140280,5.97000000
2018-02-27 05:08:52,0.00140300,0.61000000
2018-02-27 05:08:54,0.00139990,1.63000000
2018-02-27 05:08:55,0.00139990,23.54000000
2018-02-27 05:08:55,0.00139820,2.76000000
2018-02-27 05:08:55,0.00139820,2.40000000
2018-02-27 05:08:56,0.00139990,0.41000000
2018-02-27 05:08:56,0.00139990,31.47000000
2018-02-27 05:08:56,0.00140000,25.76000000
2018-02-27 05:08:56,0.00140210,5.65000000
2018-02-27 05:08:56,0.00140210,1.30000000
2018-02-27 05:08:56,0.00140210,7.11000000
2018-02-27 05:08:56,0.00140210,7.11000000
2018-02-27 05:08:56,0.00140210,7.11000000
2018-02-27 05:08:56,0.00140210,7.11000000
2018-02-27 05:08:56,0.00140210,7.11000000
2018-02-27 05:08:56,0.00140210,12.80000000
2018-02-27 05:08:56,0.00140210,7.11000000
2018-02-27 05:08:57,0.00140210,7.11000000
2018-02-27 05:08:57,0.00140210,3.90000000
2018-02-27 05:08:57,0.00140210,7.11000000
2018-02-27 05:08:57,0.00140210,7.11000000
2018-02-27 05:08:57,0.00140210,7.11000000
2018-02-27 05:08:57,0.00140210,10.90000000
2018-02-27 05:08:57,0.00140220,555.91000000
2018-02-27 05:08:57,0.00140210,27.02000000
2018-02-27 05:08:57,0.00139990,3.56000000
2018-02-27 05:08:58,0.00140280,5.97000000
2018-02-27 05:08:58,0.00140230,188.09000000
2018-02-27 05:08:59,0.00140220,7.11000000
2018-02-27 05:08:59,0.00140220,60.84000000
2018-02-27 05:08:59,0.00140220,130.92000000
2018-02-27 05:09:00,0.00140000,3.13000000
2018-02-27 05:09:00,0.00139990,3.13000000
2018-02-27 05:09:00,0.00140010,3.13000000
2018-02-27 05:09:00,0.00140010,2.84000000
2018-02-27 05:09:00,0.00140010,3.13000000
2018-02-27 05:09:00,0.00140010,2.84000000
2018-02-27 05:09:00,0.00139990,0.29000000
2018-02-27 05:09:00,0.00139990,3.13000000
2018-02-27 05:09:01,0.00139990,3.13000000
2018-02-27 05:09:01,0.00139990,3.13000000
2018-02-27 05:09:01,0.00139990,3.13000000
2018-02-27 05:09:01,0.00139990,2.95000000
2018-02-27 05:09:02,0.00140210,0.35000000
2018-02-27 05:09:03,0.00140000,22.84000000
2018-02-27 05:09:03,0.00140000,45.96000000
2018-02-27 05:09:04,0.00140170,2.78000000
2018-02-27 05:09:04,0.00140180,12.96000000
2018-02-27 05:09:04,0.00140080,224.72000000
2018-02-27 05:09:05,0.00140000,28.21000000
2018-02-27 05:09:05,0.00140000,2.85000000
2018-02-27 05:09:06,0.00140000,29.87000000
2018-02-27 05:09:06,0.00140000,6.72000000
2018-02-27 05:09:07,0.00139990,0.86000000
2018-02-27 05:09:08,0.00139980,50.00000000
2018-02-27 05:09:09,0.00139980,78.00000000
2018-02-27 05:09:09,0.00139980,43.66000000
2018-02-27 05:09:09,0.00139990,2.74000000
2018-02-27 05:09:09,0.00140000,157.80000000
2018-02-27 05:09:09,0.00140080,24.99000000
2018-02-27 05:09:09,0.00140150,20.81000000
2018-02-27 05:09:10,0.00140150,115.53000000
2018-02-27 05:09:13,0.00140000,5.80000000
2018-02-27 05:09:13,0.00140000,104.00000000
2018-02-27 05:09:13,0.00139990,1.10000000
2018-02-27 05:09:15,0.00140000,71.76000000
2018-02-27 05:09:16,0.00139990,43.89000000
2018-02-27 05:09:16,0.00139990,12.35000000
2018-02-27 05:09:17,0.00139980,10.68000000
2018-02-27 05:09:17,0.00139980,1.83000000
2018-02-27 05:09:17,0.00139990,24.15000000
2018-02-27 05:09:18,0.00139990,48.64000000
2018-02-27 05:09:19,0.00139990,72.71000000
2018-02-27 05:09:19,0.00139990,254.92000000
2018-02-27 05:09:19,0.00139990,3.14000000
2018-02-27 05:09:19,0.00139980,13.81000000
2018-02-27 05:09:20,0.00140000,10.00000000
2018-02-27 05:09:20,0.00140000,5.00000000
2018-02-27 05:09:20,0.00139990,10.71000000
2018-02-27 05:09:22,0.00139900,115.67000000
2018-02-27 05:09:24,0.00139830,8.15000000
2018-02-27 05:09:26,0.00139830,6.91000000
2018-02-27 05:09:26,0.00139820,0.81000000
2018-02-27 05:09:26,0.00139800,6.12000000
2018-02-27 05:09:26,0.00139640,3.58000000
2018-02-27 05:09:26,0.00139550,80.37000000
2018-02-27 05:09:27,0.00139560,71.61000000
2018-02-27 05:09:27,0.00139550,377.29000000
2018-02-27 05:09:27,0.00139550,108.23000000
2018-02-27 05:09:30,0.00139820,71.61000000
2018-02-27 05:09:30,0.00139830,2.07000000
2018-02-27 05:09:30,0.00139890,2.15000000
2018-02-27 05:09:30,0.00139900,283.00000000
2018-02-27 05:09:30,0.00140000,766.07000000
2018-02-27 05:09:31,0.00140000,1.03000000
2018-02-27 05:09:32,0.00139600,71.61000000
2018-02-27 05:09:32,0.00139590,1.40000000
2018-02-27 05:09:32,0.00139560,48.33000000
2018-02-27 05:09:32,0.00140000,12.12000000
2018-02-27 05:09:33,0.00139990,20.00000000
2018-02-27 05:09:38,0.00139930,51.61000000
2018-02-27 05:09:38,0.00139940,3.58000000
2018-02-27 05:09:38,0.00139980,49.73000000
2018-02-27 05:09:38,0.00140000,1149.84000000
2018-02-27 05:09:38,0.00140000,328.73000000
2018-02-27 05:09:38,0.00139980,6.62000000
2018-02-27 05:09:39,0.00139900,2.18000000
2018-02-27 05:09:43,0.00139900,20.14000000
2018-02-27 05:09:46,0.00139630,0.05000000
2018-02-27 05:09:51,0.00139890,19.25000000
2018-02-27 05:09:51,0.00139900,96.25000000
2018-02-27 05:09:54,0.00139990,125.96000000
2018-02-27 05:09:56,0.00139980,126.98000000
2018-02-27 05:09:58,0.00140000,186.28000000
2018-02-27 05:10:02,0.00140000,27.33000000
2018-02-27 05:10:06,0.00139990,15.73000000
2018-02-27 05:10:06,0.00140000,82.25000000
2018-02-27 05:10:09,0.00140000,52.72000000
2018-02-27 05:10:09,0.00140040,19.52000000
2018-02-27 05:10:09,0.00140100,7.78000000
2018-02-27 05:10:12,0.00140000,25.00000000
2018-02-27 05:10:12,0.00139990,50.17000000
2018-02-27 05:10:13,0.00140090,0.98000000
2018-02-27 05:10:16,0.00140090,1.01000000
2018-02-27 05:10:16,0.00140090,13.03000000
2018-02-27 05:10:16,0.00140100,144.29000000
2018-02-27 05:10:20,0.00140100,1338.11000000
2018-02-27 05:10:20,0.00140140,303.13000000
2018-02-27 05:10:20,0.00140150,5.00000000
2018-02-27 05:10:21,0.00140290,61.10000000
2018-02-27 05:10:24,0.00140150,4.00000000
2018-02-27 05:10:24,0.00140290,1.00000000
2018-02-27 05:10:24,0.00140290,149.84000000
2018-02-27 05:10:24,0.00140300,54.20000000
2018-02-27 05:10:24,0.00140300,40.70000000
2018-02-27 05:10:25,0.00140370,15.50000000
2018-02-27 05:10:25,0.00140380,7.25000000
2018-02-27 05:10:26,0.00140200,2.47000000
2018-02-27 05:10:26,0.00140290,16.71000000
2018-02-27 05:10:26,0.00140290,16.72000000
2018-02-27 05:10:26,0.00140290,7.12000000
2018-02-27 05:10:26,0.00140290,7.12000000
2018-02-27 05:10:26,0.00140290,7.12000000
2018-02-27 05:10:26,0.00140290,7.12000000
2018-02-27 05:10:26,0.00140290,7.12000000
2018-02-27 05:10:26,0.00140290,7.11000000
2018-02-27 05:10:27,0.00140290,7.12000000
2018-02-27 05:10:27,0.00140290,7.11000000
2018-02-27 05:10:27,0.00140290,7.12000000
2018-02-27 05:10:27,0.00140290,7.12000000
2018-02-27 05:10:27,0.00140290,1.70000000
2018-02-27 05:10:27,0.00140330,136.25000000
2018-02-27 05:10:27,0.00140380,13.71000000
2018-02-27 05:10:27,0.00140390,22.76000000
2018-02-27 05:10:27,0.00140390,0.94000000
2018-02-27 05:10:27,0.00140290,0.94000000
2018-02-27 05:10:30,0.00140440,5.43000000
2018-02-27 05:10:30,0.00140470,2.86000000
2018-02-27 05:10:30,0.00140500,1.71000000
2018-02-27 05:10:30,0.00140500,24.34000000
2018-02-27 05:10:30,0.00140540,7.17000000
2018-02-27 05:10:30,0.00140550,95.50000000
2018-02-27 05:10:33,0.00140290,3.75000000
2018-02-27 05:10:33,0.00140490,25.81000000
2018-02-27 05:10:33,0.00140500,74.19000000
2018-02-27 05:10:35,0.00140290,1.23000000
2018-02-27 05:10:36,0.00140490,18.36000000
2018-02-27 05:10:36,0.00140500,313.43000000
2018-02-27 05:10:37,0.00140500,7.28000000
2018-02-27 05:10:39,0.00140490,49.40000000
2018-02-27 05:10:39,0.00140380,58.33000000
2018-02-27 05:10:39,0.00140380,11.67000000
2018-02-27 05:10:40,0.00140380,1.13000000
2018-02-27 05:10:40,0.00140490,12.67000000
2018-02-27 05:10:40,0.00140490,104.77000000
2018-02-27 05:10:40,0.00140490,30.15000000
2018-02-27 05:10:40,0.00140290,30.14000000
2018-02-27 05:10:41,0.00140380,7.86000000
2018-02-27 05:10:41,0.00140490,20.18000000
2018-02-27 05:10:42,0.00140290,60.16000000
2018-02-27 05:10:43,0.00140290,0.06000000
2018-02-27 05:10:43,0.00140290,2.00000000
2018-02-27 05:10:43,0.00140290,78.29000000
2018-02-27 05:10:45,0.00140290,0.37000000
2018-02-27 05:10:47,0.00140230,24.27000000
2018-02-27 05:10:47,0.00140210,2.00000000
2018-02-27 05:10:47,0.00140200,17.53000000
2018-02-27 05:10:47,0.00140150,172.50000000
2018-02-27 05:10:47,0.00140100,3.00000000
2018-02-27 05:10:47,0.00140000,221.72000000
2018-02-27 05:10:47,0.00139990,467.90000000
2018-02-27 05:10:47,0.00139930,3.58000000
2018-02-27 05:10:48,0.00139960,27.20000000
2018-02-27 05:10:48,0.00140210,5.00000000
2018-02-27 05:10:49,0.00140280,20.00000000
2018-02-27 05:10:49,0.00140290,1.70000000
2018-02-27 05:10:49,0.00140290,71.54000000
2018-02-27 05:10:49,0.00140380,57.60000000
2018-02-27 05:10:49,0.00140450,42.40000000
2018-02-27 05:10:49,0.00140290,85.08000000
2018-02-27 05:10:49,0.00140290,22.75000000
2018-02-27 05:10:49,0.00140290,112.24000000
2018-02-27 05:10:49,0.00140000,75.90000000
2018-02-27 05:10:50,0.00140290,11.93000000
2018-02-27 05:10:52,0.00140200,91.51000000
2018-02-27 05:10:52,0.00139780,24.36000000
2018-02-27 05:10:52,0.00139780,23.75000000
2018-02-27 05:10:52,0.00139760,2.71000000
2018-02-27 05:10:52,0.00139750,23.63000000
2018-02-27 05:10:52,0.00139740,58.01000000
2018-02-27 05:10:52,0.00140030,17.91000000
2018-02-27 05:10:52,0.00140200,291.76000000
2018-02-27 05:10:55,0.00139810,18.05000000
2018-02-27 05:10:56,0.00139810,11.94000000
2018-02-27 05:10:56,0.00139780,5.97000000
2018-02-27 05:10:57,0.00139690,8.22000000
2018-02-27 05:10:57,0.00139630,2.15000000
2018-02-27 05:10:57,0.00139610,4.00000000
2018-02-27 05:10:57,0.00139600,87.85000000
2018-02-27 05:10:58,0.00139600,4.51000000
2018-02-27 05:10:58,0.00139690,2.11000000
2018-02-27 05:10:58,0.00139670,2.11000000
2018-02-27 05:10:58,0.00139670,15.94000000
2018-02-27 05:10:58,0.00139680,5.73000000
2018-02-27 05:10:58,0.00139690,9.67000000
2018-02-27 05:10:58,0.00139800,29.78000000
2018-02-27 05:10:59,0.00139800,5.01000000
2018-02-27 05:10:59,0.00139600,2.09000000
2018-02-27 05:10:59,0.00139600,1.13000000
2018-02-27 05:10:59,0.00139800,5.01000000
2018-02-27 05:10:59,0.00139800,5.01000000
2018-02-27 05:11:00,0.00139800,5.01000000
2018-02-27 05:11:00,0.00139800,5.01000000
2018-02-27 05:11:00,0.00139600,0.28000000
2018-02-27 05:11:00,0.00139600,529.44000000
2018-02-27 05:11:00,0.00139590,7.80000000
2018-02-27 05:11:00,0.00139560,2.11000000
2018-02-27 05:11:00,0.00139550,57.53000000
2018-02-27 05:11:01,0.00139800,5.01000000
2018-02-27 05:11:01,0.00139590,7.99000000
2018-02-27 05:11:01,0.00139800,7.97000000
2018-02-27 05:11:02,0.00139550,0.07000000
2018-02-27 05:11:03,0.00139600,25.12000000
2018-02-27 05:11:03,0.00139570,146.54000000
2018-02-27 05:11:03,0.00139550,0.02000000
2018-02-27 05:11:04,0.00139600,32.89000000
2018-02-27 05:11:05,0.00139610,18.38000000
2018-02-27 05:11:05,0.00139630,80.02000000
2018-02-27 05:11:08,0.00139600,1.07000000
2018-02-27 05:11:08,0.00139600,49.16000000
2018-02-27 05:11:09,0.00139600,69.92000000
2018-02-27 05:11:09,0.00139550,148.06000000
2018-02-27 05:11:09,0.00139530,538.51000000
2018-02-27 05:11:10,0.00139530,28.12000000
2018-02-27 05:11:10,0.00139520,327.03000000
2018-02-27 05:11:11,0.00139570,3.58000000
2018-02-27 05:11:11,0.00139530,26.56000000
2018-02-27 05:11:12,0.00139520,28.01000000
2018-02-27 05:11:13,0.00139520,57.83000000
2018-02-27 05:11:14,0.00139520,851.50000000
2018-02-27 05:11:14,0.00139450,3.58000000
2018-02-27 05:11:14,0.00139320,2.87000000
2018-02-27 05:11:14,0.00139250,15.77000000
2018-02-27 05:11:15,0.00139330,2.72000000
2018-02-27 05:11:15,0.00139250,6.38000000
2018-02-27 05:11:15,0.00139240,83.71000000
2018-02-27 05:11:15,0.00139200,82.21000000
2018-02-27 05:11:15,0.00139100,31.80000000
2018-02-27 05:11:16,0.00139110,71.85000000
2018-02-27 05:11:16,0.00139100,84.10000000
2018-02-27 05:11:17,0.00139120,38.88000000
2018-02-27 05:11:18,0.00139440,0.72000000
2018-02-27 05:11:20,0.00139130,3.44000000
2018-02-27 05:11:20,0.00139100,348.10000000
2018-02-27 05:11:20,0.00139100,41.36000000
2018-02-27 05:11:20,0.00139100,2.41000000
2018-02-27 05:11:20,0.00139100,125.13000000
2018-02-27 05:11:20,0.00139090,3.59000000
2018-02-27 05:11:20,0.00139050,37.26000000
2018-02-27 05:11:20,0.00139070,67.54000000
2018-02-27 05:11:20,0.00139080,3.58000000
2018-02-27 05:11:20,0.00139100,394.56000000
2018-02-27 05:11:20,0.00139100,37.26000000
2018-02-27 05:11:25,0.00139110,67.54000000
2018-02-27 05:11:25,0.00139110,4.35000000
2018-02-27 05:11:25,0.00139100,478.31000000
2018-02-27 05:11:28,0.00139380,67.98000000
2018-02-27 05:11:28,0.00139120,3.59000000
2018-02-27 05:11:28,0.00139110,86.03000000
2018-02-27 05:11:30,0.00139340,3.91000000
2018-02-27 05:11:30,0.00139350,46.99000000
2018-02-27 05:11:30,0.00139390,4.10000000
2018-02-27 05:11:31,0.00139110,84.86000000
2018-02-27 05:11:31,0.00139100,3.57000000
2018-02-27 05:11:31,0.00139050,37.26000000
2018-02-27 05:11:31,0.00139030,212.93000000
2018-02-27 05:11:31,0.00139010,468.98000000
2018-02-27 05:11:31,0.00139380,10.54000000
2018-02-27 05:11:33,0.00139380,2.86000000
2018-02-27 05:11:34,0.00139300,0.72000000
2018-02-27 05:11:35,0.00139300,26.63000000
2018-02-27 05:11:36,0.00139060,0.82000000
2018-02-27 05:11:36,0.00139010,78.10000000
2018-02-27 05:11:38,0.00139200,6.48000000
2018-02-27 05:11:39,0.00139200,28.03000000
2018-02-27 05:11:41,0.00139130,84.08000000
2018-02-27 05:11:41,0.00139080,3.63000000
2018-02-27 05:11:42,0.00139050,3.59000000
2018-02-27 05:11:42,0.00139060,11.36000000
2018-02-27 05:11:45,0.00139020,20.94000000
2018-02-27 05:11:45,0.00139010,84.58000000
2018-02-27 05:11:45,0.00139000,194.48000000
2018-02-27 05:11:45,0.00139000,143.29000000
2018-02-27 05:11:46,0.00139000,142.37000000
2018-02-27 05:11:47,0.00139000,30.45000000
2018-02-27 05:11:48,0.00139190,80.11000000
2018-02-27 05:11:48,0.00139200,182.37000000
2018-02-27 05:11:48,0.00139200,160.61000000
2018-02-27 05:11:48,0.00139040,71.92000000
2018-02-27 05:11:48,0.00139030,1.08000000
2018-02-27 05:11:48,0.00139000,331.60000000
2018-02-27 05:11:49,0.00139010,2.55000000
2018-02-27 05:11:49,0.00139010,0.37000000
2018-02-27 05:11:50,0.00139040,3.76000000
2018-02-27 05:11:50,0.00139040,228.76000000
2018-02-27 05:11:51,0.00139330,0.72000000
2018-02-27 05:11:51,0.00139040,51.54000000
2018-02-27 05:11:52,0.00139010,40.00000000
2018-02-27 05:11:52,0.00139000,275.14000000
2018-02-27 05:11:53,0.00139150,198.09000000
2018-02-27 05:11:53,0.00139010,74.00000000
2018-02-27 05:11:54,0.00139140,45.51000000
2018-02-27 05:11:55,0.00139010,137.47000000
2018-02-27 05:11:55,0.00139000,38.86000000
2018-02-27 05:11:55,0.00139120,22.01000000
2018-02-27 05:11:55,0.00139120,4.40000000
2018-02-27 05:12:00,0.00139120,11.60000000
2018-02-27 05:12:02,0.00139090,1.07000000
2018-02-27 05:12:02,0.00139090,38.93000000
2018-02-27 05:12:02,0.00139100,37.26000000
2018-02-27 05:12:02,0.00139120,271.98000000
2018-02-27 05:12:02,0.00139340,1.42000000
2018-02-27 05:12:03,0.00139020,5.01000000
2018-02-27 05:12:03,0.00139020,134.79000000
2018-02-27 05:12:04,0.00139340,0.78000000
2018-02-27 05:12:04,0.00139380,4.23000000
2018-02-27 05:12:04,0.00139010,71.93000000
2018-02-27 05:12:04,0.00139000,7.04000000
2018-02-27 05:12:05,0.00139280,93.91000000
2018-02-27 05:12:07,0.00139370,0.72000000
2018-02-27 05:12:10,0.00139200,21.52000000
2018-02-27 05:12:10,0.00139020,71.21000000
2018-02-27 05:12:10,0.00139030,19.07000000
2018-02-27 05:12:13,0.00139150,10.99000000
2018-02-27 05:12:14,0.00139160,120.00000000
2018-02-27 05:12:18,0.00139370,1.79000000
2018-02-27 05:12:19,0.00139260,207.92000000
2018-02-27 05:12:19,0.00139160,10.00000000
2018-02-27 05:12:19,0.00139160,13.00000000
2018-02-27 05:12:19,0.00139150,126.81000000
2018-02-27 05:12:20,0.00139150,198.17000000
2018-02-27 05:12:23,0.00139140,37.13000000
2018-02-27 05:12:24,0.00139140,68.14000000
2018-02-27 05:12:27,0.00139110,9.78000000
2018-02-27 05:12:27,0.00139100,200.22000000
2018-02-27 05:12:29,0.00139130,8.74000000
2018-02-27 05:12:29,0.00139150,36.02000000
2018-02-27 05:12:31,0.00139100,101.16000000
2018-02-27 05:12:31,0.00139030,29.71000000
2018-02-27 05:12:33,0.00139120,103.74000000
2018-02-27 05:12:33,0.00139150,1.58000000
2018-02-27 05:12:37,0.00139110,5.92000000
2018-02-27 05:12:37,0.00139140,37.72000000
2018-02-27 05:12:40,0.00139150,541.78000000
2018-02-27 05:12:45,0.00139140,9.90000000
2018-02-27 05:12:45,0.00139110,149.31000000
2018-02-27 05:12:47,0.00139150,1.30000000
2018-02-27 05:12:48,0.00139150,100.00000000
2018-02-27 05:12:48,0.00139150,45.26000000
2018-02-27 05:12:48,0.00139330,1.00000000
2018-02-27 05:12:49,0.00139230,217.75000000
2018-02-27 05:12:51,0.00139160,12.01000000
2018-02-27 05:12:51,0.00139150,417.99000000
2018-02-27 05:12:52,0.00139330,0.36000000
2018-02-27 05:12:57,0.00139150,4.14000000
2018-02-27 05:13:00,0.00139220,113.35000000
2018-02-27 05:13:01,0.00139300,6.20000000
2018-02-27 05:13:01,0.00139310,2.71000000
2018-02-27 05:13:01,0.00139320,111.08000000
2018-02-27 05:13:01,0.00139320,26.35000000
2018-02-27 05:13:01,0.00139320,18.06000000
2018-02-27 05:13:02,0.00139320,12.15000000
2018-02-27 05:13:02,0.00139320,13.45000000
2018-02-27 05:13:02,0.00139150,65.52000000
2018-02-27 05:13:03,0.00139330,41.67000000
2018-02-27 05:13:03,0.00139340,14.99000000
2018-02-27 05:13:03,0.00139380,1.77000000
2018-02-27 05:13:03,0.00139400,1.00000000
2018-02-27 05:13:03,0.00139490,2.15000000
2018-02-27 05:13:03,0.00139610,2.72000000
2018-02-27 05:13:03,0.00139700,2.32000000
2018-02-27 05:13:03,0.00139880,23.89000000
2018-02-27 05:13:04,0.00139870,25.00000000
2018-02-27 05:13:08,0.00139600,7.14000000
2018-02-27 05:13:09,0.00139600,0.84000000
2018-02-27 05:13:11,0.00139600,7.28000000
2018-02-27 05:13:12,0.00139600,10.00000000
2018-02-27 05:13:12,0.00139260,6.45000000
2018-02-27 05:13:12,0.00139570,1.98000000
2018-02-27 05:13:12,0.00139600,5.30000000
2018-02-27 05:13:13,0.00139260,57.28000000
2018-02-27 05:13:14,0.00139570,7.28000000
2018-02-27 05:13:15,0.00139570,5.68000000
2018-02-27 05:13:15,0.00139600,4.32000000
2018-02-27 05:13:15,0.00139260,6.77000000
2018-02-27 05:13:15,0.00139260,1.35000000
2018-02-27 05:13:16,0.00139590,6.10000000
2018-02-27 05:13:16,0.00139600,1.18000000
2018-02-27 05:13:16,0.00139220,0.91000000
2018-02-27 05:13:16,0.00139590,71.85000000
2018-02-27 05:13:16,0.00139600,25.04000000
2018-02-27 05:13:16,0.00139770,39.31000000
2018-02-27 05:13:16,0.00139800,27.80000000
2018-02-27 05:13:16,0.00139230,21.77000000
2018-02-27 05:13:18,0.00139500,7.28000000
2018-02-27 05:13:18,0.00139500,7.16000000
2018-02-27 05:13:19,0.00139500,10.00000000
2018-02-27 05:13:19,0.00139500,7.02000000
2018-02-27 05:13:20,0.00139250,0.91000000
2018-02-27 05:13:20,0.00139370,3.07000000
2018-02-27 05:13:20,0.00139370,3.07000000
2018-02-27 05:13:20,0.00139370,3.03000000
2018-02-27 05:13:20,0.00139250,4.45000000
2018-02-27 05:13:21,0.00139360,5.36000000
2018-02-27 05:13:21,0.00139370,0.30000000
2018-02-27 05:13:21,0.00139370,11.95000000
2018-02-27 05:13:21,0.00139500,327.38000000
2018-02-27 05:13:21,0.00139500,5.07000000
2018-02-27 05:13:21,0.00139510,48.00000000
2018-02-27 05:13:21,0.00139510,23.63000000
2018-02-27 05:13:22,0.00139760,10.00000000
2018-02-27 05:13:23,0.00139500,158.49000000
2018-02-27 05:13:25,0.00139360,5.38000000
2018-02-27 05:13:25,0.00139170,6.43000000
2018-02-27 05:13:25,0.00139150,126.61000000
2018-02-27 05:13:26,0.00139140,0.80000000
2018-02-27 05:13:26,0.00139140,24.00000000
2018-02-27 05:13:27,0.00139140,10.00000000
2018-02-27 05:13:27,0.00139140,3.41000000
2018-02-27 05:13:28,0.00139120,10.43000000
2018-02-27 05:13:28,0.00139120,3.24000000
2018-02-27 05:13:29,0.00139100,4.37000000
2018-02-27 05:13:29,0.00139110,2.09000000
2018-02-27 05:13:29,0.00139110,19.68000000
2018-02-27 05:13:30,0.00139150,8.00000000
2018-02-27 05:13:30,0.00139150,2.60000000
2018-02-27 05:13:35,0.00139150,13.00000000
2018-02-27 05:13:35,0.00139150,0.44000000
2018-02-27 05:13:35,0.00139230,17.56000000
2018-02-27 05:13:37,0.00139230,7.87000000
2018-02-27 05:13:39,0.00139230,10.91000000
2018-02-27 05:13:40,0.00139230,25.25000000
2018-02-27 05:13:40,0.00139110,100.88000000
2018-02-27 05:13:40,0.00139100,144.12000000
2018-02-27 05:13:40,0.00139040,24.73000000
2018-02-27 05:13:40,0.00139160,123.18000000
2018-02-27 05:13:41,0.00139230,8.97000000
2018-02-27 05:13:41,0.00139230,11.00000000
2018-02-27 05:13:42,0.00139040,2.49000000
2018-02-27 05:13:46,0.00139230,3.30000000
2018-02-27 05:13:46,0.00139230,2.75000000
2018-02-27 05:13:46,0.00139230,3.30000000
2018-02-27 05:13:46,0.00139230,3.30000000
2018-02-27 05:13:46,0.00139230,3.30000000
2018-02-27 05:13:49,0.00139230,19.02000000
2018-02-27 05:13:49,0.00139760,29.71000000
2018-02-27 05:13:50,0.00139750,11.00000000
2018-02-27 05:13:51,0.00139750,1.00000000
2018-02-27 05:13:51,0.00139210,7.93000000
2018-02-27 05:13:52,0.00139250,12.00000000
2018-02-27 05:13:52,0.00139240,3.59000000
2018-02-27 05:13:52,0.00139200,9.16000000
2018-02-27 05:13:52,0.00139190,68.18000000
2018-02-27 05:13:52,0.00139160,2.17000000
2018-02-27 05:13:52,0.00139080,3.59000000
2018-02-27 05:13:52,0.00139070,59.27000000
2018-02-27 05:13:52,0.00139050,75.69000000
2018-02-27 05:13:52,0.00139040,205.10000000
2018-02-27 05:13:53,0.00139470,96.11000000
2018-02-27 05:13:53,0.00139480,9.16000000
2018-02-27 05:13:53,0.00139500,55.13000000
2018-02-27 05:13:53,0.00139590,9.71000000
2018-02-27 05:13:56,0.00139580,5.15000000
2018-02-27 05:13:56,0.00139480,20.00000000
2018-02-27 05:13:56,0.00139470,96.11000000
2018-02-27 05:13:58,0.00139150,71.86000000
2018-02-27 05:13:58,0.00139140,82.07000000
2018-02-27 05:13:58,0.00139120,1.97000000
2018-02-27 05:13:58,0.00139100,33.73000000
2018-02-27 05:13:58,0.00139070,66.22000000
2018-02-27 05:13:58,0.00139070,1.64000000
2018-02-27 05:13:59,0.00139350,19.00000000
2018-02-27 05:13:59,0.00139520,8.00000000
2018-02-27 05:13:59,0.00139130,0.52000000
2018-02-27 05:13:59,0.00139040,7.48000000
2018-02-27 05:14:04,0.00139360,6.82000000
2018-02-27 05:14:07,0.00139200,3.59000000
2018-02-27 05:14:07,0.00139190,3.59000000
2018-02-27 05:14:07,0.00139160,0.82000000
2018-02-27 05:14:10,0.00139240,0.45000000
2018-02-27 05:14:10,0.00139070,2.11000000
2018-02-27 05:14:13,0.00139160,56.59000000
2018-02-27 05:14:13,0.00139080,3.59000000
2018-02-27 05:14:13,0.00139070,1126.68000000
2018-02-27 05:14:13,0.00139070,111.34000000
2018-02-27 05:14:13,0.00139050,144.12000000
2018-02-27 05:14:13,0.00139040,52.47000000
2018-02-27 05:14:13,0.00139030,379.08000000
2018-02-27 05:14:13,0.00139010,142.66000000
2018-02-27 05:14:13,0.00139000,640.25000000
2018-02-27 05:14:14,0.00139080,3.59000000
2018-02-27 05:14:14,0.00139070,56.76000000
2018-02-27 05:14:15,0.00139060,6.08000000
2018-02-27 05:14:15,0.00139060,61.92000000
2018-02-27 05:14:15,0.00139070,36.00000000
2018-02-27 05:14:16,0.00139090,3.13000000
2018-02-27 05:14:16,0.00139080,2.62000000
2018-02-27 05:14:16,0.00139000,127.25000000
2018-02-27 05:14:17,0.00139000,5.75000000
2018-02-27 05:14:17,0.00138960,9.34000000
2018-02-27 05:14:17,0.00138950,7.19000000
2018-02-27 05:14:17,0.00138930,267.30000000
2018-02-27 05:14:17,0.00138900,94.18000000
2018-02-27 05:14:17,0.00138800,20.36000000
2018-02-27 05:14:17,0.00138780,476.59000000
2018-02-27 05:14:20,0.00139010,32.55000000
2018-02-27 05:14:20,0.00139130,2.23000000
2018-02-27 05:14:25,0.00139010,20.00000000
2018-02-27 05:14:25,0.00139010,290.44000000
2018-02-27 05:14:28,0.00139010,28.00000000
2018-02-27 05:14:29,0.00139070,7.04000000
2018-02-27 05:14:30,0.00139070,48.92000000
2018-02-27 05:14:30,0.00139080,184.41000000
2018-02-27 05:14:30,0.00139040,28.82000000
2018-02-27 05:14:30,0.00139010,380.96000000
2018-02-27 05:14:30,0.00139000,35.77000000
2018-02-27 05:14:31,0.00139000,52.79000000
2018-02-27 05:14:33,0.00138830,9.93000000
2018-02-27 05:14:33,0.00139000,59.51000000
2018-02-27 05:14:34,0.00138870,1.14000000
2018-02-27 05:14:34,0.00138870,0.50000000
2018-02-27 05:14:35,0.00138990,10.00000000
2018-02-27 05:14:35,0.00138990,11.89000000
2018-02-27 05:14:36,0.00138970,1.07000000
2018-02-27 05:14:36,0.00138900,25.17000000
2018-02-27 05:14:37,0.00138900,1.44000000
2018-02-27 05:14:37,0.00138900,1.45000000
2018-02-27 05:14:37,0.00138900,1.45000000
2018-02-27 05:14:37,0.00138900,1.45000000
2018-02-27 05:14:37,0.00138900,20.44000000
2018-02-27 05:14:37,0.00138870,11.03000000
2018-02-27 05:14:37,0.00138900,20.87000000
2018-02-27 05:14:38,0.00138870,13.89000000
2018-02-27 05:14:38,0.00138780,36.53000000
2018-02-27 05:14:40,0.00138890,12.11000000
2018-02-27 05:14:40,0.00138900,85.96000000
2018-02-27 05:14:40,0.00138950,48.92000000
2018-02-27 05:14:40,0.00138980,72.53000000
2018-02-27 05:14:40,0.00138990,171.38000000
2018-02-27 05:14:40,0.00139000,1094.58000000
2018-02-27 05:14:40,0.00138790,3.60000000
2018-02-27 05:14:40,0.00138780,166.00000000
2018-02-27 05:14:41,0.00138890,74.37000000
2018-02-27 05:14:42,0.00139000,1.07000000
2018-02-27 05:14:42,0.00138780,39.52000000
2018-02-27 05:14:43,0.00138780,1.45000000
2018-02-27 05:14:44,0.00138780,151.79000000
2018-02-27 05:14:44,0.00138880,142.83000000
2018-02-27 05:14:45,0.00138800,2.24000000
2018-02-27 05:14:45,0.00138800,13.03000000
2018-02-27 05:14:45,0.00138780,25.42000000
2018-02-27 05:14:45,0.00138800,84.35000000
2018-02-27 05:14:48,0.00138780,1.44000000
2018-02-27 05:14:48,0.00138780,188.42000000
2018-02-27 05:14:49,0.00138780,81.78000000
2018-02-27 05:14:51,0.00138990,375.42000000
2018-02-27 05:14:52,0.00138780,47.72000000
2018-02-27 05:14:52,0.00138700,2.07000000
2018-02-27 05:14:52,0.00138670,19.32000000
2018-02-27 05:14:52,0.00138640,3.60000000
2018-02-27 05:14:52,0.00138570,3.61000000
2018-02-27 05:14:52,0.00138540,99.85000000
2018-02-27 05:14:52,0.00138540,3.53000000
2018-02-27 05:14:52,0.00138760,3.00000000
2018-02-27 05:14:55,0.00138800,3.60000000
2018-02-27 05:14:55,0.00138790,3.42000000
2018-02-27 05:14:56,0.00138790,37.09000000
2018-02-27 05:14:57,0.00139000,73.00000000
2018-02-27 05:14:59,0.00138890,38.65000000
2018-02-27 05:15:02,0.00139000,7.47000000
2018-02-27 05:15:03,0.00138890,10.00000000
2018-02-27 05:15:04,0.00138890,1.34000000
2018-02-27 05:15:05,0.00138990,3.60000000
2018-02-27 05:15:05,0.00139000,127.11000000
2018-02-27 05:15:05,0.00138890,44.94000000
2018-02-27 05:15:05,0.00138790,25.20000000
2018-02-27 05:15:06,0.00138890,1.40000000
2018-02-27 05:15:08,0.00138890,0.28000000
2018-02-27 05:15:08,0.00138790,5.75000000
2018-02-27 05:15:08,0.00138890,3.72000000
2018-02-27 05:15:08,0.00138890,11.85000000
2018-02-27 05:15:09,0.00138790,13.79000000
2018-02-27 05:15:14,0.00138830,152.66000000
2018-02-27 05:15:15,0.00138790,1.86000000
2018-02-27 05:15:16,0.00138800,36.58000000
2018-02-27 05:15:16,0.00138790,13.66000000
2018-02-27 05:15:16,0.00138780,86.80000000
2018-02-27 05:15:16,0.00138760,4.17000000
2018-02-27 05:15:16,0.00138750,125.05000000
2018-02-27 05:15:16,0.00138540,24.72000000
2018-02-27 05:15:16,0.00138530,275.83000000
2018-02-27 05:15:17,0.00138890,34.43000000
2018-02-27 05:15:17,0.00139000,37.45000000
2018-02-27 05:15:21,0.00138880,1.42000000
2018-02-27 05:15:21,0.00139000,24.91000000
2018-02-27 05:15:22,0.00138890,1.43000000
2018-02-27 05:15:22,0.00138550,15.43000000
2018-02-27 05:15:29,0.00138810,48.48000000
2018-02-27 05:15:33,0.00138640,72.15000000
2018-02-27 05:15:33,0.00138630,20.00000000
2018-02-27 05:15:33,0.00138570,32.53000000
2018-02-27 05:15:35,0.00138920,12.27000000
2018-02-27 05:15:37,0.00138580,7.34000000
2018-02-27 05:15:38,0.00138680,6.85000000
2018-02-27 05:15:39,0.00138680,21.75000000
2018-02-27 05:15:39,0.00138680,20.00000000
2018-02-27 05:15:40,0.00138730,0.25000000
2018-02-27 05:15:40,0.00138730,59.63000000
2018-02-27 05:15:40,0.00138740,7.34000000
2018-02-27 05:15:41,0.00138750,28.05000000
2018-02-27 05:15:42,0.00138700,19.40000000
2018-02-27 05:15:43,0.00138690,3.60000000
2018-02-27 05:15:45,0.00138730,162.27000000
2018-02-27 05:15:49,0.00138680,15.18000000
2018-02-27 05:15:49,0.00138680,19.70000000
2018-02-27 05:15:49,0.00138680,15.12000000
2018-02-27 05:16:00,0.00138680,58.09000000
2018-02-27 05:16:02,0.00138680,5.33000000
2018-02-27 05:16:02,0.00138800,58.21000000
2018-02-27 05:16:09,0.00138800,0.71000000
2018-02-27 05:16:10,0.00138800,0.79000000
2018-02-27 05:16:14,0.00138740,172.10000000
2018-02-27 05:16:17,0.00138700,29.71000000
2018-02-27 05:16:17,0.00138740,37.80000000
2018-02-27 05:16:17,0.00138800,611.85000000
2018-02-27 05:16:17,0.00138910,109.13000000
2018-02-27 05:16:17,0.00138910,48.52000000
2018-02-27 05:16:19,0.00138790,0.35000000
2018-02-27 05:16:20,0.00138790,19.70000000
2018-02-27 05:16:20,0.00138800,71.68000000
2018-02-27 05:16:20,0.00138920,22.19000000
2018-02-27 05:16:20,0.00138950,25.28000000
2018-02-27 05:16:20,0.00138970,49.61000000
2018-02-27 05:16:24,0.00138800,1.56000000
2018-02-27 05:16:33,0.00138850,67.92000000
2018-02-27 05:16:40,0.00138830,15.16000000
2018-02-27 05:16:40,0.00138800,62.54000000
2018-02-27 05:16:45,0.00138910,26.20000000
2018-02-27 05:16:45,0.00138970,4.26000000
2018-02-27 05:16:47,0.00138900,18.96000000
2018-02-27 05:16:48,0.00138900,2.12000000
2018-02-27 05:16:48,0.00138910,2.17000000
2018-02-27 05:16:48,0.00138970,36.13000000
2018-02-27 05:16:48,0.00138990,68.31000000
2018-02-27 05:16:48,0.00139000,210.18000000
2018-02-27 05:16:49,0.00139000,26.17000000
2018-02-27 05:16:49,0.00138850,51.52000000
2018-02-27 05:16:49,0.00139000,84.02000000
2018-02-27 05:16:52,0.00139000,7.23000000
2018-02-27 05:16:53,0.00139000,794.38000000
2018-02-27 05:16:54,0.00139010,19.92000000
2018-02-27 05:16:54,0.00139010,28.66000000
2018-02-27 05:16:58,0.00139010,51.42000000
2018-02-27 05:16:58,0.00139010,239.81000000
2018-02-27 05:16:58,0.00139000,169.16000000
2018-02-27 05:17:05,0.00139010,171.19000000
2018-02-27 05:17:09,0.00139000,20.00000000
2018-02-27 05:17:09,0.00138860,81.05000000
2018-02-27 05:17:11,0.00138860,12.53000000
2018-02-27 05:17:12,0.00138880,77.75000000
2018-02-27 05:17:16,0.00138910,6.03000000
2018-02-27 05:17:16,0.00139000,226.22000000
2018-02-27 05:17:17,0.00139000,46.00000000
2018-02-27 05:17:20,0.00139000,221.75000000
2018-02-27 05:17:22,0.00138880,34.28000000
2018-02-27 05:17:22,0.00139010,117.75000000
2018-02-27 05:17:25,0.00138860,244.58000000
2018-02-27 05:17:26,0.00139000,7.19000000
2018-02-27 05:17:30,0.00139000,82.38000000
2018-02-27 05:17:32,0.00139000,100.77000000
2018-02-27 05:17:32,0.00139000,0.48000000
2018-02-27 05:17:32,0.00138880,1.55000000
2018-02-27 05:17:32,0.00138860,4.45000000
2018-02-27 05:17:32,0.00138850,14.28000000
2018-02-27 05:17:37,0.00139000,790.50000000
2018-02-27 05:17:39,0.00139000,8.37000000
2018-02-27 05:17:39,0.00139010,48.75000000
2018-02-27 05:17:42,0.00138850,69.85000000
2018-02-27 05:17:45,0.00138850,15.55000000
2018-02-27 05:17:47,0.00138850,34.97000000
2018-02-27 05:17:50,0.00138850,0.31000000
2018-02-27 05:17:50,0.00138850,16.35000000
2018-02-27 05:17:51,0.00138850,162.97000000
2018-02-27 05:17:55,0.00139000,3.33000000
2018-02-27 05:17:56,0.00139000,0.67000000
2018-02-27 05:17:56,0.00138850,20.64000000
2018-02-27 05:17:57,0.00138850,24.13000000
2018-02-27 05:17:58,0.00138920,201.58000000
2018-02-27 05:18:04,0.00138900,3.67000000
2018-02-27 05:18:05,0.00138900,10.00000000
2018-02-27 05:18:08,0.00139000,50.00000000
2018-02-27 05:18:10,0.00138940,97.40000000
2018-02-27 05:18:10,0.00138900,43.37000000
2018-02-27 05:18:14,0.00139000,204.79000000
2018-02-27 05:18:14,0.00139010,24.52000000
2018-02-27 05:18:14,0.00139220,115.07000000
2018-02-27 05:18:14,0.00139250,220.15000000
2018-02-27 05:18:14,0.00139260,3.61000000
2018-02-27 05:18:14,0.00139300,20.00000000
2018-02-27 05:18:14,0.00139320,62.64000000
2018-02-27 05:18:14,0.00139340,20.81000000
2018-02-27 05:18:14,0.00138930,1.66000000
2018-02-27 05:18:15,0.00139010,12.80000000
2018-02-27 05:18:16,0.00139030,57.51000000
2018-02-27 05:18:17,0.00139000,77.63000000
2018-02-27 05:18:25,0.00139000,71.97000000
2018-02-27 05:18:25,0.00139010,211.41000000
2018-02-27 05:18:30,0.00139030,0.05000000
2018-02-27 05:18:33,0.00139010,8.56000000
2018-02-27 05:18:33,0.00139010,63.34000000
2018-02-27 05:18:33,0.00139000,807.56000000
2018-02-27 05:18:33,0.00138850,285.79000000
2018-02-27 05:18:33,0.00138840,31.03000000
2018-02-27 05:18:33,0.00138800,42.41000000
2018-02-27 05:18:35,0.00139000,9.74000000
2018-02-27 05:18:37,0.00139110,71.90000000
2018-02-27 05:18:37,0.00139120,35.11000000
2018-02-27 05:18:39,0.00139000,2.49000000
2018-02-27 05:18:39,0.00138800,7.95000000
2018-02-27 05:18:40,0.00139120,53.15000000
2018-02-27 05:18:43,0.00138830,2.45000000
2018-02-27 05:18:49,0.00139010,5.61000000
2018-02-27 05:18:57,0.00139000,2.45000000
2018-02-27 05:18:58,0.00139000,2.84000000
2018-02-27 05:19:03,0.00139000,2.45000000
2018-02-27 05:19:05,0.00139000,9.85000000
2018-02-27 05:19:05,0.00138930,41.13000000
2018-02-27 05:19:05,0.00138840,19.69000000
2018-02-27 05:19:05,0.00138820,17.42000000
2018-02-27 05:19:05,0.00138800,73.78000000
2018-02-27 05:19:09,0.00138890,116.84000000
2018-02-27 05:19:11,0.00138800,5.00000000
2018-02-27 05:19:16,0.00138820,3.60000000
2018-02-27 05:19:16,0.00138800,8.58000000
2018-02-27 05:19:20,0.00138800,5.03000000
2018-02-27 05:19:20,0.00139000,4.00000000
2018-02-27 05:19:21,0.00138800,361.98000000
2018-02-27 05:19:21,0.00138800,28.39000000
2018-02-27 05:19:21,0.00139000,55.08000000
2018-02-27 05:19:21,0.00139050,112.25000000
2018-02-27 05:19:29,0.00138910,12.66000000
2018-02-27 05:19:40,0.00138810,49.78000000
2018-02-27 05:19:43,0.00138980,0.72000000
2018-02-27 05:19:43,0.00139000,48.21000000
2018-02-27 05:19:43,0.00138940,126.67000000
2018-02-27 05:19:50,0.00138900,21.52000000
2018-02-27 05:19:50,0.00138910,106.57000000
2018-02-27 05:19:50,0.00139000,470.73000000
2018-02-27 05:19:53,0.00139000,27.76000000
2018-02-27 05:19:54,0.00138940,2.27000000
2018-02-27 05:19:55,0.00138960,22.49000000
2018-02-27 05:20:13,0.00138960,6.76000000
2018-02-27 05:20:16,0.00138970,136.50000000
2018-02-27 05:20:18,0.00138960,25.57000000
2018-02-27 05:20:19,0.00138980,1.65000000
2018-02-27 05:20:21,0.00138980,10.83000000
2018-02-27 05:20:25,0.00138970,52.35000000
2018-02-27 05:20:25,0.00138960,28.53000000
2018-02-27 05:20:25,0.00138960,15.45000000
2018-02-27 05:20:25,0.00138980,2.16000000
2018-02-27 05:20:26,0.00138990,56.98000000
2018-02-27 05:20:26,0.00139000,38.42000000
2018-02-27 05:20:26,0.00139000,7.68000000
2018-02-27 05:20:26,0.00139030,1.00000000
2018-02-27 05:20:26,0.00139040,19.69000000
2018-02-27 05:20:26,0.00139050,28.35000000
2018-02-27 05:20:26,0.00139050,56.00000000
2018-02-27 05:20:26,0.00139050,7.17000000
2018-02-27 05:20:27,0.00139050,1.07000000
2018-02-27 05:20:27,0.00138990,26.93000000
2018-02-27 05:20:27,0.00138990,5.39000000
2018-02-27 05:20:28,0.00138990,26.93000000
2018-02-27 05:20:28,0.00138940,6.07000000
2018-02-27 05:20:31,0.00139050,35.00000000
2018-02-27 05:20:31,0.00139050,54.91000000
2018-02-27 05:20:31,0.00139050,354.17000000
2018-02-27 05:20:35,0.00138980,49.30000000
2018-02-27 05:20:36,0.00139050,117.92000000
2018-02-27 05:20:37,0.00139050,1.07000000
2018-02-27 05:20:38,0.00138980,30.43000000
2018-02-27 05:20:39,0.00139000,11.58000000
2018-02-27 05:20:42,0.00139000,7.05000000
2018-02-27 05:20:44,0.00139050,1.65000000
2018-02-27 05:20:44,0.00139020,36.43000000
2018-02-27 05:20:44,0.00139020,109.90000000
2018-02-27 05:20:46,0.00139050,1.07000000
2018-02-27 05:20:48,0.00139040,5.17000000
2018-02-27 05:20:49,0.00139020,36.43000000
2018-02-27 05:20:49,0.00139000,237.42000000
2018-02-27 05:20:49,0.00139000,1.04000000
2018-02-27 05:20:50,0.00139000,82.82000000
2018-02-27 05:20:50,0.00139000,2.28000000
2018-02-27 05:20:50,0.00138980,8.18000000
2018-02-27 05:20:51,0.00139000,14.10000000
2018-02-27 05:20:52,0.00139000,36.41000000
2018-02-27 05:20:52,0.00139000,2.35000000
2018-02-27 05:20:55,0.00139000,1.07000000
2018-02-27 05:20:56,0.00138990,42.15000000
2018-02-27 05:20:56,0.00138980,27.76000000
2018-02-27 05:21:01,0.00139000,1.00000000
2018-02-27 05:21:05,0.00139000,0.49000000
2018-02-27 05:21:05,0.00139000,1.58000000
2018-02-27 05:21:06,0.00139000,0.65000000
2018-02-27 05:21:08,0.00138980,1.66000000
2018-02-27 05:21:09,0.00139000,5.79000000
2018-02-27 05:21:09,0.00139000,31.99000000
2018-02-27 05:21:10,0.00139000,118.20000000
2018-02-27 05:21:11,0.00138980,1.65000000
2018-02-27 05:21:13,0.00138990,1.65000000
2018-02-27 05:21:13,0.00138990,154.29000000
2018-02-27 05:21:15,0.00138990,1.65000000
2018-02-27 05:21:15,0.00139000,3.84000000
2018-02-27 05:21:16,0.00138980,1.65000000
2018-02-27 05:21:19,0.00138980,28.21000000
2018-02-27 05:21:19,0.00138960,0.73000000
2018-02-27 05:21:19,0.00138940,0.92000000
2018-02-27 05:21:21,0.00138940,1.65000000
2018-02-27 05:21:29,0.00138950,51.76000000
2018-02-27 05:21:32,0.00138980,1.65000000
2018-02-27 05:21:35,0.00138980,32.08000000
2018-02-27 05:21:36,0.00138990,6.62000000
2018-02-27 05:21:40,0.00139000,406.44000000
2018-02-27 05:21:42,0.00139000,337.85000000
2018-02-27 05:21:43,0.00139000,15.12000000
2018-02-27 05:21:46,0.00138990,2.00000000
2018-02-27 05:21:53,0.00139000,5.00000000
2018-02-27 05:21:53,0.00139000,71.00000000
2018-02-27 05:21:53,0.00139000,99.35000000
2018-02-27 05:21:53,0.00139000,99.35000000
2018-02-27 05:21:53,0.00139000,99.35000000
2018-02-27 05:21:53,0.00139000,99.45000000
2018-02-27 05:21:54,0.00138990,20.00000000
2018-02-27 05:21:54,0.00138980,71.00000000
2018-02-27 05:21:54,0.00138980,9.46000000
2018-02-27 05:21:58,0.00138980,11.40000000
2018-02-27 05:21:59,0.00138990,31.57000000
2018-02-27 05:21:59,0.00139000,174.66000000
2018-02-27 05:22:00,0.00138980,62.01000000
2018-02-27 05:22:01,0.00138980,6.12000000
2018-02-27 05:22:01,0.00138980,6.28000000
2018-02-27 05:22:01,0.00138950,4.05000000
2018-02-27 05:22:01,0.00138950,5.68000000
2018-02-27 05:22:01,0.00138940,6.70000000
2018-02-27 05:22:03,0.00138940,48.06000000
2018-02-27 05:22:05,0.00138810,1.23000000
2018-02-27 05:22:05,0.00138810,9.63000000
2018-02-27 05:22:05,0.00138810,0.91000000
2018-02-27 05:22:07,0.00138810,31.21000000
2018-02-27 05:22:16,0.00138810,10.56000000
2018-02-27 05:22:16,0.00138800,76.53000000
2018-02-27 05:22:19,0.00138850,175.59000000
2018-02-27 05:22:23,0.00138920,40.06000000
2018-02-27 05:22:27,0.00138800,19.92000000
2018-02-27 05:22:27,0.00138770,176.16000000
2018-02-27 05:22:27,0.00138700,10.00000000
2018-02-27 05:22:27,0.00138600,330.31000000
2018-02-27 05:22:27,0.00138920,1.00000000
2018-02-27 05:22:28,0.00138610,6.06000000
2018-02-27 05:22:29,0.00138610,0.82000000
2018-02-27 05:22:31,0.00138610,68.08000000
2018-02-27 05:22:31,0.00138600,52.42000000
2018-02-27 05:22:34,0.00138750,71.41000000
2018-02-27 05:22:38,0.00138790,5.01000000
2018-02-27 05:22:39,0.00138790,5.01000000
2018-02-27 05:22:39,0.00138790,5.01000000
2018-02-27 05:22:40,0.00138600,80.65000000
2018-02-27 05:22:46,0.00138790,5.89000000
2018-02-27 05:22:47,0.00138600,14.11000000
2018-02-27 05:22:50,0.00138790,51.18000000
2018-02-27 05:22:52,0.00138790,21.08000000
2018-02-27 05:22:52,0.00138600,70.96000000
2018-02-27 05:22:52,0.00138570,42.25000000
2018-02-27 05:22:52,0.00138530,65.30000000
2018-02-27 05:22:55,0.00138590,76.89000000
2018-02-27 05:22:55,0.00138560,3.61000000
2018-02-27 05:22:55,0.00138530,65.19000000
2018-02-27 05:22:55,0.00138520,37.38000000
2018-02-27 05:22:55,0.00138660,185.42000000
2018-02-27 05:22:57,0.00138520,618.89000000
2018-02-27 05:22:57,0.00138510,958.67000000
2018-02-27 05:22:57,0.00138500,455.11000000
2018-02-27 05:22:57,0.00138500,2.00000000
2018-02-27 05:22:59,0.00138500,399.51000000
2018-02-27 05:22:59,0.00138500,40.13000000
2018-02-27 05:22:59,0.00138500,7.20000000
2018-02-27 05:22:59,0.00138500,17.16000000
2018-02-27 05:23:05,0.00138600,2.76000000
2018-02-27 05:23:12,0.00138550,81.24000000
2018-02-27 05:23:15,0.00138590,3.61000000
2018-02-27 05:23:17,0.00138520,10.00000000
2018-02-27 05:23:17,0.00138500,560.17000000
2018-02-27 05:23:20,0.00138500,18.32000000
2018-02-27 05:23:20,0.00138480,123.36000000
2018-02-27 05:23:20,0.00138480,71.03000000
2018-02-27 05:23:20,0.00138480,22.95000000
2018-02-27 05:23:21,0.00138480,2.00000000
2018-02-27 05:23:22,0.00138500,8.30000000
2018-02-27 05:23:26,0.00138500,352.84000000
2018-02-27 05:23:27,0.00138480,15.27000000
2018-02-27 05:23:27,0.00138440,56.70000000
2018-02-27 05:23:31,0.00138440,6.11000000
2018-02-27 05:23:33,0.00138510,2.55000000
2018-02-27 05:23:33,0.00138510,192.70000000
2018-02-27 05:23:34,0.00138510,2.55000000
2018-02-27 05:23:34,0.00138600,27.06000000
2018-02-27 05:23:34,0.00138440,70.73000000
2018-02-27 05:23:35,0.00138440,6.11000000
2018-02-27 05:23:37,0.00138510,24.94000000
2018-02-27 05:23:40,0.00138430,3.94000000
2018-02-27 05:23:40,0.00138430,38.22000000
2018-02-27 05:23:41,0.00138430,0.01000000
2018-02-27 05:23:44,0.00138530,91.07000000
2018-02-27 05:23:46,0.00138510,348.17000000
2018-02-27 05:23:49,0.00138500,93.00000000
2018-02-27 05:23:51,0.00138500,1.00000000
2018-02-27 05:23:51,0.00138500,4.00000000
2018-02-27 05:23:51,0.00138440,12.27000000
2018-02-27 05:23:51,0.00138420,4.33000000
2018-02-27 05:23:51,0.00138410,11.06000000
2018-02-27 05:23:53,0.00138500,3.83000000
2018-02-27 05:23:53,0.00138500,3.45000000
2018-02-27 05:23:59,0.00138450,174.94000000
2018-02-27 05:23:59,0.00138450,29.92000000
2018-02-27 05:23:59,0.00138450,52.79000000
2018-02-27 05:24:00,0.00138450,122.15000000
2018-02-27 05:24:02,0.00138450,4.04000000
2018-02-27 05:24:06,0.00138480,50.00000000
2018-02-27 05:24:07,0.00138450,20.15000000
2018-02-27 05:24:10,0.00138480,43.61000000
2018-02-27 05:24:11,0.00138450,20.61000000
2018-02-27 05:24:14,0.00138450,12.74000000
2018-02-27 05:24:15,0.00138440,10.00000000
2018-02-27 05:24:15,0.00138410,7.87000000
2018-02-27 05:24:15,0.00138400,6.35000000
2018-02-27 05:24:15,0.00138350,69.71000000
2018-02-27 05:24:15,0.00138350,14.23000000
2018-02-27 05:24:15,0.00138310,31.14000000
2018-02-27 05:24:15,0.00138300,7.21000000
2018-02-27 05:24:15,0.00138300,7.21000000
2018-02-27 05:24:15,0.00138300,6.41000000
2018-02-27 05:24:18,0.00138300,7.21000000
2018-02-27 05:24:19,0.00138360,100.68000000
2018-02-27 05:24:24,0.00138360,2.32000000
2018-02-27 05:24:28,0.00138430,6.00000000
2018-02-27 05:24:30,0.00138300,5.00000000
2018-02-27 05:24:30,0.00138290,2.89000000
2018-02-27 05:24:31,0.00138340,214.69000000
2018-02-27 05:24:33,0.00138260,7.23000000
2018-02-27 05:24:33,0.00138240,2.81000000
2018-02-27 05:24:33,0.00138210,15.31000000
2018-02-27 05:24:33,0.00138200,544.83000000
2018-02-27 05:24:33,0.00138200,10.00000000
2018-02-27 05:24:33,0.00138420,26.99000000
2018-02-27 05:24:36,0.00138200,55.27000000
2018-02-27 05:24:36,0.00138200,28.02000000
2018-02-27 05:24:37,0.00138340,4.03000000
2018-02-27 05:24:37,0.00138200,20.97000000
2018-02-27 05:24:40,0.00138200,284.21000000
2018-02-27 05:24:42,0.00138210,46.55000000
2018-02-27 05:24:42,0.00138200,24.04000000
2018-02-27 05:24:42,0.00138190,0.86000000
2018-02-27 05:24:44,0.00138350,1.08000000
2018-02-27 05:24:44,0.00138200,13.53000000
2018-02-27 05:24:44,0.00138190,0.71000000
2018-02-27 05:24:44,0.00138180,0.87000000
2018-02-27 05:24:44,0.00138170,1.41000000
2018-02-27 05:24:44,0.00138160,321.89000000
2018-02-27 05:24:44,0.00138150,2.17000000
2018-02-27 05:24:44,0.00138130,83.78000000
2018-02-27 05:24:44,0.00138120,16.64000000
2018-02-27 05:24:44,0.00138110,59.24000000
2018-02-27 05:24:44,0.00138350,76.35000000
2018-02-27 05:24:45,0.00138220,110.51000000
2018-02-27 05:24:46,0.00138190,2.88000000
2018-02-27 05:24:46,0.00138160,11.89000000
2018-02-27 05:24:46,0.00138110,63.23000000
2018-02-27 05:24:47,0.00138350,15.87000000
2018-02-27 05:24:47,0.00138110,14.18000000
2018-02-27 05:24:48,0.00138110,153.29000000
2018-02-27 05:24:48,0.00138100,5.15000000
2018-02-27 05:24:48,0.00138080,9.11000000
2018-02-27 05:24:48,0.00138030,6.49000000
2018-02-27 05:24:48,0.00138020,11.09000000
2018-02-27 05:24:48,0.00138010,92.93000000
2018-02-27 05:24:48,0.00138000,59.46000000
2018-02-27 05:24:48,0.00138000,36.96000000
2018-02-27 05:24:48,0.00138000,28.38000000
2018-02-27 05:24:48,0.00138000,7.41000000
2018-02-27 05:24:48,0.00138000,72.18000000
2018-02-27 05:24:48,0.00138010,58.92000000
2018-02-27 05:24:48,0.00138000,25.64000000
2018-02-27 05:24:50,0.00138110,24.00000000
2018-02-27 05:24:53,0.00138000,18.22000000
2018-02-27 05:24:53,0.00138000,5.00000000
2018-02-27 05:24:54,0.00138000,40.44000000
2018-02-27 05:24:56,0.00138000,63.76000000
2018-02-27 05:24:56,0.00138000,19.59000000
2018-02-27 05:24:56,0.00138000,59.74000000
2018-02-27 05:24:58,0.00138000,83.69000000
2018-02-27 05:24:58,0.00138190,40.42000000
2018-02-27 05:25:00,0.00138010,3.72000000
2018-02-27 05:25:00,0.00138000,1.53000000
2018-02-27 05:25:01,0.00138090,6.33000000
2018-02-27 05:25:02,0.00138000,69.11000000
2018-02-27 05:25:02,0.00138000,45.88000000
2018-02-27 05:25:04,0.00138190,1.16000000
2018-02-27 05:25:05,0.00138100,1.67000000
2018-02-27 05:25:06,0.00138190,20.61000000
2018-02-27 05:25:06,0.00138200,4.31000000
2018-02-27 05:25:07,0.00138150,207.61000000
2018-02-27 05:25:08,0.00138440,1.15000000
2018-02-27 05:25:09,0.00138110,57.71000000
2018-02-27 05:25:12,0.00138440,45.03000000
2018-02-27 05:25:14,0.00138290,120.34000000
2018-02-27 05:25:17,0.00138200,21.62000000
2018-02-27 05:25:17,0.00138150,194.03000000
2018-02-27 05:25:17,0.00138430,57.71000000
2018-02-27 05:25:17,0.00138450,33.29000000
2018-02-27 05:25:19,0.00138160,30.00000000
2018-02-27 05:25:20,0.00138450,4.33000000
2018-02-27 05:25:23,0.00138440,2.00000000
2018-02-27 05:25:24,0.00138440,35.09000000
2018-02-27 05:25:26,0.00138360,16.16000000
2018-02-27 05:25:31,0.00138300,63.27000000
2018-02-27 05:25:32,0.00138310,110.00000000
2018-02-27 05:25:34,0.00138310,30.21000000
2018-02-27 05:25:34,0.00138300,69.60000000
2018-02-27 05:25:37,0.00138300,14.08000000
2018-02-27 05:25:40,0.00138240,130.17000000
2018-02-27 05:25:43,0.00138290,107.09000000
2018-02-27 05:25:43,0.00138300,441.56000000
2018-02-27 05:25:45,0.00138300,490.59000000
2018-02-27 05:25:45,0.00138300,100.39000000
2018-02-27 05:25:50,0.00138430,226.93000000
2018-02-27 05:25:52,0.00138430,0.01000000
2018-02-27 05:25:53,0.00138360,25.99000000
2018-02-27 05:25:57,0.00138320,2.20000000
2018-02-27 05:25:59,0.00138430,200.00000000
2018-02-27 05:26:04,0.00138320,0.68000000
2018-02-27 05:26:04,0.00138300,1.32000000
2018-02-27 05:26:07,0.00138300,78.90000000
2018-02-27 05:26:07,0.00138190,359.33000000
2018-02-27 05:26:07,0.00138100,10.92000000
2018-02-27 05:26:07,0.00138080,3.61000000
2018-02-27 05:26:07,0.00138000,7042.86000000
2018-02-27 05:26:07,0.00138000,197.30000000
2018-02-27 05:26:07,0.00137960,1.28000000
2018-02-27 05:26:07,0.00137950,36.23000000
2018-02-27 05:26:07,0.00137900,99.87000000
2018-02-27 05:26:07,0.00137890,11.73000000
2018-02-27 05:26:07,0.00137880,7.75000000
2018-02-27 05:26:07,0.00137850,2.00000000
2018-02-27 05:26:07,0.00137800,20.00000000
2018-02-27 05:26:07,0.00137800,24.21000000
2018-02-27 05:26:07,0.00137800,3.48000000
2018-02-27 05:26:07,0.00137800,0.97000000
2018-02-27 05:26:08,0.00138210,139.99000000
2018-02-27 05:26:10,0.00138200,89.96000000
2018-02-27 05:26:12,0.00138080,33.44000000
2018-02-27 05:26:12,0.00138000,3.51000000
2018-02-27 05:26:12,0.00138000,7.22000000
2018-02-27 05:26:12,0.00138000,18.33000000
2018-02-27 05:26:12,0.00138000,3.67000000
2018-02-27 05:26:12,0.00138000,202.30000000
2018-02-27 05:26:12,0.00138000,72.00000000
2018-02-27 05:26:12,0.00138000,72.46000000
2018-02-27 05:26:12,0.00138000,7.23000000
2018-02-27 05:26:12,0.00137760,3.55000000
2018-02-27 05:26:16,0.00137760,1.56000000
2018-02-27 05:26:17,0.00137760,1.41000000
2018-02-27 05:26:17,0.00137760,1.41000000
2018-02-27 05:26:18,0.00137740,3.63000000
2018-02-27 05:26:18,0.00137720,7.26000000
2018-02-27 05:26:18,0.00137700,40.00000000
2018-02-27 05:26:18,0.00137670,8.89000000
2018-02-27 05:26:18,0.00137660,0.73000000
2018-02-27 05:26:18,0.00137650,496.90000000
2018-02-27 05:26:18,0.00137650,0.84000000
2018-02-27 05:26:18,0.00137650,1.99000000
2018-02-27 05:26:18,0.00137640,24.28000000
2018-02-27 05:26:18,0.00137620,4.36000000
2018-02-27 05:26:18,0.00137610,13.53000000
2018-02-27 05:26:19,0.00137600,2.47000000
2018-02-27 05:26:19,0.00137600,23.91000000
2018-02-27 05:26:19,0.00137600,29.87000000
2018-02-27 05:26:19,0.00137580,20.00000000
2018-02-27 05:26:19,0.00137590,3.61000000
2018-02-27 05:26:19,0.00137600,238.70000000
2018-02-27 05:26:20,0.00137600,1.19000000
2018-02-27 05:26:21,0.00137600,1.19000000
2018-02-27 05:26:21,0.00137580,1.30000000
2018-02-27 05:26:22,0.00137600,33.60000000
2018-02-27 05:26:23,0.00137600,2.51000000
2018-02-27 05:26:23,0.00137580,1.96000000
2018-02-27 05:26:23,0.00137580,0.70000000
2018-02-27 05:26:23,0.00137560,0.97000000
2018-02-27 05:26:25,0.00137600,2.18000000
2018-02-27 05:26:26,0.00137600,244.61000000
2018-02-27 05:26:26,0.00137650,143.67000000
2018-02-27 05:26:26,0.00137560,32.66000000
2018-02-27 05:26:26,0.00137540,9.81000000
2018-02-27 05:26:26,0.00137530,4.47000000
2018-02-27 05:26:26,0.00137520,2.87000000
2018-02-27 05:26:26,0.00137510,45.96000000
2018-02-27 05:26:28,0.00137510,9.39000000
2018-02-27 05:26:28,0.00137590,16.00000000
2018-02-27 05:26:28,0.00137590,125.76000000
2018-02-27 05:26:28,0.00137510,399.50000000
2018-02-27 05:26:28,0.00137500,494.55000000
2018-02-27 05:26:28,0.00137470,1.65000000
2018-02-27 05:26:28,0.00137450,3.00000000
2018-02-27 05:26:28,0.00137430,12.42000000
2018-02-27 05:26:28,0.00137420,0.81000000
2018-02-27 05:26:28,0.00137410,6.56000000
2018-02-27 05:26:28,0.00137300,69.63000000
2018-02-27 05:26:28,0.00137290,15.41000000
2018-02-27 05:26:28,0.00137270,8.50000000
2018-02-27 05:26:28,0.00137230,47.29000000
2018-02-27 05:26:28,0.00137210,29.28000000
