DATE,PRICE,VOLUME
2018-02-27 16:59:59,0.00142730,8.12000000
2018-02-27 16:59:59,0.00142740,14.04000000
2018-02-27 16:59:59,0.00142750,5.10000000
2018-02-27 17:00:01,0.00142680,1.21000000
2018-02-27 17:00:01,0.00142690,11.18000000
2018-02-27 17:00:01,0.00142750,2.00000000
2018-02-27 17:00:01,0.00142750,1.37000000
2018-02-27 17:00:02,0.00142750,1.82000000
2018-02-27 17:00:04,0.00142420,1.82000000
2018-02-27 17:00:04,0.00142660,1.38000000
2018-02-27 17:00:05,0.00142440,7.08000000
2018-02-27 17:00:06,0.00142540,248.24000000
2018-02-27 17:00:06,0.00142440,0.02000000
2018-02-27 17:00:06,0.00142420,20.77000000
2018-02-27 17:00:08,0.00142420,88.28000000
2018-02-27 17:00:08,0.00142410,8.76000000
2018-02-27 17:00:08,0.00142410,7.44000000
2018-02-27 17:00:08,0.00142540,2.19000000
2018-02-27 17:00:08,0.00142640,1.32000000
2018-02-27 17:00:09,0.00142640,4.53000000
2018-02-27 17:00:09,0.00142410,20.79000000
2018-02-27 17:00:12,0.00142450,19.95000000
2018-02-27 17:00:12,0.00142410,0.85000000
2018-02-27 17:00:13,0.00142620,0.89000000
2018-02-27 17:00:13,0.00142630,1.21000000
2018-02-27 17:00:18,0.00142410,0.78000000
2018-02-27 17:00:19,0.00142450,1.54000000
2018-02-27 17:00:19,0.00142450,99.66000000
2018-02-27 17:00:19,0.00142450,1.54000000
2018-02-27 17:00:21,0.00142500,4.85000000
2018-02-27 17:00:22,0.00142500,168.24000000
2018-02-27 17:00:22,0.00142500,1.28000000
2018-02-27 17:00:22,0.00142500,26.74000000
2018-02-27 17:00:23,0.00142430,45.71000000
2018-02-27 17:00:23,0.00142450,2.41000000
2018-02-27 17:00:24,0.00142410,50.80000000
2018-02-27 17:00:24,0.00142440,0.77000000
2018-02-27 17:00:24,0.00142440,1.69000000
2018-02-27 17:00:24,0.00142410,44.76000000
2018-02-27 17:00:25,0.00142410,334.94000000
2018-02-27 17:00:25,0.00142390,165.06000000
2018-02-27 17:00:25,0.00142390,159.63000000
2018-02-27 17:00:25,0.00142390,22.67000000
2018-02-27 17:00:26,0.00142380,147.28000000
2018-02-27 17:00:26,0.00142380,7.10000000
2018-02-27 17:00:27,0.00142390,3.51000000
2018-02-27 17:00:28,0.00142380,3.18000000
2018-02-27 17:00:28,0.00142380,4.17000000
2018-02-27 17:00:28,0.00142370,14.04000000
2018-02-27 17:00:28,0.00142360,5.23000000
2018-02-27 17:00:29,0.00142360,5.11000000
2018-02-27 17:00:29,0.00142310,104.11000000
2018-02-27 17:00:31,0.00142310,39.47000000
2018-02-27 17:00:31,0.00142300,9.77000000
2018-02-27 17:00:32,0.00142380,0.75000000
2018-02-27 17:00:32,0.00142390,27.02000000
2018-02-27 17:00:32,0.00142390,11.34000000
2018-02-27 17:00:32,0.00142300,223.89000000
2018-02-27 17:00:32,0.00142290,3.51000000
2018-02-27 17:00:32,0.00142270,361.10000000
2018-02-27 17:00:32,0.00142250,2.44000000
2018-02-27 17:00:32,0.00142220,231.06000000
2018-02-27 17:00:32,0.00142200,308.49000000
2018-02-27 17:00:32,0.00142200,84.62000000
2018-02-27 17:00:32,0.00142200,7.01000000
2018-02-27 17:00:32,0.00142200,9.14000000
2018-02-27 17:00:32,0.00142200,5.46000000
2018-02-27 17:00:32,0.00142200,5.47000000
2018-02-27 17:00:32,0.00142200,2.78000000
2018-02-27 17:00:32,0.00142200,2.77000000
2018-02-27 17:00:34,0.00142200,6.62000000
2018-02-27 17:00:36,0.00142150,7.04000000
2018-02-27 17:00:36,0.00142140,9.20000000
2018-02-27 17:00:36,0.00142130,135.46000000
2018-02-27 17:00:36,0.00142110,16.00000000
2018-02-27 17:00:36,0.00142100,222.14000000
2018-02-27 17:00:37,0.00142200,6.78000000
2018-02-27 17:00:37,0.00142150,7.95000000
2018-02-27 17:00:38,0.00142150,0.01000000
2018-02-27 17:00:38,0.00142200,6.74000000
2018-02-27 17:00:40,0.00142100,1.70000000
2018-02-27 17:00:40,0.00142100,2.91000000
2018-02-27 17:00:40,0.00142140,1.69000000
2018-02-27 17:00:40,0.00142140,260.09000000
2018-02-27 17:00:40,0.00142150,69.79000000
2018-02-27 17:00:40,0.00142140,1.69000000
2018-02-27 17:00:40,0.00142100,452.68000000
2018-02-27 17:00:41,0.00142100,50.95000000
2018-02-27 17:00:41,0.00142100,412.62000000
2018-02-27 17:00:41,0.00142100,904.52000000
2018-02-27 17:00:41,0.00142030,0.71000000
2018-02-27 17:00:41,0.00142020,1.13000000
2018-02-27 17:00:41,0.00142010,871.88000000
2018-02-27 17:00:41,0.00142000,2485.58000000
2018-02-27 17:00:41,0.00141990,34.90000000
2018-02-27 17:00:41,0.00141980,20.93000000
2018-02-27 17:00:41,0.00142100,63.20000000
2018-02-27 17:00:41,0.00142100,1.70000000
2018-02-27 17:00:41,0.00142000,17.08000000
2018-02-27 17:00:41,0.00141910,553.29000000
2018-02-27 17:00:41,0.00141900,5.80000000
2018-02-27 17:00:41,0.00141880,3.36000000
2018-02-27 17:00:41,0.00141850,0.95000000
2018-02-27 17:00:41,0.00142100,7.75000000
2018-02-27 17:00:41,0.00141840,6.69000000
2018-02-27 17:00:41,0.00141830,16.83000000
2018-02-27 17:00:41,0.00142100,35.36000000
2018-02-27 17:00:41,0.00142100,46.20000000
2018-02-27 17:00:42,0.00142100,7.70000000
2018-02-27 17:00:42,0.00141800,6.45000000
2018-02-27 17:00:42,0.00141800,3.30000000
2018-02-27 17:00:42,0.00141800,3.30000000
2018-02-27 17:00:42,0.00141800,3.30000000
2018-02-27 17:00:42,0.00141800,3.29000000
2018-02-27 17:00:42,0.00141800,2.50000000
2018-02-27 17:00:43,0.00141800,3.39000000
2018-02-27 17:00:43,0.00141800,2.10000000
2018-02-27 17:00:44,0.00141790,14.02000000
2018-02-27 17:00:44,0.00141900,5.01000000
2018-02-27 17:00:44,0.00141900,5.01000000
2018-02-27 17:00:44,0.00141900,138.94000000
2018-02-27 17:00:45,0.00141900,89.47000000
2018-02-27 17:00:45,0.00141900,5.01000000
2018-02-27 17:00:45,0.00141850,35.23000000
2018-02-27 17:00:45,0.00141800,7.05000000
2018-02-27 17:00:45,0.00141790,3.54000000
2018-02-27 17:00:45,0.00141770,1.00000000
2018-02-27 17:00:45,0.00141750,7.98000000
2018-02-27 17:00:45,0.00141740,3.00000000
2018-02-27 17:00:45,0.00141710,35.89000000
2018-02-27 17:00:45,0.00141700,7.06000000
2018-02-27 17:00:45,0.00141680,26.02000000
2018-02-27 17:00:47,0.00141890,3.38000000
2018-02-27 17:00:47,0.00141680,1.09000000
2018-02-27 17:00:47,0.00141680,102.52000000
2018-02-27 17:00:48,0.00141680,2.08000000
2018-02-27 17:00:48,0.00141680,0.53000000
2018-02-27 17:00:48,0.00141700,2.99000000
2018-02-27 17:00:50,0.00141680,0.82000000
2018-02-27 17:00:50,0.00141660,18.24000000
2018-02-27 17:00:50,0.00141640,12.21000000
2018-02-27 17:00:50,0.00141630,3.00000000
2018-02-27 17:00:50,0.00141620,4.33000000
2018-02-27 17:00:50,0.00141610,1.29000000
2018-02-27 17:00:50,0.00141600,31.95000000
2018-02-27 17:00:50,0.00141580,1.06000000
2018-02-27 17:00:50,0.00141540,0.71000000
2018-02-27 17:00:50,0.00141530,3.00000000
2018-02-27 17:00:50,0.00141510,28.23000000
2018-02-27 17:00:50,0.00141500,56.82000000
2018-02-27 17:00:50,0.00141500,1.50000000
2018-02-27 17:00:50,0.00141500,7.50000000
2018-02-27 17:00:50,0.00141500,2.16000000
2018-02-27 17:00:50,0.00141500,6.74000000
2018-02-27 17:00:51,0.00141500,1.37000000
2018-02-27 17:00:51,0.00141500,366.67000000
2018-02-27 17:00:51,0.00141430,81.00000000
2018-02-27 17:00:51,0.00141420,14.16000000
2018-02-27 17:00:51,0.00141410,2.63000000
2018-02-27 17:00:51,0.00141400,30.62000000
2018-02-27 17:00:51,0.00141390,127.88000000
2018-02-27 17:00:52,0.00141500,2.72000000
2018-02-27 17:00:53,0.00141500,101.58000000
2018-02-27 17:00:53,0.00141500,11.07000000
2018-02-27 17:00:53,0.00141500,1.70000000
2018-02-27 17:00:53,0.00141500,7.06000000
2018-02-27 17:00:55,0.00141500,25.86000000
2018-02-27 17:00:55,0.00141500,7.04000000
2018-02-27 17:00:55,0.00141500,4.47000000
2018-02-27 17:00:55,0.00141500,4.47000000
2018-02-27 17:00:55,0.00141430,17.66000000
2018-02-27 17:00:55,0.00141390,432.51000000
2018-02-27 17:00:55,0.00141390,7.04000000
2018-02-27 17:00:57,0.00141390,300.00000000
2018-02-27 17:00:57,0.00141390,49.88000000
2018-02-27 17:00:58,0.00141390,8.50000000
2018-02-27 17:00:58,0.00141390,79.49000000
2018-02-27 17:00:58,0.00141490,137.02000000
2018-02-27 17:00:58,0.00141390,16.74000000
2018-02-27 17:00:58,0.00141390,5.01000000
2018-02-27 17:00:59,0.00141390,5.01000000
2018-02-27 17:00:59,0.00141390,14.35000000
2018-02-27 17:00:59,0.00141390,5.01000000
2018-02-27 17:01:00,0.00141390,5.01000000
2018-02-27 17:01:00,0.00141390,2.00000000
2018-02-27 17:01:00,0.00141390,1.70000000
2018-02-27 17:01:00,0.00141390,5.01000000
2018-02-27 17:01:00,0.00141350,12.62000000
2018-02-27 17:01:00,0.00141290,103.29000000
2018-02-27 17:01:00,0.00141270,28.59000000
2018-02-27 17:01:00,0.00141390,5.01000000
2018-02-27 17:01:01,0.00141390,5.01000000
2018-02-27 17:01:01,0.00141390,5.01000000
2018-02-27 17:01:01,0.00141320,115.04000000
2018-02-27 17:01:01,0.00141390,5.01000000
2018-02-27 17:01:02,0.00141390,15.35000000
2018-02-27 17:01:03,0.00141300,1.00000000
2018-02-27 17:01:04,0.00141300,11.63000000
2018-02-27 17:01:04,0.00141380,0.71000000
2018-02-27 17:01:04,0.00141380,3.33000000
2018-02-27 17:01:05,0.00141300,5.24000000
2018-02-27 17:01:05,0.00141270,21.19000000
2018-02-27 17:01:05,0.00141250,5.33000000
2018-02-27 17:01:05,0.00141230,108.86000000
2018-02-27 17:01:05,0.00141230,5.82000000
2018-02-27 17:01:06,0.00141230,1.62000000
2018-02-27 17:01:06,0.00141230,11.67000000
2018-02-27 17:01:06,0.00141230,17.14000000
2018-02-27 17:01:06,0.00141300,33.68000000
2018-02-27 17:01:06,0.00141230,176.00000000
2018-02-27 17:01:06,0.00141210,528.87000000
2018-02-27 17:01:07,0.00141300,38.70000000
2018-02-27 17:01:07,0.00141210,9.25000000
2018-02-27 17:01:07,0.00141210,8.80000000
2018-02-27 17:01:07,0.00141200,443.08000000
2018-02-27 17:01:09,0.00141210,5.01000000
2018-02-27 17:01:09,0.00141200,1476.27000000
2018-02-27 17:01:09,0.00141160,1.01000000
2018-02-27 17:01:09,0.00141150,282.66000000
2018-02-27 17:01:09,0.00141130,9.33000000
2018-02-27 17:01:09,0.00141120,1537.84000000
2018-02-27 17:01:09,0.00141200,5.01000000
2018-02-27 17:01:09,0.00141100,480.07000000
2018-02-27 17:01:09,0.00141090,22.00000000
2018-02-27 17:01:09,0.00141050,104.56000000
2018-02-27 17:01:09,0.00141040,26.06000000
2018-02-27 17:01:09,0.00141030,3.36000000
2018-02-27 17:01:09,0.00141010,100.00000000
2018-02-27 17:01:09,0.00141000,796.06000000
2018-02-27 17:01:09,0.00141050,467.73000000
2018-02-27 17:01:09,0.00141050,188.21000000
2018-02-27 17:01:09,0.00141050,185.03000000
2018-02-27 17:01:09,0.00141050,2.00000000
2018-02-27 17:01:09,0.00141050,169.27000000
2018-02-27 17:01:09,0.00141050,100.00000000
2018-02-27 17:01:09,0.00141050,4.06000000
2018-02-27 17:01:09,0.00141050,10.70000000
2018-02-27 17:01:09,0.00141050,48.97000000
2018-02-27 17:01:09,0.00141050,199.80000000
2018-02-27 17:01:09,0.00141200,5.01000000
2018-02-27 17:01:10,0.00141200,25.00000000
2018-02-27 17:01:10,0.00141050,33.61000000
2018-02-27 17:01:11,0.00141200,1.06000000
2018-02-27 17:01:11,0.00141200,3.85000000
2018-02-27 17:01:11,0.00141200,1.42000000
2018-02-27 17:01:11,0.00141050,68.42000000
2018-02-27 17:01:11,0.00141200,4.95000000
2018-02-27 17:01:12,0.00141050,5.00000000
2018-02-27 17:01:12,0.00141050,31.81000000
2018-02-27 17:01:12,0.00141200,19.15000000
2018-02-27 17:01:13,0.00141200,11.75000000
2018-02-27 17:01:13,0.00141200,5.67000000
2018-02-27 17:01:14,0.00141200,2.12000000
2018-02-27 17:01:14,0.00141050,25.72000000
2018-02-27 17:01:14,0.00141050,632.09000000
2018-02-27 17:01:14,0.00141000,2337.97000000
2018-02-27 17:01:14,0.00141000,10.00000000
2018-02-27 17:01:15,0.00141000,3.50000000
2018-02-27 17:01:15,0.00141000,0.71000000
2018-02-27 17:01:16,0.00140990,10.00000000
2018-02-27 17:01:17,0.00140990,5.45000000
2018-02-27 17:01:17,0.00140990,2.78000000
2018-02-27 17:01:17,0.00140980,3.51000000
2018-02-27 17:01:17,0.00140970,2.99000000
2018-02-27 17:01:17,0.00140940,11.67000000
2018-02-27 17:01:17,0.00140900,24.94000000
2018-02-27 17:01:17,0.00140890,13.19000000
2018-02-27 17:01:17,0.00140850,17.78000000
2018-02-27 17:01:17,0.00140830,81.04000000
2018-02-27 17:01:18,0.00140900,275.62000000
2018-02-27 17:01:18,0.00140980,0.85000000
2018-02-27 17:01:19,0.00140980,191.16000000
2018-02-27 17:01:19,0.00140990,39.56000000
2018-02-27 17:01:19,0.00140840,12.93000000
2018-02-27 17:01:19,0.00140840,23.07000000
2018-02-27 17:01:19,0.00140830,13.97000000
2018-02-27 17:01:21,0.00140830,34.87000000
2018-02-27 17:01:21,0.00140830,31.67000000
2018-02-27 17:01:22,0.00140840,3.54000000
2018-02-27 17:01:22,0.00140830,350.87000000
2018-02-27 17:01:22,0.00140800,11.44000000
2018-02-27 17:01:22,0.00140790,8.05000000
2018-02-27 17:01:22,0.00140780,475.28000000
2018-02-27 17:01:22,0.00140780,9.19000000
2018-02-27 17:01:22,0.00140750,14.52000000
2018-02-27 17:01:22,0.00140740,33.11000000
2018-02-27 17:01:22,0.00140730,29.42000000
2018-02-27 17:01:22,0.00140720,10.59000000
2018-02-27 17:01:22,0.00140710,11.46000000
2018-02-27 17:01:22,0.00140700,26.48000000
2018-02-27 17:01:22,0.00140700,326.82000000
2018-02-27 17:01:22,0.00140700,109.46000000
2018-02-27 17:01:22,0.00140660,32.62000000
2018-02-27 17:01:22,0.00140710,18.89000000
2018-02-27 17:01:22,0.00140710,1.51000000
2018-02-27 17:01:23,0.00140710,5.95000000
2018-02-27 17:01:23,0.00140660,10.00000000
2018-02-27 17:01:23,0.00140710,8.75000000
2018-02-27 17:01:23,0.00140660,21.29000000
2018-02-27 17:01:24,0.00140710,5.68000000
2018-02-27 17:01:24,0.00140670,99.78000000
2018-02-27 17:01:25,0.00140670,12.65000000
2018-02-27 17:01:25,0.00140660,117.64000000
2018-02-27 17:01:25,0.00140660,300.00000000
2018-02-27 17:01:25,0.00140660,6.57000000
2018-02-27 17:01:25,0.00140650,177.21000000
2018-02-27 17:01:25,0.00140640,12.98000000
2018-02-27 17:01:26,0.00140710,12.64000000
2018-02-27 17:01:26,0.00140670,3.55000000
2018-02-27 17:01:26,0.00140640,16.57000000
2018-02-27 17:01:26,0.00140640,1.07000000
2018-02-27 17:01:27,0.00140640,1.51000000
2018-02-27 17:01:27,0.00140630,15.10000000
2018-02-27 17:01:27,0.00140610,21.16000000
2018-02-27 17:01:27,0.00140630,5.44000000
2018-02-27 17:01:28,0.00140630,7.09000000
2018-02-27 17:01:28,0.00140610,54.34000000
2018-02-27 17:01:28,0.00140630,0.54000000
2018-02-27 17:01:29,0.00140640,3.65000000
2018-02-27 17:01:30,0.00140640,28.35000000
2018-02-27 17:01:30,0.00140640,2.56000000
2018-02-27 17:01:30,0.00140630,19.59000000
2018-02-27 17:01:30,0.00140610,102.79000000
2018-02-27 17:01:31,0.00140640,10.35000000
2018-02-27 17:01:31,0.00140640,3.41000000
2018-02-27 17:01:31,0.00140630,22.46000000
2018-02-27 17:01:32,0.00140640,1.52000000
2018-02-27 17:01:32,0.00140630,37.54000000
2018-02-27 17:01:32,0.00140610,81.02000000
2018-02-27 17:01:32,0.00140600,37.24000000
2018-02-27 17:01:32,0.00140560,0.79000000
2018-02-27 17:01:32,0.00140550,117.42000000
2018-02-27 17:01:32,0.00140500,64.97000000
2018-02-27 17:01:32,0.00140500,89.00000000
2018-02-27 17:01:32,0.00140500,8.00000000
2018-02-27 17:01:32,0.00140500,72.27000000
2018-02-27 17:01:32,0.00140480,0.87000000
2018-02-27 17:01:32,0.00140470,1.53000000
2018-02-27 17:01:32,0.00140440,72.19000000
2018-02-27 17:01:33,0.00140640,6.58000000
2018-02-27 17:01:33,0.00140640,7.41000000
2018-02-27 17:01:33,0.00140640,7.37000000
2018-02-27 17:01:33,0.00140620,128.89000000
2018-02-27 17:01:34,0.00140640,34.75000000
2018-02-27 17:01:35,0.00140660,33.32000000
2018-02-27 17:01:35,0.00140660,145.02000000
2018-02-27 17:01:35,0.00140670,387.59000000
2018-02-27 17:01:35,0.00140710,24.27000000
2018-02-27 17:01:35,0.00140830,7.00000000
2018-02-27 17:01:35,0.00140990,90.82000000
2018-02-27 17:01:35,0.00141000,255.87000000
2018-02-27 17:01:36,0.00140660,7.83000000
2018-02-27 17:01:36,0.00140650,58.07000000
2018-02-27 17:01:36,0.00140650,4.99000000
2018-02-27 17:01:36,0.00140650,16.61000000
2018-02-27 17:01:36,0.00140660,15.18000000
2018-02-27 17:01:36,0.00140670,36.00000000
2018-02-27 17:01:36,0.00140660,51.38000000
2018-02-27 17:01:36,0.00140650,114.73000000
2018-02-27 17:01:37,0.00141180,3.16000000
2018-02-27 17:01:37,0.00141180,10.88000000
2018-02-27 17:01:37,0.00141190,6.21000000
2018-02-27 17:01:37,0.00141190,0.85000000
2018-02-27 17:01:37,0.00141190,1.04000000
2018-02-27 17:01:37,0.00141190,1.13000000
2018-02-27 17:01:37,0.00141190,1.56000000
2018-02-27 17:01:37,0.00141190,1.06000000
2018-02-27 17:01:37,0.00141190,1.04000000
2018-02-27 17:01:37,0.00141190,4.63000000
2018-02-27 17:01:38,0.00141180,1.52000000
2018-02-27 17:01:38,0.00141180,6.91000000
2018-02-27 17:01:38,0.00141180,1.31000000
2018-02-27 17:01:38,0.00141180,1.65000000
2018-02-27 17:01:38,0.00141180,1.79000000
2018-02-27 17:01:38,0.00141180,3.47000000
2018-02-27 17:01:38,0.00141180,2.72000000
2018-02-27 17:01:38,0.00141200,1.25000000
2018-02-27 17:01:38,0.00140990,0.78000000
2018-02-27 17:01:39,0.00140990,0.81000000
2018-02-27 17:01:39,0.00140990,8.27000000
2018-02-27 17:01:39,0.00140990,1.72000000
2018-02-27 17:01:39,0.00140990,15.55000000
2018-02-27 17:01:39,0.00140990,26.72000000
2018-02-27 17:01:39,0.00140990,1.73000000
2018-02-27 17:01:39,0.00140990,1.70000000
2018-02-27 17:01:39,0.00140990,1.77000000
2018-02-27 17:01:39,0.00140990,2.34000000
2018-02-27 17:01:39,0.00140990,0.62000000
2018-02-27 17:01:39,0.00140710,14.21000000
2018-02-27 17:01:39,0.00140700,304.01000000
2018-02-27 17:01:39,0.00140690,7.86000000
2018-02-27 17:01:39,0.00140650,132.00000000
2018-02-27 17:01:39,0.00141220,2.00000000
2018-02-27 17:01:40,0.00141210,1.63000000
2018-02-27 17:01:40,0.00141210,14.20000000
2018-02-27 17:01:40,0.00141210,7.01000000
2018-02-27 17:01:40,0.00141210,1.74000000
2018-02-27 17:01:40,0.00141210,12.07000000
2018-02-27 17:01:40,0.00141210,1.17000000
2018-02-27 17:01:41,0.00141210,1.70000000
2018-02-27 17:01:41,0.00141210,1.86000000
2018-02-27 17:01:41,0.00141210,5.31000000
2018-02-27 17:01:41,0.00141210,20.37000000
2018-02-27 17:01:41,0.00141210,2.12000000
2018-02-27 17:01:41,0.00141210,3.53000000
2018-02-27 17:01:41,0.00141210,1.04000000
2018-02-27 17:01:41,0.00141210,0.67000000
2018-02-27 17:01:42,0.00141220,9.70000000
2018-02-27 17:01:42,0.00141220,1.70000000
2018-02-27 17:01:42,0.00141000,17.87000000
2018-02-27 17:01:42,0.00140990,3.94000000
2018-02-27 17:01:42,0.00141000,1.74000000
2018-02-27 17:01:42,0.00141000,16.26000000
2018-02-27 17:01:42,0.00141220,1.70000000
2018-02-27 17:01:43,0.00140800,140.11000000
2018-02-27 17:01:43,0.00141170,1.41000000
2018-02-27 17:01:43,0.00141170,2.14000000
2018-02-27 17:01:43,0.00141220,1.11000000
2018-02-27 17:01:43,0.00141230,6.72000000
2018-02-27 17:01:44,0.00141190,16.12000000
2018-02-27 17:01:44,0.00141300,1.51000000
2018-02-27 17:01:44,0.00140820,14.20000000
2018-02-27 17:01:44,0.00140810,17.69000000
2018-02-27 17:01:44,0.00140800,81.72000000
2018-02-27 17:01:44,0.00140990,3.54000000
2018-02-27 17:01:45,0.00140990,0.83000000
2018-02-27 17:01:45,0.00140990,4.29000000
2018-02-27 17:01:45,0.00141300,1.04000000
2018-02-27 17:01:45,0.00141300,1.73000000
2018-02-27 17:01:45,0.00141300,18.54000000
2018-02-27 17:01:45,0.00140810,5.58000000
2018-02-27 17:01:45,0.00141300,4.39000000
2018-02-27 17:01:45,0.00141300,1.77000000
2018-02-27 17:01:46,0.00141300,1.70000000
2018-02-27 17:01:46,0.00141300,1.93000000
2018-02-27 17:01:46,0.00141300,2.83000000
2018-02-27 17:01:46,0.00141300,1.77000000
2018-02-27 17:01:46,0.00141300,0.87000000
2018-02-27 17:01:46,0.00141300,2.12000000
2018-02-27 17:01:46,0.00141300,1.13000000
2018-02-27 17:01:46,0.00141180,2.12000000
2018-02-27 17:01:46,0.00141180,0.85000000
2018-02-27 17:01:46,0.00141180,2.29000000
2018-02-27 17:01:46,0.00141300,2.91000000
2018-02-27 17:01:47,0.00141170,5.58000000
2018-02-27 17:01:47,0.00141300,3.22000000
2018-02-27 17:01:47,0.00141110,40.90000000
2018-02-27 17:01:47,0.00140800,63.62000000
2018-02-27 17:01:47,0.00141300,1.72000000
2018-02-27 17:01:47,0.00141300,6.19000000
2018-02-27 17:01:47,0.00141300,6.92000000
2018-02-27 17:01:47,0.00141300,4.95000000
2018-02-27 17:01:47,0.00141300,1.69000000
2018-02-27 17:01:48,0.00141330,7.75000000
2018-02-27 17:01:48,0.00141390,1.93000000
2018-02-27 17:01:48,0.00140820,29.58000000
2018-02-27 17:01:48,0.00140820,11.79000000
2018-02-27 17:01:48,0.00140810,3.00000000
2018-02-27 17:01:48,0.00140800,21.11000000
2018-02-27 17:01:49,0.00141300,6.37000000
2018-02-27 17:01:49,0.00141300,3.39000000
2018-02-27 17:01:49,0.00141300,0.05000000
2018-02-27 17:01:49,0.00141380,1.79000000
2018-02-27 17:01:50,0.00141370,6.79000000
2018-02-27 17:01:50,0.00141300,33.47000000
2018-02-27 17:01:50,0.00141370,2.08000000
2018-02-27 17:01:50,0.00141370,1.73000000
2018-02-27 17:01:50,0.00141370,2.38000000
2018-02-27 17:01:50,0.00141300,2.10000000
2018-02-27 17:01:50,0.00141370,7.02000000
2018-02-27 17:01:50,0.00141380,1.66000000
2018-02-27 17:01:50,0.00141380,4.45000000
2018-02-27 17:01:50,0.00141390,21.07000000
2018-02-27 17:01:50,0.00141500,50.00000000
2018-02-27 17:01:50,0.00141840,40.90000000
2018-02-27 17:01:50,0.00142100,23.54000000
2018-02-27 17:01:50,0.00141310,2.29000000
2018-02-27 17:01:51,0.00141310,17.71000000
2018-02-27 17:01:51,0.00141300,4.00000000
2018-02-27 17:01:51,0.00141320,2.10000000
2018-02-27 17:01:52,0.00141380,34.81000000
2018-02-27 17:01:52,0.00141380,475.56000000
2018-02-27 17:01:52,0.00141380,180.51000000
2018-02-27 17:01:52,0.00141330,21.44000000
2018-02-27 17:01:53,0.00142080,1.73000000
2018-02-27 17:01:53,0.00142080,3.52000000
2018-02-27 17:01:53,0.00142080,2.25000000
2018-02-27 17:01:53,0.00142080,12.50000000
2018-02-27 17:01:53,0.00142090,14.60000000
2018-02-27 17:01:53,0.00142090,0.84000000
2018-02-27 17:01:53,0.00141740,4.22000000
2018-02-27 17:01:53,0.00141740,285.24000000
2018-02-27 17:01:53,0.00141740,4.22000000
2018-02-27 17:01:53,0.00141400,9.92000000
2018-02-27 17:01:53,0.00141400,4.22000000
2018-02-27 17:01:53,0.00141390,0.78000000
2018-02-27 17:01:54,0.00142080,7.90000000
2018-02-27 17:01:54,0.00142090,15.15000000
2018-02-27 17:01:54,0.00142100,11.53000000
2018-02-27 17:01:54,0.00142100,7.04000000
2018-02-27 17:01:54,0.00142100,1.33000000
2018-02-27 17:01:55,0.00142090,3.52000000
2018-02-27 17:01:55,0.00142090,10.20000000
2018-02-27 17:01:55,0.00142080,18.63000000
2018-02-27 17:01:55,0.00142090,148.91000000
2018-02-27 17:01:55,0.00142100,207.37000000
2018-02-27 17:01:55,0.00142100,11.53000000
2018-02-27 17:01:55,0.00141450,4.24000000
2018-02-27 17:01:56,0.00142090,2.41000000
2018-02-27 17:01:56,0.00142090,0.96000000
2018-02-27 17:01:56,0.00142090,7.04000000
2018-02-27 17:01:57,0.00142080,1.76000000
2018-02-27 17:01:57,0.00142080,2.11000000
2018-02-27 17:01:57,0.00141470,3.00000000
2018-02-27 17:01:57,0.00141470,5.00000000
2018-02-27 17:01:57,0.00141470,27.76000000
2018-02-27 17:01:57,0.00142080,1.97000000
2018-02-27 17:01:57,0.00142080,1.76000000
2018-02-27 17:01:58,0.00141980,1.51000000
2018-02-27 17:01:58,0.00142000,0.60000000
2018-02-27 17:01:59,0.00141990,3.38000000
2018-02-27 17:01:59,0.00141990,2.14000000
2018-02-27 17:01:59,0.00141990,5.98000000
2018-02-27 17:01:59,0.00141520,2.13000000
2018-02-27 17:02:00,0.00142000,63.61000000
2018-02-27 17:02:00,0.00142000,12.14000000
2018-02-27 17:02:00,0.00141990,3.45000000
2018-02-27 17:02:00,0.00141990,0.28000000
2018-02-27 17:02:00,0.00142000,1.21000000
2018-02-27 17:02:01,0.00141530,3.52000000
2018-02-27 17:02:01,0.00142000,5.68000000
2018-02-27 17:02:01,0.00141530,3.31000000
2018-02-27 17:02:01,0.00141960,8.54000000
2018-02-27 17:02:01,0.00141980,13.54000000
2018-02-27 17:02:01,0.00142000,27.92000000
2018-02-27 17:02:02,0.00142000,2.11000000
2018-02-27 17:02:02,0.00141540,7.10000000
2018-02-27 17:02:02,0.00141520,4.97000000
2018-02-27 17:02:02,0.00141490,2.10000000
2018-02-27 17:02:02,0.00141480,0.83000000
2018-02-27 17:02:03,0.00141500,0.19000000
2018-02-27 17:02:03,0.00141530,6.99000000
2018-02-27 17:02:03,0.00141950,32.24000000
2018-02-27 17:02:03,0.00141960,8.25000000
2018-02-27 17:02:03,0.00141970,7.10000000
2018-02-27 17:02:03,0.00141980,7.10000000
2018-02-27 17:02:03,0.00142000,8.92000000
2018-02-27 17:02:04,0.00141970,10.00000000
2018-02-27 17:02:04,0.00141530,1.07000000
2018-02-27 17:02:04,0.00141530,5.00000000
2018-02-27 17:02:05,0.00142000,100.00000000
2018-02-27 17:02:05,0.00141950,8.00000000
2018-02-27 17:02:05,0.00141540,8.00000000
2018-02-27 17:02:05,0.00141540,4.00000000
2018-02-27 17:02:05,0.00141540,2.13000000
2018-02-27 17:02:05,0.00141530,21.67000000
2018-02-27 17:02:05,0.00141520,1.84000000
2018-02-27 17:02:05,0.00141400,11.22000000
2018-02-27 17:02:05,0.00141560,7.10000000
2018-02-27 17:02:06,0.00141420,2.13000000
2018-02-27 17:02:06,0.00141910,5.67000000
2018-02-27 17:02:06,0.00141930,3.54000000
2018-02-27 17:02:06,0.00141970,12.06000000
2018-02-27 17:02:06,0.00141960,2.13000000
2018-02-27 17:02:06,0.00141970,1.95000000
2018-02-27 17:02:07,0.00141960,1.58000000
2018-02-27 17:02:07,0.00141480,25.26000000
2018-02-27 17:02:07,0.00141490,5.00000000
2018-02-27 17:02:09,0.00141520,5.00000000
2018-02-27 17:02:09,0.00141940,2.46000000
2018-02-27 17:02:09,0.00141940,10.09000000
2018-02-27 17:02:09,0.00141950,7.93000000
2018-02-27 17:02:09,0.00141960,0.91000000
2018-02-27 17:02:10,0.00141960,6.93000000
2018-02-27 17:02:10,0.00141960,7.10000000
2018-02-27 17:02:10,0.00141960,6.90000000
2018-02-27 17:02:11,0.00141960,1.66000000
2018-02-27 17:02:11,0.00141960,0.02000000
2018-02-27 17:02:12,0.00141610,2.70000000
2018-02-27 17:02:13,0.00141630,6.31000000
2018-02-27 17:02:13,0.00141620,14.12000000
2018-02-27 17:02:13,0.00141600,41.57000000
2018-02-27 17:02:13,0.00141650,7.10000000
2018-02-27 17:02:13,0.00141600,2.05000000
2018-02-27 17:02:13,0.00141920,7.10000000
2018-02-27 17:02:13,0.00141940,0.78000000
2018-02-27 17:02:14,0.00141960,122.06000000
2018-02-27 17:02:14,0.00141600,27.73000000
2018-02-27 17:02:14,0.00141600,1.50000000
2018-02-27 17:02:14,0.00141970,5.21000000
2018-02-27 17:02:14,0.00141600,5.00000000
2018-02-27 17:02:15,0.00141780,142.73000000
2018-02-27 17:02:15,0.00141600,35.40000000
2018-02-27 17:02:16,0.00141960,5.71000000
2018-02-27 17:02:16,0.00141600,80.16000000
2018-02-27 17:02:16,0.00141620,5.00000000
2018-02-27 17:02:17,0.00141620,2.10000000
2018-02-27 17:02:17,0.00141540,23.21000000
2018-02-27 17:02:17,0.00141500,15.00000000
2018-02-27 17:02:17,0.00141520,17.95000000
2018-02-27 17:02:17,0.00141520,2.00000000
2018-02-27 17:02:18,0.00141520,4.74000000
2018-02-27 17:02:18,0.00141910,8.91000000
2018-02-27 17:02:18,0.00141920,36.35000000
2018-02-27 17:02:18,0.00141920,4.37000000
2018-02-27 17:02:18,0.00141500,5.00000000
2018-02-27 17:02:18,0.00141500,21.62000000
2018-02-27 17:02:19,0.00141910,20.00000000
2018-02-27 17:02:19,0.00141920,19.36000000
2018-02-27 17:02:19,0.00141930,7.10000000
2018-02-27 17:02:19,0.00141940,7.10000000
2018-02-27 17:02:19,0.00141960,122.44000000
2018-02-27 17:02:19,0.00141980,28.88000000
2018-02-27 17:02:19,0.00142000,49.12000000
2018-02-27 17:02:19,0.00142000,2.69000000
2018-02-27 17:02:20,0.00141990,37.17000000
2018-02-27 17:02:20,0.00142000,150.96000000
2018-02-27 17:02:20,0.00141510,5.00000000
2018-02-27 17:02:21,0.00141930,4.00000000
2018-02-27 17:02:21,0.00141930,11.00000000
2018-02-27 17:02:21,0.00141920,5.68000000
2018-02-27 17:02:22,0.00141520,11.00000000
2018-02-27 17:02:22,0.00141520,16.93000000
2018-02-27 17:02:22,0.00141500,33.07000000
2018-02-27 17:02:22,0.00141500,5.00000000
2018-02-27 17:02:23,0.00141990,37.54000000
2018-02-27 17:02:23,0.00141980,12.68000000
2018-02-27 17:02:23,0.00141970,29.70000000
2018-02-27 17:02:23,0.00141970,16.53000000
2018-02-27 17:02:23,0.00141970,8.82000000
2018-02-27 17:02:24,0.00141980,85.05000000
2018-02-27 17:02:24,0.00142000,17.19000000
2018-02-27 17:02:24,0.00141970,352.97000000
2018-02-27 17:02:24,0.00141510,13.38000000
2018-02-27 17:02:24,0.00141510,1.24000000
2018-02-27 17:02:25,0.00141520,7.95000000
2018-02-27 17:02:25,0.00141510,22.92000000
2018-02-27 17:02:25,0.00141500,36.13000000
2018-02-27 17:02:25,0.00141550,5.65000000
2018-02-27 17:02:25,0.00141500,5.09000000
2018-02-27 17:02:26,0.00141510,5.00000000
2018-02-27 17:02:27,0.00141510,54.00000000
2018-02-27 17:02:27,0.00141500,5.00000000
2018-02-27 17:02:27,0.00141500,4.68000000
2018-02-27 17:02:27,0.00141500,5.65000000
2018-02-27 17:02:27,0.00141500,6.86000000
2018-02-27 17:02:27,0.00141500,1.45000000
2018-02-27 17:02:27,0.00141500,23.33000000
2018-02-27 17:02:27,0.00141500,13.21000000
2018-02-27 17:02:27,0.00141480,35.40000000
2018-02-27 17:02:27,0.00141500,46.21000000
2018-02-27 17:02:27,0.00141480,20.00000000
2018-02-27 17:02:28,0.00141500,1.98000000
2018-02-27 17:02:28,0.00141500,7.29000000
2018-02-27 17:02:28,0.00141480,5.00000000
2018-02-27 17:02:29,0.00141500,2.12000000
2018-02-27 17:02:29,0.00141500,11.60000000
2018-02-27 17:02:30,0.00141480,1.38000000
2018-02-27 17:02:31,0.00141500,80.00000000
2018-02-27 17:02:31,0.00141480,6.77000000
2018-02-27 17:02:31,0.00141500,1.45000000
2018-02-27 17:02:31,0.00141500,14.14000000
2018-02-27 17:02:32,0.00141500,71.12000000
2018-02-27 17:02:32,0.00141500,50.45000000
2018-02-27 17:02:33,0.00141500,9.96000000
2018-02-27 17:02:33,0.00141460,19.08000000
2018-02-27 17:02:33,0.00141460,284.22000000
2018-02-27 17:02:33,0.00141500,629.48000000
2018-02-27 17:02:33,0.00141460,5.00000000
2018-02-27 17:02:34,0.00141500,1.77000000
2018-02-27 17:02:34,0.00141500,107.60000000
2018-02-27 17:02:34,0.00141460,5.00000000
2018-02-27 17:02:34,0.00141500,1.69000000
2018-02-27 17:02:35,0.00141500,32.58000000
2018-02-27 17:02:36,0.00141460,6.31000000
2018-02-27 17:02:36,0.00141460,5.00000000
2018-02-27 17:02:38,0.00141500,7.06000000
2018-02-27 17:02:38,0.00141460,281.99000000
2018-02-27 17:02:38,0.00141430,24.64000000
2018-02-27 17:02:38,0.00141300,76.04000000
2018-02-27 17:02:38,0.00141010,19.22000000
2018-02-27 17:02:38,0.00141000,575.59000000
2018-02-27 17:02:38,0.00141460,1.00000000
2018-02-27 17:02:38,0.00141460,2.36000000
2018-02-27 17:02:38,0.00141020,1.64000000
2018-02-27 17:02:39,0.00141490,12.21000000
2018-02-27 17:02:40,0.00141490,1.77000000
2018-02-27 17:02:40,0.00141480,1.45000000
2018-02-27 17:02:40,0.00141460,5.00000000
2018-02-27 17:02:40,0.00141460,78.25000000
2018-02-27 17:02:40,0.00141480,2.54000000
2018-02-27 17:02:40,0.00141480,1.41000000
2018-02-27 17:02:41,0.00141460,11.91000000
2018-02-27 17:02:41,0.00141030,56.00000000
2018-02-27 17:02:41,0.00141020,7.10000000
2018-02-27 17:02:41,0.00141010,194.01000000
2018-02-27 17:02:41,0.00141000,55.05000000
2018-02-27 17:02:42,0.00141480,2.00000000
2018-02-27 17:02:42,0.00141390,3.16000000
2018-02-27 17:02:43,0.00141380,2.31000000
2018-02-27 17:02:43,0.00141380,1.22000000
2018-02-27 17:02:43,0.00141380,2.49000000
2018-02-27 17:02:43,0.00141390,3.56000000
2018-02-27 17:02:44,0.00141040,6.54000000
2018-02-27 17:02:44,0.00141200,10.00000000
2018-02-27 17:02:44,0.00141200,146.57000000
2018-02-27 17:02:44,0.00141200,7.33000000
2018-02-27 17:02:44,0.00141200,2.67000000
2018-02-27 17:02:45,0.00141380,1.72000000
2018-02-27 17:02:45,0.00141240,38.65000000
2018-02-27 17:02:45,0.00141380,1.14000000
2018-02-27 17:02:46,0.00141380,1.14000000
2018-02-27 17:02:46,0.00141240,1.97000000
2018-02-27 17:02:46,0.00141380,1.73000000
2018-02-27 17:02:46,0.00141380,1.20000000
2018-02-27 17:02:46,0.00141380,1.02000000
2018-02-27 17:02:46,0.00141240,58.66000000
2018-02-27 17:02:48,0.00141400,1.73000000
2018-02-27 17:02:48,0.00141400,1.74000000
2018-02-27 17:02:48,0.00141400,2.77000000
2018-02-27 17:02:49,0.00141240,50.50000000
2018-02-27 17:02:49,0.00141050,14.15000000
2018-02-27 17:02:49,0.00141040,63.46000000
2018-02-27 17:02:49,0.00141030,1.00000000
2018-02-27 17:02:49,0.00141030,2.90000000
2018-02-27 17:02:49,0.00141030,2.90000000
2018-02-27 17:02:49,0.00141030,94.41000000
2018-02-27 17:02:49,0.00141030,2.30000000
2018-02-27 17:02:49,0.00141030,468.38000000
2018-02-27 17:02:50,0.00141400,1.82000000
2018-02-27 17:02:51,0.00141050,3.80000000
2018-02-27 17:02:51,0.00141390,1.77000000
2018-02-27 17:02:51,0.00141390,1.73000000
2018-02-27 17:02:51,0.00141080,5.00000000
2018-02-27 17:02:51,0.00141050,7.31000000
2018-02-27 17:02:52,0.00141390,2.90000000
2018-02-27 17:02:52,0.00141390,7.07000000
2018-02-27 17:02:52,0.00141390,0.69000000
2018-02-27 17:02:52,0.00141400,1.07000000
2018-02-27 17:02:52,0.00141400,1.57000000
2018-02-27 17:02:53,0.00141400,3.04000000
2018-02-27 17:02:54,0.00141400,55.82000000
2018-02-27 17:02:54,0.00141400,352.00000000
2018-02-27 17:02:55,0.00141400,2.05000000
2018-02-27 17:02:56,0.00141250,8.92000000
2018-02-27 17:02:56,0.00141060,14.17000000
2018-02-27 17:02:56,0.00141060,51.52000000
2018-02-27 17:02:56,0.00141390,2.45000000
2018-02-27 17:02:56,0.00141400,1.00000000
2018-02-27 17:02:56,0.00141400,0.71000000
2018-02-27 17:02:56,0.00141400,1.66000000
2018-02-27 17:02:56,0.00141400,3.68000000
2018-02-27 17:02:57,0.00141400,18.29000000
2018-02-27 17:02:57,0.00141480,7.18000000
2018-02-27 17:02:57,0.00141260,2.48000000
2018-02-27 17:02:57,0.00141250,46.47000000
2018-02-27 17:02:58,0.00141330,1.22000000
2018-02-27 17:02:58,0.00141330,12.95000000
2018-02-27 17:02:59,0.00141400,14.22000000
2018-02-27 17:02:59,0.00141480,3.00000000
2018-02-27 17:02:59,0.00141400,681.66000000
2018-02-27 17:03:00,0.00141490,20.00000000
2018-02-27 17:03:00,0.00141250,376.22000000
2018-02-27 17:03:00,0.00141500,376.22000000
2018-02-27 17:03:01,0.00141120,9.68000000
2018-02-27 17:03:01,0.00141300,1.56000000
2018-02-27 17:03:02,0.00141300,0.24000000
2018-02-27 17:03:02,0.00141400,1.53000000
2018-02-27 17:03:02,0.00141400,1.74000000
2018-02-27 17:03:02,0.00141250,55.57000000
2018-02-27 17:03:03,0.00141400,1.55000000
2018-02-27 17:03:03,0.00141160,5.92000000
2018-02-27 17:03:03,0.00141400,1.72000000
2018-02-27 17:03:04,0.00141400,1.64000000
2018-02-27 17:03:04,0.00141400,1.69000000
2018-02-27 17:03:04,0.00141400,1.73000000
2018-02-27 17:03:04,0.00141190,4.40000000
2018-02-27 17:03:04,0.00141180,7.10000000
2018-02-27 17:03:05,0.00141250,1.22000000
2018-02-27 17:03:05,0.00141250,0.94000000
2018-02-27 17:03:05,0.00141380,1.68000000
2018-02-27 17:03:05,0.00141380,2.29000000
2018-02-27 17:03:06,0.00141380,1.77000000
2018-02-27 17:03:06,0.00141150,3.35000000
2018-02-27 17:03:06,0.00141380,1.36000000
2018-02-27 17:03:06,0.00141400,8.66000000
2018-02-27 17:03:07,0.00141300,14.14000000
2018-02-27 17:03:07,0.00141170,7.10000000
2018-02-27 17:03:08,0.00141300,8.66000000
2018-02-27 17:03:08,0.00141110,7.10000000
2018-02-27 17:03:10,0.00141150,26.48000000
2018-02-27 17:03:10,0.00141150,2.04000000
2018-02-27 17:03:10,0.00141130,90.16000000
2018-02-27 17:03:10,0.00141120,957.81000000
2018-02-27 17:03:10,0.00141060,329.02000000
2018-02-27 17:03:10,0.00141050,3.49000000
2018-02-27 17:03:11,0.00141080,3.54000000
2018-02-27 17:03:11,0.00141030,22.91000000
2018-02-27 17:03:11,0.00141020,57.71000000
2018-02-27 17:03:11,0.00141010,14.18000000
2018-02-27 17:03:11,0.00141000,491.04000000
2018-02-27 17:03:11,0.00141000,0.86000000
2018-02-27 17:03:11,0.00140990,2.68000000
2018-02-27 17:03:11,0.00141150,2.84000000
2018-02-27 17:03:12,0.00141150,1.74000000
2018-02-27 17:03:13,0.00141140,4.98000000
2018-02-27 17:03:13,0.00140990,195.04000000
2018-02-27 17:03:13,0.00140990,0.71000000
2018-02-27 17:03:13,0.00140990,4.18000000
2018-02-27 17:03:14,0.00140990,1.00000000
2018-02-27 17:03:14,0.00140990,20.82000000
2018-02-27 17:03:14,0.00140990,13.37000000
2018-02-27 17:03:14,0.00140990,3.80000000
2018-02-27 17:03:15,0.00140850,109.70000000
2018-02-27 17:03:15,0.00140820,70.04000000
2018-02-27 17:03:15,0.00140800,73.26000000
2018-02-27 17:03:16,0.00140990,6.40000000
2018-02-27 17:03:16,0.00140990,146.76000000
2018-02-27 17:03:17,0.00140990,28.37000000
2018-02-27 17:03:18,0.00140990,2.84000000
2018-02-27 17:03:19,0.00140800,49.85000000
2018-02-27 17:03:19,0.00140790,6.70000000
2018-02-27 17:03:20,0.00140800,1.37000000
2018-02-27 17:03:20,0.00140980,7.10000000
2018-02-27 17:03:20,0.00140990,26.26000000
2018-02-27 17:03:23,0.00140990,188.79000000
2018-02-27 17:03:24,0.00140990,80.98000000
2018-02-27 17:03:24,0.00140790,123.07000000
2018-02-27 17:03:24,0.00140790,38.32000000
2018-02-27 17:03:24,0.00140790,37.17000000
2018-02-27 17:03:25,0.00140790,29.27000000
2018-02-27 17:03:25,0.00140790,5.45000000
2018-02-27 17:03:25,0.00140780,42.60000000
2018-02-27 17:03:26,0.00140790,30.00000000
2018-02-27 17:03:26,0.00140790,1.74000000
2018-02-27 17:03:26,0.00140790,2.04000000
2018-02-27 17:03:26,0.00140790,1.06000000
2018-02-27 17:03:27,0.00140790,5.00000000
2018-02-27 17:03:27,0.00140790,2.23000000
2018-02-27 17:03:28,0.00140790,2.13000000
2018-02-27 17:03:28,0.00140710,38.40000000
2018-02-27 17:03:28,0.00140700,81.88000000
2018-02-27 17:03:29,0.00140700,5.46000000
2018-02-27 17:03:29,0.00140790,6.26000000
2018-02-27 17:03:30,0.00140740,67.59000000
2018-02-27 17:03:30,0.00140790,1506.22000000
2018-02-27 17:03:30,0.00140790,38.52000000
2018-02-27 17:03:32,0.00140990,18.41000000
2018-02-27 17:03:32,0.00141000,6.59000000
2018-02-27 17:03:32,0.00140790,9.61000000
2018-02-27 17:03:32,0.00141000,141.71000000
2018-02-27 17:03:33,0.00140790,14.18000000
2018-02-27 17:03:34,0.00140820,236.55000000
2018-02-27 17:03:34,0.00141000,1.70000000
2018-02-27 17:03:34,0.00141000,1.67000000
2018-02-27 17:03:34,0.00141000,0.66000000
2018-02-27 17:03:34,0.00141000,2.37000000
2018-02-27 17:03:34,0.00141000,3.82000000
2018-02-27 17:03:34,0.00141000,1.74000000
2018-02-27 17:03:35,0.00140820,60.00000000
2018-02-27 17:03:35,0.00140820,44.83000000
2018-02-27 17:03:35,0.00140810,261.17000000
2018-02-27 17:03:35,0.00141000,1.70000000
2018-02-27 17:03:35,0.00141000,1.87000000
2018-02-27 17:03:35,0.00141000,2.38000000
2018-02-27 17:03:35,0.00141000,3.02000000
2018-02-27 17:03:35,0.00140810,79.47000000
2018-02-27 17:03:35,0.00141000,1.41000000
2018-02-27 17:03:35,0.00141000,24.31000000
2018-02-27 17:03:35,0.00141000,1.70000000
2018-02-27 17:03:36,0.00141000,2.59000000
2018-02-27 17:03:36,0.00141000,10.00000000
2018-02-27 17:03:36,0.00140900,50.45000000
2018-02-27 17:03:36,0.00141000,1.73000000
2018-02-27 17:03:36,0.00141000,1.73000000
2018-02-27 17:03:36,0.00141000,1.74000000
2018-02-27 17:03:37,0.00141000,100.00000000
2018-02-27 17:03:37,0.00141000,607.92000000
2018-02-27 17:03:38,0.00141030,35.48000000
2018-02-27 17:03:38,0.00141030,10.05000000
2018-02-27 17:03:38,0.00141070,9.20000000
2018-02-27 17:03:39,0.00141300,50.00000000
2018-02-27 17:03:39,0.00141000,14.96000000
2018-02-27 17:03:40,0.00141300,3.30000000
2018-02-27 17:03:40,0.00141020,7.10000000
2018-02-27 17:03:40,0.00141000,94.71000000
2018-02-27 17:03:40,0.00141000,2.24000000
2018-02-27 17:03:43,0.00141270,71.11000000
2018-02-27 17:03:43,0.00141280,7.10000000
2018-02-27 17:03:43,0.00141300,30.45000000
2018-02-27 17:03:43,0.00141330,10.00000000
2018-02-27 17:03:43,0.00141360,7.10000000
2018-02-27 17:03:43,0.00141380,16.80000000
2018-02-27 17:03:43,0.00141400,303.85000000
2018-02-27 17:03:44,0.00141380,0.73000000
2018-02-27 17:03:44,0.00141380,21.00000000
2018-02-27 17:03:45,0.00141380,9.35000000
2018-02-27 17:03:45,0.00141030,7.87000000
2018-02-27 17:03:45,0.00141020,7.10000000
2018-02-27 17:03:45,0.00141000,42.02000000
2018-02-27 17:03:45,0.00141260,1.84000000
2018-02-27 17:03:46,0.00141120,207.06000000
2018-02-27 17:03:46,0.00141180,10.88000000
2018-02-27 17:03:46,0.00141250,7.87000000
2018-02-27 17:03:46,0.00141260,5.26000000
2018-02-27 17:03:46,0.00141370,5.68000000
2018-02-27 17:03:46,0.00141380,27.34000000
2018-02-27 17:03:46,0.00141400,25.42000000
2018-02-27 17:03:47,0.00141040,14.18000000
2018-02-27 17:03:47,0.00141030,27.89000000
2018-02-27 17:03:47,0.00141020,7.10000000
2018-02-27 17:03:47,0.00141000,514.66000000
2018-02-27 17:03:47,0.00141000,261.88000000
2018-02-27 17:03:47,0.00141240,7.10000000
2018-02-27 17:03:47,0.00141390,20.00000000
2018-02-27 17:03:47,0.00141400,45.69000000
2018-02-27 17:03:47,0.00141400,6.73000000
2018-02-27 17:03:47,0.00141410,7.75000000
2018-02-27 17:03:47,0.00141490,13.70000000
2018-02-27 17:03:47,0.00141500,535.99000000
2018-02-27 17:03:48,0.00141400,186.17000000
2018-02-27 17:03:48,0.00141400,410.31000000
2018-02-27 17:03:49,0.00141490,1.06000000
2018-02-27 17:03:49,0.00141390,453.90000000
2018-02-27 17:03:50,0.00141010,6.00000000
2018-02-27 17:03:50,0.00141470,5.56000000
2018-02-27 17:03:51,0.00141400,1.22000000
2018-02-27 17:03:51,0.00141460,1.71000000
2018-02-27 17:03:51,0.00141400,0.59000000
2018-02-27 17:03:52,0.00141180,5.08000000
2018-02-27 17:03:52,0.00141350,2.48000000
2018-02-27 17:03:52,0.00141350,1.81000000
2018-02-27 17:03:52,0.00141360,1.23000000
2018-02-27 17:03:52,0.00141360,5.27000000
2018-02-27 17:03:52,0.00141400,10.00000000
2018-02-27 17:03:52,0.00141180,0.01000000
2018-02-27 17:03:52,0.00141400,1.77000000
2018-02-27 17:03:53,0.00141350,4.23000000
2018-02-27 17:03:53,0.00141350,3.66000000
2018-02-27 17:03:53,0.00141400,24.06000000
2018-02-27 17:03:53,0.00141400,14.62000000
2018-02-27 17:03:53,0.00141470,8.62000000
2018-02-27 17:03:53,0.00141490,6.54000000
2018-02-27 17:03:53,0.00141500,54.68000000
2018-02-27 17:03:54,0.00141490,6.60000000
2018-02-27 17:03:57,0.00141490,1.41000000
2018-02-27 17:03:58,0.00141100,7.10000000
2018-02-27 17:03:58,0.00141090,14.17000000
2018-02-27 17:03:58,0.00141080,34.50000000
2018-02-27 17:03:58,0.00141060,28.01000000
2018-02-27 17:03:58,0.00141060,15.67000000
2018-02-27 17:03:58,0.00141090,2.30000000
2018-02-27 17:03:58,0.00141470,7.10000000
2018-02-27 17:03:58,0.00141480,14.78000000
2018-02-27 17:03:59,0.00141050,7.10000000
2018-02-27 17:03:59,0.00141030,7.10000000
2018-02-27 17:03:59,0.00141010,12.40000000
2018-02-27 17:04:00,0.00141340,1.73000000
2018-02-27 17:04:01,0.00141310,2.41000000
2018-02-27 17:04:01,0.00141310,2.63000000
2018-02-27 17:04:01,0.00141310,0.83000000
2018-02-27 17:04:03,0.00141260,4.65000000
2018-02-27 17:04:04,0.00141240,1.22000000
2018-02-27 17:04:04,0.00141260,4.44000000
2018-02-27 17:04:04,0.00141230,5.93000000
2018-02-27 17:04:05,0.00141230,0.05000000
2018-02-27 17:04:06,0.00141030,3.97000000
2018-02-27 17:04:06,0.00141230,1.59000000
2018-02-27 17:04:06,0.00141230,3.96000000
2018-02-27 17:04:06,0.00141120,79.62000000
2018-02-27 17:04:07,0.00141030,3.13000000
2018-02-27 17:04:07,0.00141010,672.59000000
2018-02-27 17:04:08,0.00141050,61.64000000
2018-02-27 17:04:09,0.00141030,94.32000000
2018-02-27 17:04:09,0.00141050,6.48000000
2018-02-27 17:04:09,0.00141300,2.30000000
2018-02-27 17:04:09,0.00141310,14.17000000
2018-02-27 17:04:09,0.00141310,30.21000000
2018-02-27 17:04:09,0.00141030,18.51000000
2018-02-27 17:04:12,0.00141100,25.18000000
2018-02-27 17:04:12,0.00141100,13.33000000
2018-02-27 17:04:12,0.00141100,2.63000000
2018-02-27 17:04:12,0.00141100,77.86000000
2018-02-27 17:04:12,0.00141050,7.07000000
2018-02-27 17:04:15,0.00141050,17.71000000
2018-02-27 17:04:15,0.00141050,1.00000000
2018-02-27 17:04:15,0.00141050,1.36000000
2018-02-27 17:04:16,0.00141050,6.92000000
2018-02-27 17:04:16,0.00141040,4.52000000
2018-02-27 17:04:16,0.00141030,1.29000000
2018-02-27 17:04:16,0.00141050,7.07000000
2018-02-27 17:04:16,0.00141050,5.34000000
2018-02-27 17:04:17,0.00141170,3.22000000
2018-02-27 17:04:17,0.00141170,215.87000000
2018-02-27 17:04:18,0.00141170,3.22000000
2018-02-27 17:04:18,0.00141040,6.11000000
2018-02-27 17:04:18,0.00141030,118.28000000
2018-02-27 17:04:18,0.00141320,0.71000000
2018-02-27 17:04:19,0.00141100,10.39000000
2018-02-27 17:04:19,0.00141030,27.26000000
2018-02-27 17:04:19,0.00141100,36.09000000
2018-02-27 17:04:20,0.00141030,1.97000000
2018-02-27 17:04:20,0.00141100,5.24000000
2018-02-27 17:04:21,0.00141030,35.28000000
2018-02-27 17:04:21,0.00141100,184.13000000
2018-02-27 17:04:25,0.00141150,150.05000000
2018-02-27 17:04:25,0.00141300,5.66000000
2018-02-27 17:04:26,0.00141300,12.14000000
2018-02-27 17:04:26,0.00141310,29.06000000
2018-02-27 17:04:27,0.00141150,4.62000000
2018-02-27 17:04:27,0.00141150,39.45000000
2018-02-27 17:04:28,0.00141150,5.45000000
2018-02-27 17:04:28,0.00141150,31.00000000
2018-02-27 17:04:28,0.00141150,176.28000000
2018-02-27 17:04:32,0.00141310,1.73000000
2018-02-27 17:04:35,0.00141160,10.61000000
2018-02-27 17:04:35,0.00141320,6.39000000
2018-02-27 17:04:35,0.00141380,49.65000000
2018-02-27 17:04:35,0.00141400,309.67000000
2018-02-27 17:04:35,0.00141430,14.18000000
2018-02-27 17:04:35,0.00141450,80.13000000
2018-02-27 17:04:35,0.00141470,10.40000000
2018-02-27 17:04:35,0.00141480,16.42000000
2018-02-27 17:04:35,0.00141490,85.18000000
2018-02-27 17:04:35,0.00141500,3329.26000000
2018-02-27 17:04:35,0.00141530,110.54000000
2018-02-27 17:04:35,0.00141540,368.08000000
2018-02-27 17:04:35,0.00141790,2.10000000
2018-02-27 17:04:35,0.00141800,341.38000000
2018-02-27 17:04:35,0.00141830,544.12000000
2018-02-27 17:04:35,0.00141840,2.68000000
2018-02-27 17:04:35,0.00141900,352.00000000
2018-02-27 17:04:35,0.00141970,1.99000000
2018-02-27 17:04:35,0.00141990,7.09000000
2018-02-27 17:04:35,0.00142000,395.54000000
2018-02-27 17:04:35,0.00142000,192.73000000
2018-02-27 17:04:35,0.00142000,98.19000000
2018-02-27 17:04:35,0.00142000,557.44000000
2018-02-27 17:04:35,0.00142000,311.00000000
2018-02-27 17:04:35,0.00142060,188.20000000
2018-02-27 17:04:35,0.00142000,5.00000000
2018-02-27 17:04:35,0.00142000,211.59000000
2018-02-27 17:04:35,0.00142000,340.64000000
2018-02-27 17:04:36,0.00142000,156.59000000
2018-02-27 17:04:36,0.00142000,5.83000000
2018-02-27 17:04:36,0.00142010,3.49000000
2018-02-27 17:04:36,0.00142040,2.13000000
2018-02-27 17:04:36,0.00142490,194.48000000
2018-02-27 17:04:36,0.00142500,4.85000000
2018-02-27 17:04:36,0.00142630,34.30000000
2018-02-27 17:04:36,0.00142750,6.64000000
2018-02-27 17:04:36,0.00142840,9.54000000
2018-02-27 17:04:36,0.00142040,7.09000000
2018-02-27 17:04:36,0.00142040,4.86000000
2018-02-27 17:04:36,0.00142030,7.07000000
2018-02-27 17:04:36,0.00142030,0.03000000
2018-02-27 17:04:36,0.00142010,2.86000000
2018-02-27 17:04:37,0.00142010,67.00000000
2018-02-27 17:04:37,0.00142010,31.92000000
2018-02-27 17:04:37,0.00142040,1.46000000
2018-02-27 17:04:37,0.00142470,6.67000000
2018-02-27 17:04:37,0.00142040,142.01000000
2018-02-27 17:04:37,0.00142010,20.99000000
2018-02-27 17:04:37,0.00142470,0.43000000
2018-02-27 17:04:37,0.00142040,49.99000000
2018-02-27 17:04:37,0.00142040,9.74000000
2018-02-27 17:04:38,0.00142040,6.83000000
2018-02-27 17:04:38,0.00142050,20.00000000
2018-02-27 17:04:38,0.00142450,8.18000000
2018-02-27 17:04:38,0.00142460,42.55000000
2018-02-27 17:04:38,0.00142240,5.00000000
2018-02-27 17:04:38,0.00142240,86.64000000
2018-02-27 17:04:38,0.00142050,106.30000000
2018-02-27 17:04:38,0.00142040,84.29000000
2018-02-27 17:04:39,0.00142240,1.21000000
2018-02-27 17:04:39,0.00142230,33.45000000
2018-02-27 17:04:39,0.00142240,3.79000000
2018-02-27 17:04:39,0.00142310,59.31000000
2018-02-27 17:04:39,0.00142320,14.08000000
2018-02-27 17:04:39,0.00142460,52.91000000
2018-02-27 17:04:39,0.00142040,207.85000000
2018-02-27 17:04:39,0.00142060,7.10000000
2018-02-27 17:04:39,0.00142010,16.84000000
2018-02-27 17:04:40,0.00142220,0.84000000
2018-02-27 17:04:40,0.00142220,1.83000000
2018-02-27 17:04:40,0.00142220,7.10000000
2018-02-27 17:04:40,0.00142830,139.94000000
2018-02-27 17:04:40,0.00142840,241.67000000
2018-02-27 17:04:40,0.00142920,3.00000000
2018-02-27 17:04:40,0.00142940,444.32000000
2018-02-27 17:04:40,0.00142080,5.00000000
2018-02-27 17:04:40,0.00142080,78.97000000
2018-02-27 17:04:40,0.00142000,128.03000000
2018-02-27 17:04:41,0.00142010,54.72000000
2018-02-27 17:04:41,0.00142020,73.90000000
2018-02-27 17:04:41,0.00142010,65.53000000
2018-02-27 17:04:41,0.00142240,46.15000000
2018-02-27 17:04:42,0.00142030,36.12000000
2018-02-27 17:04:42,0.00142010,28.24000000
2018-02-27 17:04:43,0.00142890,2.03000000
2018-02-27 17:04:44,0.00142860,22.00000000
2018-02-27 17:04:44,0.00142850,0.84000000
2018-02-27 17:04:45,0.00142170,5.66000000
2018-02-27 17:04:46,0.00142820,17.50000000
2018-02-27 17:04:46,0.00142820,1.75000000
2018-02-27 17:04:46,0.00142200,7.10000000
2018-02-27 17:04:46,0.00142190,22.58000000
2018-02-27 17:04:46,0.00142190,19.68000000
2018-02-27 17:04:47,0.00142180,1.07000000
2018-02-27 17:04:47,0.00142190,8.13000000
2018-02-27 17:04:47,0.00142190,1.49000000
2018-02-27 17:04:47,0.00142790,5.66000000
2018-02-27 17:04:47,0.00142800,7.10000000
2018-02-27 17:04:47,0.00142810,83.83000000
2018-02-27 17:04:47,0.00142840,3.41000000
2018-02-27 17:04:47,0.00142180,22.96000000
2018-02-27 17:04:47,0.00142170,26.69000000
2018-02-27 17:04:47,0.00142840,112.85000000
2018-02-27 17:04:47,0.00142840,14.85000000
2018-02-27 17:04:48,0.00142180,33.45000000
2018-02-27 17:04:48,0.00142180,1.77000000
2018-02-27 17:04:48,0.00142780,3.52000000
2018-02-27 17:04:48,0.00142800,1.33000000
2018-02-27 17:04:48,0.00142900,21.16000000
2018-02-27 17:04:49,0.00142390,28.09000000
2018-02-27 17:04:49,0.00142200,31.77000000
2018-02-27 17:04:49,0.00142190,14.06000000
2018-02-27 17:04:49,0.00142160,5.24000000
2018-02-27 17:04:49,0.00142150,10.60000000
2018-02-27 17:04:49,0.00142130,1.60000000
2018-02-27 17:04:49,0.00142060,27.01000000
2018-02-27 17:04:49,0.00142200,34.69000000
2018-02-27 17:04:49,0.00142870,7.10000000
2018-02-27 17:04:49,0.00142890,35.22000000
2018-02-27 17:04:49,0.00142890,6.99000000
2018-02-27 17:04:49,0.00142890,7.04000000
2018-02-27 17:04:49,0.00142890,13.89000000
2018-02-27 17:04:50,0.00142890,3.94000000
2018-02-27 17:04:50,0.00142890,12.21000000
2018-02-27 17:04:50,0.00142890,21.30000000
2018-02-27 17:04:50,0.00142890,31.77000000
2018-02-27 17:04:50,0.00142890,1.12000000
2018-02-27 17:04:51,0.00142890,6.81000000
2018-02-27 17:04:52,0.00142900,27.01000000
2018-02-27 17:04:52,0.00142910,63.16000000
2018-02-27 17:04:53,0.00142890,10.00000000
2018-02-27 17:04:53,0.00142890,82.37000000
2018-02-27 17:04:54,0.00142890,3.10000000
2018-02-27 17:04:54,0.00142890,3.10000000
2018-02-27 17:04:54,0.00142940,54.60000000
2018-02-27 17:04:55,0.00142890,31.71000000
2018-02-27 17:04:55,0.00142940,2.28000000
2018-02-27 17:04:56,0.00142890,77.74000000
2018-02-27 17:04:56,0.00142940,117.76000000
2018-02-27 17:04:56,0.00142940,2.00000000
2018-02-27 17:04:57,0.00142890,26.69000000
2018-02-27 17:04:57,0.00142920,13.20000000
2018-02-27 17:04:57,0.00142940,27.34000000
2018-02-27 17:04:57,0.00142890,34.87000000
2018-02-27 17:04:57,0.00142890,53.74000000
2018-02-27 17:04:57,0.00142880,14.06000000
2018-02-27 17:04:57,0.00142890,18.08000000
2018-02-27 17:04:57,0.00142940,66.59000000
2018-02-27 17:04:58,0.00142940,3.23000000
2018-02-27 17:04:58,0.00142940,188.25000000
2018-02-27 17:04:58,0.00142940,608.67000000
2018-02-27 17:04:59,0.00142940,0.85000000
2018-02-27 17:04:59,0.00142940,1.77000000
2018-02-27 17:05:00,0.00142940,59.44000000
2018-02-27 17:05:00,0.00142950,3.00000000
2018-02-27 17:05:00,0.00142990,27.62000000
2018-02-27 17:05:01,0.00143000,10.12000000
2018-02-27 17:05:01,0.00142940,0.85000000
2018-02-27 17:05:01,0.00143000,286.81000000
2018-02-27 17:05:01,0.00143040,8.06000000
2018-02-27 17:05:01,0.00142940,967.95000000
2018-02-27 17:05:02,0.00143090,3.32000000
2018-02-27 17:05:02,0.00143100,0.63000000
2018-02-27 17:05:03,0.00143040,9.93000000
2018-02-27 17:05:03,0.00143000,555.50000000
2018-02-27 17:05:03,0.00142940,1044.42000000
2018-02-27 17:05:03,0.00142900,59.52000000
2018-02-27 17:05:03,0.00142890,414.93000000
2018-02-27 17:05:03,0.00143100,2.53000000
2018-02-27 17:05:03,0.00143100,95.54000000
2018-02-27 17:05:05,0.00143000,0.84000000
2018-02-27 17:05:05,0.00142990,59.52000000
2018-02-27 17:05:05,0.00143000,339.73000000
2018-02-27 17:05:05,0.00143030,23.77000000
2018-02-27 17:05:05,0.00143000,1.41000000
2018-02-27 17:05:06,0.00143030,5.52000000
2018-02-27 17:05:06,0.00143000,52.10000000
2018-02-27 17:05:06,0.00143020,0.66000000
2018-02-27 17:05:07,0.00143020,2.84000000
2018-02-27 17:05:07,0.00143030,12.16000000
2018-02-27 17:05:08,0.00143030,5.24000000
2018-02-27 17:05:08,0.00143000,1.60000000
2018-02-27 17:05:09,0.00143000,50.00000000
2018-02-27 17:05:09,0.00143030,8.73000000
2018-02-27 17:05:10,0.00143000,91.20000000
2018-02-27 17:05:11,0.00143000,49.95000000
2018-02-27 17:05:11,0.00143010,103.66000000
2018-02-27 17:05:11,0.00143030,28.55000000
2018-02-27 17:05:11,0.00143030,35.92000000
2018-02-27 17:05:11,0.00143000,157.29000000
2018-02-27 17:05:11,0.00143000,3.12000000
2018-02-27 17:05:12,0.00143000,194.57000000
2018-02-27 17:05:12,0.00143000,0.66000000
2018-02-27 17:05:12,0.00142990,16.20000000
2018-02-27 17:05:12,0.00142950,7.49000000
2018-02-27 17:05:12,0.00142940,179.58000000
2018-02-27 17:05:12,0.00142800,31.73000000
2018-02-27 17:05:12,0.00142540,14.03000000
2018-02-27 17:05:12,0.00142510,126.28000000
2018-02-27 17:05:13,0.00142300,57.78000000
2018-02-27 17:05:13,0.00142200,24.67000000
2018-02-27 17:05:14,0.00142210,57.79000000
2018-02-27 17:05:14,0.00142210,36.09000000
2018-02-27 17:05:16,0.00142300,17.00000000
2018-02-27 17:05:18,0.00142300,8.08000000
2018-02-27 17:05:18,0.00142300,22.60000000
2018-02-27 17:05:19,0.00142200,2.12000000
2018-02-27 17:05:20,0.00142200,38.52000000
2018-02-27 17:05:20,0.00142180,16.47000000
2018-02-27 17:05:20,0.00142170,1.00000000
2018-02-27 17:05:20,0.00142010,59.46000000
2018-02-27 17:05:20,0.00142000,129.33000000
2018-02-27 17:05:20,0.00141570,12.59000000
2018-02-27 17:05:20,0.00141490,70.67000000
2018-02-27 17:05:20,0.00141460,2.64000000
2018-02-27 17:05:20,0.00141400,69.75000000
2018-02-27 17:05:20,0.00141310,11.56000000
2018-02-27 17:05:20,0.00141300,216.56000000
2018-02-27 17:05:22,0.00142100,7.77000000
2018-02-27 17:05:22,0.00141460,32.82000000
2018-02-27 17:05:23,0.00141810,242.87000000
2018-02-27 17:05:27,0.00142120,156.57000000
2018-02-27 17:05:27,0.00142130,14.03000000
2018-02-27 17:05:27,0.00142170,2.64000000
2018-02-27 17:05:27,0.00142200,1.33000000
2018-02-27 17:05:27,0.00142290,10.00000000
2018-02-27 17:05:27,0.00142290,1.69000000
2018-02-27 17:05:28,0.00142200,177.03000000
2018-02-27 17:05:28,0.00142200,334.45000000
2018-02-27 17:05:31,0.00142150,47.63000000
2018-02-27 17:05:31,0.00142150,7.41000000
2018-02-27 17:05:33,0.00142200,50.00000000
2018-02-27 17:05:35,0.00142150,4.48000000
2018-02-27 17:05:35,0.00142150,7.55000000
2018-02-27 17:05:36,0.00142150,5.63000000
2018-02-27 17:05:37,0.00142140,42.24000000
2018-02-27 17:05:37,0.00142070,101.16000000
2018-02-27 17:05:37,0.00142070,14.26000000
2018-02-27 17:05:38,0.00142070,1.73000000
2018-02-27 17:05:39,0.00142070,1.41000000
2018-02-27 17:05:39,0.00142070,95.00000000
2018-02-27 17:05:40,0.00142000,32.79000000
2018-02-27 17:05:42,0.00142070,1.45000000
2018-02-27 17:05:42,0.00142000,28.43000000
2018-02-27 17:05:44,0.00142050,6.73000000
2018-02-27 17:05:47,0.00142050,59.44000000
2018-02-27 17:05:48,0.00142070,50.27000000
2018-02-27 17:05:50,0.00142060,254.89000000
2018-02-27 17:05:50,0.00142070,12.56000000
2018-02-27 17:05:50,0.00142070,0.77000000
2018-02-27 17:05:50,0.00142070,1.55000000
2018-02-27 17:05:51,0.00142070,1.55000000
2018-02-27 17:05:51,0.00142070,6.41000000
2018-02-27 17:05:52,0.00142070,1.80000000
2018-02-27 17:05:52,0.00142070,3.14000000
2018-02-27 17:05:53,0.00142070,1.14000000
2018-02-27 17:05:56,0.00142070,47.79000000
2018-02-27 17:05:56,0.00142070,3.64000000
2018-02-27 17:05:57,0.00142070,50.00000000
2018-02-27 17:05:57,0.00142070,1.90000000
2018-02-27 17:05:58,0.00142070,318.17000000
2018-02-27 17:06:00,0.00142070,30.66000000
2018-02-27 17:06:01,0.00142070,2.46000000
2018-02-27 17:06:01,0.00142060,9.40000000
2018-02-27 17:06:01,0.00142070,69.10000000
2018-02-27 17:06:02,0.00142050,59.50000000
2018-02-27 17:06:02,0.00142070,5.16000000
2018-02-27 17:06:03,0.00142050,13.68000000
2018-02-27 17:06:03,0.00142060,1.06000000
2018-02-27 17:06:03,0.00142050,2.47000000
2018-02-27 17:06:04,0.00142070,22.31000000
2018-02-27 17:06:04,0.00142060,127.44000000
2018-02-27 17:06:04,0.00142060,96.68000000
2018-02-27 17:06:05,0.00142060,6.32000000
2018-02-27 17:06:06,0.00142060,7.35000000
2018-02-27 17:06:06,0.00142060,7.51000000
2018-02-27 17:06:06,0.00142070,245.63000000
2018-02-27 17:06:07,0.00142070,7.25000000
2018-02-27 17:06:08,0.00142070,119.99000000
2018-02-27 17:06:09,0.00142200,1.39000000
2018-02-27 17:06:09,0.00142200,3.00000000
2018-02-27 17:06:10,0.00142100,3.10000000
2018-02-27 17:06:10,0.00142200,3.52000000
2018-02-27 17:06:11,0.00142100,84.25000000
2018-02-27 17:06:14,0.00142200,14.00000000
2018-02-27 17:06:14,0.00142200,5.34000000
2018-02-27 17:06:15,0.00142200,20.33000000
2018-02-27 17:06:15,0.00142210,3.34000000
2018-02-27 17:06:15,0.00142290,9.42000000
2018-02-27 17:06:15,0.00142300,1.48000000
2018-02-27 17:06:15,0.00142420,12.59000000
2018-02-27 17:06:15,0.00142720,10.08000000
2018-02-27 17:06:15,0.00142990,35.76000000
2018-02-27 17:06:16,0.00142130,29.59000000
2018-02-27 17:06:16,0.00142120,140.01000000
2018-02-27 17:06:16,0.00142110,190.51000000
2018-02-27 17:06:16,0.00142100,413.50000000
2018-02-27 17:06:16,0.00142100,33.02000000
2018-02-27 17:06:16,0.00142100,33.24000000
2018-02-27 17:06:17,0.00142070,1.33000000
2018-02-27 17:06:17,0.00142070,20.00000000
2018-02-27 17:06:17,0.00142090,100.00000000
2018-02-27 17:06:17,0.00142080,33.24000000
2018-02-27 17:06:17,0.00142080,33.02000000
2018-02-27 17:06:18,0.00142090,40.02000000
2018-02-27 17:06:18,0.00142100,15.57000000
2018-02-27 17:06:19,0.00142100,399.01000000
2018-02-27 17:06:20,0.00142080,3.74000000
2018-02-27 17:06:20,0.00142070,160.93000000
2018-02-27 17:06:21,0.00142100,512.59000000
2018-02-27 17:06:21,0.00142100,792.80000000
2018-02-27 17:06:25,0.00142550,266.91000000
2018-02-27 17:06:26,0.00142490,7.89000000
2018-02-27 17:06:26,0.00142500,17.15000000
2018-02-27 17:06:26,0.00142500,70.20000000
2018-02-27 17:06:26,0.00142540,55.59000000
2018-02-27 17:06:26,0.00142940,58.65000000
2018-02-27 17:06:27,0.00142900,1.33000000
2018-02-27 17:06:27,0.00142980,20.00000000
2018-02-27 17:06:27,0.00142990,90.02000000
2018-02-27 17:06:27,0.00143000,33.60000000
2018-02-27 17:06:27,0.00143020,50.46000000
2018-02-27 17:06:27,0.00143030,13.35000000
2018-02-27 17:06:27,0.00143070,50.00000000
2018-02-27 17:06:27,0.00143100,463.58000000
2018-02-27 17:06:27,0.00143150,238.11000000
2018-02-27 17:06:27,0.00143200,267.70000000
2018-02-27 17:06:27,0.00143000,20.60000000
2018-02-27 17:06:28,0.00143000,190.51000000
2018-02-27 17:06:28,0.00143010,20.00000000
2018-02-27 17:06:28,0.00143010,6.99000000
2018-02-27 17:06:28,0.00143020,7.00000000
2018-02-27 17:06:28,0.00143010,11.96000000
2018-02-27 17:06:28,0.00143010,20.00000000
2018-02-27 17:06:28,0.00143320,7.00000000
2018-02-27 17:06:28,0.00143340,377.21000000
2018-02-27 17:06:28,0.00143340,15.93000000
2018-02-27 17:06:28,0.00143360,233.33000000
2018-02-27 17:06:28,0.00143380,12.85000000
2018-02-27 17:06:28,0.00143010,1.77000000
2018-02-27 17:06:29,0.00143020,3.69000000
2018-02-27 17:06:30,0.00143460,1.67000000
2018-02-27 17:06:30,0.00143040,10.76000000
2018-02-27 17:06:31,0.00143040,5.55000000
2018-02-27 17:06:31,0.00143030,13.98000000
2018-02-27 17:06:31,0.00143000,21.09000000
2018-02-27 17:06:31,0.00143000,18.33000000
2018-02-27 17:06:31,0.00143040,7.86000000
2018-02-27 17:06:31,0.00143010,23.26000000
2018-02-27 17:06:31,0.00143040,8.00000000
2018-02-27 17:06:31,0.00143470,40.72000000
2018-02-27 17:06:32,0.00143460,0.70000000
2018-02-27 17:06:32,0.00143460,1.74000000
2018-02-27 17:06:32,0.00143460,25.42000000
2018-02-27 17:06:32,0.00143470,13.98000000
2018-02-27 17:06:33,0.00143030,20.00000000
2018-02-27 17:06:33,0.00143020,99.02000000
2018-02-27 17:06:33,0.00143030,1.92000000
2018-02-27 17:06:34,0.00143430,2.44000000
2018-02-27 17:06:35,0.00143420,1.92000000
2018-02-27 17:06:35,0.00143430,71.30000000
2018-02-27 17:06:35,0.00143050,7.93000000
2018-02-27 17:06:35,0.00143430,2.09000000
2018-02-27 17:06:36,0.00143050,13.05000000
2018-02-27 17:06:36,0.00143040,15.06000000
2018-02-27 17:06:36,0.00143060,2.93000000
2018-02-27 17:06:37,0.00143400,13.98000000
2018-02-27 17:06:37,0.00143410,7.00000000
2018-02-27 17:06:37,0.00143430,39.45000000
2018-02-27 17:06:37,0.00143430,85.62000000
2018-02-27 17:06:37,0.00143040,6.97000000
2018-02-27 17:06:37,0.00143440,7.00000000
2018-02-27 17:06:37,0.00143470,6.97000000
2018-02-27 17:06:37,0.00143470,180.75000000
2018-02-27 17:06:38,0.00143470,0.69000000
2018-02-27 17:06:38,0.00143470,5.00000000
2018-02-27 17:06:38,0.00143470,2.93000000
2018-02-27 17:06:38,0.00143470,20.00000000
2018-02-27 17:06:39,0.00143470,0.31000000
2018-02-27 17:06:39,0.00143440,10.00000000
2018-02-27 17:06:39,0.00143460,26.10000000
2018-02-27 17:06:39,0.00143480,38.57000000
2018-02-27 17:06:39,0.00143500,80.41000000
2018-02-27 17:06:39,0.00143500,165.99000000
2018-02-27 17:06:40,0.00143520,50.41000000
2018-02-27 17:06:40,0.00143600,14.91000000
2018-02-27 17:06:40,0.00143520,7.16000000
2018-02-27 17:06:41,0.00143610,14.90000000
2018-02-27 17:06:41,0.00143640,0.55000000
2018-02-27 17:06:41,0.00143520,10.00000000
2018-02-27 17:06:41,0.00143520,10.47000000
2018-02-27 17:06:41,0.00143640,13.11000000
2018-02-27 17:06:43,0.00143650,5.14000000
2018-02-27 17:06:43,0.00143650,1.80000000
2018-02-27 17:06:43,0.00143670,16.00000000
2018-02-27 17:06:43,0.00143600,30.00000000
2018-02-27 17:06:44,0.00143600,5.00000000
2018-02-27 17:06:44,0.00143640,28.50000000
2018-02-27 17:06:44,0.00143640,28.00000000
2018-02-27 17:06:44,0.00143640,82.97000000
2018-02-27 17:06:44,0.00143640,19.01000000
2018-02-27 17:06:44,0.00143600,5.26000000
2018-02-27 17:06:44,0.00143640,37.49000000
2018-02-27 17:06:46,0.00143600,1.68000000
2018-02-27 17:06:47,0.00143600,3.92000000
2018-02-27 17:06:48,0.00143640,22.22000000
2018-02-27 17:06:48,0.00143700,1.53000000
2018-02-27 17:06:48,0.00143640,4.08000000
2018-02-27 17:06:49,0.00143640,19.99000000
2018-02-27 17:06:49,0.00143600,22.43000000
2018-02-27 17:06:49,0.00143540,7.97000000
2018-02-27 17:06:49,0.00143480,54.86000000
2018-02-27 17:06:49,0.00143480,1.03000000
2018-02-27 17:06:49,0.00143480,3.47000000
2018-02-27 17:06:49,0.00143470,132.51000000
2018-02-27 17:06:49,0.00143090,13.97000000
2018-02-27 17:06:49,0.00143050,167.55000000
2018-02-27 17:06:49,0.00143700,0.71000000
2018-02-27 17:06:50,0.00143690,8.37000000
2018-02-27 17:06:50,0.00143690,3.63000000
2018-02-27 17:06:50,0.00143690,47.36000000
2018-02-27 17:06:50,0.00143700,8.32000000
2018-02-27 17:06:50,0.00143640,1.74000000
2018-02-27 17:06:50,0.00143700,96.12000000
2018-02-27 17:06:51,0.00143700,2.12000000
2018-02-27 17:06:51,0.00143700,5.83000000
2018-02-27 17:06:51,0.00143700,1.84000000
2018-02-27 17:06:51,0.00143700,227.63000000
2018-02-27 17:06:51,0.00143700,186.23000000
2018-02-27 17:06:51,0.00143740,1.00000000
2018-02-27 17:06:51,0.00143740,49.00000000
2018-02-27 17:06:52,0.00143700,7.00000000
2018-02-27 17:06:52,0.00143700,3.14000000
2018-02-27 17:06:52,0.00143740,9.87000000
2018-02-27 17:06:52,0.00143700,5.00000000
2018-02-27 17:06:52,0.00143700,33.93000000
2018-02-27 17:06:53,0.00143750,5.99000000
2018-02-27 17:06:53,0.00143770,12.50000000
2018-02-27 17:06:53,0.00143780,16.49000000
2018-02-27 17:06:53,0.00143780,1.42000000
2018-02-27 17:06:54,0.00143790,19.80000000
2018-02-27 17:06:54,0.00143800,56.92000000
2018-02-27 17:06:54,0.00143830,7.97000000
2018-02-27 17:06:54,0.00143900,4.77000000
2018-02-27 17:06:54,0.00143910,38.54000000
2018-02-27 17:06:54,0.00143780,1.01000000
2018-02-27 17:06:54,0.00143780,32.16000000
2018-02-27 17:06:54,0.00143700,29.91000000
2018-02-27 17:06:54,0.00143700,5.00000000
2018-02-27 17:06:55,0.00143700,16.97000000
2018-02-27 17:06:55,0.00143910,4.91000000
2018-02-27 17:06:56,0.00143720,7.00000000
2018-02-27 17:06:56,0.00143710,31.86000000
2018-02-27 17:06:56,0.00143890,1.74000000
2018-02-27 17:06:56,0.00143700,5.00000000
2018-02-27 17:06:56,0.00143890,2.44000000
2018-02-27 17:06:56,0.00143790,24.53000000
2018-02-27 17:06:56,0.00143700,0.85000000
2018-02-27 17:06:57,0.00143700,23.20000000
2018-02-27 17:06:57,0.00143700,104.77000000
2018-02-27 17:06:57,0.00143640,4.09000000
2018-02-27 17:06:57,0.00143620,10.75000000
2018-02-27 17:06:57,0.00143890,2.82000000
2018-02-27 17:06:57,0.00143900,15.77000000
2018-02-27 17:06:57,0.00143900,0.97000000
2018-02-27 17:06:57,0.00143900,15.12000000
2018-02-27 17:06:57,0.00143910,12.18000000
2018-02-27 17:06:57,0.00143940,1.50000000
2018-02-27 17:06:57,0.00143950,9.24000000
2018-02-27 17:06:57,0.00143880,17.87000000
2018-02-27 17:06:57,0.00143910,25.00000000
2018-02-27 17:06:57,0.00143910,8.99000000
2018-02-27 17:06:57,0.00143910,8.99000000
2018-02-27 17:06:57,0.00143910,18.15000000
2018-02-27 17:06:57,0.00143910,22.40000000
2018-02-27 17:06:57,0.00143620,3.17000000
2018-02-27 17:06:57,0.00143480,19.22000000
2018-02-27 17:06:58,0.00143710,12.02000000
2018-02-27 17:06:58,0.00143630,5.36000000
2018-02-27 17:06:58,0.00143480,12.33000000
2018-02-27 17:06:58,0.00143630,1.60000000
2018-02-27 17:06:59,0.00143630,1.70000000
2018-02-27 17:07:00,0.00143630,2.06000000
2018-02-27 17:07:00,0.00143500,1.50000000
2018-02-27 17:07:00,0.00143910,1.21000000
2018-02-27 17:07:00,0.00143500,3.03000000
2018-02-27 17:07:00,0.00143500,1.13000000
2018-02-27 17:07:00,0.00143910,12.71000000
2018-02-27 17:07:00,0.00143920,5.36000000
2018-02-27 17:07:00,0.00143950,1.48000000
2018-02-27 17:07:00,0.00143960,19.38000000
2018-02-27 17:07:00,0.00143970,3.69000000
2018-02-27 17:07:00,0.00143980,27.23000000
2018-02-27 17:07:01,0.00143650,2.38000000
2018-02-27 17:07:01,0.00143650,3.31000000
2018-02-27 17:07:01,0.00143920,5.36000000
2018-02-27 17:07:01,0.00143980,1.18000000
2018-02-27 17:07:01,0.00143990,69.14000000
2018-02-27 17:07:01,0.00144000,975.43000000
2018-02-27 17:07:01,0.00144060,0.91000000
2018-02-27 17:07:01,0.00144000,6.90000000
2018-02-27 17:07:01,0.00144000,6.90000000
2018-02-27 17:07:01,0.00144000,6.90000000
2018-02-27 17:07:01,0.00144000,6.21000000
2018-02-27 17:07:01,0.00144000,6.94000000
2018-02-27 17:07:01,0.00144000,0.82000000
2018-02-27 17:07:01,0.00144000,6.94000000
2018-02-27 17:07:01,0.00144000,6.94000000
2018-02-27 17:07:01,0.00144000,6.94000000
2018-02-27 17:07:01,0.00144000,3.28000000
2018-02-27 17:07:01,0.00144000,373.62000000
2018-02-27 17:07:01,0.00143670,1.97000000
2018-02-27 17:07:02,0.00143670,1.74000000
2018-02-27 17:07:02,0.00143960,40.14000000
2018-02-27 17:07:02,0.00144060,0.30000000
2018-02-27 17:07:02,0.00143910,5.02000000
2018-02-27 17:07:02,0.00143670,1.50000000
2018-02-27 17:07:03,0.00143670,1.79000000
2018-02-27 17:07:03,0.00143650,2.27000000
2018-02-27 17:07:03,0.00143510,9.62000000
2018-02-27 17:07:03,0.00143900,7.00000000
2018-02-27 17:07:03,0.00144000,2.61000000
2018-02-27 17:07:03,0.00144060,4.43000000
2018-02-27 17:07:03,0.00144070,5.60000000
2018-02-27 17:07:03,0.00144160,15.91000000
2018-02-27 17:07:03,0.00143900,1.53000000
2018-02-27 17:07:03,0.00143520,2.12000000
2018-02-27 17:07:03,0.00143800,1.53000000
2018-02-27 17:07:03,0.00143530,2.83000000
2018-02-27 17:07:04,0.00143800,3.67000000
2018-02-27 17:07:04,0.00143630,1.74000000
2018-02-27 17:07:04,0.00143630,2.22000000
2018-02-27 17:07:04,0.00143800,0.16000000
2018-02-27 17:07:04,0.00143890,0.95000000
2018-02-27 17:07:04,0.00143890,4.71000000
2018-02-27 17:07:04,0.00143900,17.54000000
2018-02-27 17:07:04,0.00143540,40.72000000
2018-02-27 17:07:04,0.00143540,5.00000000
2018-02-27 17:07:04,0.00143540,45.02000000
2018-02-27 17:07:04,0.00143900,26.60000000
2018-02-27 17:07:05,0.00143830,1.53000000
2018-02-27 17:07:05,0.00143550,0.85000000
2018-02-27 17:07:05,0.00143550,4.94000000
2018-02-27 17:07:06,0.00143830,3.83000000
2018-02-27 17:07:06,0.00143880,2.12000000
2018-02-27 17:07:06,0.00143890,19.38000000
2018-02-27 17:07:06,0.00143900,6.66000000
2018-02-27 17:07:06,0.00143870,2.03000000
2018-02-27 17:07:06,0.00143550,1.21000000
2018-02-27 17:07:06,0.00143540,1.30000000
2018-02-27 17:07:07,0.00143540,1.63000000
2018-02-27 17:07:07,0.00143540,5.00000000
2018-02-27 17:07:07,0.00143560,3.54000000
2018-02-27 17:07:07,0.00143870,5.91000000
2018-02-27 17:07:07,0.00143870,1.09000000
2018-02-27 17:07:07,0.00143900,87.46000000
2018-02-27 17:07:07,0.00143940,7.96000000
2018-02-27 17:07:08,0.00144160,13.74000000
2018-02-27 17:07:08,0.00144160,185.80000000
2018-02-27 17:07:08,0.00144160,27.69000000
2018-02-27 17:07:08,0.00144160,1.06000000
2018-02-27 17:07:08,0.00144160,13.75000000
2018-02-27 17:07:08,0.00143900,4.79000000
2018-02-27 17:07:08,0.00143900,1.66000000
2018-02-27 17:07:08,0.00143900,4.05000000
2018-02-27 17:07:08,0.00143640,0.07000000
2018-02-27 17:07:08,0.00143640,2.29000000
2018-02-27 17:07:08,0.00143560,3.42000000
2018-02-27 17:07:08,0.00143560,1.77000000
2018-02-27 17:07:09,0.00143850,2.62000000
2018-02-27 17:07:09,0.00143750,0.84000000
2018-02-27 17:07:09,0.00143850,2.74000000
2018-02-27 17:07:09,0.00143750,25.37000000
2018-02-27 17:07:09,0.00143720,16.63000000
2018-02-27 17:07:09,0.00144220,7.93000000
2018-02-27 17:07:09,0.00144230,8.73000000
2018-02-27 17:07:09,0.00144250,3.31000000
2018-02-27 17:07:10,0.00143900,5.98000000
2018-02-27 17:07:10,0.00143900,5.00000000
2018-02-27 17:07:10,0.00143900,15.27000000
2018-02-27 17:07:10,0.00143900,32.58000000
2018-02-27 17:07:11,0.00143900,1.77000000
2018-02-27 17:07:11,0.00144000,28.00000000
2018-02-27 17:07:12,0.00143920,7.95000000
2018-02-27 17:07:12,0.00143900,26.68000000
2018-02-27 17:07:12,0.00144000,14.96000000
2018-02-27 17:07:12,0.00143900,5.00000000
2018-02-27 17:07:12,0.00143900,116.34000000
2018-02-27 17:07:12,0.00143900,6.60000000
2018-02-27 17:07:13,0.00143900,67.03000000
2018-02-27 17:07:13,0.00143900,6.37000000
2018-02-27 17:07:13,0.00143990,3.37000000
2018-02-27 17:07:13,0.00144000,238.94000000
2018-02-27 17:07:14,0.00144000,56.28000000
2018-02-27 17:07:14,0.00144000,99.59000000
2018-02-27 17:07:14,0.00143900,5.00000000
2018-02-27 17:07:14,0.00143900,2.08000000
2018-02-27 17:07:14,0.00144000,8.20000000
2018-02-27 17:07:14,0.00144210,3.03000000
2018-02-27 17:07:15,0.00143900,17.61000000
2018-02-27 17:07:15,0.00143920,4.22000000
2018-02-27 17:07:15,0.00143920,2.78000000
2018-02-27 17:07:15,0.00143900,17.22000000
2018-02-27 17:07:16,0.00143910,3.56000000
2018-02-27 17:07:16,0.00143910,0.84000000
2018-02-27 17:07:16,0.00144160,17.34000000
2018-02-27 17:07:16,0.00144040,2.84000000
2018-02-27 17:07:16,0.00144040,148.65000000
2018-02-27 17:07:16,0.00144040,2.84000000
2018-02-27 17:07:16,0.00144160,5.59000000
2018-02-27 17:07:17,0.00143920,15.00000000
2018-02-27 17:07:17,0.00143920,22.08000000
2018-02-27 17:07:18,0.00144000,20.04000000
2018-02-27 17:07:18,0.00143920,21.71000000
2018-02-27 17:07:18,0.00143910,9.49000000
2018-02-27 17:07:18,0.00143900,152.90000000
2018-02-27 17:07:18,0.00143850,38.01000000
2018-02-27 17:07:18,0.00143700,118.12000000
2018-02-27 17:07:18,0.00144000,2.10000000
2018-02-27 17:07:18,0.00144000,237.97000000
2018-02-27 17:07:18,0.00143930,7.00000000
2018-02-27 17:07:18,0.00143700,1.80000000
2018-02-27 17:07:18,0.00143700,111.18000000
2018-02-27 17:07:19,0.00144140,7.00000000
2018-02-27 17:07:19,0.00144150,12.00000000
2018-02-27 17:07:19,0.00144000,2.00000000
2018-02-27 17:07:19,0.00143710,3.56000000
2018-02-27 17:07:20,0.00144130,0.01000000
2018-02-27 17:07:20,0.00143920,0.85000000
2018-02-27 17:07:20,0.00143710,0.22000000
2018-02-27 17:07:20,0.00143710,5.67000000
2018-02-27 17:07:21,0.00143990,6.35000000
2018-02-27 17:07:21,0.00143990,3.10000000
2018-02-27 17:07:21,0.00144000,29.67000000
2018-02-27 17:07:22,0.00143710,10.72000000
2018-02-27 17:07:22,0.00143700,5.00000000
2018-02-27 17:07:22,0.00143700,4.46000000
2018-02-27 17:07:22,0.00143990,46.78000000
2018-02-27 17:07:22,0.00144000,200.89000000
2018-02-27 17:07:22,0.00143990,13.89000000
2018-02-27 17:07:22,0.00144000,342.80000000
2018-02-27 17:07:23,0.00144000,72.30000000
2018-02-27 17:07:24,0.00144000,137.80000000
2018-02-27 17:07:24,0.00143710,1.77000000
2018-02-27 17:07:24,0.00143990,4.13000000
2018-02-27 17:07:24,0.00143990,45.35000000
2018-02-27 17:07:25,0.00143730,12.66000000
2018-02-27 17:07:26,0.00144160,18.41000000
2018-02-27 17:07:26,0.00143760,2.89000000
2018-02-27 17:07:27,0.00143760,6.74000000
2018-02-27 17:07:27,0.00144150,6.07000000
2018-02-27 17:07:28,0.00143760,1.09000000
2018-02-27 17:07:28,0.00143760,1.69000000
2018-02-27 17:07:29,0.00143760,0.87000000
2018-02-27 17:07:29,0.00143750,5.66000000
2018-02-27 17:07:29,0.00143850,11.42000000
2018-02-27 17:07:30,0.00143750,3.96000000
2018-02-27 17:07:30,0.00143770,2.10000000
2018-02-27 17:07:30,0.00143770,1.06000000
2018-02-27 17:07:30,0.00143770,3.84000000
2018-02-27 17:07:30,0.00143750,19.38000000
2018-02-27 17:07:30,0.00143740,13.91000000
2018-02-27 17:07:30,0.00143730,16.08000000
2018-02-27 17:07:31,0.00143730,3.84000000
2018-02-27 17:07:31,0.00143780,24.04000000
2018-02-27 17:07:32,0.00143730,1.41000000
2018-02-27 17:07:32,0.00143730,5.00000000
2018-02-27 17:07:33,0.00143840,9.62000000
2018-02-27 17:07:33,0.00143850,189.71000000
2018-02-27 17:07:33,0.00143850,576.02000000
2018-02-27 17:07:33,0.00143730,342.68000000
2018-02-27 17:07:34,0.00143730,4.18000000
2018-02-27 17:07:35,0.00143750,7.00000000
2018-02-27 17:07:35,0.00143900,14.66000000
2018-02-27 17:07:35,0.00143980,7.00000000
2018-02-27 17:07:35,0.00144000,119.88000000
2018-02-27 17:07:35,0.00144010,13.91000000
2018-02-27 17:07:35,0.00144050,5.36000000
2018-02-27 17:07:35,0.00144050,7.00000000
2018-02-27 17:07:36,0.00144050,1.80000000
2018-02-27 17:07:36,0.00144050,7.92000000
2018-02-27 17:07:36,0.00144050,184.57000000
2018-02-27 17:07:37,0.00144110,2.11000000
2018-02-27 17:07:40,0.00144110,0.15000000
2018-02-27 17:07:40,0.00144110,17.12000000
2018-02-27 17:07:40,0.00144120,7.00000000
2018-02-27 17:07:40,0.00144150,267.88000000
2018-02-27 17:07:40,0.00144050,1.37000000
2018-02-27 17:07:42,0.00144150,471.89000000
2018-02-27 17:07:42,0.00144060,0.69000000
2018-02-27 17:07:43,0.00144060,0.41000000
2018-02-27 17:07:43,0.00144050,0.59000000
2018-02-27 17:07:44,0.00144110,16.48000000
2018-02-27 17:07:44,0.00144150,36.98000000
2018-02-27 17:07:45,0.00144150,2.15000000
2018-02-27 17:07:45,0.00144050,49.99000000
2018-02-27 17:07:45,0.00144050,5.00000000
2018-02-27 17:07:45,0.00144150,1.73000000
2018-02-27 17:07:45,0.00144050,5.16000000
2018-02-27 17:07:45,0.00144060,87.63000000
2018-02-27 17:07:46,0.00144110,3.26000000
2018-02-27 17:07:46,0.00144150,77.35000000
2018-02-27 17:07:46,0.00144060,24.66000000
2018-02-27 17:07:46,0.00144050,28.34000000
2018-02-27 17:07:47,0.00144050,1.00000000
2018-02-27 17:07:49,0.00144050,18.66000000
2018-02-27 17:07:50,0.00144020,2.77000000
2018-02-27 17:07:50,0.00143800,45.53000000
2018-02-27 17:07:50,0.00144050,10.07000000
2018-02-27 17:07:51,0.00144020,163.51000000
2018-02-27 17:07:51,0.00144050,17.55000000
2018-02-27 17:07:51,0.00144050,44.00000000
2018-02-27 17:07:51,0.00144050,72.25000000
2018-02-27 17:07:52,0.00144000,59.78000000
2018-02-27 17:07:52,0.00144050,10.20000000
2018-02-27 17:07:52,0.00144000,32.92000000
2018-02-27 17:07:52,0.00143820,15.66000000
2018-02-27 17:07:52,0.00143820,32.92000000
2018-02-27 17:07:52,0.00144050,26.08000000
2018-02-27 17:07:52,0.00144050,1.46000000
2018-02-27 17:07:52,0.00144050,3.47000000
2018-02-27 17:07:52,0.00143830,1.77000000
2018-02-27 17:07:53,0.00143830,1.83000000
2018-02-27 17:07:53,0.00143830,1.77000000
2018-02-27 17:07:54,0.00144000,5.00000000
2018-02-27 17:07:54,0.00144050,4.49000000
2018-02-27 17:07:54,0.00144050,4.49000000
2018-02-27 17:07:54,0.00144050,4.49000000
2018-02-27 17:07:54,0.00144020,0.78000000
2018-02-27 17:07:55,0.00144020,4.49000000
2018-02-27 17:07:55,0.00144020,1.20000000
2018-02-27 17:07:55,0.00144050,2.87000000
2018-02-27 17:07:56,0.00143800,3.05000000
2018-02-27 17:07:57,0.00143850,2.46000000
2018-02-27 17:07:57,0.00143850,3.44000000
2018-02-27 17:07:58,0.00144010,0.86000000
2018-02-27 17:07:59,0.00144010,4.51000000
2018-02-27 17:07:59,0.00144050,18.24000000
2018-02-27 17:07:59,0.00144100,6.17000000
2018-02-27 17:07:59,0.00144020,5.00000000
2018-02-27 17:08:00,0.00144020,46.21000000
2018-02-27 17:08:00,0.00144020,5.00000000
2018-02-27 17:08:01,0.00144100,188.01000000
2018-02-27 17:08:01,0.00144110,159.20000000
2018-02-27 17:08:02,0.00144020,16.10000000
2018-02-27 17:08:03,0.00144050,9.00000000
2018-02-27 17:08:04,0.00144020,10.20000000
2018-02-27 17:08:05,0.00144110,31.47000000
2018-02-27 17:08:05,0.00144140,32.73000000
2018-02-27 17:08:05,0.00144150,16.74000000
2018-02-27 17:08:05,0.00144160,1.16000000
2018-02-27 17:08:05,0.00144210,12.27000000
2018-02-27 17:08:05,0.00144230,1.37000000
2018-02-27 17:08:05,0.00144250,77.73000000
2018-02-27 17:08:05,0.00144050,19.70000000
2018-02-27 17:08:07,0.00144050,170.93000000
2018-02-27 17:08:07,0.00144020,1244.35000000
2018-02-27 17:08:07,0.00144020,100.00000000
2018-02-27 17:08:08,0.00144010,5.90000000
2018-02-27 17:08:08,0.00144020,123.90000000
2018-02-27 17:08:08,0.00144020,1.45000000
2018-02-27 17:08:08,0.00144020,278.39000000
2018-02-27 17:08:08,0.00144020,705.38000000
2018-02-27 17:08:08,0.00144250,2.43000000
2018-02-27 17:08:08,0.00144250,138.69000000
2018-02-27 17:08:09,0.00144120,35.80000000
2018-02-27 17:08:09,0.00144000,78.79000000
2018-02-27 17:08:09,0.00144000,914.23000000
2018-02-27 17:08:10,0.00144000,3.00000000
2018-02-27 17:08:10,0.00144000,32.66000000
2018-02-27 17:08:12,0.00143850,4.82000000
2018-02-27 17:08:12,0.00143990,10.89000000
2018-02-27 17:08:13,0.00143990,10.17000000
2018-02-27 17:08:13,0.00143990,69.39000000
2018-02-27 17:08:13,0.00144000,72.20000000
2018-02-27 17:08:13,0.00143870,3.00000000
2018-02-27 17:08:15,0.00144000,12.69000000
2018-02-27 17:08:16,0.00143870,0.77000000
2018-02-27 17:08:16,0.00144000,40.40000000
2018-02-27 17:08:20,0.00143870,45.30000000
2018-02-27 17:08:20,0.00143850,166.16000000
2018-02-27 17:08:22,0.00143850,1.41000000
2018-02-27 17:08:22,0.00144000,144.57000000
2018-02-27 17:08:23,0.00143850,2.48000000
2018-02-27 17:08:23,0.00143800,42.86000000
2018-02-27 17:08:23,0.00143770,20.63000000
2018-02-27 17:08:24,0.00143880,175.27000000
2018-02-27 17:08:24,0.00143770,38.20000000
2018-02-27 17:08:24,0.00143760,4.51000000
2018-02-27 17:08:24,0.00144000,3.71000000
2018-02-27 17:08:24,0.00144000,1.16000000
2018-02-27 17:08:24,0.00143990,4.31000000
2018-02-27 17:08:26,0.00143760,10.00000000
2018-02-27 17:08:26,0.00143990,9.92000000
2018-02-27 17:08:26,0.00143980,0.71000000
2018-02-27 17:08:26,0.00143980,5.11000000
2018-02-27 17:08:26,0.00143990,66.85000000
2018-02-27 17:08:26,0.00144000,481.98000000
2018-02-27 17:08:27,0.00143980,8.08000000
2018-02-27 17:08:27,0.00143980,5.21000000
2018-02-27 17:08:28,0.00143980,3.68000000
2018-02-27 17:08:28,0.00143980,10.48000000
2018-02-27 17:08:28,0.00143980,2.10000000
2018-02-27 17:08:28,0.00143980,2.11000000
2018-02-27 17:08:29,0.00143990,1.05000000
2018-02-27 17:08:29,0.00143980,112.52000000
2018-02-27 17:08:29,0.00143980,0.77000000
2018-02-27 17:08:29,0.00143850,89.99000000
2018-02-27 17:08:31,0.00143850,4.04000000
2018-02-27 17:08:31,0.00143980,54.90000000
2018-02-27 17:08:31,0.00144000,4.73000000
2018-02-27 17:08:31,0.00144020,54.82000000
2018-02-27 17:08:31,0.00143770,58.87000000
2018-02-27 17:08:31,0.00143760,137.52000000
2018-02-27 17:08:31,0.00143750,14.27000000
2018-02-27 17:08:31,0.00143730,3.08000000
2018-02-27 17:08:31,0.00143710,34.15000000
2018-02-27 17:08:31,0.00143700,740.61000000
2018-02-27 17:08:32,0.00143630,83.11000000
2018-02-27 17:08:32,0.00143630,2.10000000
2018-02-27 17:08:32,0.00143700,9.94000000
2018-02-27 17:08:32,0.00143700,6.97000000
2018-02-27 17:08:32,0.00143700,9.94000000
2018-02-27 17:08:32,0.00143700,9.94000000
2018-02-27 17:08:33,0.00143700,34.28000000
2018-02-27 17:08:34,0.00143630,2.11000000
2018-02-27 17:08:34,0.00143700,104.82000000
2018-02-27 17:08:34,0.00143700,1.45000000
2018-02-27 17:08:34,0.00143700,119.54000000
2018-02-27 17:08:34,0.00143630,5.62000000
2018-02-27 17:08:34,0.00143630,1.00000000
2018-02-27 17:08:35,0.00143630,1.07000000
2018-02-27 17:08:36,0.00143700,6.32000000
2018-02-27 17:08:36,0.00143630,1.77000000
2018-02-27 17:08:36,0.00143630,4.39000000
2018-02-27 17:08:36,0.00143700,8.86000000
2018-02-27 17:08:36,0.00143630,3.48000000
2018-02-27 17:08:37,0.00143630,1.56000000
2018-02-27 17:08:37,0.00143630,13.79000000
2018-02-27 17:08:38,0.00143630,7.00000000
2018-02-27 17:08:38,0.00143700,2.47000000
2018-02-27 17:08:38,0.00143540,0.76000000
2018-02-27 17:08:40,0.00143690,1.75000000
2018-02-27 17:08:40,0.00143500,7.01000000
2018-02-27 17:08:40,0.00143500,1.54000000
2018-02-27 17:08:40,0.00143500,1.84000000
2018-02-27 17:08:40,0.00143590,47.82000000
2018-02-27 17:08:40,0.00143500,27.25000000
2018-02-27 17:08:41,0.00143500,45.37000000
2018-02-27 17:08:41,0.00143500,68.78000000
2018-02-27 17:08:41,0.00143590,3.00000000
2018-02-27 17:08:41,0.00143590,3.00000000
2018-02-27 17:08:41,0.00143590,2.09000000
2018-02-27 17:08:41,0.00143590,3.00000000
2018-02-27 17:08:42,0.00143590,1.74000000
2018-02-27 17:08:42,0.00143590,3.00000000
2018-02-27 17:08:42,0.00143400,10.00000000
2018-02-27 17:08:42,0.00143340,2.53000000
2018-02-27 17:08:42,0.00143280,0.91000000
2018-02-27 17:08:42,0.00143190,2.10000000
2018-02-27 17:08:42,0.00143160,2.06000000
2018-02-27 17:08:42,0.00143150,2.06000000
2018-02-27 17:08:42,0.00143190,10.19000000
2018-02-27 17:08:42,0.00143200,76.81000000
2018-02-27 17:08:42,0.00143200,3.00000000
2018-02-27 17:08:42,0.00143200,83.42000000
2018-02-27 17:08:42,0.00143200,156.93000000
2018-02-27 17:08:42,0.00143590,5.01000000
2018-02-27 17:08:42,0.00143590,26.98000000
2018-02-27 17:08:42,0.00143700,93.98000000
2018-02-27 17:08:46,0.00143650,348.06000000
2018-02-27 17:08:46,0.00143670,13.91000000
2018-02-27 17:08:46,0.00143680,22.43000000
2018-02-27 17:08:46,0.00143530,5.68000000
2018-02-27 17:08:46,0.00143680,28.88000000
2018-02-27 17:08:47,0.00143400,20.00000000
2018-02-27 17:08:47,0.00143400,0.04000000
2018-02-27 17:08:50,0.00143630,0.70000000
2018-02-27 17:08:50,0.00143630,1.55000000
2018-02-27 17:08:51,0.00143630,1.06000000
2018-02-27 17:08:51,0.00143630,1.69000000
2018-02-27 17:08:51,0.00143210,0.43000000
2018-02-27 17:08:52,0.00143230,1.55000000
2018-02-27 17:08:53,0.00143240,13.96000000
2018-02-27 17:08:53,0.00143230,14.41000000
2018-02-27 17:08:54,0.00143240,21.27000000
2018-02-27 17:08:54,0.00143660,1.74000000
2018-02-27 17:08:54,0.00143440,187.29000000
2018-02-27 17:08:54,0.00143250,2.30000000
2018-02-27 17:08:56,0.00143630,173.22000000
2018-02-27 17:08:57,0.00143250,1.13000000
2018-02-27 17:08:57,0.00143540,19.39000000
2018-02-27 17:08:58,0.00143540,2.84000000
2018-02-27 17:08:58,0.00143540,182.53000000
2018-02-27 17:09:01,0.00143540,9.34000000
2018-02-27 17:09:04,0.00143540,9.00000000
2018-02-27 17:09:05,0.00143540,2.00000000
2018-02-27 17:09:06,0.00143550,59.84000000
2018-02-27 17:09:07,0.00143550,0.96000000
2018-02-27 17:09:07,0.00143550,2.30000000
2018-02-27 17:09:08,0.00143550,1.55000000
2018-02-27 17:09:08,0.00143550,5.80000000
2018-02-27 17:09:08,0.00143560,16.39000000
2018-02-27 17:09:08,0.00143580,5.00000000
2018-02-27 17:09:08,0.00143630,0.82000000
2018-02-27 17:09:09,0.00143620,1.27000000
2018-02-27 17:09:09,0.00143630,1.73000000
2018-02-27 17:09:10,0.00143570,2.00000000
2018-02-27 17:09:10,0.00143570,17.83000000
2018-02-27 17:09:12,0.00143600,20.01000000
2018-02-27 17:09:12,0.00143570,10.26000000
2018-02-27 17:09:12,0.00143630,4.87000000
2018-02-27 17:09:15,0.00143630,36.33000000
2018-02-27 17:09:15,0.00143570,17.49000000
2018-02-27 17:09:17,0.00143570,137.26000000
2018-02-27 17:09:17,0.00143630,4.19000000
2018-02-27 17:09:19,0.00143570,30.55000000
2018-02-27 17:09:19,0.00143550,336.97000000
2018-02-27 17:09:20,0.00143550,1.39000000
2018-02-27 17:09:25,0.00143550,14.43000000
2018-02-27 17:09:27,0.00143550,24.45000000
2018-02-27 17:09:27,0.00143580,199.32000000
2018-02-27 17:09:29,0.00143550,18.50000000
2018-02-27 17:09:29,0.00143550,63.91000000
2018-02-27 17:09:31,0.00143550,12.52000000
2018-02-27 17:09:34,0.00143550,18.36000000
2018-02-27 17:09:34,0.00143540,303.20000000
2018-02-27 17:09:37,0.00143550,4.27000000
2018-02-27 17:09:39,0.00143550,95.73000000
2018-02-27 17:09:39,0.00143550,7.97000000
2018-02-27 17:09:45,0.00143550,10.33000000
2018-02-27 17:09:45,0.00143540,0.53000000
2018-02-27 17:09:48,0.00143600,7.32000000
2018-02-27 17:09:48,0.00143560,71.87000000
2018-02-27 17:09:49,0.00143540,11.22000000
2018-02-27 17:09:51,0.00143600,1.04000000
2018-02-27 17:09:53,0.00143590,13.39000000
2018-02-27 17:09:53,0.00143540,5.71000000
2018-02-27 17:09:53,0.00143510,1.65000000
2018-02-27 17:09:53,0.00143500,547.93000000
2018-02-27 17:09:53,0.00143400,160.70000000
2018-02-27 17:09:53,0.00143340,297.84000000
2018-02-27 17:09:53,0.00143340,4.08000000
2018-02-27 17:09:54,0.00143340,10.01000000
2018-02-27 17:09:54,0.00143340,9.12000000
2018-02-27 17:09:55,0.00143340,19.49000000
2018-02-27 17:09:56,0.00143260,1.39000000
2018-02-27 17:09:56,0.00143240,1.33000000
2018-02-27 17:09:56,0.00143340,6.98000000
2018-02-27 17:09:57,0.00143200,6.33000000
2018-02-27 17:09:57,0.00143170,1.00000000
2018-02-27 17:09:58,0.00143340,1.38000000
2018-02-27 17:09:58,0.00143340,9.25000000
2018-02-27 17:10:01,0.00143340,24.32000000
2018-02-27 17:10:03,0.00143200,9.66000000
2018-02-27 17:10:03,0.00143200,24.89000000
2018-02-27 17:10:04,0.00143170,3.38000000
2018-02-27 17:10:04,0.00143150,18.21000000
2018-02-27 17:10:04,0.00143340,19.80000000
2018-02-27 17:10:05,0.00143240,16.16000000
2018-02-27 17:10:05,0.00143240,195.18000000
2018-02-27 17:10:05,0.00143240,10.33000000
2018-02-27 17:10:06,0.00143200,12.86000000
2018-02-27 17:10:06,0.00143150,86.84000000
2018-02-27 17:10:06,0.00143130,1.05000000
2018-02-27 17:10:06,0.00143100,481.74000000
2018-02-27 17:10:06,0.00143100,36.79000000
2018-02-27 17:10:08,0.00143240,3.77000000
2018-02-27 17:10:08,0.00143100,4.35000000
2018-02-27 17:10:09,0.00143100,17.77000000
2018-02-27 17:10:09,0.00143040,5.67000000
2018-02-27 17:10:09,0.00143000,34.78000000
2018-02-27 17:10:10,0.00143010,61.00000000
2018-02-27 17:10:10,0.00143000,901.45000000
2018-02-27 17:10:12,0.00143000,198.56000000
2018-02-27 17:10:13,0.00142710,11.85000000
2018-02-27 17:10:15,0.00142990,13.96000000
2018-02-27 17:10:15,0.00143000,73.92000000
2018-02-27 17:10:16,0.00143000,0.01000000
2018-02-27 17:10:16,0.00143000,60.73000000
2018-02-27 17:10:18,0.00142990,5.00000000
2018-02-27 17:10:19,0.00143000,6.96000000
2018-02-27 17:10:19,0.00143000,21.00000000
2018-02-27 17:10:19,0.00143000,9.03000000
2018-02-27 17:10:19,0.00142990,5.00000000
2018-02-27 17:10:20,0.00142730,10.00000000
2018-02-27 17:10:21,0.00142730,20.59000000
2018-02-27 17:10:23,0.00143000,5.15000000
2018-02-27 17:10:23,0.00142860,83.89000000
2018-02-27 17:10:23,0.00143000,119.51000000
2018-02-27 17:10:24,0.00142860,83.89000000
2018-02-27 17:10:24,0.00142730,1.02000000
2018-02-27 17:10:24,0.00142730,4.11000000
2018-02-27 17:10:24,0.00142900,189.28000000
2018-02-27 17:10:26,0.00142730,407.42000000
2018-02-27 17:10:27,0.00142750,5.03000000
2018-02-27 17:10:27,0.00142740,12.46000000
2018-02-27 17:10:29,0.00142740,16.76000000
2018-02-27 17:10:29,0.00142740,36.78000000
2018-02-27 17:10:29,0.00142730,75.79000000
2018-02-27 17:10:29,0.00142730,574.26000000
2018-02-27 17:10:32,0.00142730,757.79000000
2018-02-27 17:10:32,0.00142730,10.50000000
2018-02-27 17:10:33,0.00142730,128.85000000
2018-02-27 17:10:34,0.00142730,110.41000000
2018-02-27 17:10:34,0.00142700,16.81000000
2018-02-27 17:10:34,0.00142700,5.01000000
2018-02-27 17:10:34,0.00142700,5.01000000
2018-02-27 17:10:34,0.00142700,8.67000000
2018-02-27 17:10:34,0.00142900,11.15000000
2018-02-27 17:10:37,0.00142900,4.25000000
2018-02-27 17:10:38,0.00142750,2.76000000
2018-02-27 17:10:39,0.00142820,223.36000000
2018-02-27 17:10:43,0.00142900,2.41000000
2018-02-27 17:10:46,0.00142820,8.12000000
2018-02-27 17:10:48,0.00142880,1.14000000
2018-02-27 17:10:49,0.00142820,53.29000000
2018-02-27 17:10:51,0.00142820,22.88000000
2018-02-27 17:10:51,0.00142750,17.24000000
2018-02-27 17:10:51,0.00142680,47.87000000
2018-02-27 17:10:52,0.00142820,3.00000000
2018-02-27 17:10:52,0.00142880,7.00000000
2018-02-27 17:10:54,0.00142700,1.23000000
2018-02-27 17:10:55,0.00142820,1.50000000
2018-02-27 17:10:55,0.00142820,12.95000000
2018-02-27 17:10:55,0.00142820,0.85000000
2018-02-27 17:10:56,0.00142700,5.87000000
2018-02-27 17:10:56,0.00142680,2.00000000
2018-02-27 17:10:57,0.00142740,95.65000000
2018-02-27 17:11:02,0.00142680,6.82000000
2018-02-27 17:11:02,0.00142680,13.40000000
2018-02-27 17:11:03,0.00142680,2.54000000
2018-02-27 17:11:04,0.00142680,7.46000000
2018-02-27 17:11:04,0.00142590,108.00000000
2018-02-27 17:11:04,0.00142580,6.31000000
2018-02-27 17:11:04,0.00142570,0.78000000
2018-02-27 17:11:04,0.00142560,0.92000000
2018-02-27 17:11:04,0.00142530,6.91000000
2018-02-27 17:11:04,0.00142500,30.57000000
2018-02-27 17:11:04,0.00142390,129.15000000
2018-02-27 17:11:04,0.00142500,6.68000000
2018-02-27 17:11:04,0.00142500,6.68000000
2018-02-27 17:11:04,0.00142500,1.13000000
2018-02-27 17:11:04,0.00142500,76.55000000
2018-02-27 17:11:04,0.00142740,2.09000000
2018-02-27 17:11:05,0.00142390,1.50000000
2018-02-27 17:11:08,0.00142400,91.65000000
2018-02-27 17:11:08,0.00142390,72.30000000
2018-02-27 17:11:08,0.00142380,135.71000000
2018-02-27 17:11:08,0.00142780,20.00000000
2018-02-27 17:11:13,0.00142670,20.00000000
2018-02-27 17:11:13,0.00142680,21.35000000
2018-02-27 17:11:13,0.00142680,7.46000000
2018-02-27 17:11:14,0.00142690,235.12000000
2018-02-27 17:11:14,0.00142700,10.38000000
2018-02-27 17:11:14,0.00142700,1.54000000
2018-02-27 17:11:16,0.00142700,4.13000000
2018-02-27 17:11:16,0.00142700,138.56000000
2018-02-27 17:11:17,0.00142680,9.94000000
2018-02-27 17:11:18,0.00142680,190.32000000
2018-02-27 17:11:18,0.00142590,20.00000000
2018-02-27 17:11:18,0.00142390,14.04000000
2018-02-27 17:11:18,0.00142380,5.54000000
2018-02-27 17:11:18,0.00142350,2.73000000
2018-02-27 17:11:18,0.00142300,8.81000000
2018-02-27 17:11:19,0.00142590,28.09000000
2018-02-27 17:11:20,0.00142690,14.04000000
2018-02-27 17:11:20,0.00142700,30.98000000
2018-02-27 17:11:20,0.00142730,2.12000000
2018-02-27 17:11:20,0.00142740,3.06000000
2018-02-27 17:11:21,0.00142700,12.26000000
2018-02-27 17:11:23,0.00142700,0.02000000
2018-02-27 17:11:30,0.00142430,3.00000000
2018-02-27 17:11:34,0.00142590,107.67000000
2018-02-27 17:11:34,0.00142690,3.46000000
2018-02-27 17:11:36,0.00142680,58.20000000
2018-02-27 17:11:36,0.00142690,18.48000000
2018-02-27 17:11:36,0.00142700,171.39000000
2018-02-27 17:11:36,0.00142800,27.09000000
2018-02-27 17:11:36,0.00142820,73.68000000
2018-02-27 17:11:36,0.00142860,7.10000000
2018-02-27 17:11:36,0.00142870,2.89000000
2018-02-27 17:11:36,0.00142870,34.77000000
2018-02-27 17:11:36,0.00142870,7.36000000
2018-02-27 17:11:36,0.00142870,694.40000000
2018-02-27 17:11:37,0.00142460,0.97000000
2018-02-27 17:11:38,0.00142460,13.06000000
2018-02-27 17:11:38,0.00142450,7.10000000
2018-02-27 17:11:38,0.00142430,0.51000000
2018-02-27 17:11:38,0.00142420,7.10000000
2018-02-27 17:11:38,0.00142400,18.41000000
2018-02-27 17:11:38,0.00142390,5.22000000
2018-02-27 17:11:38,0.00142360,92.43000000
2018-02-27 17:11:38,0.00142350,44.11000000
2018-02-27 17:11:42,0.00142510,64.72000000
2018-02-27 17:11:43,0.00142510,156.22000000
2018-02-27 17:11:44,0.00142510,30.00000000
2018-02-27 17:11:44,0.00142650,82.34000000
2018-02-27 17:11:44,0.00142660,7.10000000
2018-02-27 17:11:44,0.00142680,415.13000000
2018-02-27 17:11:45,0.00142680,11.72000000
2018-02-27 17:11:46,0.00142680,2.00000000
2018-02-27 17:11:46,0.00142680,74.68000000
2018-02-27 17:11:46,0.00142510,576.29000000
2018-02-27 17:11:46,0.00142500,29.03000000
2018-02-27 17:11:47,0.00142510,14.96000000
2018-02-27 17:11:47,0.00142510,61.00000000
2018-02-27 17:11:49,0.00142510,12.92000000
2018-02-27 17:11:49,0.00142500,14.96000000
2018-02-27 17:11:50,0.00142510,0.02000000
2018-02-27 17:11:50,0.00142500,6.01000000
2018-02-27 17:11:50,0.00142350,64.89000000
2018-02-27 17:11:52,0.00142510,28.05000000
2018-02-27 17:11:52,0.00142510,7.00000000
2018-02-27 17:11:52,0.00142350,7.00000000
2018-02-27 17:11:52,0.00142350,54.51000000
2018-02-27 17:11:52,0.00142300,85.87000000
2018-02-27 17:11:52,0.00142270,197.38000000
2018-02-27 17:11:52,0.00142260,14.06000000
2018-02-27 17:11:52,0.00142220,14.06000000
2018-02-27 17:11:52,0.00142200,64.22000000
2018-02-27 17:11:52,0.00142180,303.52000000
2018-02-27 17:11:52,0.00142150,11.54000000
2018-02-27 17:11:52,0.00142110,161.00000000
2018-02-27 17:11:54,0.00142490,1.87000000
2018-02-27 17:11:55,0.00142270,11.23000000
2018-02-27 17:11:55,0.00142270,1.32000000
2018-02-27 17:11:55,0.00142270,2.08000000
2018-02-27 17:11:57,0.00142270,2.11000000
2018-02-27 17:11:57,0.00142270,58.18000000
2018-02-27 17:12:01,0.00142200,3.36000000
2018-02-27 17:12:03,0.00142200,15.85000000
2018-02-27 17:12:03,0.00142150,3.51000000
2018-02-27 17:12:03,0.00142110,5.35000000
2018-02-27 17:12:03,0.00142180,119.69000000
2018-02-27 17:12:05,0.00142200,162.65000000
2018-02-27 17:12:06,0.00142270,5.01000000
2018-02-27 17:12:08,0.00142260,0.85000000
2018-02-27 17:12:08,0.00142270,0.47000000
2018-02-27 17:12:09,0.00142130,0.71000000
2018-02-27 17:12:09,0.00142120,3.44000000
2018-02-27 17:12:10,0.00142270,1.97000000
2018-02-27 17:12:13,0.00142110,5.79000000
2018-02-27 17:12:14,0.00142120,5.01000000
2018-02-27 17:12:14,0.00142120,3.00000000
2018-02-27 17:12:14,0.00142120,2.70000000
2018-02-27 17:12:14,0.00142120,9.29000000
2018-02-27 17:12:15,0.00142200,1.05000000
2018-02-27 17:12:16,0.00142200,7.78000000
2018-02-27 17:12:17,0.00142200,172.41000000
2018-02-27 17:12:17,0.00142110,27.91000000
2018-02-27 17:12:17,0.00142080,3.22000000
2018-02-27 17:12:17,0.00142070,3.12000000
2018-02-27 17:12:18,0.00142200,11.35000000
2018-02-27 17:12:19,0.00142070,45.33000000
2018-02-27 17:12:20,0.00142130,259.17000000
2018-02-27 17:12:22,0.00142200,112.95000000
2018-02-27 17:12:23,0.00142070,146.56000000
2018-02-27 17:12:25,0.00142200,0.03000000
2018-02-27 17:12:25,0.00142250,8.37000000
2018-02-27 17:12:25,0.00142260,15.70000000
2018-02-27 17:12:25,0.00142270,9.28000000
2018-02-27 17:12:25,0.00142350,25.31000000
2018-02-27 17:12:26,0.00142350,4.65000000
2018-02-27 17:12:26,0.00142070,199.50000000
2018-02-27 17:12:26,0.00142500,41.59000000
2018-02-27 17:12:26,0.00142510,142.48000000
2018-02-27 17:12:27,0.00142270,5.05000000
2018-02-27 17:12:28,0.00142080,14.07000000
2018-02-27 17:12:28,0.00142070,78.09000000
2018-02-27 17:12:28,0.00142270,2.11000000
2018-02-27 17:12:29,0.00142270,15.26000000
2018-02-27 17:12:29,0.00142510,1403.63000000
2018-02-27 17:12:30,0.00142510,301.18000000
2018-02-27 17:12:30,0.00142510,24.56000000
2018-02-27 17:12:30,0.00142680,4.56000000
2018-02-27 17:12:31,0.00142510,1.13000000
2018-02-27 17:12:31,0.00142680,1.75000000
2018-02-27 17:12:32,0.00142510,629.30000000
2018-02-27 17:12:32,0.00142500,4.97000000
2018-02-27 17:12:32,0.00142250,333.12000000
2018-02-27 17:12:32,0.00142250,10.51000000
2018-02-27 17:12:32,0.00142680,7.01000000
2018-02-27 17:12:32,0.00142270,7.10000000
2018-02-27 17:12:32,0.00142250,12.90000000
2018-02-27 17:12:32,0.00142250,153.23000000
2018-02-27 17:12:32,0.00142660,6.31000000
2018-02-27 17:12:33,0.00142660,0.79000000
2018-02-27 17:12:33,0.00142680,1.31000000
2018-02-27 17:12:33,0.00142520,409.54000000
2018-02-27 17:12:33,0.00142680,5.04000000
2018-02-27 17:12:33,0.00142680,0.71000000
2018-02-27 17:12:34,0.00142680,24.94000000
2018-02-27 17:12:34,0.00142520,176.75000000
2018-02-27 17:12:37,0.00142510,3.43000000
2018-02-27 17:12:39,0.00142520,1.54000000
2018-02-27 17:12:39,0.00142520,151.57000000
2018-02-27 17:12:41,0.00142590,131.72000000
2018-02-27 17:12:42,0.00142510,4.00000000
2018-02-27 17:12:45,0.00142610,45.37000000
2018-02-27 17:12:46,0.00142520,1.35000000
2018-02-27 17:12:47,0.00142520,32.08000000
2018-02-27 17:12:47,0.00142520,66.57000000
2018-02-27 17:12:47,0.00142510,55.43000000
2018-02-27 17:12:51,0.00142610,7.01000000
2018-02-27 17:12:51,0.00142610,22.99000000
2018-02-27 17:12:51,0.00142510,1.58000000
2018-02-27 17:12:52,0.00142590,4.98000000
2018-02-27 17:12:53,0.00142680,5.61000000
2018-02-27 17:12:53,0.00142510,9.92000000
2018-02-27 17:12:54,0.00142510,22.21000000
2018-02-27 17:12:54,0.00142500,45.32000000
2018-02-27 17:12:54,0.00142680,1.00000000
2018-02-27 17:12:55,0.00142510,0.20000000
2018-02-27 17:12:59,0.00142510,17.18000000
2018-02-27 17:13:00,0.00142680,21.05000000
2018-02-27 17:13:00,0.00142690,32.23000000
2018-02-27 17:13:00,0.00142700,16.20000000
2018-02-27 17:13:00,0.00142790,10.30000000
2018-02-27 17:13:01,0.00142700,116.81000000
2018-02-27 17:13:02,0.00142700,19.01000000
2018-02-27 17:13:03,0.00142880,5.85000000
2018-02-27 17:13:04,0.00142870,2.80000000
2018-02-27 17:13:04,0.00142870,0.97000000
2018-02-27 17:13:04,0.00142890,0.99000000
2018-02-27 17:13:07,0.00142700,53.74000000
2018-02-27 17:13:08,0.00142890,3.64000000
2018-02-27 17:13:09,0.00142890,1.05000000
2018-02-27 17:13:09,0.00142710,143.74000000
2018-02-27 17:13:10,0.00142890,67.00000000
2018-02-27 17:13:11,0.00142880,1.75000000
2018-02-27 17:13:12,0.00142880,0.81000000
2018-02-27 17:13:16,0.00142880,281.41000000
2018-02-27 17:13:16,0.00142880,10.50000000
2018-02-27 17:13:20,0.00142880,83.21000000
2018-02-27 17:13:20,0.00142890,17.60000000
2018-02-27 17:13:20,0.00142700,4.05000000
2018-02-27 17:13:20,0.00142880,0.84000000
2018-02-27 17:13:21,0.00142880,10.49000000
2018-02-27 17:13:25,0.00142780,16.29000000
2018-02-27 17:13:27,0.00142870,32.54000000
2018-02-27 17:13:27,0.00142880,67.46000000
2018-02-27 17:13:33,0.00142870,2.87000000
2018-02-27 17:13:33,0.00142870,1.12000000
2018-02-27 17:13:33,0.00142870,1.12000000
2018-02-27 17:13:35,0.00142870,18.94000000
2018-02-27 17:13:37,0.00142870,0.01000000
2018-02-27 17:13:37,0.00142890,13.64000000
2018-02-27 17:13:37,0.00142880,10.18000000
2018-02-27 17:13:38,0.00142880,3.05000000
2018-02-27 17:13:40,0.00142890,3.50000000
2018-02-27 17:13:40,0.00142880,6.00000000
2018-02-27 17:13:41,0.00142880,5.00000000
2018-02-27 17:13:42,0.00142880,14.85000000
2018-02-27 17:13:42,0.00142890,145.60000000
2018-02-27 17:13:42,0.00142880,13.85000000
2018-02-27 17:13:42,0.00142890,1.75000000
2018-02-27 17:13:45,0.00142880,0.62000000
2018-02-27 17:13:46,0.00142870,5.00000000
2018-02-27 17:13:46,0.00142880,124.48000000
2018-02-27 17:13:46,0.00142890,26.41000000
2018-02-27 17:13:47,0.00142870,5.00000000
2018-02-27 17:13:48,0.00142870,49.97000000
2018-02-27 17:13:48,0.00142890,0.50000000
2018-02-27 17:13:49,0.00142900,1.12000000
2018-02-27 17:13:49,0.00142900,2.41000000
2018-02-27 17:13:49,0.00142900,0.91000000
2018-02-27 17:13:50,0.00142890,30.90000000
2018-02-27 17:13:50,0.00142870,265.52000000
2018-02-27 17:13:51,0.00142860,91.70000000
2018-02-27 17:13:51,0.00142860,3.43000000
2018-02-27 17:13:51,0.00142860,1.41000000
2018-02-27 17:13:52,0.00142860,162.04000000
2018-02-27 17:13:52,0.00142900,60.04000000
2018-02-27 17:13:54,0.00142880,1.12000000
2018-02-27 17:13:54,0.00142880,1.18000000
2018-02-27 17:13:54,0.00142880,1.04000000
2018-02-27 17:13:54,0.00142880,1.48000000
2018-02-27 17:13:54,0.00142880,1.75000000
2018-02-27 17:13:54,0.00142880,16.98000000
2018-02-27 17:13:54,0.00142900,82.13000000
2018-02-27 17:13:54,0.00142970,5.02000000
2018-02-27 17:13:57,0.00142970,3.43000000
2018-02-27 17:13:58,0.00142970,5.60000000
2018-02-27 17:13:58,0.00142980,18.11000000
2018-02-27 17:13:58,0.00142990,2.28000000
2018-02-27 17:13:59,0.00142990,25.00000000
2018-02-27 17:14:03,0.00142990,664.34000000
2018-02-27 17:14:03,0.00142970,7.92000000
2018-02-27 17:14:04,0.00142850,28.05000000
2018-02-27 17:14:05,0.00142980,2.29000000
2018-02-27 17:14:06,0.00142970,1.36000000
2018-02-27 17:14:07,0.00142970,2.10000000
2018-02-27 17:14:08,0.00142900,2.00000000
2018-02-27 17:14:09,0.00142970,21.87000000
2018-02-27 17:14:12,0.00142970,3.56000000
2018-02-27 17:14:14,0.00142900,3.29000000
2018-02-27 17:14:15,0.00142900,50.00000000
2018-02-27 17:14:16,0.00142930,167.52000000
2018-02-27 17:14:16,0.00142900,200.00000000
2018-02-27 17:14:17,0.00142970,0.01000000
2018-02-27 17:14:19,0.00142900,323.71000000
2018-02-27 17:14:19,0.00142970,22.99000000
2018-02-27 17:14:21,0.00142970,48.07000000
2018-02-27 17:14:21,0.00142900,316.91000000
2018-02-27 17:14:21,0.00142900,392.45000000
2018-02-27 17:14:23,0.00142970,81.00000000
2018-02-27 17:14:23,0.00142900,777.58000000
2018-02-27 17:14:23,0.00142900,10.00000000
2018-02-27 17:14:23,0.00142870,19.59000000
2018-02-27 17:14:24,0.00142870,6.00000000
2018-02-27 17:14:25,0.00142750,37.69000000
2018-02-27 17:14:26,0.00142870,67.34000000
2018-02-27 17:14:26,0.00142870,42.78000000
2018-02-27 17:14:27,0.00142870,27.45000000
2018-02-27 17:14:28,0.00142810,32.86000000
2018-02-27 17:14:28,0.00142810,7.21000000
2018-02-27 17:14:29,0.00142870,65.59000000
2018-02-27 17:14:37,0.00142810,10.29000000
2018-02-27 17:14:40,0.00142860,12.18000000
2018-02-27 17:14:41,0.00142860,4.23000000
2018-02-27 17:14:45,0.00142860,1.13000000
2018-02-27 17:14:45,0.00142860,5.57000000
2018-02-27 17:14:46,0.00142850,7.75000000
2018-02-27 17:14:47,0.00142850,2.81000000
2018-02-27 17:14:48,0.00142810,5.00000000
2018-02-27 17:14:48,0.00142810,19.14000000
2018-02-27 17:14:49,0.00142850,0.51000000
2018-02-27 17:14:49,0.00142820,179.54000000
2018-02-27 17:14:49,0.00142850,20.72000000
2018-02-27 17:14:49,0.00142860,115.35000000
