DATE,PRICE,VOLUME
2018-02-24 03:59:59,0.00137800,11.85000000
2018-02-24 04:00:00,0.00137800,11.55000000
2018-02-24 04:00:00,0.00137800,80.08000000
2018-02-24 04:00:03,0.00137800,9.38000000
2018-02-24 04:00:03,0.00137800,6.51000000
2018-02-24 04:00:03,0.00137800,6.51000000
2018-02-24 04:00:03,0.00137670,6.51000000
2018-02-24 04:00:04,0.00137800,13.47000000
2018-02-24 04:00:06,0.00137800,100.00000000
2018-02-24 04:00:06,0.00137870,3.32000000
2018-02-24 04:00:07,0.00137800,6.18000000
2018-02-24 04:00:08,0.00137800,5.13000000
2018-02-24 04:00:10,0.00137870,1.30000000
2018-02-24 04:00:10,0.00137870,6.04000000
2018-02-24 04:00:11,0.00137870,4.87000000
2018-02-24 04:00:12,0.00137870,3.97000000
2018-02-24 04:00:13,0.00137880,2.90000000
2018-02-24 04:00:15,0.00137880,0.64000000
2018-02-24 04:00:15,0.00137870,105.47000000
2018-02-24 04:00:16,0.00137900,50.00000000
2018-02-24 04:00:16,0.00137870,10.00000000
2018-02-24 04:00:18,0.00137900,1.95000000
2018-02-24 04:00:18,0.00137890,14.14000000
2018-02-24 04:00:19,0.00137900,2.34000000
2018-02-24 04:00:19,0.00137900,66.59000000
2018-02-24 04:00:19,0.00137880,151.15000000
2018-02-24 04:00:19,0.00137960,1.95000000
2018-02-24 04:00:20,0.00137880,178.12000000
2018-02-24 04:00:20,0.00137870,296.16000000
2018-02-24 04:00:20,0.00137960,1.85000000
2018-02-24 04:00:23,0.00137880,19.86000000
2018-02-24 04:00:24,0.00137960,4.34000000
2018-02-24 04:00:24,0.00137970,5.86000000
2018-02-24 04:00:24,0.00137970,1.45000000
2018-02-24 04:00:24,0.00137980,0.55000000
2018-02-24 04:00:24,0.00137960,1.11000000
2018-02-24 04:00:26,0.00137980,47.39000000
2018-02-24 04:00:26,0.00137990,78.98000000
2018-02-24 04:00:26,0.00138000,1139.72000000
2018-02-24 04:00:27,0.00138000,14.18000000
2018-02-24 04:00:31,0.00138000,14.18000000
2018-02-24 04:00:31,0.00138020,298.03000000
2018-02-24 04:00:32,0.00138000,9.99000000
2018-02-24 04:00:36,0.00138050,4.02000000
2018-02-24 04:00:38,0.00138050,3.12000000
2018-02-24 04:00:38,0.00138050,2.93000000
2018-02-24 04:00:39,0.00138170,1.25000000
2018-02-24 04:00:39,0.00138170,1.99000000
2018-02-24 04:00:39,0.00138200,16.25000000
2018-02-24 04:00:40,0.00138070,7.30000000
2018-02-24 04:00:40,0.00138050,2.20000000
2018-02-24 04:00:40,0.00138060,14.43000000
2018-02-24 04:00:40,0.00138150,7.30000000
2018-02-24 04:00:40,0.00138200,1051.91000000
2018-02-24 04:00:41,0.00138050,513.55000000
2018-02-24 04:00:41,0.00138000,486.45000000
2018-02-24 04:00:42,0.00138200,57.58000000
2018-02-24 04:00:42,0.00138200,475.00000000
2018-02-24 04:00:42,0.00138200,121.74000000
2018-02-24 04:00:43,0.00138200,290.85000000
2018-02-24 04:00:43,0.00138200,14.23000000
2018-02-24 04:00:44,0.00138200,1313.41000000
2018-02-24 04:00:44,0.00138200,1820.94000000
2018-02-24 04:00:44,0.00138210,8.19000000
2018-02-24 04:00:44,0.00138220,25.02000000
2018-02-24 04:00:44,0.00138280,14.47000000
2018-02-24 04:00:44,0.00138290,10.00000000
2018-02-24 04:00:44,0.00138300,225.73000000
2018-02-24 04:00:44,0.00138310,14.44000000
2018-02-24 04:00:44,0.00138320,3.65000000
2018-02-24 04:00:44,0.00138340,7.40000000
2018-02-24 04:00:44,0.00138360,5.09000000
2018-02-24 04:00:44,0.00138400,3.66000000
2018-02-24 04:00:44,0.00138450,30.30000000
2018-02-24 04:00:44,0.00138200,123.95000000
2018-02-24 04:00:44,0.00138200,15.07000000
2018-02-24 04:00:44,0.00138470,6.58000000
2018-02-24 04:00:44,0.00138200,14.17000000
2018-02-24 04:00:45,0.00138320,21.68000000
2018-02-24 04:00:45,0.00138320,3.13000000
2018-02-24 04:00:45,0.00138460,89.72000000
2018-02-24 04:00:45,0.00138320,13.80000000
2018-02-24 04:00:45,0.00138210,21.69000000
2018-02-24 04:00:45,0.00138220,7.30000000
2018-02-24 04:00:45,0.00138210,4.28000000
2018-02-24 04:00:46,0.00138200,3.65000000
2018-02-24 04:00:46,0.00138320,39.64000000
2018-02-24 04:00:46,0.00138200,11.94000000
2018-02-24 04:00:47,0.00138310,25.97000000
2018-02-24 04:00:47,0.00138200,6.64000000
2018-02-24 04:00:47,0.00138200,21.70000000
2018-02-24 04:00:47,0.00138200,10.61000000
2018-02-24 04:00:48,0.00138310,21.68000000
2018-02-24 04:00:48,0.00138450,7.30000000
2018-02-24 04:00:48,0.00138460,6.79000000
2018-02-24 04:00:49,0.00138310,21.35000000
2018-02-24 04:00:49,0.00138310,185.46000000
2018-02-24 04:00:49,0.00138220,7.30000000
2018-02-24 04:00:49,0.00138200,456.07000000
2018-02-24 04:00:50,0.00138200,1308.23000000
2018-02-24 04:00:50,0.00138200,4.91000000
2018-02-24 04:00:51,0.00138100,3.76000000
2018-02-24 04:00:52,0.00138070,3.76000000
2018-02-24 04:00:52,0.00138200,6.60000000
2018-02-24 04:00:52,0.00138200,46.42000000
2018-02-24 04:00:53,0.00138200,19.00000000
2018-02-24 04:00:53,0.00138200,167.45000000
2018-02-24 04:00:53,0.00138200,17.90000000
2018-02-24 04:00:54,0.00138200,10.99000000
2018-02-24 04:00:54,0.00138090,7.30000000
2018-02-24 04:00:54,0.00138200,45.65000000
2018-02-24 04:00:54,0.00138180,7.30000000
2018-02-24 04:00:54,0.00138200,12.48000000
2018-02-24 04:00:55,0.00138420,0.53000000
2018-02-24 04:00:56,0.00138410,2.19000000
2018-02-24 04:00:56,0.00138420,16.90000000
2018-02-24 04:00:56,0.00138430,0.91000000
2018-02-24 04:00:56,0.00138430,10.01000000
2018-02-24 04:00:56,0.00138470,9.14000000
2018-02-24 04:00:56,0.00138470,0.55000000
2018-02-24 04:00:56,0.00138500,17.88000000
2018-02-24 04:00:57,0.00138460,20.23000000
2018-02-24 04:00:57,0.00138460,34.11000000
2018-02-24 04:00:57,0.00138460,34.10000000
2018-02-24 04:00:57,0.00138460,36.16000000
2018-02-24 04:00:57,0.00138460,2.72000000
2018-02-24 04:00:57,0.00138460,8.58000000
2018-02-24 04:00:57,0.00138460,8.58000000
2018-02-24 04:00:57,0.00138460,1.86000000
2018-02-24 04:00:58,0.00138460,17.34000000
2018-02-24 04:00:58,0.00138460,58.11000000
2018-02-24 04:00:58,0.00138420,5.28000000
2018-02-24 04:00:58,0.00138480,1.58000000
2018-02-24 04:01:01,0.00138490,1.34000000
2018-02-24 04:01:01,0.00138500,14.06000000
2018-02-24 04:01:01,0.00138500,1.64000000
2018-02-24 04:01:03,0.00138370,321.96000000
2018-02-24 04:01:03,0.00138500,1.20000000
2018-02-24 04:01:04,0.00138500,7.65000000
2018-02-24 04:01:04,0.00138400,33.11000000
2018-02-24 04:01:04,0.00138500,0.38000000
2018-02-24 04:01:04,0.00138500,10.00000000
2018-02-24 04:01:05,0.00138400,105.61000000
2018-02-24 04:01:05,0.00138400,58.98000000
2018-02-24 04:01:07,0.00138500,56.45000000
2018-02-24 04:01:09,0.00138510,4.76000000
2018-02-24 04:01:11,0.00138510,23.07000000
2018-02-24 04:01:11,0.00138510,86.56000000
2018-02-24 04:01:11,0.00138500,204.00000000
2018-02-24 04:01:12,0.00138500,263.41000000
2018-02-24 04:01:12,0.00138460,10.86000000
2018-02-24 04:01:12,0.00138400,79.68000000
2018-02-24 04:01:13,0.00138510,1.85000000
2018-02-24 04:01:13,0.00138530,11.25000000
2018-02-24 04:01:13,0.00138510,0.88000000
2018-02-24 04:01:13,0.00138280,7.30000000
2018-02-24 04:01:13,0.00138270,10.32000000
2018-02-24 04:01:15,0.00138480,3.59000000
2018-02-24 04:01:16,0.00138300,1.51000000
2018-02-24 04:01:17,0.00138300,16.50000000
2018-02-24 04:01:19,0.00138320,12.96000000
2018-02-24 04:01:19,0.00138260,7.30000000
2018-02-24 04:01:19,0.00138240,0.75000000
2018-02-24 04:01:19,0.00138220,78.97000000
2018-02-24 04:01:19,0.00138210,138.73000000
2018-02-24 04:01:19,0.00138200,240.98000000
2018-02-24 04:01:19,0.00138100,22.36000000
2018-02-24 04:01:19,0.00138050,128.72000000
2018-02-24 04:01:19,0.00138030,2.16000000
2018-02-24 04:01:19,0.00138020,10.36000000
2018-02-24 04:01:19,0.00138000,97.12000000
2018-02-24 04:01:20,0.00138400,21.52000000
2018-02-24 04:01:20,0.00138020,1.00000000
2018-02-24 04:01:21,0.00138140,62.54000000
2018-02-24 04:01:21,0.00138020,117.52000000
2018-02-24 04:01:22,0.00138020,33.19000000
2018-02-24 04:01:22,0.00138020,21.70000000
2018-02-24 04:01:22,0.00138020,68.50000000
2018-02-24 04:01:22,0.00138020,3.85000000
2018-02-24 04:01:23,0.00138040,3.62000000
2018-02-24 04:01:23,0.00138020,11.61000000
2018-02-24 04:01:24,0.00138020,4.76000000
2018-02-24 04:01:26,0.00138050,2.16000000
2018-02-24 04:01:26,0.00138040,3.62000000
2018-02-24 04:01:26,0.00138020,12.79000000
2018-02-24 04:01:26,0.00138010,14.49000000
2018-02-24 04:01:26,0.00138000,210.46000000
2018-02-24 04:01:26,0.00138000,21.72000000
2018-02-24 04:01:26,0.00138000,36.23000000
2018-02-24 04:01:26,0.00138000,1.93000000
2018-02-24 04:01:26,0.00138000,21.72000000
2018-02-24 04:01:26,0.00138000,3.14000000
2018-02-24 04:01:26,0.00138000,13.04000000
2018-02-24 04:01:27,0.00138020,21.72000000
2018-02-24 04:01:27,0.00138010,4.01000000
2018-02-24 04:01:27,0.00138020,17.70000000
2018-02-24 04:01:29,0.00138010,32.38000000
2018-02-24 04:01:31,0.00137950,1.45000000
2018-02-24 04:01:31,0.00137880,52.66000000
2018-02-24 04:01:31,0.00137870,4.82000000
2018-02-24 04:01:31,0.00137800,19.16000000
2018-02-24 04:01:32,0.00137950,29.94000000
2018-02-24 04:01:32,0.00137800,5.38000000
2018-02-24 04:01:32,0.00137750,56.88000000
2018-02-24 04:01:32,0.00138010,17.62000000
2018-02-24 04:01:32,0.00138020,21.71000000
2018-02-24 04:01:32,0.00138010,5.97000000
2018-02-24 04:01:33,0.00138000,2.82000000
2018-02-24 04:01:34,0.00137990,6.41000000
2018-02-24 04:01:34,0.00137760,7.72000000
2018-02-24 04:01:34,0.00137870,346.43000000
2018-02-24 04:01:35,0.00138000,2.22000000
2018-02-24 04:01:35,0.00138020,36.23000000
2018-02-24 04:01:36,0.00137870,67.52000000
2018-02-24 04:01:36,0.00137880,20.00000000
2018-02-24 04:01:37,0.00137990,145.30000000
2018-02-24 04:01:37,0.00137760,6.37000000
2018-02-24 04:01:37,0.00137750,43.12000000
2018-02-24 04:01:37,0.00137710,7.26000000
2018-02-24 04:01:37,0.00137670,8.49000000
2018-02-24 04:01:37,0.00137630,5.07000000
2018-02-24 04:01:37,0.00137600,175.98000000
2018-02-24 04:01:37,0.00137500,230.16000000
2018-02-24 04:01:37,0.00137490,19.79000000
2018-02-24 04:01:37,0.00137200,5.07000000
2018-02-24 04:01:37,0.00137190,318.05000000
2018-02-24 04:01:37,0.00137180,35.34000000
2018-02-24 04:01:37,0.00137180,37.55000000
2018-02-24 04:01:37,0.00137140,18.37000000
2018-02-24 04:01:39,0.00137960,5.14000000
2018-02-24 04:01:40,0.00137980,1.87000000
2018-02-24 04:01:42,0.00137980,2.16000000
2018-02-24 04:01:42,0.00137960,292.76000000
2018-02-24 04:01:43,0.00138000,69.47000000
2018-02-24 04:01:43,0.00138020,83.94000000
2018-02-24 04:01:43,0.00137960,568.49000000
2018-02-24 04:01:44,0.00137980,10.91000000
2018-02-24 04:01:44,0.00137990,14.60000000
2018-02-24 04:01:44,0.00137960,72.89000000
2018-02-24 04:01:44,0.00137970,17.66000000
2018-02-24 04:01:45,0.00137970,80.18000000
2018-02-24 04:01:47,0.00137970,50.00000000
2018-02-24 04:01:47,0.00137970,178.49000000
2018-02-24 04:01:47,0.00137980,154.29000000
2018-02-24 04:01:47,0.00138080,87.01000000
2018-02-24 04:01:49,0.00138020,163.77000000
2018-02-24 04:01:51,0.00138000,1.03000000
2018-02-24 04:01:53,0.00138190,52.37000000
2018-02-24 04:01:54,0.00138190,1.73000000
2018-02-24 04:01:54,0.00138220,6.51000000
2018-02-24 04:01:55,0.00138220,17.36000000
2018-02-24 04:01:58,0.00138190,5.74000000
2018-02-24 04:02:00,0.00138190,42.61000000
2018-02-24 04:02:01,0.00138190,11.21000000
2018-02-24 04:02:01,0.00138220,7.40000000
2018-02-24 04:02:02,0.00138090,7.30000000
2018-02-24 04:02:02,0.00138090,7.30000000
2018-02-24 04:02:03,0.00138090,278.32000000
2018-02-24 04:02:04,0.00138090,44.54000000
2018-02-24 04:02:04,0.00138060,1.50000000
2018-02-24 04:02:05,0.00138090,2.07000000
2018-02-24 04:02:05,0.00138060,12.65000000
2018-02-24 04:02:06,0.00138060,3.37000000
2018-02-24 04:02:07,0.00138060,109.63000000
2018-02-24 04:02:07,0.00138060,16.60000000
2018-02-24 04:02:08,0.00138040,1.13000000
2018-02-24 04:02:08,0.00138040,369.78000000
2018-02-24 04:02:09,0.00138040,1.13000000
2018-02-24 04:02:09,0.00138060,4.01000000
2018-02-24 04:02:09,0.00138060,18.67000000
2018-02-24 04:02:10,0.00138030,7.30000000
2018-02-24 04:02:10,0.00138000,66.54000000
2018-02-24 04:02:10,0.00138000,78.64000000
2018-02-24 04:02:10,0.00137990,189.44000000
2018-02-24 04:02:10,0.00137970,50.00000000
2018-02-24 04:02:10,0.00137960,246.96000000
2018-02-24 04:02:10,0.00137950,1158.87000000
2018-02-24 04:02:10,0.00137920,3.73000000
2018-02-24 04:02:13,0.00137900,8.64000000
2018-02-24 04:02:14,0.00137900,226.20000000
2018-02-24 04:02:15,0.00137900,5.05000000
2018-02-24 04:02:16,0.00137830,3.62000000
2018-02-24 04:02:18,0.00137830,13.48000000
2018-02-24 04:02:19,0.00137770,96.75000000
2018-02-24 04:02:19,0.00137770,36.54000000
2018-02-24 04:02:21,0.00137760,0.98000000
2018-02-24 04:02:21,0.00137720,2.03000000
2018-02-24 04:02:21,0.00137670,7.26000000
2018-02-24 04:02:21,0.00137520,7.39000000
2018-02-24 04:02:23,0.00137550,2.16000000
2018-02-24 04:02:23,0.00137550,17.84000000
2018-02-24 04:02:23,0.00137540,10.81000000
2018-02-24 04:02:23,0.00137530,56.07000000
2018-02-24 04:02:23,0.00137520,2.46000000
2018-02-24 04:02:23,0.00137510,13.65000000
2018-02-24 04:02:23,0.00137310,70.64000000
2018-02-24 04:02:23,0.00137200,30.85000000
2018-02-24 04:02:23,0.00137140,430.15000000
2018-02-24 04:02:24,0.00137550,8.00000000
2018-02-24 04:02:24,0.00137150,2.15000000
2018-02-24 04:02:24,0.00137140,568.06000000
2018-02-24 04:02:24,0.00137140,2.00000000
2018-02-24 04:02:24,0.00137140,50.00000000
2018-02-24 04:02:24,0.00137140,1.36000000
2018-02-24 04:02:24,0.00137140,368.43000000
2018-02-24 04:02:25,0.00137800,21.75000000
2018-02-24 04:02:25,0.00137790,17.18000000
2018-02-24 04:02:25,0.00137790,12.82000000
2018-02-24 04:02:26,0.00137780,21.67000000
2018-02-24 04:02:26,0.00137780,25.64000000
2018-02-24 04:02:26,0.00137780,25.63000000
2018-02-24 04:02:26,0.00137780,25.63000000
2018-02-24 04:02:26,0.00137780,15.97000000
2018-02-24 04:02:26,0.00137780,10.00000000
2018-02-24 04:02:27,0.00137790,12.03000000
2018-02-24 04:02:27,0.00137790,7.97000000
2018-02-24 04:02:27,0.00137780,8.00000000
2018-02-24 04:02:28,0.00137550,21.76000000
2018-02-24 04:02:28,0.00137550,21.77000000
2018-02-24 04:02:28,0.00137550,67.96000000
2018-02-24 04:02:28,0.00137550,10.99000000
2018-02-24 04:02:33,0.00137550,4.40000000
2018-02-24 04:02:34,0.00137760,53.01000000
2018-02-24 04:02:34,0.00137770,64.33000000
2018-02-24 04:02:34,0.00137790,2.03000000
2018-02-24 04:02:35,0.00137790,0.75000000
2018-02-24 04:02:35,0.00137790,125.90000000
2018-02-24 04:02:35,0.00137780,287.14000000
2018-02-24 04:02:36,0.00137780,51.77000000
2018-02-24 04:02:36,0.00137780,284.70000000
2018-02-24 04:02:36,0.00137800,0.15000000
2018-02-24 04:02:36,0.00137820,0.85000000
2018-02-24 04:02:37,0.00137780,19.04000000
2018-02-24 04:02:38,0.00137780,9.86000000
2018-02-24 04:02:39,0.00137780,9.41000000
2018-02-24 04:02:39,0.00137780,45.20000000
2018-02-24 04:02:40,0.00137790,8.43000000
2018-02-24 04:02:40,0.00137820,5.88000000
2018-02-24 04:02:41,0.00137820,2.11000000
2018-02-24 04:02:42,0.00137790,395.38000000
2018-02-24 04:02:43,0.00137780,9.36000000
2018-02-24 04:02:44,0.00137820,108.20000000
2018-02-24 04:02:45,0.00137790,0.99000000
2018-02-24 04:02:45,0.00137820,3.10000000
2018-02-24 04:02:46,0.00137780,0.02000000
2018-02-24 04:02:47,0.00137780,9.09000000
2018-02-24 04:02:48,0.00137780,52.45000000
2018-02-24 04:02:53,0.00137780,25.07000000
2018-02-24 04:02:53,0.00137820,254.20000000
2018-02-24 04:02:54,0.00137820,1.48000000
2018-02-24 04:02:54,0.00137830,3.66000000
2018-02-24 04:02:56,0.00137830,30.00000000
2018-02-24 04:02:57,0.00137780,491.58000000
2018-02-24 04:02:58,0.00137800,135.96000000
2018-02-24 04:02:59,0.00137780,1.00000000
2018-02-24 04:03:00,0.00137830,1.60000000
2018-02-24 04:03:00,0.00137820,140.42000000
2018-02-24 04:03:00,0.00137830,177.87000000
2018-02-24 04:03:03,0.00137820,0.61000000
2018-02-24 04:03:06,0.00137830,7.95000000
2018-02-24 04:03:06,0.00137820,35.60000000
2018-02-24 04:03:08,0.00137830,2.00000000
2018-02-24 04:03:08,0.00137820,25.63000000
2018-02-24 04:03:09,0.00137830,19.39000000
2018-02-24 04:03:09,0.00137820,5.48000000
2018-02-24 04:03:09,0.00137830,461.03000000
2018-02-24 04:03:10,0.00137820,6.90000000
2018-02-24 04:03:11,0.00137820,0.53000000
2018-02-24 04:03:14,0.00137820,15.97000000
2018-02-24 04:03:16,0.00137830,240.08000000
2018-02-24 04:03:18,0.00137830,6.30000000
2018-02-24 04:03:19,0.00137820,1.79000000
2018-02-24 04:03:19,0.00137830,2.00000000
2018-02-24 04:03:20,0.00137830,2.00000000
2018-02-24 04:03:21,0.00137820,2.11000000
2018-02-24 04:03:22,0.00137820,75.88000000
2018-02-24 04:03:24,0.00137820,66.29000000
2018-02-24 04:03:27,0.00137830,17.53000000
2018-02-24 04:03:31,0.00137820,5.63000000
2018-02-24 04:03:31,0.00137830,97.58000000
2018-02-24 04:03:32,0.00137820,88.88000000
2018-02-24 04:03:33,0.00137820,5.94000000
2018-02-24 04:03:33,0.00137820,25.00000000
2018-02-24 04:03:35,0.00137820,0.86000000
2018-02-24 04:03:36,0.00137830,3.10000000
2018-02-24 04:03:36,0.00137830,10.93000000
2018-02-24 04:03:36,0.00137830,10.93000000
2018-02-24 04:03:36,0.00137830,10.93000000
2018-02-24 04:03:36,0.00137830,10.93000000
2018-02-24 04:03:37,0.00137820,10.93000000
2018-02-24 04:03:38,0.00137830,3.04000000
2018-02-24 04:03:40,0.00137820,80.40000000
2018-02-24 04:03:41,0.00137830,40.22000000
2018-02-24 04:03:41,0.00137830,909.20000000
2018-02-24 04:03:42,0.00137830,328.63000000
2018-02-24 04:03:43,0.00137830,148.46000000
2018-02-24 04:03:44,0.00137860,444.33000000
2018-02-24 04:03:51,0.00137860,10.29000000
2018-02-24 04:03:52,0.00137900,4.04000000
2018-02-24 04:03:55,0.00138000,32.49000000
2018-02-24 04:03:56,0.00137900,5.00000000
2018-02-24 04:03:58,0.00137940,184.36000000
2018-02-24 04:03:58,0.00138000,24.66000000
2018-02-24 04:03:59,0.00138010,31.26000000
2018-02-24 04:04:01,0.00138000,7.33000000
2018-02-24 04:04:03,0.00138100,1.00000000
2018-02-24 04:04:03,0.00138200,29.94000000
2018-02-24 04:04:03,0.00138200,0.95000000
2018-02-24 04:04:04,0.00138200,29.62000000
2018-02-24 04:04:04,0.00138030,7.30000000
2018-02-24 04:04:04,0.00138000,430.20000000
2018-02-24 04:04:08,0.00138000,0.33000000
2018-02-24 04:04:09,0.00138000,71.18000000
2018-02-24 04:04:12,0.00138000,226.68000000
2018-02-24 04:04:12,0.00137940,2.05000000
2018-02-24 04:04:12,0.00138000,11.45000000
2018-02-24 04:04:14,0.00138000,270.38000000
2018-02-24 04:04:15,0.00138000,12.46000000
2018-02-24 04:04:15,0.00138000,40.18000000
2018-02-24 04:04:18,0.00138030,468.26000000
2018-02-24 04:04:18,0.00138000,10.00000000
2018-02-24 04:04:18,0.00138000,1.50000000
2018-02-24 04:04:18,0.00138000,831.54000000
2018-02-24 04:04:20,0.00138000,42.83000000
2018-02-24 04:04:21,0.00137940,79.67000000
2018-02-24 04:04:22,0.00138000,425.73000000
2018-02-24 04:04:23,0.00138000,911.98000000
2018-02-24 04:04:24,0.00138000,140.76000000
2018-02-24 04:04:26,0.00137940,106.26000000
2018-02-24 04:04:26,0.00137900,0.91000000
2018-02-24 04:04:27,0.00137900,1.81000000
2018-02-24 04:04:27,0.00137900,1.25000000
2018-02-24 04:04:27,0.00137940,2.43000000
2018-02-24 04:04:28,0.00137940,2.18000000
2018-02-24 04:04:28,0.00137940,2.46000000
2018-02-24 04:04:28,0.00137900,2.68000000
2018-02-24 04:04:28,0.00137830,1.00000000
2018-02-24 04:04:28,0.00137820,23.95000000
2018-02-24 04:04:29,0.00137880,21.73000000
2018-02-24 04:04:29,0.00137880,187.11000000
2018-02-24 04:04:30,0.00137880,21.73000000
2018-02-24 04:04:31,0.00137940,261.44000000
2018-02-24 04:04:31,0.00138000,18.56000000
2018-02-24 04:04:31,0.00138000,11.41000000
2018-02-24 04:04:34,0.00137800,8.14000000
2018-02-24 04:04:34,0.00137790,83.17000000
2018-02-24 04:04:35,0.00138000,4.32000000
2018-02-24 04:04:37,0.00137990,2.67000000
2018-02-24 04:04:38,0.00137790,11.43000000
2018-02-24 04:04:41,0.00137990,124.67000000
2018-02-24 04:04:41,0.00137890,13.86000000
2018-02-24 04:04:41,0.00137890,13.86000000
2018-02-24 04:04:42,0.00137890,465.01000000
2018-02-24 04:04:42,0.00137890,27.72000000
2018-02-24 04:04:43,0.00137800,6.23000000
2018-02-24 04:04:43,0.00137790,5.98000000
2018-02-24 04:04:43,0.00137780,20.00000000
2018-02-24 04:04:43,0.00137580,2.16000000
2018-02-24 04:04:43,0.00137550,28.14000000
2018-02-24 04:04:43,0.00137510,103.78000000
2018-02-24 04:04:43,0.00137500,59.70000000
2018-02-24 04:04:43,0.00137360,326.96000000
2018-02-24 04:04:43,0.00137350,16.00000000
2018-02-24 04:04:43,0.00137330,18.38000000
2018-02-24 04:04:43,0.00137200,6.16000000
2018-02-24 04:04:45,0.00137830,2.16000000
2018-02-24 04:04:46,0.00137790,8.69000000
2018-02-24 04:04:46,0.00137940,21.73000000
2018-02-24 04:04:46,0.00137940,21.73000000
2018-02-24 04:04:47,0.00137940,21.73000000
2018-02-24 04:04:47,0.00137940,7.85000000
2018-02-24 04:04:47,0.00137670,21.73000000
2018-02-24 04:04:51,0.00137710,3.81000000
2018-02-24 04:04:51,0.00137930,455.99000000
2018-02-24 04:04:51,0.00137990,1351.51000000
2018-02-24 04:04:51,0.00138000,17.33000000
2018-02-24 04:04:51,0.00137690,1.60000000
2018-02-24 04:04:51,0.00137690,3.62000000
2018-02-24 04:04:51,0.00137670,12.65000000
2018-02-24 04:04:51,0.00137670,3.30000000
2018-02-24 04:04:52,0.00137660,2.07000000
2018-02-24 04:04:52,0.00137660,2.43000000
2018-02-24 04:04:54,0.00137670,21.77000000
2018-02-24 04:04:54,0.00137670,17.16000000
2018-02-24 04:04:55,0.00137560,34.29000000
2018-02-24 04:04:55,0.00137560,36.52000000
2018-02-24 04:04:55,0.00137550,12.18000000
2018-02-24 04:04:55,0.00137500,405.98000000
2018-02-24 04:04:55,0.00137500,1.31000000
2018-02-24 04:04:56,0.00137780,1.83000000
2018-02-24 04:04:57,0.00137540,21.78000000
2018-02-24 04:04:57,0.00137540,146.66000000
2018-02-24 04:04:57,0.00137540,21.78000000
2018-02-24 04:04:57,0.00137540,43.09000000
2018-02-24 04:05:01,0.00137660,0.25000000
2018-02-24 04:05:03,0.00137560,2.43000000
2018-02-24 04:05:03,0.00137650,7.30000000
2018-02-24 04:05:04,0.00137560,4.87000000
2018-02-24 04:05:04,0.00137540,205.33000000
2018-02-24 04:05:04,0.00137540,21.78000000
2018-02-24 04:05:04,0.00137540,7.30000000
2018-02-24 04:05:04,0.00137540,21.78000000
2018-02-24 04:05:04,0.00137540,36.35000000
2018-02-24 04:05:04,0.00137540,21.78000000
2018-02-24 04:05:04,0.00137540,21.78000000
2018-02-24 04:05:04,0.00137540,3.14000000
2018-02-24 04:05:04,0.00137540,21.78000000
2018-02-24 04:05:04,0.00137540,21.78000000
2018-02-24 04:05:04,0.00137540,3.02000000
2018-02-24 04:05:04,0.00137540,21.78000000
2018-02-24 04:05:04,0.00137540,21.78000000
2018-02-24 04:05:05,0.00137540,19.64000000
2018-02-24 04:05:05,0.00137540,21.78000000
2018-02-24 04:05:05,0.00137540,7.59000000
2018-02-24 04:05:05,0.00137540,7.61000000
2018-02-24 04:05:05,0.00137540,21.80000000
2018-02-24 04:05:05,0.00137370,7.59000000
2018-02-24 04:05:05,0.00137540,21.80000000
2018-02-24 04:05:05,0.00137540,21.80000000
2018-02-24 04:05:05,0.00137540,21.79000000
2018-02-24 04:05:05,0.00137540,87.92000000
2018-02-24 04:05:05,0.00137540,21.79000000
2018-02-24 04:05:05,0.00137540,21.79000000
2018-02-24 04:05:06,0.00137540,21.79000000
2018-02-24 04:05:06,0.00137540,21.79000000
2018-02-24 04:05:06,0.00137540,21.79000000
2018-02-24 04:05:06,0.00137540,21.79000000
2018-02-24 04:05:06,0.00137540,21.79000000
2018-02-24 04:05:06,0.00137540,21.79000000
2018-02-24 04:05:06,0.00137540,21.78000000
2018-02-24 04:05:06,0.00137540,21.79000000
2018-02-24 04:05:06,0.00137540,21.79000000
2018-02-24 04:05:06,0.00137540,21.79000000
2018-02-24 04:05:07,0.00137540,20.28000000
2018-02-24 04:05:07,0.00137540,137.68000000
2018-02-24 04:05:08,0.00137540,21.77000000
2018-02-24 04:05:08,0.00137540,21.79000000
2018-02-24 04:05:08,0.00137540,21.79000000
2018-02-24 04:05:08,0.00137540,486.76000000
2018-02-24 04:05:08,0.00137540,21.79000000
2018-02-24 04:05:08,0.00137540,21.79000000
2018-02-24 04:05:08,0.00137540,21.79000000
2018-02-24 04:05:08,0.00137540,21.79000000
2018-02-24 04:05:08,0.00137540,21.79000000
2018-02-24 04:05:08,0.00137540,21.79000000
2018-02-24 04:05:09,0.00137540,21.79000000
2018-02-24 04:05:09,0.00137460,517.20000000
2018-02-24 04:05:09,0.00137540,5.86000000
2018-02-24 04:05:10,0.00137530,21.79000000
2018-02-24 04:05:10,0.00137530,229.16000000
2018-02-24 04:05:11,0.00137630,0.08000000
2018-02-24 04:05:12,0.00137630,21.77000000
2018-02-24 04:05:14,0.00137640,1.96000000
2018-02-24 04:05:14,0.00137640,1.96000000
2018-02-24 04:05:14,0.00137640,1.94000000
2018-02-24 04:05:14,0.00137640,8.74000000
2018-02-24 04:05:15,0.00137630,30.22000000
2018-02-24 04:05:16,0.00137550,9.04000000
2018-02-24 04:05:16,0.00137550,9.66000000
2018-02-24 04:05:18,0.00137550,5.87000000
2018-02-24 04:05:18,0.00137540,20.00000000
2018-02-24 04:05:18,0.00137470,7.03000000
2018-02-24 04:05:19,0.00137630,21.77000000
2018-02-24 04:05:19,0.00137630,6.45000000
2018-02-24 04:05:19,0.00137640,21.77000000
2018-02-24 04:05:19,0.00137640,20.48000000
2018-02-24 04:05:19,0.00137660,6.33000000
2018-02-24 04:05:19,0.00137790,56.52000000
2018-02-24 04:05:19,0.00137830,10.76000000
2018-02-24 04:05:19,0.00137900,100.00000000
2018-02-24 04:05:19,0.00137980,76.05000000
2018-02-24 04:05:19,0.00137990,656.67000000
2018-02-24 04:05:20,0.00137640,3.03000000
2018-02-24 04:05:20,0.00137650,7.30000000
2018-02-24 04:05:20,0.00137640,37.70000000
2018-02-24 04:05:22,0.00137880,3.62000000
2018-02-24 04:05:26,0.00137770,257.78000000
2018-02-24 04:05:27,0.00137850,11.39000000
2018-02-24 04:05:28,0.00137860,0.76000000
2018-02-24 04:05:28,0.00137890,0.24000000
2018-02-24 04:05:29,0.00137740,2.27000000
2018-02-24 04:05:29,0.00137710,7.30000000
2018-02-24 04:05:29,0.00137690,9.53000000
2018-02-24 04:05:29,0.00137660,16.20000000
2018-02-24 04:05:31,0.00137840,1.97000000
2018-02-24 04:05:33,0.00137840,0.19000000
2018-02-24 04:05:36,0.00137840,3.00000000
2018-02-24 04:05:37,0.00137840,0.06000000
2018-02-24 04:05:38,0.00137790,541.68000000
2018-02-24 04:05:39,0.00137840,2.08000000
2018-02-24 04:05:42,0.00137840,3.63000000
2018-02-24 04:05:42,0.00137920,0.66000000
2018-02-24 04:05:42,0.00137840,1.94000000
2018-02-24 04:05:42,0.00137840,6.20000000
2018-02-24 04:05:45,0.00137840,1.10000000
2018-02-24 04:05:45,0.00137860,3.10000000
2018-02-24 04:05:45,0.00137860,3.10000000
2018-02-24 04:05:46,0.00137860,1.10000000
2018-02-24 04:05:46,0.00137840,65.07000000
2018-02-24 04:05:46,0.00137800,35.16000000
2018-02-24 04:05:46,0.00137760,38.53000000
2018-02-24 04:05:47,0.00137760,26.56000000
2018-02-24 04:05:47,0.00137600,42.31000000
2018-02-24 04:05:47,0.00137860,7.30000000
2018-02-24 04:05:47,0.00137910,7.30000000
2018-02-24 04:05:47,0.00137930,16.40000000
2018-02-24 04:05:51,0.00137910,25.00000000
2018-02-24 04:05:53,0.00137910,3.58000000
2018-02-24 04:05:53,0.00137920,8.59000000
2018-02-24 04:05:53,0.00137930,27.07000000
2018-02-24 04:05:56,0.00137930,17.31000000
2018-02-24 04:05:56,0.00137840,5.22000000
2018-02-24 04:05:56,0.00137840,5.22000000
2018-02-24 04:05:57,0.00137930,7.63000000
2018-02-24 04:05:59,0.00137880,282.26000000
2018-02-24 04:05:59,0.00137840,9.00000000
2018-02-24 04:06:01,0.00137910,0.14000000
2018-02-24 04:06:02,0.00137910,1.95000000
2018-02-24 04:06:05,0.00137840,152.37000000
2018-02-24 04:06:05,0.00137830,20.73000000
2018-02-24 04:06:05,0.00137700,175.91000000
2018-02-24 04:06:05,0.00137670,4.91000000
2018-02-24 04:06:06,0.00137670,21.77000000
2018-02-24 04:06:06,0.00137670,12.23000000
2018-02-24 04:06:06,0.00137670,21.77000000
2018-02-24 04:06:06,0.00137670,21.77000000
2018-02-24 04:06:06,0.00137670,21.77000000
2018-02-24 04:06:06,0.00137670,21.77000000
2018-02-24 04:06:10,0.00137780,22.84000000
2018-02-24 04:06:11,0.00137680,10.00000000
2018-02-24 04:06:13,0.00137680,18.47000000
2018-02-24 04:06:13,0.00137670,2.44000000
2018-02-24 04:06:13,0.00137600,2.25000000
2018-02-24 04:06:15,0.00137610,50.00000000
2018-02-24 04:06:15,0.00137600,7.02000000
2018-02-24 04:06:15,0.00137570,35.73000000
2018-02-24 04:06:15,0.00137560,35.82000000
2018-02-24 04:06:15,0.00137550,569.29000000
2018-02-24 04:06:17,0.00137550,201.95000000
2018-02-24 04:06:17,0.00137540,1275.04000000
2018-02-24 04:06:17,0.00137680,7.30000000
2018-02-24 04:06:17,0.00137690,0.53000000
2018-02-24 04:06:19,0.00137560,2.00000000
2018-02-24 04:06:21,0.00137670,0.27000000
2018-02-24 04:06:22,0.00137670,4.73000000
2018-02-24 04:06:23,0.00137620,306.19000000
2018-02-24 04:06:23,0.00137560,1.63000000
2018-02-24 04:06:23,0.00137540,237.26000000
2018-02-24 04:06:24,0.00137690,10.00000000
2018-02-24 04:06:28,0.00137690,21.77000000
2018-02-24 04:06:28,0.00137690,21.77000000
2018-02-24 04:06:28,0.00137690,9.23000000
2018-02-24 04:06:28,0.00137540,21.77000000
2018-02-24 04:06:28,0.00137690,3.23000000
2018-02-24 04:06:28,0.00137690,3.23000000
2018-02-24 04:06:28,0.00137690,8.75000000
2018-02-24 04:06:28,0.00137700,0.85000000
2018-02-24 04:06:28,0.00137540,8.75000000
2018-02-24 04:06:29,0.00137770,0.11000000
2018-02-24 04:06:31,0.00137760,1.00000000
2018-02-24 04:06:31,0.00137760,78.25000000
2018-02-24 04:06:31,0.00137690,21.77000000
2018-02-24 04:06:31,0.00137690,21.77000000
2018-02-24 04:06:31,0.00137690,21.77000000
2018-02-24 04:06:31,0.00137690,21.77000000
2018-02-24 04:06:32,0.00137690,21.77000000
2018-02-24 04:06:32,0.00137690,21.77000000
2018-02-24 04:06:32,0.00137690,21.77000000
2018-02-24 04:06:32,0.00137680,3.47000000
2018-02-24 04:06:32,0.00137690,21.77000000
2018-02-24 04:06:32,0.00137690,21.77000000
2018-02-24 04:06:32,0.00137690,21.76000000
2018-02-24 04:06:32,0.00137690,21.77000000
2018-02-24 04:06:32,0.00137690,21.77000000
2018-02-24 04:06:33,0.00137690,21.77000000
2018-02-24 04:06:33,0.00137690,21.76000000
2018-02-24 04:06:33,0.00137690,21.77000000
2018-02-24 04:06:33,0.00137690,21.77000000
2018-02-24 04:06:33,0.00137690,21.77000000
2018-02-24 04:06:33,0.00137690,21.76000000
2018-02-24 04:06:33,0.00137690,21.77000000
2018-02-24 04:06:33,0.00137690,17.91000000
2018-02-24 04:06:33,0.00137640,7.30000000
2018-02-24 04:06:33,0.00137690,17.91000000
2018-02-24 04:06:33,0.00137690,21.76000000
2018-02-24 04:06:33,0.00137620,7.30000000
2018-02-24 04:06:34,0.00137690,21.77000000
2018-02-24 04:06:34,0.00137690,7.05000000
2018-02-24 04:06:34,0.00137560,7.16000000
2018-02-24 04:06:35,0.00137640,78.04000000
2018-02-24 04:06:35,0.00137640,21.77000000
2018-02-24 04:06:35,0.00137640,21.77000000
2018-02-24 04:06:35,0.00137640,21.76000000
2018-02-24 04:06:35,0.00137640,21.77000000
2018-02-24 04:06:35,0.00137640,21.77000000
2018-02-24 04:06:35,0.00137640,21.77000000
2018-02-24 04:06:35,0.00137640,21.77000000
2018-02-24 04:06:35,0.00137640,3.39000000
2018-02-24 04:06:35,0.00137640,21.77000000
2018-02-24 04:06:36,0.00137640,21.78000000
2018-02-24 04:06:36,0.00137640,21.77000000
2018-02-24 04:06:36,0.00137640,18.32000000
2018-02-24 04:06:36,0.00137640,18.32000000
2018-02-24 04:06:36,0.00137640,2.93000000
2018-02-24 04:06:36,0.00137640,3.46000000
2018-02-24 04:06:37,0.00137640,5.83000000
2018-02-24 04:06:39,0.00137580,7.30000000
2018-02-24 04:06:39,0.00137560,7.70000000
2018-02-24 04:06:39,0.00137540,382.32000000
2018-02-24 04:06:39,0.00137500,92.50000000
2018-02-24 04:06:39,0.00137640,21.76000000
2018-02-24 04:06:41,0.00137640,137.38000000
2018-02-24 04:06:41,0.00137640,5.73000000
2018-02-24 04:06:41,0.00137720,7.30000000
2018-02-24 04:06:41,0.00137740,2.35000000
2018-02-24 04:06:41,0.00137580,1.70000000
2018-02-24 04:06:41,0.00137560,46.00000000
2018-02-24 04:06:41,0.00137540,2.90000000
2018-02-24 04:06:41,0.00137510,72.20000000
2018-02-24 04:06:41,0.00137500,94.13000000
2018-02-24 04:06:41,0.00137460,257.60000000
2018-02-24 04:06:42,0.00137600,46.77000000
2018-02-24 04:06:47,0.00137700,1.23000000
2018-02-24 04:06:47,0.00137700,9.31000000
2018-02-24 04:06:48,0.00137670,2.25000000
2018-02-24 04:06:48,0.00137640,22.75000000
2018-02-24 04:06:49,0.00137740,4.95000000
2018-02-24 04:06:49,0.00137740,5.00000000
2018-02-24 04:06:49,0.00137690,4.00000000
2018-02-24 04:06:50,0.00137690,5.00000000
2018-02-24 04:06:50,0.00137690,4.00000000
2018-02-24 04:06:50,0.00137690,15.37000000
2018-02-24 04:06:50,0.00137660,4.00000000
2018-02-24 04:06:50,0.00137690,4.00000000
2018-02-24 04:06:50,0.00137690,4.00000000
2018-02-24 04:06:50,0.00137690,4.38000000
2018-02-24 04:06:50,0.00137690,0.08000000
2018-02-24 04:06:55,0.00137660,3.30000000
2018-02-24 04:06:55,0.00137640,6.04000000
2018-02-24 04:06:55,0.00137600,21.28000000
2018-02-24 04:06:56,0.00137690,18.14000000
2018-02-24 04:06:59,0.00137680,9.93000000
2018-02-24 04:06:59,0.00137690,3.49000000
2018-02-24 04:07:02,0.00137640,330.66000000
2018-02-24 04:07:03,0.00137690,2.18000000
2018-02-24 04:07:03,0.00137620,7.30000000
2018-02-24 04:07:03,0.00137600,321.65000000
2018-02-24 04:07:07,0.00137620,13.75000000
2018-02-24 04:07:08,0.00137600,272.94000000
2018-02-24 04:07:11,0.00137600,21.78000000
2018-02-24 04:07:11,0.00137600,21.78000000
2018-02-24 04:07:11,0.00137600,132.83000000
2018-02-24 04:07:11,0.00137600,21.78000000
2018-02-24 04:07:11,0.00137600,21.78000000
2018-02-24 04:07:11,0.00137600,21.78000000
2018-02-24 04:07:12,0.00137600,21.78000000
2018-02-24 04:07:12,0.00137600,21.78000000
2018-02-24 04:07:12,0.00137600,2.77000000
2018-02-24 04:07:12,0.00137540,2.73000000
2018-02-24 04:07:12,0.00137500,1.93000000
2018-02-24 04:07:12,0.00137460,46.82000000
2018-02-24 04:07:12,0.00137600,2.77000000
2018-02-24 04:07:17,0.00137500,1.95000000
2018-02-24 04:07:18,0.00137500,8.05000000
2018-02-24 04:07:19,0.00137500,65.82000000
2018-02-24 04:07:19,0.00137540,319.46000000
2018-02-24 04:07:19,0.00137540,13.33000000
2018-02-24 04:07:19,0.00137540,5.00000000
2018-02-24 04:07:19,0.00137540,5.00000000
2018-02-24 04:07:19,0.00137540,5.00000000
2018-02-24 04:07:20,0.00137540,10.19000000
2018-02-24 04:07:20,0.00137540,10.19000000
2018-02-24 04:07:20,0.00137540,4.00000000
2018-02-24 04:07:21,0.00137460,0.94000000
2018-02-24 04:07:21,0.00137490,71.24000000
2018-02-24 04:07:23,0.00137460,19.20000000
2018-02-24 04:07:23,0.00137460,38.71000000
2018-02-24 04:07:24,0.00137460,99.85000000
2018-02-24 04:07:24,0.00137490,2.69000000
2018-02-24 04:07:25,0.00137460,35.96000000
2018-02-24 04:07:27,0.00137500,0.06000000
2018-02-24 04:07:27,0.00137460,24.20000000
2018-02-24 04:07:28,0.00137460,21.80000000
2018-02-24 04:07:28,0.00137460,13.96000000
2018-02-24 04:07:29,0.00137460,21.80000000
2018-02-24 04:07:33,0.00137460,21.80000000
2018-02-24 04:07:33,0.00137460,355.13000000
2018-02-24 04:07:33,0.00137460,21.80000000
2018-02-24 04:07:33,0.00137460,4.38000000
2018-02-24 04:07:33,0.00137460,3.69000000
2018-02-24 04:07:33,0.00137470,21.80000000
2018-02-24 04:07:33,0.00137470,21.80000000
2018-02-24 04:07:33,0.00137470,21.36000000
2018-02-24 04:07:33,0.00137470,21.36000000
2018-02-24 04:07:33,0.00137450,14.62000000
2018-02-24 04:07:33,0.00137400,12.44000000
2018-02-24 04:07:34,0.00137450,3.79000000
2018-02-24 04:07:34,0.00137450,17.42000000
2018-02-24 04:07:35,0.00137450,245.03000000
2018-02-24 04:07:37,0.00137360,2.16000000
2018-02-24 04:07:37,0.00137200,0.77000000
2018-02-24 04:07:37,0.00137120,14.51000000
2018-02-24 04:07:37,0.00137100,7.56000000
2018-02-24 04:07:37,0.00137450,21.79000000
2018-02-24 04:07:37,0.00137450,53.81000000
2018-02-24 04:07:37,0.00137470,21.79000000
2018-02-24 04:07:37,0.00137470,69.86000000
2018-02-24 04:07:37,0.00137450,4.08000000
2018-02-24 04:07:37,0.00137470,21.79000000
2018-02-24 04:07:37,0.00137470,12.09000000
2018-02-24 04:07:37,0.00137470,21.79000000
2018-02-24 04:07:37,0.00137470,21.78000000
2018-02-24 04:07:38,0.00137460,7.30000000
2018-02-24 04:07:38,0.00137470,14.49000000
2018-02-24 04:07:38,0.00137470,18.42000000
2018-02-24 04:07:38,0.00137470,18.43000000
2018-02-24 04:07:38,0.00137450,32.30000000
2018-02-24 04:07:38,0.00137180,34.86000000
2018-02-24 04:07:38,0.00137450,12.70000000
2018-02-24 04:07:38,0.00137180,5.72000000
2018-02-24 04:07:39,0.00137450,66.41000000
2018-02-24 04:07:39,0.00137450,66.41000000
2018-02-24 04:07:39,0.00137450,67.18000000
2018-02-24 04:07:39,0.00137460,20.00000000
2018-02-24 04:07:43,0.00137460,12.61000000
2018-02-24 04:07:43,0.00137460,9.62000000
2018-02-24 04:07:43,0.00137460,2.26000000
2018-02-24 04:07:43,0.00137450,47.69000000
2018-02-24 04:07:44,0.00137310,95.71000000
2018-02-24 04:07:46,0.00137450,0.04000000
2018-02-24 04:07:47,0.00137450,3.35000000
2018-02-24 04:07:47,0.00137450,1.00000000
2018-02-24 04:07:50,0.00137450,1.00000000
2018-02-24 04:07:50,0.00137450,20.86000000
2018-02-24 04:07:54,0.00137430,16.14000000
2018-02-24 04:07:54,0.00137430,2.96000000
2018-02-24 04:07:54,0.00137430,13.18000000
2018-02-24 04:07:54,0.00137360,2.96000000
2018-02-24 04:07:54,0.00137360,5.44000000
2018-02-24 04:07:54,0.00137430,0.13000000
2018-02-24 04:07:56,0.00137360,11.60000000
2018-02-24 04:07:56,0.00137350,473.63000000
2018-02-24 04:07:56,0.00137200,15.11000000
2018-02-24 04:07:56,0.00137130,3.62000000
2018-02-24 04:07:56,0.00137110,2.62000000
2018-02-24 04:07:56,0.00137100,832.31000000
2018-02-24 04:07:56,0.00137040,590.31000000
2018-02-24 04:07:56,0.00137030,2.54000000
2018-02-24 04:07:56,0.00137010,16.06000000
2018-02-24 04:07:56,0.00137000,552.20000000
2018-02-24 04:07:56,0.00137000,12.05000000
2018-02-24 04:07:57,0.00137350,40.93000000
2018-02-24 04:07:57,0.00137350,4.75000000
2018-02-24 04:07:59,0.00137070,40.00000000
2018-02-24 04:07:59,0.00137060,2.87000000
2018-02-24 04:07:59,0.00137040,3.64000000
2018-02-24 04:07:59,0.00137010,67.58000000
2018-02-24 04:07:59,0.00137000,1342.26000000
2018-02-24 04:07:59,0.00137000,1.19000000
2018-02-24 04:07:59,0.00137000,21.85000000
2018-02-24 04:07:59,0.00136990,20.00000000
2018-02-24 04:07:59,0.00137000,21.86000000
2018-02-24 04:07:59,0.00137000,18.14000000
2018-02-24 04:07:59,0.00137000,5.01000000
2018-02-24 04:07:59,0.00137000,5.00000000
2018-02-24 04:07:59,0.00136990,1.53000000
2018-02-24 04:07:59,0.00137000,2.72000000
2018-02-24 04:07:59,0.00137000,10.94000000
2018-02-24 04:07:59,0.00137000,51.67000000
2018-02-24 04:07:59,0.00137000,21.86000000
2018-02-24 04:07:59,0.00136980,9.08000000
2018-02-24 04:08:00,0.00136990,21.86000000
2018-02-24 04:08:00,0.00136990,10.61000000
2018-02-24 04:08:00,0.00136990,21.86000000
2018-02-24 04:08:00,0.00136990,13.25000000
2018-02-24 04:08:00,0.00137000,14.31000000
2018-02-24 04:08:00,0.00137000,2.38000000
2018-02-24 04:08:00,0.00136950,11.78000000
2018-02-24 04:08:00,0.00137000,0.07000000
2018-02-24 04:08:00,0.00136920,1.53000000
2018-02-24 04:08:01,0.00136900,1.00000000
2018-02-24 04:08:01,0.00137000,21.87000000
2018-02-24 04:08:01,0.00137000,3.61000000
2018-02-24 04:08:01,0.00136990,9.07000000
2018-02-24 04:08:01,0.00137000,21.86000000
2018-02-24 04:08:01,0.00137000,14.30000000
2018-02-24 04:08:01,0.00137000,21.87000000
2018-02-24 04:08:01,0.00137000,21.87000000
2018-02-24 04:08:02,0.00137000,21.86000000
2018-02-24 04:08:02,0.00137000,21.86000000
2018-02-24 04:08:02,0.00137000,19.63000000
2018-02-24 04:08:02,0.00137130,379.61000000
2018-02-24 04:08:03,0.00137000,22.04000000
2018-02-24 04:08:04,0.00137010,50.00000000
2018-02-24 04:08:04,0.00137000,81.48000000
2018-02-24 04:08:05,0.00137000,1.96000000
2018-02-24 04:08:05,0.00137110,0.03000000
2018-02-24 04:08:06,0.00137000,80.87000000
2018-02-24 04:08:07,0.00137090,21.86000000
2018-02-24 04:08:07,0.00137090,5.16000000
2018-02-24 04:08:07,0.00137000,31.24000000
2018-02-24 04:08:08,0.00137090,51.70000000
2018-02-24 04:08:08,0.00137090,4.22000000
2018-02-24 04:08:08,0.00137090,17.03000000
2018-02-24 04:08:10,0.00137000,141.81000000
2018-02-24 04:08:11,0.00137090,132.96000000
2018-02-24 04:08:12,0.00137300,50.00000000
2018-02-24 04:08:14,0.00137310,0.05000000
2018-02-24 04:08:14,0.00137310,14.30000000
2018-02-24 04:08:21,0.00137110,1.56000000
2018-02-24 04:08:21,0.00137090,2.05000000
2018-02-24 04:08:21,0.00137130,7.30000000
2018-02-24 04:08:21,0.00137090,154.67000000
2018-02-24 04:08:22,0.00137100,14.00000000
2018-02-24 04:08:22,0.00137100,7.24000000
2018-02-24 04:08:22,0.00137100,98.95000000
2018-02-24 04:08:22,0.00137200,1.55000000
2018-02-24 04:08:23,0.00137200,1.27000000
2018-02-24 04:08:23,0.00137270,7.30000000
2018-02-24 04:08:23,0.00137300,0.69000000
2018-02-24 04:08:23,0.00137300,1.00000000
2018-02-24 04:08:24,0.00137200,5.52000000
2018-02-24 04:08:25,0.00137120,7.30000000
2018-02-24 04:08:25,0.00137100,21.24000000
2018-02-24 04:08:25,0.00137000,90.90000000
2018-02-24 04:08:25,0.00137100,0.85000000
2018-02-24 04:08:28,0.00137100,0.03000000
2018-02-24 04:08:29,0.00137100,15.09000000
2018-02-24 04:08:29,0.00137100,64.77000000
2018-02-24 04:08:29,0.00137180,7.30000000
2018-02-24 04:08:29,0.00137200,6.25000000
2018-02-24 04:08:29,0.00137200,7.30000000
2018-02-24 04:08:29,0.00137200,47.31000000
2018-02-24 04:08:31,0.00137240,100.00000000
2018-02-24 04:08:34,0.00137200,2.83000000
2018-02-24 04:08:34,0.00137200,2.83000000
2018-02-24 04:08:34,0.00137040,100.00000000
2018-02-24 04:08:34,0.00137030,11.02000000
2018-02-24 04:08:34,0.00137010,4.78000000
2018-02-24 04:08:34,0.00137000,100.83000000
2018-02-24 04:08:36,0.00137100,404.08000000
2018-02-24 04:08:37,0.00137020,7.30000000
2018-02-24 04:08:37,0.00137000,391.02000000
2018-02-24 04:08:37,0.00137000,1.69000000
2018-02-24 04:08:37,0.00137000,38.52000000
2018-02-24 04:08:37,0.00137200,7.30000000
2018-02-24 04:08:37,0.00137220,19.36000000
2018-02-24 04:08:37,0.00137230,139.19000000
2018-02-24 04:08:37,0.00137240,105.64000000
2018-02-24 04:08:42,0.00137230,165.12000000
2018-02-24 04:08:49,0.00137160,13.60000000
2018-02-24 04:08:50,0.00137160,13.83000000
2018-02-24 04:08:51,0.00137090,144.66000000
2018-02-24 04:08:53,0.00137160,104.61000000
2018-02-24 04:08:54,0.00137160,1.93000000
2018-02-24 04:08:55,0.00137160,100.00000000
2018-02-24 04:08:56,0.00137160,26.15000000
2018-02-24 04:08:57,0.00137160,10.57000000
2018-02-24 04:08:59,0.00137160,6.54000000
2018-02-24 04:09:01,0.00137080,0.85000000
2018-02-24 04:09:01,0.00137080,6.45000000
2018-02-24 04:09:01,0.00137080,21.87000000
2018-02-24 04:09:01,0.00137080,21.87000000
2018-02-24 04:09:01,0.00137080,21.87000000
2018-02-24 04:09:01,0.00137080,21.87000000
2018-02-24 04:09:02,0.00137080,21.87000000
2018-02-24 04:09:02,0.00137080,21.87000000
2018-02-24 04:09:02,0.00137080,10.11000000
2018-02-24 04:09:02,0.00137080,10.11000000
2018-02-24 04:09:03,0.00137080,16.14000000
2018-02-24 04:09:07,0.00137080,20.68000000
2018-02-24 04:09:07,0.00137140,7.30000000
2018-02-24 04:09:07,0.00137150,32.34000000
2018-02-24 04:09:07,0.00137160,60.36000000
2018-02-24 04:09:07,0.00137160,0.96000000
2018-02-24 04:09:07,0.00137100,428.01000000
2018-02-24 04:09:08,0.00137160,0.10000000
2018-02-24 04:09:10,0.00137100,21.76000000
2018-02-24 04:09:10,0.00137060,9.15000000
2018-02-24 04:09:11,0.00137140,7.30000000
2018-02-24 04:09:11,0.00137160,2.70000000
2018-02-24 04:09:13,0.00137160,451.73000000
2018-02-24 04:09:13,0.00137220,3.02000000
2018-02-24 04:09:13,0.00137240,203.01000000
2018-02-24 04:09:13,0.00137300,32.24000000
2018-02-24 04:09:13,0.00137080,0.53000000
2018-02-24 04:09:13,0.00137100,25.50000000
2018-02-24 04:09:15,0.00137100,3.25000000
2018-02-24 04:09:16,0.00137100,1.50000000
2018-02-24 04:09:16,0.00137100,0.09000000
2018-02-24 04:09:18,0.00137100,2.82000000
2018-02-24 04:09:18,0.00137100,0.81000000
2018-02-24 04:09:20,0.00137100,0.21000000
2018-02-24 04:09:21,0.00137080,1.00000000
2018-02-24 04:09:22,0.00137100,0.05000000
2018-02-24 04:09:23,0.00137080,1.44000000
2018-02-24 04:09:24,0.00137070,168.59000000
2018-02-24 04:09:24,0.00137080,0.01000000
2018-02-24 04:09:25,0.00137080,0.30000000
2018-02-24 04:09:28,0.00137060,134.48000000
2018-02-24 04:09:30,0.00137060,3.13000000
2018-02-24 04:09:32,0.00137050,1.55000000
2018-02-24 04:09:33,0.00137050,4.50000000
2018-02-24 04:09:35,0.00137050,316.87000000
2018-02-24 04:09:35,0.00137020,19.08000000
2018-02-24 04:09:35,0.00137000,74.33000000
2018-02-24 04:09:35,0.00137000,21.88000000
2018-02-24 04:09:36,0.00136900,28.47000000
2018-02-24 04:09:36,0.00136880,24.80000000
2018-02-24 04:09:36,0.00136850,2.76000000
2018-02-24 04:09:36,0.00136840,3.48000000
2018-02-24 04:09:36,0.00136820,7.31000000
2018-02-24 04:09:36,0.00136800,41.56000000
2018-02-24 04:09:36,0.00136790,3.66000000
2018-02-24 04:09:36,0.00136750,1.86000000
2018-02-24 04:09:36,0.00136730,5.07000000
2018-02-24 04:09:36,0.00136710,5.11000000
2018-02-24 04:09:36,0.00136700,594.26000000
2018-02-24 04:09:36,0.00136660,3.66000000
2018-02-24 04:09:36,0.00136600,14.64000000
2018-02-24 04:09:36,0.00136580,2.90000000
2018-02-24 04:09:36,0.00136550,50.00000000
2018-02-24 04:09:36,0.00136500,62.47000000
2018-02-24 04:09:36,0.00137000,21.88000000
2018-02-24 04:09:36,0.00137000,21.88000000
2018-02-24 04:09:36,0.00137000,21.88000000
2018-02-24 04:09:36,0.00137000,21.88000000
2018-02-24 04:09:36,0.00137000,21.88000000
2018-02-24 04:09:36,0.00137000,21.88000000
2018-02-24 04:09:36,0.00137000,21.88000000
2018-02-24 04:09:36,0.00137000,21.88000000
2018-02-24 04:09:36,0.00137000,21.88000000
2018-02-24 04:09:37,0.00137000,21.88000000
2018-02-24 04:09:37,0.00137000,21.88000000
2018-02-24 04:09:37,0.00137000,21.88000000
2018-02-24 04:09:37,0.00137000,4.47000000
2018-02-24 04:09:37,0.00137050,17.40000000
2018-02-24 04:09:42,0.00136680,15.00000000
2018-02-24 04:09:45,0.00136770,11.98000000
2018-02-24 04:09:46,0.00137030,3.51000000
2018-02-24 04:09:46,0.00136890,452.48000000
2018-02-24 04:09:46,0.00137020,11.98000000
2018-02-24 04:09:47,0.00137000,21.88000000
2018-02-24 04:09:47,0.00137000,21.88000000
2018-02-24 04:09:48,0.00137000,2.48000000
2018-02-24 04:09:48,0.00136990,10.97000000
2018-02-24 04:09:48,0.00136990,21.88000000
2018-02-24 04:09:48,0.00136990,21.88000000
2018-02-24 04:09:49,0.00136990,12.67000000
2018-02-24 04:09:50,0.00136990,21.88000000
2018-02-24 04:09:50,0.00136990,21.88000000
2018-02-24 04:09:51,0.00136990,16.68000000
2018-02-24 04:09:51,0.00136880,2.29000000
2018-02-24 04:09:51,0.00136820,7.40000000
2018-02-24 04:09:51,0.00136800,56.08000000
2018-02-24 04:09:51,0.00136970,7.33000000
2018-02-24 04:09:55,0.00136880,12.27000000
2018-02-24 04:09:55,0.00136800,12.03000000
2018-02-24 04:09:55,0.00136760,11.68000000
2018-02-24 04:09:55,0.00136730,3.65000000
2018-02-24 04:09:55,0.00136680,7.40000000
2018-02-24 04:09:55,0.00136680,21.88000000
2018-02-24 04:09:55,0.00136680,69.88000000
2018-02-24 04:09:55,0.00136680,83.86000000
2018-02-24 04:09:55,0.00136680,13.98000000
2018-02-24 04:09:55,0.00136680,3.16000000
2018-02-24 04:09:55,0.00136680,265.85000000
2018-02-24 04:09:55,0.00136680,13.98000000
2018-02-24 04:09:57,0.00136880,4.20000000
2018-02-24 04:09:58,0.00136880,1.83000000
2018-02-24 04:09:59,0.00136880,4.44000000
2018-02-24 04:09:59,0.00136700,7.40000000
2018-02-24 04:09:59,0.00136690,100.00000000
2018-02-24 04:09:59,0.00136680,122.23000000
2018-02-24 04:09:59,0.00136640,80.00000000
2018-02-24 04:09:59,0.00136500,140.55000000
2018-02-24 04:10:01,0.00136780,193.06000000
2018-02-24 04:10:02,0.00136840,0.40000000
2018-02-24 04:10:02,0.00136710,2.20000000
2018-02-24 04:10:04,0.00136830,10.01000000
2018-02-24 04:10:08,0.00136830,0.20000000
2018-02-24 04:10:12,0.00136710,41.90000000
2018-02-24 04:10:12,0.00136710,7.40000000
2018-02-24 04:10:13,0.00136710,1.96000000
2018-02-24 04:10:13,0.00136690,476.96000000
2018-02-24 04:10:14,0.00136710,10.97000000
2018-02-24 04:10:14,0.00136710,10.08000000
2018-02-24 04:10:15,0.00136710,0.55000000
2018-02-24 04:10:16,0.00136710,7.14000000
2018-02-24 04:10:17,0.00136710,30.21000000
2018-02-24 04:10:20,0.00136700,7.40000000
2018-02-24 04:10:20,0.00136690,14.71000000
2018-02-24 04:10:20,0.00136680,229.84000000
2018-02-24 04:10:22,0.00136700,8.46000000
2018-02-24 04:10:22,0.00136680,34.69000000
2018-02-24 04:10:24,0.00136710,26.80000000
2018-02-24 04:10:25,0.00136790,0.75000000
2018-02-24 04:10:26,0.00136790,0.20000000
2018-02-24 04:10:26,0.00136730,217.54000000
2018-02-24 04:10:26,0.00136790,6.45000000
2018-02-24 04:10:26,0.00136810,7.40000000
2018-02-24 04:10:26,0.00136690,3.65000000
2018-02-24 04:10:26,0.00136680,32.45000000
2018-02-24 04:10:26,0.00136680,21.89000000
2018-02-24 04:10:26,0.00136680,13.54000000
2018-02-24 04:10:27,0.00136680,10.32000000
2018-02-24 04:10:27,0.00136810,15.00000000
2018-02-24 04:10:29,0.00136790,45.21000000
2018-02-24 04:10:31,0.00136790,50.00000000
2018-02-24 04:10:32,0.00136790,214.60000000
2018-02-24 04:10:32,0.00136830,6.84000000
2018-02-24 04:10:33,0.00136830,3.16000000
2018-02-24 04:10:33,0.00136620,4.23000000
2018-02-24 04:10:33,0.00136790,0.77000000
2018-02-24 04:10:35,0.00136750,25.21000000
2018-02-24 04:10:36,0.00136790,4.00000000
2018-02-24 04:10:36,0.00136790,21.90000000
2018-02-24 04:10:36,0.00136790,21.91000000
2018-02-24 04:10:36,0.00136790,2.43000000
2018-02-24 04:10:36,0.00136790,15.93000000
2018-02-24 04:10:37,0.00136790,15.93000000
2018-02-24 04:10:37,0.00136640,7.40000000
2018-02-24 04:10:37,0.00136640,3.17000000
2018-02-24 04:10:37,0.00136710,5.36000000
2018-02-24 04:10:37,0.00136730,7.40000000
2018-02-24 04:10:37,0.00136790,17.72000000
2018-02-24 04:10:39,0.00136790,77.52000000
2018-02-24 04:10:40,0.00136740,501.43000000
2018-02-24 04:10:43,0.00136780,0.03000000
2018-02-24 04:10:44,0.00136780,10.97000000
2018-02-24 04:10:44,0.00136790,153.74000000
2018-02-24 04:10:44,0.00136790,21.91000000
2018-02-24 04:10:44,0.00136710,10.97000000
2018-02-24 04:10:44,0.00136790,21.91000000
2018-02-24 04:10:44,0.00136790,21.90000000
2018-02-24 04:10:44,0.00136710,1.22000000
2018-02-24 04:10:44,0.00136620,3.17000000
2018-02-24 04:10:44,0.00136570,17.51000000
2018-02-24 04:10:44,0.00136680,60.00000000
2018-02-24 04:10:44,0.00136770,7.40000000
2018-02-24 04:10:44,0.00136790,85.60000000
2018-02-24 04:10:45,0.00136790,1.47000000
2018-02-24 04:10:45,0.00136790,1.47000000
2018-02-24 04:10:46,0.00136790,18.89000000
2018-02-24 04:10:47,0.00136710,14.62000000
2018-02-24 04:10:47,0.00136590,7.40000000
2018-02-24 04:10:47,0.00136570,28.96000000
2018-02-24 04:10:48,0.00136700,1.27000000
2018-02-24 04:10:50,0.00136590,2.65000000
2018-02-24 04:10:50,0.00136570,54.14000000
2018-02-24 04:10:54,0.00136670,242.01000000
2018-02-24 04:10:55,0.00136770,0.80000000
2018-02-24 04:10:56,0.00136770,17.77000000
2018-02-24 04:10:57,0.00136590,7.61000000
2018-02-24 04:10:57,0.00136570,62.78000000
2018-02-24 04:10:57,0.00136560,1.87000000
2018-02-24 04:10:57,0.00136510,493.00000000
2018-02-24 04:10:57,0.00136500,376.66000000
2018-02-24 04:10:57,0.00136570,72.13000000
2018-02-24 04:10:58,0.00136760,0.53000000
2018-02-24 04:11:00,0.00136510,8.99000000
2018-02-24 04:11:00,0.00136700,20.04000000
2018-02-24 04:11:06,0.00136650,41.84000000
2018-02-24 04:11:06,0.00136500,116.29000000
2018-02-24 04:11:08,0.00136500,80.14000000
2018-02-24 04:11:09,0.00136690,13.17000000
2018-02-24 04:11:09,0.00136500,10.68000000
2018-02-24 04:11:09,0.00136500,2.73000000
2018-02-24 04:11:10,0.00136690,1.61000000
2018-02-24 04:11:12,0.00136500,14.48000000
2018-02-24 04:11:13,0.00136500,17.34000000
2018-02-24 04:11:13,0.00136590,525.90000000
2018-02-24 04:11:13,0.00136500,5.00000000
2018-02-24 04:11:14,0.00136500,39.00000000
2018-02-24 04:11:16,0.00136570,10.00000000
2018-02-24 04:11:16,0.00136500,83.26000000
2018-02-24 04:11:17,0.00136570,2.06000000
2018-02-24 04:11:17,0.00136570,2.06000000
2018-02-24 04:11:17,0.00136570,2.06000000
2018-02-24 04:11:17,0.00136500,3.61000000
2018-02-24 04:11:19,0.00136500,70.42000000
2018-02-24 04:11:21,0.00136570,16.27000000
2018-02-24 04:11:22,0.00136500,130.78000000
2018-02-24 04:11:24,0.00136500,1.10000000
2018-02-24 04:11:25,0.00136500,10.27000000
2018-02-24 04:11:26,0.00136500,66.26000000
2018-02-24 04:11:26,0.00136500,7.47000000
2018-02-24 04:11:27,0.00136570,90.70000000
2018-02-24 04:11:28,0.00136500,0.68000000
2018-02-24 04:11:28,0.00136500,7.40000000
2018-02-24 04:11:29,0.00136490,4.74000000
2018-02-24 04:11:29,0.00136470,11.00000000
2018-02-24 04:11:31,0.00136430,2.00000000
2018-02-24 04:11:31,0.00136500,1.83000000
2018-02-24 04:11:31,0.00136400,38.00000000
2018-02-24 04:11:33,0.00136400,10.87000000
2018-02-24 04:11:33,0.00136380,2.20000000
2018-02-24 04:11:34,0.00136490,2.92000000
2018-02-24 04:11:37,0.00136340,2.35000000
2018-02-24 04:11:38,0.00136470,10.00000000
2018-02-24 04:11:39,0.00136400,10.47000000
2018-02-24 04:11:39,0.00136400,21.98000000
2018-02-24 04:11:39,0.00136340,8.82000000
2018-02-24 04:11:39,0.00136340,7.20000000
2018-02-24 04:11:39,0.00136340,3.65000000
2018-02-24 04:11:39,0.00136340,7.07000000
2018-02-24 04:11:39,0.00136340,4.27000000
2018-02-24 04:11:40,0.00136340,21.98000000
2018-02-24 04:11:40,0.00136340,21.61000000
2018-02-24 04:11:40,0.00136340,3.17000000
2018-02-24 04:11:40,0.00136340,12.23000000
2018-02-24 04:11:40,0.00136340,21.98000000
2018-02-24 04:11:40,0.00136340,21.98000000
2018-02-24 04:11:40,0.00136340,14.59000000
2018-02-24 04:11:40,0.00136340,18.31000000
2018-02-24 04:11:41,0.00136340,8.34000000
2018-02-24 04:11:41,0.00136340,21.98000000
2018-02-24 04:11:41,0.00136340,21.97000000
2018-02-24 04:11:41,0.00136340,21.98000000
2018-02-24 04:11:41,0.00136340,3.65000000
2018-02-24 04:11:41,0.00136330,7.40000000
2018-02-24 04:11:41,0.00136360,7.07000000
2018-02-24 04:11:42,0.00136400,8.57000000
2018-02-24 04:11:44,0.00136400,29.21000000
2018-02-24 04:11:44,0.00136400,21.98000000
2018-02-24 04:11:44,0.00136400,21.98000000
2018-02-24 04:11:44,0.00136400,21.98000000
2018-02-24 04:11:44,0.00136400,21.49000000
2018-02-24 04:11:44,0.00136330,10.52000000
2018-02-24 04:11:44,0.00136400,21.98000000
2018-02-24 04:11:44,0.00136400,21.98000000
2018-02-24 04:11:44,0.00136400,21.29000000
2018-02-24 04:11:44,0.00136400,21.98000000
2018-02-24 04:11:45,0.00136400,21.98000000
2018-02-24 04:11:45,0.00136400,14.54000000
2018-02-24 04:11:45,0.00136400,21.98000000
2018-02-24 04:11:45,0.00136400,21.97000000
2018-02-24 04:11:45,0.00136400,21.43000000
2018-02-24 04:11:45,0.00136400,15.86000000
2018-02-24 04:11:46,0.00136400,21.83000000
2018-02-24 04:11:46,0.00136330,278.66000000
2018-02-24 04:11:46,0.00136320,67.86000000
2018-02-24 04:11:46,0.00136300,14.43000000
2018-02-24 04:11:48,0.00136330,93.45000000
2018-02-24 04:11:48,0.00136330,2.86000000
2018-02-24 04:11:50,0.00136330,1.83000000
2018-02-24 04:11:50,0.00136330,1.61000000
2018-02-24 04:11:51,0.00136330,28.03000000
2018-02-24 04:11:52,0.00136330,21.97000000
2018-02-24 04:11:53,0.00136330,38.99000000
2018-02-24 04:11:53,0.00136330,1.61000000
2018-02-24 04:11:53,0.00136320,13.95000000
2018-02-24 04:11:53,0.00136300,122.14000000
2018-02-24 04:11:53,0.00136230,11.91000000
2018-02-24 04:11:53,0.00136220,5.07000000
2018-02-24 04:11:53,0.00136160,4.56000000
2018-02-24 04:11:53,0.00136150,7.34000000
2018-02-24 04:11:53,0.00136140,9.99000000
2018-02-24 04:11:53,0.00136130,45.79000000
2018-02-24 04:11:53,0.00136100,39.19000000
2018-02-24 04:11:53,0.00136090,16.88000000
2018-02-24 04:11:53,0.00136020,50.00000000
2018-02-24 04:11:53,0.00136000,13.95000000
2018-02-24 04:11:53,0.00136000,64.26000000
2018-02-24 04:11:53,0.00136300,2.50000000
2018-02-24 04:11:54,0.00136300,21.99000000
2018-02-24 04:11:54,0.00136300,21.99000000
2018-02-24 04:11:54,0.00136300,11.48000000
2018-02-24 04:11:54,0.00136300,21.99000000
2018-02-24 04:11:54,0.00136300,21.99000000
2018-02-24 04:11:54,0.00136300,21.99000000
2018-02-24 04:11:54,0.00136300,12.16000000
2018-02-24 04:11:55,0.00136300,11.70000000
2018-02-24 04:11:56,0.00136310,17.79000000
2018-02-24 04:11:58,0.00136290,3.90000000
2018-02-24 04:11:58,0.00136290,1.00000000
2018-02-24 04:11:59,0.00136290,3.67000000
2018-02-24 04:11:59,0.00136210,0.59000000
2018-02-24 04:12:04,0.00136210,10.00000000
2018-02-24 04:12:04,0.00136290,6.60000000
2018-02-24 04:12:04,0.00136290,21.99000000
2018-02-24 04:12:05,0.00136220,2.28000000
2018-02-24 04:12:05,0.00136210,46.74000000
2018-02-24 04:12:05,0.00136110,18.32000000
2018-02-24 04:12:05,0.00136100,3.96000000
2018-02-24 04:12:05,0.00136290,58.70000000
2018-02-24 04:12:06,0.00136100,15.30000000
2018-02-24 04:12:06,0.00136000,124.23000000
2018-02-24 04:12:06,0.00136290,7.07000000
2018-02-24 04:12:06,0.00136290,28.23000000
2018-02-24 04:12:06,0.00136020,4.27000000
2018-02-24 04:12:06,0.00136020,51.82000000
2018-02-24 04:12:06,0.00136020,8.43000000
2018-02-24 04:12:06,0.00136320,14.52000000
2018-02-24 04:12:07,0.00136000,960.35000000
2018-02-24 04:12:07,0.00136000,32.66000000
2018-02-24 04:12:07,0.00136000,32.64000000
2018-02-24 04:12:07,0.00136000,1.69000000
2018-02-24 04:12:07,0.00136000,28.76000000
2018-02-24 04:12:07,0.00136000,2.71000000
2018-02-24 04:12:07,0.00136000,28.76000000
2018-02-24 04:12:07,0.00136000,28.76000000
2018-02-24 04:12:07,0.00136000,28.78000000
2018-02-24 04:12:07,0.00136000,28.76000000
2018-02-24 04:12:07,0.00136000,9.64000000
2018-02-24 04:12:07,0.00136000,3.39000000
2018-02-24 04:12:07,0.00136000,1.83000000
2018-02-24 04:12:08,0.00136000,28.84000000
2018-02-24 04:12:09,0.00136000,150.00000000
2018-02-24 04:12:09,0.00136000,4.49000000
2018-02-24 04:12:09,0.00136000,1.84000000
2018-02-24 04:12:09,0.00136000,2.06000000
2018-02-24 04:12:09,0.00136000,1.84000000
2018-02-24 04:12:09,0.00136000,2.06000000
2018-02-24 04:12:10,0.00136000,16.38000000
2018-02-24 04:12:10,0.00136000,10.95000000
2018-02-24 04:12:10,0.00136000,5.40000000
2018-02-24 04:12:10,0.00136000,2.21000000
2018-02-24 04:12:11,0.00136000,1.35000000
2018-02-24 04:12:11,0.00136000,14.70000000
2018-02-24 04:12:11,0.00136000,14.71000000
2018-02-24 04:12:11,0.00136000,2.94000000
2018-02-24 04:12:12,0.00135990,1.42000000
2018-02-24 04:12:12,0.00135950,0.74000000
2018-02-24 04:12:12,0.00136000,3.00000000
2018-02-24 04:12:12,0.00136000,6.47000000
2018-02-24 04:12:12,0.00136000,1.84000000
2018-02-24 04:12:12,0.00136000,3.24000000
2018-02-24 04:12:12,0.00136000,1.84000000
2018-02-24 04:12:12,0.00136000,2.57000000
2018-02-24 04:12:13,0.00135990,1.84000000
2018-02-24 04:12:13,0.00135990,2.21000000
2018-02-24 04:12:14,0.00135990,3.05000000
2018-02-24 04:12:15,0.00135990,1.27000000
2018-02-24 04:12:15,0.00135990,4.26000000
2018-02-24 04:12:16,0.00135990,2.94000000
2018-02-24 04:12:17,0.00135990,129.86000000
2018-02-24 04:12:17,0.00136000,73.41000000
2018-02-24 04:12:17,0.00136000,2.26000000
2018-02-24 04:12:17,0.00135950,2.26000000
2018-02-24 04:12:17,0.00135920,15.88000000
2018-02-24 04:12:17,0.00136000,3.53000000
2018-02-24 04:12:18,0.00136000,128.06000000
2018-02-24 04:12:23,0.00136280,8.59000000
2018-02-24 04:12:23,0.00136030,30.21000000
2018-02-24 04:12:24,0.00136270,2.20000000
2018-02-24 04:12:24,0.00136020,29.97000000
2018-02-24 04:12:25,0.00136260,2.20000000
2018-02-24 04:12:25,0.00136260,91.81000000
2018-02-24 04:12:25,0.00136270,1.10000000
2018-02-24 04:12:26,0.00136270,2.94000000
2018-02-24 04:12:26,0.00136270,6.03000000
2018-02-24 04:12:26,0.00136040,1.35000000
2018-02-24 04:12:26,0.00136030,167.69000000
2018-02-24 04:12:26,0.00136020,2.41000000
2018-02-24 04:12:26,0.00136010,16.96000000
2018-02-24 04:12:26,0.00136000,441.87000000
2018-02-24 04:12:27,0.00136240,196.47000000
2018-02-24 04:12:28,0.00136310,8.42000000
2018-02-24 04:12:28,0.00136310,21.98000000
2018-02-24 04:12:28,0.00136310,10.30000000
2018-02-24 04:12:28,0.00136310,9.59000000
2018-02-24 04:12:28,0.00136310,2.26000000
2018-02-24 04:12:28,0.00136040,10.30000000
2018-02-24 04:12:28,0.00136040,6.64000000
2018-02-24 04:12:28,0.00136000,2.21000000
2018-02-24 04:12:28,0.00136300,13.11000000
2018-02-24 04:12:28,0.00136300,1.59000000
2018-02-24 04:12:28,0.00136310,0.24000000
2018-02-24 04:12:29,0.00136010,100.00000000
2018-02-24 04:12:29,0.00136000,389.67000000
2018-02-24 04:12:29,0.00135990,16.42000000
2018-02-24 04:12:29,0.00135920,5.44000000
2018-02-24 04:12:29,0.00135910,9.09000000
2018-02-24 04:12:29,0.00135900,11.63000000
2018-02-24 04:12:30,0.00136280,8.82000000
2018-02-24 04:12:30,0.00136280,8.82000000
2018-02-24 04:12:31,0.00136280,2.36000000
2018-02-24 04:12:31,0.00136290,4.32000000
2018-02-24 04:12:31,0.00136290,21.98000000
2018-02-24 04:12:31,0.00136280,2.36000000
2018-02-24 04:12:31,0.00136040,1.14000000
2018-02-24 04:12:32,0.00136040,7.74000000
2018-02-24 04:12:32,0.00136040,22.04000000
2018-02-24 04:12:32,0.00136040,22.04000000
2018-02-24 04:12:32,0.00136040,9.91000000
2018-02-24 04:12:32,0.00136040,8.26000000
2018-02-24 04:12:32,0.00136040,9.91000000
2018-02-24 04:12:32,0.00136040,9.90000000
2018-02-24 04:12:32,0.00136040,9.90000000
2018-02-24 04:12:32,0.00136040,231.30000000
2018-02-24 04:12:32,0.00136280,9.90000000
2018-02-24 04:12:32,0.00136030,7.40000000
2018-02-24 04:12:32,0.00135930,3.67000000
2018-02-24 04:12:32,0.00136290,10.43000000
2018-02-24 04:12:32,0.00136310,4.24000000
2018-02-24 04:12:33,0.00136290,73.70000000
2018-02-24 04:12:33,0.00136290,45.85000000
2018-02-24 04:12:33,0.00136310,16.33000000
2018-02-24 04:12:34,0.00136290,13.36000000
2018-02-24 04:12:35,0.00136270,20.00000000
2018-02-24 04:12:35,0.00136280,15.27000000
2018-02-24 04:12:36,0.00135930,7.40000000
2018-02-24 04:12:36,0.00135920,28.30000000
2018-02-24 04:12:36,0.00135910,8.35000000
2018-02-24 04:12:36,0.00135900,22.34000000
2018-02-24 04:12:36,0.00136260,5.00000000
2018-02-24 04:12:40,0.00136250,48.71000000
2018-02-24 04:12:40,0.00136260,2.40000000
2018-02-24 04:12:40,0.00136280,11.07000000
2018-02-24 04:12:40,0.00136300,552.54000000
2018-02-24 04:12:40,0.00136310,16.06000000
2018-02-24 04:12:40,0.00136320,21.51000000
2018-02-24 04:12:40,0.00136330,4.39000000
2018-02-24 04:12:40,0.00136500,70.36000000
2018-02-24 04:12:40,0.00136770,200.53000000
2018-02-24 04:12:40,0.00136790,73.75000000
2018-02-24 04:12:40,0.00136800,39.96000000
2018-02-24 04:12:40,0.00136830,79.92000000
2018-02-24 04:12:40,0.00136960,101.75000000
2018-02-24 04:12:40,0.00137000,169.49000000
2018-02-24 04:12:40,0.00137050,6.36000000
2018-02-24 04:12:40,0.00137060,10.00000000
2018-02-24 04:12:40,0.00137100,44.04000000
2018-02-24 04:12:40,0.00137210,30.29000000
2018-02-24 04:12:40,0.00137250,14.98000000
2018-02-24 04:12:40,0.00137300,1.89000000
2018-02-24 04:12:40,0.00136650,1.49000000
2018-02-24 04:12:40,0.00136650,0.01000000
2018-02-24 04:12:40,0.00136020,1.50000000
2018-02-24 04:12:40,0.00136250,8.87000000
2018-02-24 04:12:40,0.00136020,5.90000000
2018-02-24 04:12:40,0.00136000,94.00000000
2018-02-24 04:12:41,0.00136230,7.40000000
2018-02-24 04:12:42,0.00136060,1.37000000
2018-02-24 04:12:42,0.00136230,2.21000000
2018-02-24 04:12:42,0.00136260,51.24000000
2018-02-24 04:12:42,0.00136030,3.52000000
2018-02-24 04:12:43,0.00136280,5.00000000
2018-02-24 04:12:43,0.00136060,7.40000000
2018-02-24 04:12:43,0.00136050,16.48000000
2018-02-24 04:12:43,0.00136030,111.05000000
2018-02-24 04:12:44,0.00136260,7.40000000
2018-02-24 04:12:44,0.00136160,64.66000000
2018-02-24 04:12:45,0.00136080,3.97000000
2018-02-24 04:12:47,0.00136080,6.44000000
2018-02-24 04:12:50,0.00136420,8.83000000
2018-02-24 04:12:54,0.00136260,9.09000000
2018-02-24 04:12:54,0.00136380,13.77000000
2018-02-24 04:12:55,0.00136310,208.91000000
2018-02-24 04:12:56,0.00136370,3.67000000
2018-02-24 04:12:58,0.00136380,7.00000000
2018-02-24 04:12:58,0.00136280,2.90000000
2018-02-24 04:12:59,0.00136380,282.21000000
2018-02-24 04:13:00,0.00136370,8.25000000
2018-02-24 04:13:00,0.00136370,25.53000000
2018-02-24 04:13:02,0.00136360,10.00000000
2018-02-24 04:13:04,0.00136360,19.97000000
2018-02-24 04:13:04,0.00136360,19.43000000
2018-02-24 04:13:06,0.00136280,4.50000000
2018-02-24 04:13:06,0.00136260,11.55000000
2018-02-24 04:13:08,0.00136360,6.26000000
2018-02-24 04:13:08,0.00136360,7.33000000
2018-02-24 04:13:12,0.00136360,21.48000000
2018-02-24 04:13:12,0.00136360,17.37000000
2018-02-24 04:13:12,0.00136360,1.80000000
2018-02-24 04:13:13,0.00136310,37.26000000
2018-02-24 04:13:13,0.00136310,39.83000000
2018-02-24 04:13:15,0.00136290,3.97000000
2018-02-24 04:13:15,0.00136300,15.10000000
2018-02-24 04:13:15,0.00136300,3.03000000
2018-02-24 04:13:15,0.00136300,7.09000000
2018-02-24 04:13:15,0.00136300,14.00000000
2018-02-24 04:13:15,0.00136310,21.99000000
2018-02-24 04:13:16,0.00136310,15.27000000
2018-02-24 04:13:21,0.00136270,19.37000000
2018-02-24 04:13:23,0.00136270,282.71000000
2018-02-24 04:13:23,0.00136260,197.36000000
2018-02-24 04:13:23,0.00136280,12.24000000
2018-02-24 04:13:24,0.00136160,4.79000000
2018-02-24 04:13:24,0.00136280,3.73000000
2018-02-24 04:13:28,0.00136280,2.00000000
2018-02-24 04:13:28,0.00136210,68.22000000
2018-02-24 04:13:28,0.00136210,22.01000000
2018-02-24 04:13:28,0.00136210,131.11000000
2018-02-24 04:13:28,0.00136280,12.28000000
2018-02-24 04:13:29,0.00136290,8.10000000
2018-02-24 04:13:34,0.00136210,5.77000000
2018-02-24 04:13:35,0.00136350,1.22000000
2018-02-24 04:13:35,0.00136360,1268.13000000
2018-02-24 04:13:35,0.00136370,57.40000000
2018-02-24 04:13:35,0.00136380,483.59000000
2018-02-24 04:13:35,0.00136380,507.75000000
2018-02-24 04:13:35,0.00136390,10.48000000
2018-02-24 04:13:35,0.00136500,32.80000000
2018-02-24 04:13:35,0.00136230,31.12000000
2018-02-24 04:13:35,0.00136210,70.69000000
2018-02-24 04:13:36,0.00136250,302.93000000
2018-02-24 04:13:36,0.00136340,4.79000000
2018-02-24 04:13:36,0.00136230,4.66000000
2018-02-24 04:13:36,0.00136210,13.77000000
2018-02-24 04:13:36,0.00136210,9.17000000
2018-02-24 04:13:36,0.00136210,67.96000000
2018-02-24 04:13:36,0.00136210,22.01000000
2018-02-24 04:13:36,0.00136210,7.96000000
2018-02-24 04:13:37,0.00136210,11.21000000
2018-02-24 04:13:37,0.00136210,142.04000000
2018-02-24 04:13:38,0.00136200,67.95000000
2018-02-24 04:13:38,0.00136210,501.74000000
2018-02-24 04:13:38,0.00136210,870.94000000
2018-02-24 04:13:39,0.00136380,3.39000000
2018-02-24 04:13:40,0.00136180,1.39000000
2018-02-24 04:13:40,0.00136170,30.39000000
2018-02-24 04:13:43,0.00136210,9.97000000
2018-02-24 04:13:45,0.00136210,14.68000000
2018-02-24 04:13:45,0.00136210,7.40000000
2018-02-24 04:13:45,0.00136210,1.04000000
2018-02-24 04:13:48,0.00136350,89.53000000
2018-02-24 04:13:48,0.00136290,2.22000000
2018-02-24 04:13:48,0.00136220,7.40000000
2018-02-24 04:13:48,0.00136210,60.43000000
2018-02-24 04:13:48,0.00136200,2.10000000
2018-02-24 04:13:48,0.00136190,262.95000000
2018-02-24 04:13:52,0.00136380,20.00000000
2018-02-24 04:13:54,0.00136420,11.79000000
2018-02-24 04:13:54,0.00136430,3.95000000
2018-02-24 04:13:54,0.00136440,14.26000000
2018-02-24 04:13:54,0.00136440,30.80000000
2018-02-24 04:13:55,0.00136420,7.96000000
2018-02-24 04:13:55,0.00136380,2.21000000
2018-02-24 04:13:55,0.00136290,5.23000000
2018-02-24 04:13:56,0.00136480,5.63000000
2018-02-24 04:13:56,0.00136490,3.37000000
2018-02-24 04:14:00,0.00136490,23.76000000
2018-02-24 04:14:00,0.00136490,2.25000000
2018-02-24 04:14:01,0.00136490,21.97000000
2018-02-24 04:14:01,0.00136490,103.19000000
2018-02-24 04:14:01,0.00136490,103.19000000
2018-02-24 04:14:01,0.00136490,5.00000000
2018-02-24 04:14:06,0.00136540,123.57000000
2018-02-24 04:14:08,0.00136560,7.40000000
2018-02-24 04:14:08,0.00136610,7.40000000
2018-02-24 04:14:08,0.00136650,81.85000000
2018-02-24 04:14:08,0.00136830,0.95000000
2018-02-24 04:14:08,0.00137000,119.09000000
2018-02-24 04:14:08,0.00136650,1.50000000
2018-02-24 04:14:08,0.00136550,232.28000000
2018-02-24 04:14:11,0.00136980,20.00000000
2018-02-24 04:14:11,0.00136990,53.00000000
2018-02-24 04:14:12,0.00136620,40.00000000
2018-02-24 04:14:12,0.00136610,5.93000000
2018-02-24 04:14:13,0.00136970,2.01000000
2018-02-24 04:14:13,0.00136620,5.90000000
2018-02-24 04:14:14,0.00136970,37.99000000
2018-02-24 04:14:14,0.00136980,2.26000000
2018-02-24 04:14:14,0.00137000,12.69000000
2018-02-24 04:14:14,0.00136630,3.05000000
2018-02-24 04:14:15,0.00136980,3.05000000
2018-02-24 04:14:15,0.00136990,5.93000000
2018-02-24 04:14:15,0.00137000,10.81000000
2018-02-24 04:14:16,0.00136990,5.90000000
2018-02-24 04:14:16,0.00137000,2.76000000
2018-02-24 04:14:16,0.00137000,20.00000000
2018-02-24 04:14:18,0.00137000,6.52000000
2018-02-24 04:14:19,0.00136990,19.59000000
2018-02-24 04:14:19,0.00136990,21.89000000
2018-02-24 04:14:19,0.00136990,4.67000000
2018-02-24 04:14:19,0.00136990,57.15000000
2018-02-24 04:14:20,0.00137000,69.61000000
2018-02-24 04:14:20,0.00137000,272.72000000
2018-02-24 04:14:21,0.00137000,332.81000000
2018-02-24 04:14:21,0.00136990,21.16000000
2018-02-24 04:14:21,0.00137100,1.15000000
2018-02-24 04:14:22,0.00137100,1.47000000
2018-02-24 04:14:22,0.00137010,7.30000000
2018-02-24 04:14:23,0.00137080,7.30000000
2018-02-24 04:14:23,0.00137100,1.84000000
2018-02-24 04:14:24,0.00137000,10.00000000
2018-02-24 04:14:24,0.00137000,4.92000000
2018-02-24 04:14:24,0.00137100,0.54000000
2018-02-24 04:14:25,0.00137100,190.11000000
2018-02-24 04:14:25,0.00137100,62.44000000
2018-02-24 04:14:28,0.00136980,101.69000000
2018-02-24 04:14:28,0.00136790,1.00000000
2018-02-24 04:14:28,0.00137220,49.62000000
2018-02-24 04:14:28,0.00137230,2.80000000
2018-02-24 04:14:28,0.00137300,141.53000000
2018-02-24 04:14:28,0.00137320,2.17000000
2018-02-24 04:14:29,0.00137320,14.88000000
2018-02-24 04:14:29,0.00137340,5.86000000
2018-02-24 04:14:29,0.00137370,49.36000000
2018-02-24 04:14:30,0.00137100,7.08000000
2018-02-24 04:14:30,0.00137360,1.94000000
2018-02-24 04:14:30,0.00136820,49.40000000
2018-02-24 04:14:31,0.00137320,8.69000000
2018-02-24 04:14:31,0.00137300,21.84000000
2018-02-24 04:14:31,0.00137300,7.17000000
2018-02-24 04:14:31,0.00137300,20.78000000
2018-02-24 04:14:31,0.00137300,21.84000000
2018-02-24 04:14:31,0.00137300,1.34000000
2018-02-24 04:14:31,0.00136830,21.84000000
2018-02-24 04:14:32,0.00137300,21.84000000
2018-02-24 04:14:33,0.00137300,21.84000000
2018-02-24 04:14:33,0.00137300,21.84000000
2018-02-24 04:14:33,0.00137300,21.84000000
2018-02-24 04:14:33,0.00137350,36.00000000
2018-02-24 04:14:33,0.00137300,83.99000000
2018-02-24 04:14:33,0.00137100,10.00000000
2018-02-24 04:14:33,0.00137350,4.00000000
2018-02-24 04:14:33,0.00137360,0.30000000
2018-02-24 04:14:33,0.00137370,25.54000000
2018-02-24 04:14:33,0.00137430,38.30000000
2018-02-24 04:14:34,0.00136890,78.16000000
2018-02-24 04:14:34,0.00136880,47.17000000
2018-02-24 04:14:34,0.00136870,7.40000000
2018-02-24 04:14:34,0.00136840,21.84000000
2018-02-24 04:14:34,0.00137330,7.40000000
2018-02-24 04:14:34,0.00137430,69.62000000
2018-02-24 04:14:35,0.00136930,15.17000000
2018-02-24 04:14:35,0.00136890,6.64000000
2018-02-24 04:14:36,0.00136990,20.00000000
2018-02-24 04:14:36,0.00137000,11.59000000
2018-02-24 04:14:37,0.00137000,10.74000000
2018-02-24 04:14:37,0.00137120,14.61000000
2018-02-24 04:14:37,0.00137000,12.44000000
2018-02-24 04:14:38,0.00136900,4.59000000
2018-02-24 04:14:39,0.00137000,8.46000000
2018-02-24 04:14:40,0.00137170,0.53000000
2018-02-24 04:14:40,0.00137020,7.30000000
2018-02-24 04:14:40,0.00137000,3.36000000
2018-02-24 04:14:41,0.00136900,3.06000000
2018-02-24 04:14:41,0.00137020,0.84000000
2018-02-24 04:14:42,0.00137150,2.18000000
2018-02-24 04:14:42,0.00137000,150.00000000
2018-02-24 04:14:42,0.00136990,0.88000000
2018-02-24 04:14:43,0.00137150,5.12000000
2018-02-24 04:14:43,0.00137160,14.88000000
2018-02-24 04:14:43,0.00137020,7.30000000
2018-02-24 04:14:43,0.00137000,109.07000000
2018-02-24 04:14:43,0.00137130,7.30000000
2018-02-24 04:14:44,0.00137140,1.00000000
2018-02-24 04:14:44,0.00137150,3.40000000
2018-02-24 04:14:44,0.00137010,2.51000000
2018-02-24 04:14:45,0.00136990,3.29000000
2018-02-24 04:14:45,0.00137150,85.12000000
2018-02-24 04:14:46,0.00137150,322.70000000
2018-02-24 04:14:46,0.00137000,81.56000000
2018-02-24 04:14:46,0.00137030,245.94000000
2018-02-24 04:14:46,0.00137110,4.38000000
2018-02-24 04:14:47,0.00137000,19.29000000
2018-02-24 04:14:47,0.00137000,26.32000000
2018-02-24 04:14:47,0.00137110,0.01000000
2018-02-24 04:14:47,0.00137160,2.79000000
2018-02-24 04:14:47,0.00137170,6.64000000
2018-02-24 04:14:47,0.00137320,3.65000000
2018-02-24 04:14:47,0.00137380,8.69000000
2018-02-24 04:14:47,0.00137400,26.33000000
2018-02-24 04:14:47,0.00137430,3.51000000
2018-02-24 04:14:48,0.00137160,10.08000000
2018-02-24 04:14:48,0.00137400,13.16000000
2018-02-24 04:14:48,0.00137420,20.00000000
2018-02-24 04:14:48,0.00137430,276.33000000
2018-02-24 04:14:49,0.00137030,40.00000000
2018-02-24 04:14:49,0.00137020,23.84000000
2018-02-24 04:14:49,0.00137040,141.63000000
2018-02-24 04:14:49,0.00137020,76.16000000
2018-02-24 04:14:49,0.00137010,17.02000000
2018-02-24 04:14:49,0.00137010,88.99000000
2018-02-24 04:14:49,0.00137000,52.64000000
2018-02-24 04:14:50,0.00137130,3.61000000
2018-02-24 04:14:51,0.00136990,237.81000000
2018-02-24 04:14:52,0.00136990,3.76000000
2018-02-24 04:14:52,0.00137150,13.14000000
2018-02-24 04:14:53,0.00137150,53.91000000
2018-02-24 04:14:54,0.00137150,16.20000000
2018-02-24 04:14:55,0.00137150,20.00000000
2018-02-24 04:14:56,0.00137150,122.94000000
2018-02-24 04:14:56,0.00137150,8.66000000
2018-02-24 04:14:56,0.00137150,119.72000000
2018-02-24 04:14:57,0.00137150,2.86000000
2018-02-24 04:14:57,0.00137150,162.71000000
2018-02-24 04:15:02,0.00136930,9.81000000
2018-02-24 04:15:05,0.00137070,114.12000000
2018-02-24 04:15:09,0.00137070,1.21000000
2018-02-24 04:15:09,0.00137000,3.87000000
2018-02-24 04:15:11,0.00137000,13.17000000
2018-02-24 04:15:14,0.00137150,8.25000000
2018-02-24 04:15:14,0.00137200,2.80000000
2018-02-24 04:15:14,0.00137290,5.76000000
2018-02-24 04:15:15,0.00137180,13.93000000
2018-02-24 04:15:17,0.00137260,0.10000000
2018-02-24 04:15:19,0.00137240,23.75000000
2018-02-24 04:15:22,0.00137180,3.79000000
2018-02-24 04:15:23,0.00137200,7.30000000
2018-02-24 04:15:23,0.00137270,2.88000000
2018-02-24 04:15:24,0.00137150,8.36000000
2018-02-24 04:15:24,0.00137020,61.98000000
2018-02-24 04:15:24,0.00137260,8.36000000
2018-02-24 04:15:25,0.00137240,1.20000000
2018-02-24 04:15:26,0.00137140,258.37000000
2018-02-24 04:15:26,0.00137260,1.56000000
2018-02-24 04:15:27,0.00137060,12.39000000
2018-02-24 04:15:27,0.00137050,7.30000000
2018-02-24 04:15:27,0.00137020,79.31000000
2018-02-24 04:15:28,0.00137020,1.10000000
2018-02-24 04:15:28,0.00137240,7.30000000
2018-02-24 04:15:28,0.00137260,10.90000000
2018-02-24 04:15:32,0.00137100,1.00000000
2018-02-24 04:15:34,0.00137100,7.00000000
2018-02-24 04:15:36,0.00137260,0.91000000
2018-02-24 04:15:36,0.00137150,1.09000000
2018-02-24 04:15:36,0.00137100,8.38000000
2018-02-24 04:15:36,0.00137100,61.69000000
2018-02-24 04:15:38,0.00137200,126.56000000
2018-02-24 04:15:39,0.00137260,0.09000000
2018-02-24 04:15:40,0.00137260,3.68000000
2018-02-24 04:15:40,0.00137150,0.32000000
2018-02-24 04:15:42,0.00137200,0.38000000
2018-02-24 04:15:45,0.00137200,11.72000000
2018-02-24 04:15:45,0.00137180,7.30000000
2018-02-24 04:15:45,0.00137160,30.19000000
2018-02-24 04:15:45,0.00137150,28.23000000
2018-02-24 04:15:51,0.00137250,1.00000000
2018-02-24 04:15:52,0.00137250,8.81000000
2018-02-24 04:15:53,0.00137250,4.28000000
2018-02-24 04:15:56,0.00137170,7.30000000
2018-02-24 04:15:56,0.00137190,7.30000000
2018-02-24 04:15:56,0.00137150,3.83000000
2018-02-24 04:15:57,0.00137180,270.81000000
2018-02-24 04:15:57,0.00137150,21.86000000
2018-02-24 04:15:57,0.00137150,25.43000000
2018-02-24 04:15:59,0.00137200,10.00000000
2018-02-24 04:15:59,0.00137200,15.57000000
2018-02-24 04:16:00,0.00137200,1.00000000
2018-02-24 04:16:00,0.00137200,14.13000000
2018-02-24 04:16:00,0.00137230,7.30000000
2018-02-24 04:16:00,0.00137250,7.30000000
2018-02-24 04:16:00,0.00137270,4.42000000
2018-02-24 04:16:00,0.00137300,23.12000000
2018-02-24 04:16:00,0.00137300,30.48000000
2018-02-24 04:16:00,0.00137300,21.84000000
2018-02-24 04:16:00,0.00137300,4.51000000
2018-02-24 04:16:00,0.00137300,14.17000000
2018-02-24 04:16:00,0.00137300,2.86000000
2018-02-24 04:16:00,0.00137300,21.84000000
2018-02-24 04:16:00,0.00137300,21.84000000
2018-02-24 04:16:01,0.00137300,21.84000000
2018-02-24 04:16:01,0.00137300,53.40000000
2018-02-24 04:16:02,0.00137300,21.84000000
2018-02-24 04:16:03,0.00137300,15.45000000
2018-02-24 04:16:03,0.00137300,0.91000000
2018-02-24 04:16:03,0.00137300,5.88000000
2018-02-24 04:16:03,0.00137360,4.13000000
2018-02-24 04:16:03,0.00137360,5.87000000
2018-02-24 04:16:03,0.00137370,70.49000000
2018-02-24 04:16:03,0.00137390,53.64000000
2018-02-24 04:16:04,0.00137300,198.25000000
2018-02-24 04:16:04,0.00137320,5.04000000
2018-02-24 04:16:05,0.00137320,2.25000000
2018-02-24 04:16:07,0.00137320,0.01000000
2018-02-24 04:16:07,0.00137300,23.72000000
2018-02-24 04:16:08,0.00137360,52.59000000
2018-02-24 04:16:08,0.00137300,32.00000000
2018-02-24 04:16:10,0.00137360,197.41000000
2018-02-24 04:16:10,0.00137370,2.59000000
2018-02-24 04:16:14,0.00137370,4.71000000
2018-02-24 04:16:14,0.00137390,111.52000000
2018-02-24 04:16:14,0.00137400,37.42000000
2018-02-24 04:16:14,0.00137430,346.35000000
2018-02-24 04:16:15,0.00137370,5.05000000
2018-02-24 04:16:15,0.00137320,7.30000000
2018-02-24 04:16:15,0.00137300,21.84000000
2018-02-24 04:16:15,0.00137300,7.30000000
2018-02-24 04:16:15,0.00137300,21.84000000
2018-02-24 04:16:16,0.00137300,0.53000000
2018-02-24 04:16:16,0.00137410,7.30000000
2018-02-24 04:16:16,0.00137430,10.21000000
2018-02-24 04:16:16,0.00137300,90.00000000
2018-02-24 04:16:16,0.00137360,138.99000000
2018-02-24 04:16:17,0.00137300,21.84000000
2018-02-24 04:16:17,0.00137430,183.83000000
2018-02-24 04:16:17,0.00137300,21.84000000
2018-02-24 04:16:18,0.00137300,15.71000000
2018-02-24 04:16:18,0.00137210,2.06000000
2018-02-24 04:16:19,0.00137320,7.30000000
2018-02-24 04:16:20,0.00137410,7.30000000
2018-02-24 04:16:20,0.00137430,292.70000000
2018-02-24 04:16:21,0.00137430,119.10000000
2018-02-24 04:16:23,0.00137410,9.52000000
2018-02-24 04:16:23,0.00137430,364.01000000
2018-02-24 04:16:23,0.00137430,19.43000000
2018-02-24 04:16:23,0.00137430,16.63000000
2018-02-24 04:16:23,0.00137430,21.82000000
2018-02-24 04:16:23,0.00137430,101.20000000
2018-02-24 04:16:23,0.00137430,109.07000000
2018-02-24 04:16:23,0.00137430,21.82000000
2018-02-24 04:16:23,0.00137430,2.38000000
2018-02-24 04:16:23,0.00137430,21.82000000
2018-02-24 04:16:23,0.00137430,94.93000000
2018-02-24 04:16:23,0.00137430,21.82000000
2018-02-24 04:16:23,0.00137430,21.82000000
2018-02-24 04:16:23,0.00137430,36.41000000
2018-02-24 04:16:23,0.00137430,21.82000000
2018-02-24 04:16:23,0.00137430,13.17000000
2018-02-24 04:16:23,0.00137430,21.82000000
2018-02-24 04:16:24,0.00137430,21.82000000
2018-02-24 04:16:24,0.00137430,36.41000000
2018-02-24 04:16:24,0.00137430,21.82000000
2018-02-24 04:16:24,0.00137430,21.82000000
2018-02-24 04:16:24,0.00137430,36.41000000
2018-02-24 04:16:24,0.00137430,21.82000000
2018-02-24 04:16:24,0.00137430,21.82000000
2018-02-24 04:16:24,0.00137430,21.82000000
2018-02-24 04:16:24,0.00137430,21.82000000
2018-02-24 04:16:24,0.00137430,12.42000000
2018-02-24 04:16:24,0.00137430,21.82000000
2018-02-24 04:16:24,0.00137430,17.00000000
2018-02-24 04:16:25,0.00137430,21.82000000
2018-02-24 04:16:25,0.00137430,21.82000000
2018-02-24 04:16:25,0.00137430,8.96000000
2018-02-24 04:16:25,0.00137430,21.82000000
2018-02-24 04:16:25,0.00137430,21.82000000
2018-02-24 04:16:25,0.00137430,4.18000000
2018-02-24 04:16:25,0.00137430,21.82000000
2018-02-24 04:16:25,0.00137430,6.75000000
2018-02-24 04:16:25,0.00137430,21.82000000
2018-02-24 04:16:26,0.00137430,2.81000000
2018-02-24 04:16:26,0.00137430,21.82000000
2018-02-24 04:16:26,0.00137430,3.38000000
2018-02-24 04:16:26,0.00137430,20.79000000
2018-02-24 04:16:26,0.00137430,21.82000000
2018-02-24 04:16:26,0.00137430,10.09000000
2018-02-24 04:16:26,0.00137470,48.37000000
2018-02-24 04:16:26,0.00137500,220.32000000
2018-02-24 04:16:27,0.00137500,29.77000000
2018-02-24 04:16:27,0.00137430,2.66000000
2018-02-24 04:16:28,0.00137460,7.18000000
2018-02-24 04:16:28,0.00137500,2.10000000
2018-02-24 04:16:28,0.00137430,91.91000000
2018-02-24 04:16:29,0.00137500,9.91000000
2018-02-24 04:16:30,0.00137500,40.02000000
2018-02-24 04:16:30,0.00137500,92.32000000
2018-02-24 04:16:31,0.00137530,16.52000000
2018-02-24 04:16:31,0.00137530,185.01000000
2018-02-24 04:16:31,0.00137560,7.34000000
2018-02-24 04:16:31,0.00137570,16.36000000
2018-02-24 04:16:31,0.00137590,25.14000000
2018-02-24 04:16:31,0.00137600,10.26000000
2018-02-24 04:16:31,0.00137610,2.90000000
2018-02-24 04:16:31,0.00137670,3.48000000
2018-02-24 04:16:31,0.00137680,3.27000000
2018-02-24 04:16:31,0.00137700,143.94000000
2018-02-24 04:16:31,0.00137770,10.99000000
2018-02-24 04:16:31,0.00137790,8.71000000
2018-02-24 04:16:31,0.00137800,49.43000000
2018-02-24 04:16:31,0.00137820,8.21000000
2018-02-24 04:16:31,0.00137850,9.97000000
2018-02-24 04:16:32,0.00137460,7.96000000
2018-02-24 04:16:32,0.00137450,7.30000000
2018-02-24 04:16:32,0.00137510,7.30000000
2018-02-24 04:16:32,0.00137840,1.07000000
2018-02-24 04:16:33,0.00137530,289.61000000
2018-02-24 04:16:33,0.00137530,424.39000000
2018-02-24 04:16:34,0.00137550,18.29000000
2018-02-24 04:16:34,0.00137550,3.69000000
2018-02-24 04:16:34,0.00137540,14.54000000
2018-02-24 04:16:34,0.00137530,4.28000000
2018-02-24 04:16:34,0.00137500,23.45000000
2018-02-24 04:16:34,0.00137560,7.30000000
2018-02-24 04:16:34,0.00137500,21.75000000
2018-02-24 04:16:37,0.00137780,20.00000000
2018-02-24 04:16:37,0.00137790,11.76000000
2018-02-24 04:16:37,0.00137810,7.30000000
2018-02-24 04:16:37,0.00137820,14.54000000
2018-02-24 04:16:37,0.00137850,130.49000000
2018-02-24 04:16:37,0.00137880,1.53000000
2018-02-24 04:16:37,0.00137900,9.94000000
2018-02-24 04:16:37,0.00137910,87.64000000
2018-02-24 04:16:37,0.00137910,80.25000000
2018-02-24 04:16:38,0.00137550,9.79000000
2018-02-24 04:16:38,0.00137500,13.19000000
2018-02-24 04:16:38,0.00137560,7.30000000
2018-02-24 04:16:40,0.00137510,100.00000000
2018-02-24 04:16:40,0.00137500,214.79000000
2018-02-24 04:16:40,0.00137430,9.98000000
2018-02-24 04:16:41,0.00137430,22.98000000
2018-02-24 04:16:41,0.00137500,29.21000000
2018-02-24 04:16:41,0.00137530,1.16000000
2018-02-24 04:16:41,0.00137560,69.08000000
2018-02-24 04:16:42,0.00137560,10.00000000
2018-02-24 04:16:42,0.00137560,3.63000000
2018-02-24 04:16:43,0.00137560,17.53000000
2018-02-24 04:16:44,0.00137560,4.39000000
2018-02-24 04:16:45,0.00137560,35.30000000
2018-02-24 04:16:46,0.00137530,151.43000000
2018-02-24 04:16:46,0.00137560,30.46000000
2018-02-24 04:16:47,0.00137780,7.30000000
2018-02-24 04:16:47,0.00137800,12.70000000
2018-02-24 04:16:47,0.00137790,1.09000000
2018-02-24 04:16:47,0.00137790,17.69000000
2018-02-24 04:16:48,0.00137780,81.22000000
2018-02-24 04:16:48,0.00137790,8.28000000
2018-02-24 04:16:48,0.00137800,216.28000000
2018-02-24 04:16:49,0.00137800,0.27000000
2018-02-24 04:16:51,0.00137800,0.07000000
2018-02-24 04:16:52,0.00137580,7.30000000
2018-02-24 04:16:52,0.00137570,100.00000000
2018-02-24 04:16:52,0.00137560,87.08000000
2018-02-24 04:16:53,0.00137780,0.02000000
2018-02-24 04:16:53,0.00137780,0.99000000
2018-02-24 04:16:54,0.00137780,3.50000000
2018-02-24 04:16:54,0.00137780,1.00000000
2018-02-24 04:16:54,0.00137780,3.86000000
2018-02-24 04:16:54,0.00137790,100.00000000
2018-02-24 04:16:54,0.00137800,33.86000000
2018-02-24 04:16:54,0.00137800,1.12000000
2018-02-24 04:16:55,0.00137800,1.85000000
2018-02-24 04:16:56,0.00137800,1.00000000
2018-02-24 04:16:56,0.00137800,52.39000000
2018-02-24 04:16:56,0.00137590,2.12000000
2018-02-24 04:16:57,0.00137800,14.97000000
2018-02-24 04:16:58,0.00137600,2.95000000
2018-02-24 04:16:58,0.00137560,46.83000000
2018-02-24 04:16:59,0.00137800,274.45000000
2018-02-24 04:16:59,0.00137880,10.52000000
2018-02-24 04:16:59,0.00137900,4.90000000
2018-02-24 04:16:59,0.00137910,614.57000000
2018-02-24 04:17:00,0.00137680,19.62000000
2018-02-24 04:17:01,0.00137700,7.30000000
2018-02-24 04:17:01,0.00137590,42.70000000
2018-02-24 04:17:09,0.00137680,7.00000000
2018-02-24 04:17:11,0.00137740,163.59000000
2018-02-24 04:17:13,0.00137800,1.08000000
2018-02-24 04:17:14,0.00137890,0.83000000
2018-02-24 04:17:14,0.00137800,12.28000000
2018-02-24 04:17:15,0.00137800,178.61000000
2018-02-24 04:17:17,0.00137800,17.95000000
2018-02-24 04:17:17,0.00137700,7.30000000
2018-02-24 04:17:17,0.00137780,7.30000000
2018-02-24 04:17:17,0.00137800,67.83000000
2018-02-24 04:17:19,0.00137800,21.16000000
2018-02-24 04:17:21,0.00137800,73.48000000
2018-02-24 04:17:21,0.00137890,1.52000000
2018-02-24 04:17:22,0.00137700,7.30000000
2018-02-24 04:17:22,0.00137680,1.87000000
2018-02-24 04:17:26,0.00137720,31.77000000
2018-02-24 04:17:27,0.00137720,0.89000000
2018-02-24 04:17:27,0.00137700,7.30000000
2018-02-24 04:17:27,0.00137680,44.70000000
2018-02-24 04:17:27,0.00137680,60.00000000
2018-02-24 04:17:30,0.00137760,7.30000000
2018-02-24 04:17:30,0.00137780,7.30000000
2018-02-24 04:17:30,0.00137800,2.08000000
2018-02-24 04:17:32,0.00137800,130.62000000
2018-02-24 04:17:32,0.00137800,30.89000000
2018-02-24 04:17:32,0.00137800,105.84000000
2018-02-24 04:17:33,0.00137800,5.55000000
2018-02-24 04:17:35,0.00137800,12.50000000
2018-02-24 04:17:35,0.00137800,110.75000000
2018-02-24 04:17:37,0.00137800,9.79000000
2018-02-24 04:17:37,0.00137770,176.02000000
2018-02-24 04:17:39,0.00137800,22.22000000
2018-02-24 04:17:40,0.00137790,8.22000000
2018-02-24 04:17:41,0.00137790,10.00000000
2018-02-24 04:17:43,0.00137790,1.79000000
2018-02-24 04:17:43,0.00137800,555.50000000
2018-02-24 04:17:44,0.00137770,8.52000000
2018-02-24 04:17:45,0.00137770,35.44000000
2018-02-24 04:17:45,0.00137760,7.25000000
2018-02-24 04:17:47,0.00137770,11.70000000
2018-02-24 04:17:47,0.00137770,22.81000000
2018-02-24 04:17:48,0.00137700,7.30000000
2018-02-24 04:17:48,0.00137680,7.40000000
2018-02-24 04:17:48,0.00137770,247.12000000
2018-02-24 04:17:48,0.00137790,36.88000000
2018-02-24 04:17:48,0.00137790,22.37000000
2018-02-24 04:17:50,0.00137790,7.45000000
2018-02-24 04:17:50,0.00137770,414.95000000
2018-02-24 04:17:50,0.00137770,70.27000000
2018-02-24 04:17:50,0.00137790,90.14000000
2018-02-24 04:17:50,0.00137800,33.94000000
2018-02-24 04:17:51,0.00137800,56.00000000
2018-02-24 04:17:51,0.00137790,22.68000000
2018-02-24 04:17:55,0.00137790,1510.26000000
2018-02-24 04:17:55,0.00137780,5.00000000
2018-02-24 04:17:55,0.00137770,41.40000000
2018-02-24 04:17:56,0.00137760,43.34000000
2018-02-24 04:17:56,0.00137800,210.95000000
2018-02-24 04:17:57,0.00137800,75.18000000
2018-02-24 04:17:57,0.00137800,326.20000000
2018-02-24 04:17:58,0.00137800,186.32000000
2018-02-24 04:17:59,0.00137790,1.95000000
2018-02-24 04:17:59,0.00137800,143.53000000
2018-02-24 04:18:03,0.00137890,4.95000000
2018-02-24 04:18:03,0.00137910,95.55000000
2018-02-24 04:18:04,0.00137820,7.30000000
2018-02-24 04:18:04,0.00137800,67.80000000
2018-02-24 04:18:06,0.00137830,188.46000000
2018-02-24 04:18:06,0.00137800,33.48000000
2018-02-24 04:18:06,0.00137800,909.20000000
2018-02-24 04:18:07,0.00137870,7.30000000
2018-02-24 04:18:07,0.00137890,32.84000000
2018-02-24 04:18:07,0.00137800,12.00000000
2018-02-24 04:18:07,0.00137910,29.71000000
2018-02-24 04:18:09,0.00137800,122.82000000
2018-02-24 04:18:09,0.00137820,7.30000000
2018-02-24 04:18:09,0.00137800,5.48000000
2018-02-24 04:18:09,0.00137680,24.74000000
2018-02-24 04:18:09,0.00137680,1.94000000
2018-02-24 04:18:10,0.00137890,2.45000000
2018-02-24 04:18:10,0.00137890,2.23000000
2018-02-24 04:18:11,0.00137810,32.49000000
2018-02-24 04:18:20,0.00137820,2.29000000
2018-02-24 04:18:20,0.00137810,0.89000000
2018-02-24 04:18:20,0.00137810,3.82000000
2018-02-24 04:18:20,0.00137850,54.65000000
2018-02-24 04:18:20,0.00137850,1.99000000
2018-02-24 04:18:20,0.00137800,10.00000000
2018-02-24 04:18:21,0.00137800,18.66000000
2018-02-24 04:18:23,0.00137810,5.54000000
2018-02-24 04:18:23,0.00137800,4.65000000
2018-02-24 04:18:23,0.00137800,4.65000000
2018-02-24 04:18:24,0.00137800,17.11000000
2018-02-24 04:18:24,0.00137800,14.39000000
2018-02-24 04:18:24,0.00137800,14.39000000
2018-02-24 04:18:24,0.00137800,7.78000000
2018-02-24 04:18:24,0.00137730,7.30000000
2018-02-24 04:18:24,0.00137710,3.63000000
2018-02-24 04:18:24,0.00137680,3.46000000
2018-02-24 04:18:24,0.00137680,70.03000000
2018-02-24 04:18:25,0.00137680,2.45000000
2018-02-24 04:18:25,0.00137800,2.45000000
2018-02-24 04:18:26,0.00137800,21.75000000
2018-02-24 04:18:26,0.00137800,21.75000000
2018-02-24 04:18:26,0.00137800,18.25000000
2018-02-24 04:18:26,0.00137680,21.75000000
2018-02-24 04:18:26,0.00137800,18.25000000
2018-02-24 04:18:26,0.00137680,18.25000000
2018-02-24 04:18:26,0.00137680,2.20000000
2018-02-24 04:18:27,0.00137800,21.74000000
2018-02-24 04:18:27,0.00137800,8.83000000
2018-02-24 04:18:27,0.00137800,8.83000000
2018-02-24 04:18:27,0.00137800,8.83000000
2018-02-24 04:18:27,0.00137800,21.75000000
2018-02-24 04:18:27,0.00137800,21.33000000
2018-02-24 04:18:28,0.00137700,0.85000000
2018-02-24 04:18:28,0.00137700,6.45000000
2018-02-24 04:18:28,0.00137690,2.38000000
2018-02-24 04:18:28,0.00137780,5.96000000
2018-02-24 04:18:28,0.00137680,97.21000000
2018-02-24 04:18:28,0.00137680,77.16000000
2018-02-24 04:18:29,0.00137680,3.60000000
2018-02-24 04:18:29,0.00137680,3.60000000
2018-02-24 04:18:29,0.00137680,12.07000000
2018-02-24 04:18:29,0.00137680,8.47000000
2018-02-24 04:18:29,0.00137630,12.07000000
2018-02-24 04:18:29,0.00137630,27.69000000
2018-02-24 04:18:30,0.00137630,3.66000000
2018-02-24 04:18:30,0.00137630,7.75000000
2018-02-24 04:18:30,0.00137680,21.75000000
2018-02-24 04:18:30,0.00137680,196.03000000
2018-02-24 04:18:30,0.00137680,22.04000000
2018-02-24 04:18:30,0.00137680,3.14000000
2018-02-24 04:18:30,0.00137680,18.01000000
2018-02-24 04:18:30,0.00137680,21.75000000
2018-02-24 04:18:30,0.00137680,4.65000000
2018-02-24 04:18:30,0.00137680,21.76000000
2018-02-24 04:18:30,0.00137680,21.76000000
2018-02-24 04:18:30,0.00137680,94.96000000
2018-02-24 04:18:30,0.00137680,36.32000000
2018-02-24 04:18:30,0.00137680,21.76000000
2018-02-24 04:18:30,0.00137680,4.65000000
2018-02-24 04:18:30,0.00137680,21.76000000
2018-02-24 04:18:30,0.00137680,1.55000000
2018-02-24 04:18:32,0.00137680,17.69000000
2018-02-24 04:18:33,0.00137680,40.39000000
2018-02-24 04:18:33,0.00137630,0.25000000
2018-02-24 04:18:33,0.00137720,200.90000000
2018-02-24 04:18:42,0.00137770,1.00000000
2018-02-24 04:18:43,0.00137700,13.41000000
2018-02-24 04:18:46,0.00137720,6.67000000
2018-02-24 04:18:46,0.00137700,0.99000000
2018-02-24 04:18:47,0.00137680,2.10000000
2018-02-24 04:18:47,0.00137700,7.25000000
2018-02-24 04:18:49,0.00137680,2.01000000
2018-02-24 04:18:50,0.00137690,69.08000000
2018-02-24 04:18:50,0.00137680,1.01000000
2018-02-24 04:18:50,0.00137630,36.99000000
2018-02-24 04:18:50,0.00137600,18.45000000
2018-02-24 04:18:50,0.00137580,23.80000000
2018-02-24 04:18:50,0.00137570,54.12000000
2018-02-24 04:18:50,0.00137560,127.52000000
2018-02-24 04:18:51,0.00137680,11.29000000
2018-02-24 04:18:54,0.00137580,2.94000000
2018-02-24 04:18:54,0.00137580,1.84000000
2018-02-24 04:18:55,0.00137580,1.84000000
2018-02-24 04:18:55,0.00137600,7.30000000
2018-02-24 04:18:55,0.00137580,0.68000000
2018-02-24 04:18:55,0.00137560,120.16000000
2018-02-24 04:18:56,0.00137550,5.00000000
2018-02-24 04:18:57,0.00137560,51.07000000
2018-02-24 04:18:58,0.00137560,66.75000000
2018-02-24 04:18:59,0.00137500,1.50000000
2018-02-24 04:18:59,0.00137500,8.00000000
2018-02-24 04:18:59,0.00137500,7.43000000
2018-02-24 04:18:59,0.00137500,2.94000000
2018-02-24 04:19:00,0.00137560,3.81000000
2018-02-24 04:19:00,0.00137500,64.11000000
2018-02-24 04:19:00,0.00137450,5.00000000
2018-02-24 04:19:00,0.00137430,34.09000000
2018-02-24 04:19:01,0.00137500,18.14000000
2018-02-24 04:19:01,0.00137500,1.86000000
2018-02-24 04:19:02,0.00137430,1.86000000
2018-02-24 04:19:03,0.00137430,6.47000000
2018-02-24 04:19:04,0.00137500,4.26000000
2018-02-24 04:19:04,0.00137500,13.48000000
2018-02-24 04:19:05,0.00137460,213.33000000
2018-02-24 04:19:05,0.00137500,31.23000000
2018-02-24 04:19:05,0.00137550,351.66000000
2018-02-24 04:19:05,0.00137430,61.92000000
2018-02-24 04:19:05,0.00137430,11.70000000
2018-02-24 04:19:06,0.00137430,43.47000000
2018-02-24 04:19:06,0.00137420,5.31000000
2018-02-24 04:19:06,0.00137210,67.69000000
2018-02-24 04:19:06,0.00137430,9.68000000
2018-02-24 04:19:06,0.00137430,9.68000000
2018-02-24 04:19:06,0.00137430,9.68000000
2018-02-24 04:19:12,0.00137430,593.76000000
2018-02-24 04:19:12,0.00137230,60.32000000
2018-02-24 04:19:12,0.00137210,514.66000000
2018-02-24 04:19:12,0.00137210,0.76000000
2018-02-24 04:19:12,0.00137210,5.57000000
2018-02-24 04:19:13,0.00137210,207.13000000
2018-02-24 04:19:14,0.00137210,96.90000000
2018-02-24 04:19:17,0.00137420,0.95000000
2018-02-24 04:19:18,0.00137230,244.87000000
2018-02-24 04:19:20,0.00137230,29.25000000
2018-02-24 04:19:20,0.00137220,2.99000000
2018-02-24 04:19:20,0.00137210,75.52000000
2018-02-24 04:19:21,0.00137200,18.00000000
2018-02-24 04:19:21,0.00137160,9.33000000
2018-02-24 04:19:21,0.00137150,27.53000000
2018-02-24 04:19:21,0.00137100,31.06000000
2018-02-24 04:19:21,0.00137090,137.08000000
2018-02-24 04:19:21,0.00137090,45.81000000
2018-02-24 04:19:21,0.00137050,3.73000000
2018-02-24 04:19:21,0.00137020,7.93000000
2018-02-24 04:19:21,0.00137000,311.89000000
2018-02-24 04:19:21,0.00137000,21.87000000
2018-02-24 04:19:22,0.00137000,21.87000000
2018-02-24 04:19:22,0.00137000,11.60000000
2018-02-24 04:19:22,0.00137000,21.87000000
2018-02-24 04:19:22,0.00137000,21.88000000
2018-02-24 04:19:22,0.00137000,18.43000000
2018-02-24 04:19:22,0.00136990,3.54000000
2018-02-24 04:19:22,0.00137000,5.63000000
2018-02-24 04:19:22,0.00136990,3.76000000
2018-02-24 04:19:22,0.00136900,138.13000000
2018-02-24 04:19:22,0.00136900,319.00000000
2018-02-24 04:19:27,0.00137190,12.13000000
2018-02-24 04:19:27,0.00137200,14.58000000
2018-02-24 04:19:27,0.00137210,297.48000000
2018-02-24 04:19:28,0.00136940,222.41000000
2018-02-24 04:19:28,0.00136900,138.88000000
2018-02-24 04:19:28,0.00136850,3.73000000
2018-02-24 04:19:28,0.00136830,4.79000000
2018-02-24 04:19:28,0.00136800,30.19000000
2018-02-24 04:19:28,0.00137190,3.03000000
2018-02-24 04:19:28,0.00137180,99.05000000
2018-02-24 04:19:31,0.00137010,8.05000000
2018-02-24 04:19:31,0.00137000,1.00000000
2018-02-24 04:19:31,0.00136900,220.01000000
2018-02-24 04:19:31,0.00136830,100.00000000
2018-02-24 04:19:31,0.00136820,160.04000000
2018-02-24 04:19:31,0.00136810,72.36000000
2018-02-24 04:19:31,0.00136800,126.10000000
2018-02-24 04:19:31,0.00136760,37.46000000
2018-02-24 04:19:31,0.00136710,4.75000000
2018-02-24 04:19:31,0.00136670,3.66000000
2018-02-24 04:19:31,0.00136600,16.56000000
2018-02-24 04:19:31,0.00136550,21.74000000
2018-02-24 04:19:31,0.00136510,8.86000000
2018-02-24 04:19:31,0.00136510,1.16000000
2018-02-24 04:19:31,0.00136550,649.89000000
2018-02-24 04:19:31,0.00137000,16.00000000
2018-02-24 04:19:31,0.00137000,26.83000000
2018-02-24 04:19:31,0.00137000,2.37000000
2018-02-24 04:19:31,0.00136990,1.14000000
2018-02-24 04:19:32,0.00136990,66.61000000
2018-02-24 04:19:33,0.00136990,12.03000000
2018-02-24 04:19:33,0.00137000,10.00000000
2018-02-24 04:19:34,0.00136870,0.85000000
2018-02-24 04:19:36,0.00137170,2.10000000
2018-02-24 04:19:39,0.00137060,225.77000000
2018-02-24 04:19:43,0.00137000,96.72000000
2018-02-24 04:19:43,0.00136870,83.00000000
2018-02-24 04:19:43,0.00137130,60.50000000
2018-02-24 04:19:43,0.00137130,17.70000000
2018-02-24 04:19:44,0.00136870,20.05000000
2018-02-24 04:19:44,0.00137110,4.03000000
2018-02-24 04:19:45,0.00136870,41.07000000
2018-02-24 04:19:45,0.00136600,59.33000000
2018-02-24 04:19:46,0.00137090,62.30000000
2018-02-24 04:19:50,0.00136880,25.35000000
2018-02-24 04:19:50,0.00136870,65.82000000
2018-02-24 04:19:50,0.00136800,25.29000000
2018-02-24 04:19:50,0.00137050,45.08000000
2018-02-24 04:19:50,0.00137060,67.45000000
2018-02-24 04:19:50,0.00137090,77.40000000
2018-02-24 04:19:52,0.00136910,0.01000000
2018-02-24 04:19:53,0.00136990,93.67000000
2018-02-24 04:19:54,0.00137000,0.13000000
2018-02-24 04:19:56,0.00137000,23.33000000
2018-02-24 04:19:57,0.00137000,33.49000000
2018-02-24 04:19:58,0.00137000,35.97000000
2018-02-24 04:20:01,0.00137090,11.18000000
2018-02-24 04:20:02,0.00137090,4.16000000
2018-02-24 04:20:03,0.00137000,122.98000000
2018-02-24 04:20:03,0.00137000,21.88000000
2018-02-24 04:20:03,0.00137000,21.88000000
2018-02-24 04:20:03,0.00137000,36.50000000
2018-02-24 04:20:03,0.00137000,21.88000000
2018-02-24 04:20:03,0.00137000,21.88000000
2018-02-24 04:20:03,0.00137000,21.88000000
2018-02-24 04:20:03,0.00137000,1.88000000
2018-02-24 04:20:03,0.00136910,8.73000000
2018-02-24 04:20:03,0.00136810,45.34000000
2018-02-24 04:20:03,0.00136600,137.70000000
2018-02-24 04:20:03,0.00137000,15.00000000
2018-02-24 04:20:04,0.00137000,21.88000000
2018-02-24 04:20:05,0.00137000,0.62000000
2018-02-24 04:20:06,0.00137000,45.20000000
2018-02-24 04:20:07,0.00136990,1.62000000
2018-02-24 04:20:08,0.00136990,11.42000000
2018-02-24 04:20:09,0.00136830,9.63000000
2018-02-24 04:20:11,0.00136990,5.72000000
2018-02-24 04:20:13,0.00137000,21.88000000
2018-02-24 04:20:13,0.00137000,21.88000000
2018-02-24 04:20:13,0.00137000,21.88000000
2018-02-24 04:20:13,0.00137000,21.88000000
2018-02-24 04:20:14,0.00137000,21.88000000
2018-02-24 04:20:14,0.00137000,21.88000000
2018-02-24 04:20:14,0.00137000,21.88000000
2018-02-24 04:20:14,0.00137000,10.64000000
2018-02-24 04:20:14,0.00136990,21.88000000
2018-02-24 04:20:17,0.00137000,12.87000000
2018-02-24 04:20:17,0.00137000,12.87000000
2018-02-24 04:20:17,0.00137000,7.74000000
2018-02-24 04:20:17,0.00136990,12.87000000
2018-02-24 04:20:18,0.00137000,21.88000000
2018-02-24 04:20:18,0.00137000,21.88000000
2018-02-24 04:20:18,0.00137000,18.12000000
2018-02-24 04:20:18,0.00137000,18.12000000
2018-02-24 04:20:18,0.00136990,21.88000000
2018-02-24 04:20:18,0.00137000,21.88000000
2018-02-24 04:20:18,0.00137000,21.88000000
2018-02-24 04:20:18,0.00137000,8.94000000
2018-02-24 04:20:18,0.00136990,4.51000000
2018-02-24 04:20:18,0.00137000,21.88000000
2018-02-24 04:20:18,0.00137000,11.77000000
2018-02-24 04:20:18,0.00136860,17.36000000
2018-02-24 04:20:18,0.00136970,7.40000000
2018-02-24 04:20:18,0.00137000,14.48000000
2018-02-24 04:20:18,0.00137000,31.63000000
2018-02-24 04:20:19,0.00137000,21.88000000
2018-02-24 04:20:19,0.00137000,21.88000000
2018-02-24 04:20:19,0.00137000,21.88000000
2018-02-24 04:20:19,0.00137000,21.88000000
2018-02-24 04:20:19,0.00137000,21.88000000
2018-02-24 04:20:19,0.00137000,21.88000000
2018-02-24 04:20:19,0.00137000,10.73000000
2018-02-24 04:20:20,0.00137000,13.92000000
2018-02-24 04:20:21,0.00137070,7.40000000
2018-02-24 04:20:21,0.00137090,0.55000000
2018-02-24 04:20:22,0.00137090,20.73000000
2018-02-24 04:20:22,0.00137000,1.00000000
2018-02-24 04:20:22,0.00137000,19.52000000
2018-02-24 04:20:22,0.00137000,8.94000000
2018-02-24 04:20:22,0.00137000,8.94000000
2018-02-24 04:20:22,0.00137000,6.19000000
2018-02-24 04:20:22,0.00137000,12.52000000
2018-02-24 04:20:24,0.00137000,66.14000000
2018-02-24 04:20:26,0.00137000,2.54000000
2018-02-24 04:20:26,0.00137000,0.53000000
2018-02-24 04:20:27,0.00136990,100.00000000
2018-02-24 04:20:27,0.00136920,7.40000000
2018-02-24 04:20:27,0.00136920,132.88000000
2018-02-24 04:20:27,0.00136920,21.88000000
2018-02-24 04:20:27,0.00136920,4.67000000
2018-02-24 04:20:27,0.00136920,3.16000000
2018-02-24 04:20:27,0.00136920,21.88000000
2018-02-24 04:20:27,0.00136920,21.88000000
2018-02-24 04:20:27,0.00136920,18.17000000
2018-02-24 04:20:27,0.00136920,21.88000000
2018-02-24 04:20:27,0.00136920,4.67000000
2018-02-24 04:20:28,0.00136920,21.89000000
2018-02-24 04:20:28,0.00136920,10.03000000
2018-02-24 04:20:28,0.00136920,21.89000000
2018-02-24 04:20:28,0.00136920,4.67000000
2018-02-24 04:20:28,0.00136920,21.88000000
2018-02-24 04:20:28,0.00136920,21.88000000
2018-02-24 04:20:28,0.00136920,21.88000000
2018-02-24 04:20:28,0.00136920,4.67000000
2018-02-24 04:20:28,0.00136920,0.03000000
2018-02-24 04:20:28,0.00136900,21.88000000
2018-02-24 04:20:28,0.00136890,1.33000000
2018-02-24 04:20:28,0.00136890,6.07000000
2018-02-24 04:20:28,0.00136860,66.15000000
2018-02-24 04:20:28,0.00136900,84.23000000
2018-02-24 04:20:29,0.00136920,1.55000000
2018-02-24 04:20:29,0.00136920,1.55000000
2018-02-24 04:20:29,0.00136900,1.55000000
2018-02-24 04:20:32,0.00136920,1.00000000
2018-02-24 04:20:32,0.00136900,11.69000000
2018-02-24 04:20:35,0.00136900,8.64000000
2018-02-24 04:20:36,0.00136860,13.12000000
2018-02-24 04:20:37,0.00136900,2.32000000
2018-02-24 04:20:38,0.00136900,19.04000000
2018-02-24 04:20:38,0.00136920,18.00000000
2018-02-24 04:20:42,0.00136860,220.61000000
2018-02-24 04:20:42,0.00136830,4.79000000
2018-02-24 04:20:42,0.00136550,133.05000000
2018-02-24 04:20:42,0.00136510,198.29000000
2018-02-24 04:20:43,0.00136880,250.36000000
2018-02-24 04:20:43,0.00136920,14.86000000
2018-02-24 04:20:45,0.00136980,5.00000000
2018-02-24 04:20:45,0.00136870,10.29000000
2018-02-24 04:20:51,0.00136940,2.26000000
2018-02-24 04:20:56,0.00136910,94.09000000
2018-02-24 04:20:56,0.00136920,4.62000000
2018-02-24 04:20:56,0.00136920,6.49000000
2018-02-24 04:20:57,0.00136920,179.51000000
2018-02-24 04:20:57,0.00136980,2.40000000
2018-02-24 04:20:57,0.00136990,162.58000000
2018-02-24 04:20:57,0.00137000,266.81000000
2018-02-24 04:20:57,0.00137050,7.40000000
2018-02-24 04:20:57,0.00136910,394.23000000
2018-02-24 04:21:00,0.00136910,0.95000000
2018-02-24 04:21:02,0.00136930,8.47000000
2018-02-24 04:21:02,0.00136910,40.23000000
