DATE,PRICE,VOLUME
2018-02-23 01:00:01,0.00097590,1.20000000
2018-02-23 01:00:02,0.00097590,109.12000000
2018-02-23 01:00:04,0.00097540,83.96000000
2018-02-23 01:00:04,0.00097540,205.12000000
2018-02-23 01:00:06,0.00097540,83.96000000
2018-02-23 01:00:06,0.00097590,56.05000000
2018-02-23 01:00:06,0.00097630,2.06000000
2018-02-23 01:00:06,0.00097650,36.03000000
2018-02-23 01:00:09,0.00097510,0.23000000
2018-02-23 01:00:09,0.00097550,2.06000000
2018-02-23 01:00:09,0.00097510,5.25000000
2018-02-23 01:00:12,0.00097510,9.40000000
2018-02-23 01:00:13,0.00097510,0.01000000
2018-02-23 01:00:13,0.00097500,25.43000000
2018-02-23 01:00:14,0.00097500,84.16000000
2018-02-23 01:00:14,0.00097440,22.77000000
2018-02-23 01:00:18,0.00097510,1.03000000
2018-02-23 01:00:19,0.00097510,19.44000000
2018-02-23 01:00:19,0.00097510,10.00000000
2018-02-23 01:00:20,0.00097600,2.05000000
2018-02-23 01:00:20,0.00097510,1.25000000
2018-02-23 01:00:21,0.00097600,27.95000000
2018-02-23 01:00:21,0.00097620,12.70000000
2018-02-23 01:00:21,0.00097620,94.51000000
2018-02-23 01:00:23,0.00097510,45.83000000
2018-02-23 01:00:23,0.00097460,6.64000000
2018-02-23 01:00:25,0.00097520,111.38000000
2018-02-23 01:00:29,0.00097510,6.64000000
2018-02-23 01:00:32,0.00097520,57.07000000
2018-02-23 01:00:32,0.00097600,22.77000000
2018-02-23 01:00:32,0.00097620,49.72000000
2018-02-23 01:00:34,0.00097490,4.16000000
2018-02-23 01:00:34,0.00097480,1.13000000
2018-02-23 01:00:34,0.00097470,70.52000000
2018-02-23 01:00:34,0.00097460,46.42000000
2018-02-23 01:00:34,0.00097450,97.77000000
2018-02-23 01:00:36,0.00097560,305.84000000
2018-02-23 01:00:37,0.00097510,2.06000000
2018-02-23 01:00:37,0.00097500,3.55000000
2018-02-23 01:00:38,0.00097500,1.47000000
2018-02-23 01:00:40,0.00097600,2.06000000
2018-02-23 01:00:40,0.00097620,47.94000000
2018-02-23 01:00:44,0.00097620,102.00000000
2018-02-23 01:00:44,0.00097620,234.74000000
2018-02-23 01:00:44,0.00097620,54.46000000
2018-02-23 01:00:44,0.00097620,192.34000000
2018-02-23 01:00:44,0.00097560,3.18000000
2018-02-23 01:00:45,0.00097560,59.00000000
2018-02-23 01:00:48,0.00097620,1.61000000
2018-02-23 01:00:48,0.00097620,1.88000000
2018-02-23 01:00:50,0.00097580,128.14000000
2018-02-23 01:00:51,0.00097620,67.94000000
2018-02-23 01:00:52,0.00097620,59.55000000
2018-02-23 01:00:52,0.00097560,55.00000000
2018-02-23 01:00:53,0.00097560,454.08000000
2018-02-23 01:01:00,0.00097560,52.98000000
2018-02-23 01:01:01,0.00097560,41.65000000
2018-02-23 01:01:03,0.00097560,10.00000000
2018-02-23 01:01:03,0.00097560,51.05000000
2018-02-23 01:01:04,0.00097570,322.23000000
2018-02-23 01:01:05,0.00097560,23.74000000
2018-02-23 01:01:05,0.00097510,1.26000000
2018-02-23 01:01:06,0.00097580,10.00000000
2018-02-23 01:01:07,0.00097510,2.00000000
2018-02-23 01:01:07,0.00097510,2.00000000
2018-02-23 01:01:08,0.00097580,2.25000000
2018-02-23 01:01:09,0.00097580,11.13000000
2018-02-23 01:01:09,0.00097590,85.78000000
2018-02-23 01:01:11,0.00097560,20.00000000
2018-02-23 01:01:11,0.00097590,76.89000000
2018-02-23 01:01:13,0.00097580,7.95000000
2018-02-23 01:01:13,0.00097510,5.74000000
2018-02-23 01:01:13,0.00097500,2.17000000
2018-02-23 01:01:13,0.00097500,21.51000000
2018-02-23 01:01:14,0.00097440,21.51000000
2018-02-23 01:01:15,0.00097440,11.64000000
2018-02-23 01:01:19,0.00097350,26.82000000
2018-02-23 01:01:19,0.00097340,30.52000000
2018-02-23 01:01:21,0.00097350,63.45000000
2018-02-23 01:01:22,0.00097450,44.18000000
2018-02-23 01:01:22,0.00097450,15.31000000
2018-02-23 01:01:22,0.00097450,85.05000000
2018-02-23 01:01:23,0.00097360,1.53000000
2018-02-23 01:01:26,0.00097340,80.84000000
2018-02-23 01:01:26,0.00097310,185.64000000
2018-02-23 01:01:27,0.00097350,13.52000000
2018-02-23 01:01:27,0.00097360,8.52000000
2018-02-23 01:01:29,0.00097360,4.10000000
2018-02-23 01:01:29,0.00097340,5.89000000
2018-02-23 01:01:31,0.00097400,19.18000000
2018-02-23 01:01:36,0.00097400,0.82000000
2018-02-23 01:01:37,0.00097400,1.69000000
2018-02-23 01:01:38,0.00097360,338.99000000
2018-02-23 01:01:38,0.00097340,99.97000000
2018-02-23 01:01:38,0.00097400,20.71000000
2018-02-23 01:01:40,0.00097340,1.00000000
2018-02-23 01:01:42,0.00097340,53.52000000
2018-02-23 01:01:42,0.00097340,16.45000000
2018-02-23 01:01:42,0.00097340,17.10000000
2018-02-23 01:01:42,0.00097310,153.37000000
2018-02-23 01:01:44,0.00097310,394.88000000
2018-02-23 01:01:44,0.00097300,209.45000000
2018-02-23 01:01:44,0.00097270,15.86000000
2018-02-23 01:01:45,0.00097270,81.72000000
2018-02-23 01:01:45,0.00097260,25.52000000
2018-02-23 01:01:47,0.00097200,7.95000000
2018-02-23 01:01:47,0.00097170,1.04000000
2018-02-23 01:01:47,0.00097140,14.12000000
2018-02-23 01:01:47,0.00097130,5.12000000
2018-02-23 01:01:47,0.00097110,2.25000000
2018-02-23 01:01:47,0.00097100,75.52000000
2018-02-23 01:01:47,0.00097100,28.91000000
2018-02-23 01:01:47,0.00097010,2.38000000
2018-02-23 01:01:47,0.00097100,14.44000000
2018-02-23 01:01:47,0.00097100,28.97000000
2018-02-23 01:01:49,0.00097250,6.02000000
2018-02-23 01:01:50,0.00097020,51.13000000
2018-02-23 01:01:50,0.00097010,8.25000000
2018-02-23 01:01:50,0.00097000,1.98000000
2018-02-23 01:01:52,0.00097040,4.98000000
2018-02-23 01:01:53,0.00097020,1.92000000
2018-02-23 01:01:53,0.00097210,40.80000000
2018-02-23 01:01:54,0.00097010,17.46000000
2018-02-23 01:01:54,0.00097010,27.22000000
2018-02-23 01:01:54,0.00097010,9.20000000
2018-02-23 01:01:54,0.00097220,9.80000000
2018-02-23 01:01:55,0.00097150,3.68000000
2018-02-23 01:01:55,0.00097020,3.68000000
2018-02-23 01:01:55,0.00097020,117.92000000
2018-02-23 01:01:56,0.00097020,20.00000000
2018-02-23 01:01:57,0.00097200,5.22000000
2018-02-23 01:01:58,0.00097030,12.28000000
2018-02-23 01:01:59,0.00097080,161.30000000
2018-02-23 01:02:12,0.00097050,12.08000000
2018-02-23 01:02:12,0.00097050,25.75000000
2018-02-23 01:02:13,0.00097040,355.76000000
2018-02-23 01:02:13,0.00097030,46.00000000
2018-02-23 01:02:13,0.00097030,0.37000000
2018-02-23 01:02:13,0.00097020,16.02000000
2018-02-23 01:02:13,0.00097000,15.64000000
2018-02-23 01:02:14,0.00097000,15.46000000
2018-02-23 01:02:14,0.00097000,1.12000000
2018-02-23 01:02:15,0.00097000,12.28000000
2018-02-23 01:02:15,0.00097010,22.25000000
2018-02-23 01:02:16,0.00097040,22.96000000
2018-02-23 01:02:16,0.00097000,113.88000000
2018-02-23 01:02:17,0.00097000,1.09000000
2018-02-23 01:02:17,0.00097050,5.14000000
2018-02-23 01:02:20,0.00096960,3.87000000
2018-02-23 01:02:20,0.00096960,12.28000000
2018-02-23 01:02:20,0.00096960,13.77000000
2018-02-23 01:02:22,0.00096960,13.00000000
2018-02-23 01:02:24,0.00096950,25.95000000
2018-02-23 01:02:24,0.00096960,46.69000000
2018-02-23 01:02:25,0.00096930,1.04000000
2018-02-23 01:02:26,0.00096910,16.76000000
2018-02-23 01:02:26,0.00096900,116.85000000
2018-02-23 01:02:26,0.00096900,18.00000000
2018-02-23 01:02:26,0.00096880,1.10000000
2018-02-23 01:02:26,0.00096820,2.58000000
2018-02-23 01:02:26,0.00096810,87.25000000
2018-02-23 01:02:26,0.00096800,5.00000000
2018-02-23 01:02:27,0.00096900,115.20000000
2018-02-23 01:02:27,0.00096800,1.00000000
2018-02-23 01:02:27,0.00096770,0.14000000
2018-02-23 01:02:27,0.00096900,1.36000000
2018-02-23 01:02:27,0.00096900,1.36000000
2018-02-23 01:02:27,0.00096900,1.36000000
2018-02-23 01:02:27,0.00096900,1.37000000
2018-02-23 01:02:27,0.00096900,1.36000000
2018-02-23 01:02:28,0.00096770,5.08000000
2018-02-23 01:02:28,0.00096750,15.50000000
2018-02-23 01:02:28,0.00096720,18.43000000
2018-02-23 01:02:29,0.00096730,50.00000000
2018-02-23 01:02:29,0.00096720,35.29000000
2018-02-23 01:02:29,0.00096710,200.00000000
2018-02-23 01:02:29,0.00096700,80.24000000
2018-02-23 01:02:29,0.00096690,10.86000000
2018-02-23 01:02:30,0.00096860,19.58000000
2018-02-23 01:02:32,0.00096750,2.34000000
2018-02-23 01:02:32,0.00096700,12.32000000
2018-02-23 01:02:33,0.00096700,39.84000000
2018-02-23 01:02:33,0.00096690,122.78000000
2018-02-23 01:02:33,0.00096750,39.04000000
2018-02-23 01:02:33,0.00096750,139.02000000
2018-02-23 01:02:33,0.00096750,11.84000000
2018-02-23 01:02:36,0.00096690,13.38000000
2018-02-23 01:02:36,0.00096690,28.05000000
2018-02-23 01:02:38,0.00096710,6.16000000
2018-02-23 01:02:38,0.00096710,0.25000000
2018-02-23 01:02:38,0.00096690,61.94000000
2018-02-23 01:02:39,0.00096700,5.00000000
2018-02-23 01:02:40,0.00096720,269.10000000
2018-02-23 01:02:40,0.00096690,20.00000000
2018-02-23 01:02:40,0.00096690,47.31000000
2018-02-23 01:02:40,0.00096690,15.46000000
2018-02-23 01:02:40,0.00096690,12.27000000
2018-02-23 01:02:41,0.00096700,45.00000000
2018-02-23 01:02:41,0.00096720,52.53000000
2018-02-23 01:02:43,0.00096700,23.82000000
2018-02-23 01:02:43,0.00096720,0.54000000
2018-02-23 01:02:43,0.00096690,105.68000000
2018-02-23 01:02:43,0.00096650,279.72000000
2018-02-23 01:02:45,0.00096640,4.80000000
2018-02-23 01:02:45,0.00096650,47.00000000
2018-02-23 01:02:46,0.00096650,10.00000000
2018-02-23 01:02:47,0.00096640,5.00000000
2018-02-23 01:02:48,0.00096640,1.20000000
2018-02-23 01:02:48,0.00096630,4.86000000
2018-02-23 01:02:50,0.00096630,88.00000000
2018-02-23 01:02:50,0.00096630,0.43000000
2018-02-23 01:02:50,0.00096640,1.02000000
2018-02-23 01:02:50,0.00096610,83.78000000
2018-02-23 01:02:52,0.00096610,40.24000000
2018-02-23 01:02:54,0.00096570,4.29000000
2018-02-23 01:02:54,0.00096600,3.96000000
2018-02-23 01:02:54,0.00096610,1.04000000
2018-02-23 01:02:55,0.00096610,198.63000000
2018-02-23 01:02:55,0.00096560,9.67000000
2018-02-23 01:02:55,0.00096560,24.10000000
2018-02-23 01:02:55,0.00096500,222.76000000
2018-02-23 01:02:55,0.00096490,20.00000000
2018-02-23 01:02:56,0.00096500,10.00000000
2018-02-23 01:02:56,0.00096500,7.11000000
2018-02-23 01:02:56,0.00096500,67.15000000
2018-02-23 01:02:57,0.00096570,38.27000000
2018-02-23 01:02:58,0.00096560,81.88000000
2018-02-23 01:03:00,0.00096560,45.13000000
2018-02-23 01:03:00,0.00096490,2.30000000
2018-02-23 01:03:00,0.00096420,31.48000000
2018-02-23 01:03:00,0.00096500,63.11000000
2018-02-23 01:03:01,0.00096500,29.00000000
2018-02-23 01:03:02,0.00096490,5.00000000
2018-02-23 01:03:03,0.00096480,5.09000000
2018-02-23 01:03:03,0.00096430,50.00000000
2018-02-23 01:03:03,0.00096490,10.35000000
2018-02-23 01:03:04,0.00096480,27.27000000
2018-02-23 01:03:04,0.00096480,22.73000000
2018-02-23 01:03:05,0.00096470,16.13000000
2018-02-23 01:03:05,0.00096410,50.00000000
2018-02-23 01:03:06,0.00096600,8.19000000
2018-02-23 01:03:06,0.00096420,53.72000000
2018-02-23 01:03:06,0.00096410,52.30000000
2018-02-23 01:03:06,0.00096400,55.24000000
2018-02-23 01:03:09,0.00096560,6.75000000
2018-02-23 01:03:09,0.00096400,43.25000000
2018-02-23 01:03:09,0.00096400,155.37000000
2018-02-23 01:03:09,0.00096370,2.27000000
2018-02-23 01:03:09,0.00096360,8.14000000
2018-02-23 01:03:09,0.00096340,104.28000000
2018-02-23 01:03:10,0.00096550,4.09000000
2018-02-23 01:03:10,0.00096340,18.75000000
2018-02-23 01:03:11,0.00096400,42.15000000
2018-02-23 01:03:12,0.00096390,53.71000000
2018-02-23 01:03:13,0.00096390,0.01000000
2018-02-23 01:03:13,0.00096400,71.06000000
2018-02-23 01:03:13,0.00096400,45.91000000
2018-02-23 01:03:13,0.00096400,17.13000000
2018-02-23 01:03:13,0.00096400,11.48000000
2018-02-23 01:03:14,0.00096400,3.69000000
2018-02-23 01:03:15,0.00096400,133.99000000
2018-02-23 01:03:15,0.00096360,17.13000000
2018-02-23 01:03:15,0.00096350,4.32000000
2018-02-23 01:03:15,0.00096340,46.96000000
2018-02-23 01:03:17,0.00096400,3.91000000
2018-02-23 01:03:18,0.00096400,44.00000000
2018-02-23 01:03:18,0.00096400,38.74000000
2018-02-23 01:03:18,0.00096400,15.00000000
2018-02-23 01:03:19,0.00096520,21.17000000
2018-02-23 01:03:19,0.00096530,3.85000000
2018-02-23 01:03:19,0.00096560,17.12000000
2018-02-23 01:03:19,0.00096590,50.00000000
2018-02-23 01:03:19,0.00096600,46.51000000
2018-02-23 01:03:19,0.00096600,118.98000000
2018-02-23 01:03:19,0.00096410,78.45000000
2018-02-23 01:03:21,0.00096420,2.61000000
2018-02-23 01:03:21,0.00096590,52.31000000
2018-02-23 01:03:21,0.00096600,79.66000000
2018-02-23 01:03:21,0.00096600,11.52000000
2018-02-23 01:03:21,0.00096520,25.22000000
2018-02-23 01:03:22,0.00096520,22.87000000
2018-02-23 01:03:22,0.00096500,0.71000000
2018-02-23 01:03:22,0.00096500,22.87000000
2018-02-23 01:03:22,0.00096520,182.80000000
2018-02-23 01:03:22,0.00096600,5.24000000
2018-02-23 01:03:22,0.00096600,108.90000000
2018-02-23 01:03:24,0.00096510,91.11000000
2018-02-23 01:03:24,0.00096590,78.79000000
2018-02-23 01:03:24,0.00096600,20.68000000
2018-02-23 01:03:24,0.00096600,820.43000000
2018-02-23 01:03:24,0.00096650,234.22000000
2018-02-23 01:03:24,0.00096750,27.20000000
2018-02-23 01:03:24,0.00096600,36.48000000
2018-02-23 01:03:24,0.00096600,31.05000000
2018-02-23 01:03:24,0.00096600,60.00000000
2018-02-23 01:03:24,0.00096600,12.96000000
2018-02-23 01:03:25,0.00096590,13.99000000
2018-02-23 01:03:25,0.00096610,7.70000000
2018-02-23 01:03:25,0.00096610,31.05000000
2018-02-23 01:03:25,0.00096610,0.98000000
2018-02-23 01:03:26,0.00096590,10.24000000
2018-02-23 01:03:26,0.00096600,31.05000000
2018-02-23 01:03:26,0.00096600,13.72000000
2018-02-23 01:03:26,0.00096600,53.72000000
2018-02-23 01:03:26,0.00096600,15.57000000
2018-02-23 01:03:27,0.00096610,1.32000000
2018-02-23 01:03:27,0.00096930,31.05000000
2018-02-23 01:03:27,0.00096940,3.45000000
2018-02-23 01:03:27,0.00096610,5.31000000
2018-02-23 01:03:27,0.00096610,6.30000000
2018-02-23 01:03:27,0.00096610,31.05000000
2018-02-23 01:03:27,0.00096610,7.34000000
2018-02-23 01:03:27,0.00096620,5.35000000
2018-02-23 01:03:28,0.00096630,2.08000000
2018-02-23 01:03:28,0.00096620,48.37000000
2018-02-23 01:03:28,0.00096600,476.65000000
2018-02-23 01:03:29,0.00096590,31.05000000
2018-02-23 01:03:31,0.00096870,3.10000000
2018-02-23 01:03:32,0.00096570,2.08000000
2018-02-23 01:03:32,0.00096550,3.23000000
2018-02-23 01:03:32,0.00096710,31.02000000
2018-02-23 01:03:32,0.00096710,180.57000000
2018-02-23 01:03:33,0.00096550,30.01000000
2018-02-23 01:03:35,0.00096670,53.72000000
2018-02-23 01:03:35,0.00096680,80.01000000
2018-02-23 01:03:35,0.00096700,3.23000000
2018-02-23 01:03:35,0.00096700,6.30000000
2018-02-23 01:03:36,0.00096700,31.01000000
2018-02-23 01:03:36,0.00096700,15.45000000
2018-02-23 01:03:39,0.00096710,1.55000000
2018-02-23 01:03:40,0.00096700,0.53000000
2018-02-23 01:03:40,0.00096600,2.08000000
2018-02-23 01:03:40,0.00096570,10.00000000
2018-02-23 01:03:40,0.00096550,108.20000000
2018-02-23 01:03:40,0.00096540,276.03000000
2018-02-23 01:03:40,0.00096650,2.08000000
2018-02-23 01:03:40,0.00096710,29.47000000
2018-02-23 01:03:40,0.00096850,19.74000000
2018-02-23 01:03:41,0.00096840,1.28000000
2018-02-23 01:03:42,0.00096830,10.29000000
2018-02-23 01:03:42,0.00096840,1.32000000
2018-02-23 01:03:42,0.00096900,49.72000000
2018-02-23 01:03:42,0.00096910,2.08000000
2018-02-23 01:03:42,0.00096960,4.84000000
2018-02-23 01:03:42,0.00096980,169.55000000
2018-02-23 01:03:42,0.00097000,994.50000000
2018-02-23 01:03:42,0.00097050,5.45000000
2018-02-23 01:03:42,0.00097210,31.51000000
2018-02-23 01:03:42,0.00097260,5.09000000
2018-02-23 01:03:42,0.00097390,32.62000000
2018-02-23 01:03:42,0.00097400,94.46000000
2018-02-23 01:03:42,0.00097440,95.06000000
2018-02-23 01:03:42,0.00097450,60.63000000
2018-02-23 01:03:42,0.00097490,28.92000000
2018-02-23 01:03:42,0.00097500,225.59000000
2018-02-23 01:03:42,0.00097520,57.45000000
2018-02-23 01:03:42,0.00097590,56.80000000
2018-02-23 01:03:42,0.00097600,14.17000000
2018-02-23 01:03:43,0.00096700,7.15000000
2018-02-23 01:03:43,0.00096620,15.52000000
2018-02-23 01:03:43,0.00096590,23.31000000
2018-02-23 01:03:44,0.00096940,4.16000000
2018-02-23 01:03:45,0.00096930,2.59000000
2018-02-23 01:03:45,0.00096940,11.36000000
2018-02-23 01:03:45,0.00096960,12.83000000
2018-02-23 01:03:45,0.00096960,6.68000000
2018-02-23 01:03:45,0.00096960,6.15000000
2018-02-23 01:03:45,0.00096980,4.32000000
2018-02-23 01:03:45,0.00097000,25.53000000
2018-02-23 01:03:49,0.00096970,20.72000000
2018-02-23 01:03:49,0.00097000,15.49000000
2018-02-23 01:03:50,0.00096840,33.52000000
2018-02-23 01:03:50,0.00097000,275.00000000
2018-02-23 01:03:52,0.00097000,233.17000000
2018-02-23 01:03:54,0.00097000,120.96000000
2018-02-23 01:03:55,0.00097050,52.16000000
2018-02-23 01:03:56,0.00097000,3.50000000
2018-02-23 01:03:57,0.00097000,16.00000000
2018-02-23 01:03:58,0.00097050,10.42000000
2018-02-23 01:03:58,0.00097000,59.51000000
2018-02-23 01:04:01,0.00097040,10.00000000
2018-02-23 01:04:02,0.00097190,10.00000000
2018-02-23 01:04:02,0.00097200,408.66000000
2018-02-23 01:04:03,0.00097120,227.98000000
2018-02-23 01:04:04,0.00097200,8.39000000
2018-02-23 01:04:07,0.00097200,17.50000000
2018-02-23 01:04:07,0.00097200,2.09000000
2018-02-23 01:04:08,0.00097070,2.33000000
2018-02-23 01:04:08,0.00097200,10.23000000
2018-02-23 01:04:09,0.00097200,21.09000000
2018-02-23 01:04:09,0.00097200,14.07000000
2018-02-23 01:04:09,0.00097200,9.12000000
2018-02-23 01:04:10,0.00097220,1.55000000
2018-02-23 01:04:10,0.00097240,258.00000000
2018-02-23 01:04:11,0.00097280,0.70000000
2018-02-23 01:04:12,0.00097280,24.22000000
2018-02-23 01:04:12,0.00097490,2.28000000
2018-02-23 01:04:12,0.00097500,0.17000000
2018-02-23 01:04:12,0.00097240,2.27000000
2018-02-23 01:04:12,0.00097240,5.00000000
2018-02-23 01:04:13,0.00097240,13.82000000
2018-02-23 01:04:13,0.00097270,2.06000000
2018-02-23 01:04:13,0.00097250,0.21000000
2018-02-23 01:04:14,0.00097250,10.00000000
2018-02-23 01:04:14,0.00097300,2.59000000
2018-02-23 01:04:14,0.00097300,12.17000000
2018-02-23 01:04:15,0.00097250,2.25000000
2018-02-23 01:04:17,0.00097270,10.21000000
2018-02-23 01:04:17,0.00097280,10.92000000
2018-02-23 01:04:17,0.00097300,163.62000000
2018-02-23 01:04:17,0.00097250,6.47000000
2018-02-23 01:04:17,0.00097300,32.82000000
2018-02-23 01:04:18,0.00097300,24.86000000
2018-02-23 01:04:19,0.00097370,50.29000000
2018-02-23 01:04:19,0.00097330,2.06000000
2018-02-23 01:04:19,0.00097310,28.77000000
2018-02-23 01:04:20,0.00097310,1.99000000
2018-02-23 01:04:20,0.00097310,0.04000000
2018-02-23 01:04:20,0.00097310,0.02000000
2018-02-23 01:04:23,0.00097300,3.44000000
2018-02-23 01:04:24,0.00097300,7.11000000
2018-02-23 01:04:24,0.00097370,0.70000000
2018-02-23 01:04:25,0.00097300,7.66000000
2018-02-23 01:04:27,0.00097310,10.19000000
2018-02-23 01:04:27,0.00097370,4.40000000
2018-02-23 01:04:27,0.00097370,43.57000000
2018-02-23 01:04:27,0.00097370,4.33000000
2018-02-23 01:04:27,0.00097300,32.21000000
2018-02-23 01:04:27,0.00097290,5.11000000
2018-02-23 01:04:27,0.00097280,6.22000000
2018-02-23 01:04:28,0.00097300,2.35000000
2018-02-23 01:04:29,0.00097290,4.81000000
2018-02-23 01:04:29,0.00097290,61.00000000
2018-02-23 01:04:30,0.00097280,8.72000000
2018-02-23 01:04:31,0.00097280,15.00000000
2018-02-23 01:04:33,0.00097280,59.95000000
2018-02-23 01:04:33,0.00097290,38.81000000
2018-02-23 01:04:33,0.00097280,5.00000000
2018-02-23 01:04:34,0.00097280,198.54000000
2018-02-23 01:04:34,0.00097250,76.38000000
2018-02-23 01:04:34,0.00097290,158.04000000
2018-02-23 01:04:39,0.00097320,244.74000000
2018-02-23 01:04:41,0.00097370,13.31000000
2018-02-23 01:04:41,0.00097310,2.06000000
2018-02-23 01:04:41,0.00097290,20.45000000
2018-02-23 01:04:41,0.00097340,2.06000000
2018-02-23 01:04:41,0.00097370,11.53000000
2018-02-23 01:04:43,0.00097370,0.69000000
2018-02-23 01:04:43,0.00097370,5.94000000
2018-02-23 01:04:43,0.00097370,5.16000000
2018-02-23 01:04:44,0.00097370,25.37000000
2018-02-23 01:04:44,0.00097290,174.63000000
2018-02-23 01:04:48,0.00097370,25.00000000
2018-02-23 01:04:49,0.00097400,10.77000000
2018-02-23 01:04:49,0.00097370,54.07000000
2018-02-23 01:04:49,0.00097300,67.78000000
2018-02-23 01:04:50,0.00097370,67.05000000
2018-02-23 01:04:51,0.00097370,23.58000000
2018-02-23 01:04:52,0.00097370,12.07000000
2018-02-23 01:04:52,0.00097340,16.93000000
2018-02-23 01:04:54,0.00097340,50.12000000
2018-02-23 01:04:54,0.00097320,10.03000000
2018-02-23 01:04:54,0.00097300,40.13000000
2018-02-23 01:04:54,0.00097290,488.70000000
2018-02-23 01:04:54,0.00097400,2.80000000
2018-02-23 01:04:54,0.00097370,30.75000000
2018-02-23 01:04:54,0.00097370,2.70000000
2018-02-23 01:04:54,0.00097400,4.92000000
2018-02-23 01:04:54,0.00097400,84.81000000
2018-02-23 01:04:54,0.00097420,2.06000000
2018-02-23 01:04:54,0.00097430,30.79000000
2018-02-23 01:04:55,0.00097460,5.12000000
2018-02-23 01:04:55,0.00097400,8.96000000
2018-02-23 01:04:55,0.00097400,8.96000000
2018-02-23 01:04:55,0.00097400,82.88000000
2018-02-23 01:04:55,0.00097400,30.75000000
2018-02-23 01:04:55,0.00097400,68.45000000
2018-02-23 01:04:55,0.00097470,8.96000000
2018-02-23 01:04:55,0.00097480,104.66000000
2018-02-23 01:04:55,0.00097480,146.30000000
2018-02-23 01:04:55,0.00097310,2.06000000
2018-02-23 01:04:55,0.00097290,6.01000000
2018-02-23 01:04:56,0.00097380,2.06000000
2018-02-23 01:04:56,0.00097460,3.44000000
2018-02-23 01:04:56,0.00097460,3.58000000
2018-02-23 01:04:57,0.00097460,10.35000000
2018-02-23 01:04:57,0.00097460,1.79000000
2018-02-23 01:04:59,0.00097480,11.69000000
2018-02-23 01:04:59,0.00097500,16.37000000
2018-02-23 01:05:00,0.00097500,6.63000000
2018-02-23 01:05:02,0.00097510,4.37000000
2018-02-23 01:05:02,0.00097590,199.11000000
2018-02-23 01:05:03,0.00097500,44.16000000
2018-02-23 01:05:03,0.00097460,23.82000000
2018-02-23 01:05:03,0.00097440,2.06000000
2018-02-23 01:05:04,0.00097390,33.76000000
2018-02-23 01:05:05,0.00097440,67.82000000
2018-02-23 01:05:06,0.00097440,65.08000000
2018-02-23 01:05:07,0.00097390,7.42000000
2018-02-23 01:05:07,0.00097440,73.00000000
2018-02-23 01:05:07,0.00097460,16.23000000
2018-02-23 01:05:09,0.00097390,63.25000000
2018-02-23 01:05:09,0.00097460,755.59000000
2018-02-23 01:05:09,0.00097400,2.06000000
2018-02-23 01:05:09,0.00097370,13.44000000
2018-02-23 01:05:11,0.00097400,142.11000000
2018-02-23 01:05:11,0.00097400,119.40000000
2018-02-23 01:05:13,0.00097400,41.99000000
2018-02-23 01:05:13,0.00097400,30.77000000
2018-02-23 01:05:13,0.00097400,10.70000000
2018-02-23 01:05:13,0.00097400,7.07000000
2018-02-23 01:05:13,0.00097370,10.70000000
2018-02-23 01:05:14,0.00097400,51.58000000
2018-02-23 01:05:14,0.00097440,2.06000000
2018-02-23 01:05:14,0.00097460,16.31000000
2018-02-23 01:05:14,0.00097370,67.00000000
2018-02-23 01:05:14,0.00097400,2.02000000
2018-02-23 01:05:14,0.00097400,0.04000000
2018-02-23 01:05:14,0.00097370,96.97000000
2018-02-23 01:05:15,0.00097370,16.44000000
2018-02-23 01:05:15,0.00097370,16.52000000
2018-02-23 01:05:15,0.00097400,0.39000000
2018-02-23 01:05:18,0.00097400,7.10000000
2018-02-23 01:05:19,0.00097400,181.28000000
2018-02-23 01:05:20,0.00097400,400.00000000
2018-02-23 01:05:22,0.00097380,83.81000000
2018-02-23 01:05:23,0.00097400,180.90000000
2018-02-23 01:05:24,0.00097370,78.83000000
2018-02-23 01:05:24,0.00097400,102.30000000
2018-02-23 01:05:25,0.00097400,147.91000000
2018-02-23 01:05:26,0.00097400,12.17000000
2018-02-23 01:05:31,0.00097430,2.06000000
2018-02-23 01:05:31,0.00097460,76.67000000
2018-02-23 01:05:32,0.00097460,5.19000000
2018-02-23 01:05:32,0.00097400,58.82000000
2018-02-23 01:05:32,0.00097460,45.22000000
2018-02-23 01:05:35,0.00097460,15.04000000
2018-02-23 01:05:37,0.00097460,41.14000000
2018-02-23 01:05:37,0.00097420,278.27000000
2018-02-23 01:05:39,0.00097400,24.57000000
2018-02-23 01:05:41,0.00097460,49.62000000
2018-02-23 01:05:41,0.00097460,49.57000000
2018-02-23 01:05:41,0.00097460,38.42000000
2018-02-23 01:05:43,0.00097570,2.06000000
2018-02-23 01:05:43,0.00097580,102.00000000
2018-02-23 01:05:43,0.00097580,78.79000000
2018-02-23 01:05:43,0.00097590,3.47000000
2018-02-23 01:05:43,0.00097600,17.98000000
2018-02-23 01:05:43,0.00097600,53.34000000
2018-02-23 01:05:43,0.00097480,1.86000000
2018-02-23 01:05:44,0.00097570,141.88000000
2018-02-23 01:05:47,0.00097560,38.42000000
2018-02-23 01:05:47,0.00097570,324.81000000
2018-02-23 01:05:47,0.00097570,100.00000000
2018-02-23 01:05:49,0.00097600,37.85000000
2018-02-23 01:05:52,0.00097600,18.52000000
2018-02-23 01:05:55,0.00097580,100.58000000
2018-02-23 01:05:57,0.00097600,6.68000000
2018-02-23 01:05:57,0.00097600,19.21000000
2018-02-23 01:05:58,0.00097600,6.40000000
2018-02-23 01:05:59,0.00097600,299.27000000
2018-02-23 01:05:59,0.00097600,0.06000000
2018-02-23 01:06:00,0.00097600,100.00000000
2018-02-23 01:06:00,0.00097600,55.65000000
2018-02-23 01:06:00,0.00097570,25.27000000
2018-02-23 01:06:01,0.00097600,0.01000000
2018-02-23 01:06:04,0.00097630,21.19000000
2018-02-23 01:06:05,0.00097600,10.00000000
2018-02-23 01:06:06,0.00097630,20.64000000
2018-02-23 01:06:06,0.00097640,5.49000000
2018-02-23 01:06:06,0.00097650,10.28000000
2018-02-23 01:06:06,0.00097670,20.40000000
2018-02-23 01:06:06,0.00097700,201.50000000
2018-02-23 01:06:06,0.00097710,3.63000000
2018-02-23 01:06:06,0.00097750,1.09000000
2018-02-23 01:06:06,0.00097760,558.59000000
2018-02-23 01:06:06,0.00097780,37.49000000
2018-02-23 01:06:06,0.00097850,54.95000000
2018-02-23 01:06:06,0.00097880,2.58000000
2018-02-23 01:06:06,0.00097900,54.16000000
2018-02-23 01:06:06,0.00097930,1128.74000000
2018-02-23 01:06:06,0.00097940,7.30000000
2018-02-23 01:06:06,0.00097970,131.25000000
2018-02-23 01:06:06,0.00097990,242.81000000
2018-02-23 01:06:06,0.00098000,1276.55000000
2018-02-23 01:06:07,0.00097620,30.05000000
2018-02-23 01:06:07,0.00097630,2.06000000
2018-02-23 01:06:07,0.00097620,2.06000000
2018-02-23 01:06:08,0.00097620,3.56000000
2018-02-23 01:06:08,0.00097620,10.47000000
2018-02-23 01:06:08,0.00097700,40.00000000
2018-02-23 01:06:10,0.00097680,9.00000000
2018-02-23 01:06:10,0.00097620,21.27000000
2018-02-23 01:06:10,0.00097620,34.26000000
2018-02-23 01:06:10,0.00097610,30.70000000
2018-02-23 01:06:10,0.00097600,26.02000000
2018-02-23 01:06:11,0.00097670,3.39000000
2018-02-23 01:06:13,0.00097640,295.04000000
2018-02-23 01:06:13,0.00097670,52.14000000
2018-02-23 01:06:13,0.00097680,3.33000000
2018-02-23 01:06:13,0.00097690,35.67000000
2018-02-23 01:06:13,0.00097700,60.00000000
2018-02-23 01:06:13,0.00097950,5.43000000
2018-02-23 01:06:13,0.00097980,2.06000000
2018-02-23 01:06:13,0.00097990,78.58000000
2018-02-23 01:06:13,0.00098000,65.93000000
2018-02-23 01:06:13,0.00098030,3.27000000
2018-02-23 01:06:13,0.00098050,42.38000000
2018-02-23 01:06:13,0.00098110,108.30000000
2018-02-23 01:06:13,0.00098140,5.14000000
2018-02-23 01:06:13,0.00098150,1.84000000
2018-02-23 01:06:13,0.00098170,300.00000000
2018-02-23 01:06:13,0.00098190,162.17000000
2018-02-23 01:06:14,0.00097670,12.16000000
2018-02-23 01:06:14,0.00097690,2.06000000
2018-02-23 01:06:15,0.00097680,8.29000000
2018-02-23 01:06:15,0.00097680,22.00000000
2018-02-23 01:06:15,0.00097680,22.00000000
2018-02-23 01:06:15,0.00097710,14.84000000
2018-02-23 01:06:17,0.00097730,200.91000000
2018-02-23 01:06:18,0.00097740,2.58000000
2018-02-23 01:06:19,0.00097750,2.06000000
2018-02-23 01:06:19,0.00097740,48.78000000
2018-02-23 01:06:19,0.00097740,2.06000000
2018-02-23 01:06:19,0.00097720,51.61000000
2018-02-23 01:06:19,0.00097640,11.76000000
2018-02-23 01:06:19,0.00097630,8.00000000
2018-02-23 01:06:19,0.00097610,73.35000000
2018-02-23 01:06:19,0.00097600,29.52000000
2018-02-23 01:06:19,0.00097570,69.14000000
2018-02-23 01:06:19,0.00097520,12.99000000
2018-02-23 01:06:19,0.00097460,31.00000000
2018-02-23 01:06:19,0.00097450,215.78000000
2018-02-23 01:06:19,0.00098000,0.66000000
2018-02-23 01:06:21,0.00097760,28.02000000
2018-02-23 01:06:22,0.00097950,50.00000000
2018-02-23 01:06:22,0.00097960,167.00000000
2018-02-23 01:06:23,0.00097910,126.89000000
2018-02-23 01:06:23,0.00097920,14.84000000
2018-02-23 01:06:23,0.00097950,21.25000000
2018-02-23 01:06:25,0.00097800,30.67000000
2018-02-23 01:06:25,0.00097950,38.51000000
2018-02-23 01:06:26,0.00097800,3.47000000
2018-02-23 01:06:26,0.00097800,154.99000000
2018-02-23 01:06:27,0.00097950,2.35000000
2018-02-23 01:06:28,0.00097950,19.86000000
2018-02-23 01:06:29,0.00097810,30.67000000
2018-02-23 01:06:29,0.00097950,1.95000000
2018-02-23 01:06:29,0.00097990,7.64000000
2018-02-23 01:06:29,0.00097810,30.67000000
2018-02-23 01:06:29,0.00097810,22.65000000
2018-02-23 01:06:29,0.00097810,1.74000000
2018-02-23 01:06:30,0.00097990,43.97000000
2018-02-23 01:06:30,0.00098000,59.03000000
2018-02-23 01:06:31,0.00097850,26.67000000
2018-02-23 01:06:31,0.00097950,5.24000000
2018-02-23 01:06:32,0.00097960,85.73000000
2018-02-23 01:06:32,0.00098000,1.39000000
2018-02-23 01:06:32,0.00098000,30.61000000
2018-02-23 01:06:32,0.00098000,77.73000000
2018-02-23 01:06:32,0.00098000,26.10000000
2018-02-23 01:06:32,0.00097950,51.64000000
2018-02-23 01:06:32,0.00098090,26.67000000
2018-02-23 01:06:32,0.00098100,137.70000000
2018-02-23 01:06:32,0.00098100,135.63000000
2018-02-23 01:06:32,0.00097950,30.00000000
2018-02-23 01:06:33,0.00098000,36.30000000
2018-02-23 01:06:33,0.00097960,50.00000000
2018-02-23 01:06:33,0.00097950,92.74000000
2018-02-23 01:06:33,0.00097970,14.57000000
2018-02-23 01:06:34,0.00098040,116.97000000
2018-02-23 01:06:34,0.00098120,50.00000000
2018-02-23 01:06:34,0.00098130,1.91000000
2018-02-23 01:06:34,0.00098140,2.06000000
2018-02-23 01:06:34,0.00098160,15.34000000
2018-02-23 01:06:34,0.00098170,2.06000000
2018-02-23 01:06:34,0.00098190,3.94000000
2018-02-23 01:06:35,0.00098020,5.00000000
2018-02-23 01:06:35,0.00098110,14.57000000
2018-02-23 01:06:35,0.00098130,8.61000000
2018-02-23 01:06:35,0.00098010,8.61000000
2018-02-23 01:06:36,0.00098010,9.61000000
2018-02-23 01:06:37,0.00098010,12.38000000
2018-02-23 01:06:37,0.00098040,2.04000000
2018-02-23 01:06:37,0.00098000,2.06000000
2018-02-23 01:06:38,0.00098100,33.16000000
2018-02-23 01:06:38,0.00097960,10.00000000
2018-02-23 01:06:39,0.00098090,4.62000000
2018-02-23 01:06:39,0.00097960,18.09000000
2018-02-23 01:06:40,0.00098090,12.99000000
2018-02-23 01:06:40,0.00098100,81.01000000
2018-02-23 01:06:42,0.00098090,28.09000000
2018-02-23 01:06:42,0.00098090,4.08000000
2018-02-23 01:06:42,0.00098090,5.00000000
2018-02-23 01:06:42,0.00098100,55.00000000
2018-02-23 01:06:42,0.00098090,44.99000000
2018-02-23 01:06:43,0.00098100,160.69000000
2018-02-23 01:06:44,0.00098100,87.52000000
2018-02-23 01:06:44,0.00098110,2.06000000
2018-02-23 01:06:44,0.00098170,2.04000000
2018-02-23 01:06:44,0.00098180,18.22000000
2018-02-23 01:06:44,0.00098190,44.32000000
2018-02-23 01:06:44,0.00098200,145.84000000
2018-02-23 01:06:44,0.00098100,13.69000000
2018-02-23 01:06:44,0.00098100,49.81000000
2018-02-23 01:06:45,0.00098100,72.64000000
2018-02-23 01:06:46,0.00098100,10.00000000
2018-02-23 01:06:46,0.00098200,6.39000000
2018-02-23 01:06:46,0.00098100,17.77000000
2018-02-23 01:06:46,0.00098200,132.61000000
2018-02-23 01:06:47,0.00098100,5.05000000
2018-02-23 01:06:47,0.00098050,30.59000000
2018-02-23 01:06:47,0.00098030,55.48000000
2018-02-23 01:06:47,0.00098020,52.86000000
2018-02-23 01:06:47,0.00098080,2.04000000
2018-02-23 01:06:47,0.00098020,9.84000000
2018-02-23 01:06:47,0.00098020,44.30000000
2018-02-23 01:06:47,0.00098010,9.84000000
2018-02-23 01:06:49,0.00098070,16.39000000
2018-02-23 01:06:49,0.00098070,4.33000000
2018-02-23 01:06:49,0.00098070,30.50000000
2018-02-23 01:06:49,0.00098070,2.20000000
2018-02-23 01:06:49,0.00098080,0.02000000
2018-02-23 01:06:49,0.00098110,7.25000000
2018-02-23 01:06:49,0.00098180,2.04000000
2018-02-23 01:06:49,0.00098200,2.83000000
2018-02-23 01:06:49,0.00098200,9.81000000
2018-02-23 01:06:49,0.00098200,5.98000000
2018-02-23 01:06:50,0.00098040,5.00000000
2018-02-23 01:06:51,0.00098100,12.64000000
2018-02-23 01:06:51,0.00098200,97.35000000
2018-02-23 01:06:52,0.00098200,5.00000000
2018-02-23 01:06:52,0.00098200,12.64000000
2018-02-23 01:06:52,0.00098200,111.02000000
2018-02-23 01:06:52,0.00098120,2.04000000
2018-02-23 01:06:52,0.00098170,2.04000000
2018-02-23 01:06:52,0.00098210,6.96000000
2018-02-23 01:06:53,0.00098210,66.17000000
2018-02-23 01:06:55,0.00098190,51.22000000
2018-02-23 01:06:55,0.00098200,5.65000000
2018-02-23 01:06:55,0.00098200,0.23000000
2018-02-23 01:06:55,0.00098100,2.04000000
2018-02-23 01:06:55,0.00098080,3.20000000
2018-02-23 01:06:55,0.00098080,0.64000000
2018-02-23 01:06:55,0.00098070,4.77000000
2018-02-23 01:06:55,0.00098060,10.00000000
2018-02-23 01:06:56,0.00098040,43.34000000
2018-02-23 01:06:56,0.00098180,32.63000000
2018-02-23 01:06:56,0.00098190,0.50000000
2018-02-23 01:06:57,0.00098100,68.70000000
2018-02-23 01:06:58,0.00098170,9.26000000
2018-02-23 01:06:58,0.00098100,0.62000000
2018-02-23 01:06:58,0.00098120,2.04000000
2018-02-23 01:06:58,0.00098100,2.26000000
2018-02-23 01:06:59,0.00098150,2.04000000
2018-02-23 01:06:59,0.00098170,22.77000000
2018-02-23 01:06:59,0.00098020,5.24000000
2018-02-23 01:06:59,0.00098190,3.89000000
2018-02-23 01:06:59,0.00098020,1.24000000
2018-02-23 01:06:59,0.00098100,3.00000000
2018-02-23 01:06:59,0.00098190,22.54000000
2018-02-23 01:06:59,0.00098190,11.31000000
2018-02-23 01:06:59,0.00098190,100.97000000
2018-02-23 01:07:00,0.00098190,89.32000000
2018-02-23 01:07:01,0.00098200,47.14000000
2018-02-23 01:07:01,0.00098210,45.36000000
2018-02-23 01:07:01,0.00098220,79.96000000
2018-02-23 01:07:01,0.00098170,30.76000000
2018-02-23 01:07:02,0.00098180,4.12000000
2018-02-23 01:07:02,0.00098170,180.66000000
2018-02-23 01:07:02,0.00098180,2.36000000
2018-02-23 01:07:02,0.00098170,44.32000000
2018-02-23 01:07:02,0.00098190,2.36000000
2018-02-23 01:07:02,0.00098190,4.93000000
2018-02-23 01:07:02,0.00098190,2.36000000
2018-02-23 01:07:02,0.00098190,2.36000000
2018-02-23 01:07:04,0.00098170,124.20000000
2018-02-23 01:07:05,0.00098190,4.13000000
2018-02-23 01:07:05,0.00098170,282.06000000
2018-02-23 01:07:07,0.00098170,7.07000000
2018-02-23 01:07:07,0.00098170,7.94000000
2018-02-23 01:07:07,0.00098190,392.06000000
2018-02-23 01:07:08,0.00098090,2.04000000
2018-02-23 01:07:08,0.00098050,1.06000000
2018-02-23 01:07:09,0.00098170,2.04000000
2018-02-23 01:07:09,0.00098190,26.81000000
2018-02-23 01:07:09,0.00098200,163.55000000
2018-02-23 01:07:11,0.00098170,14.44000000
2018-02-23 01:07:12,0.00098170,21.01000000
2018-02-23 01:07:12,0.00098200,141.75000000
2018-02-23 01:07:12,0.00098170,110.22000000
2018-02-23 01:07:13,0.00098140,133.73000000
2018-02-23 01:07:15,0.00098190,207.07000000
2018-02-23 01:07:16,0.00098100,2.04000000
2018-02-23 01:07:16,0.00098060,3.18000000
2018-02-23 01:07:17,0.00098150,2.04000000
2018-02-23 01:07:17,0.00098200,1.76000000
2018-02-23 01:07:24,0.00098090,27.01000000
2018-02-23 01:07:24,0.00098060,2.99000000
2018-02-23 01:07:25,0.00098060,5.61000000
2018-02-23 01:07:25,0.00098040,30.59000000
2018-02-23 01:07:25,0.00098020,9.55000000
2018-02-23 01:07:25,0.00098010,32.95000000
2018-02-23 01:07:26,0.00098130,1.37000000
2018-02-23 01:07:26,0.00098000,14.00000000
2018-02-23 01:07:27,0.00098100,3.00000000
2018-02-23 01:07:27,0.00098130,12.29000000
2018-02-23 01:07:27,0.00098010,227.07000000
2018-02-23 01:07:28,0.00098130,13.27000000
2018-02-23 01:07:29,0.00098000,250.63000000
2018-02-23 01:07:30,0.00098070,21.33000000
2018-02-23 01:07:31,0.00098060,1.28000000
2018-02-23 01:07:31,0.00098060,10.95000000
2018-02-23 01:07:31,0.00098000,290.37000000
2018-02-23 01:07:33,0.00098010,10.72000000
2018-02-23 01:07:33,0.00098000,22.43000000
2018-02-23 01:07:33,0.00098140,70.43000000
2018-02-23 01:07:34,0.00098060,30.57000000
2018-02-23 01:07:34,0.00098060,297.62000000
2018-02-23 01:07:35,0.00098060,8.00000000
2018-02-23 01:07:35,0.00098060,22.57000000
2018-02-23 01:07:35,0.00098000,54.93000000
2018-02-23 01:07:35,0.00098100,3.00000000
2018-02-23 01:07:35,0.00098000,20.00000000
2018-02-23 01:07:35,0.00098000,2.99000000
2018-02-23 01:07:36,0.00098140,6.48000000
2018-02-23 01:07:37,0.00098140,88.75000000
2018-02-23 01:07:38,0.00098100,30.56000000
2018-02-23 01:07:38,0.00098070,61.51000000
2018-02-23 01:07:38,0.00098000,48.18000000
2018-02-23 01:07:38,0.00098100,7.94000000
2018-02-23 01:07:39,0.00098000,29.12000000
2018-02-23 01:07:41,0.00098000,69.95000000
2018-02-23 01:07:41,0.00098140,24.66000000
2018-02-23 01:07:42,0.00098140,54.32000000
2018-02-23 01:07:42,0.00098140,101.00000000
2018-02-23 01:07:42,0.00098140,30.51000000
2018-02-23 01:07:42,0.00098140,63.66000000
2018-02-23 01:07:42,0.00098140,96.97000000
2018-02-23 01:07:42,0.00098140,30.51000000
2018-02-23 01:07:42,0.00098140,184.63000000
2018-02-23 01:07:42,0.00098190,54.11000000
2018-02-23 01:07:42,0.00098190,20.89000000
2018-02-23 01:07:42,0.00098200,76.08000000
2018-02-23 01:07:42,0.00098030,2.06000000
2018-02-23 01:07:42,0.00098000,143.15000000
2018-02-23 01:07:42,0.00097960,52.99000000
2018-02-23 01:07:42,0.00097950,8.02000000
2018-02-23 01:07:42,0.00097950,20.89000000
2018-02-23 01:07:42,0.00097950,0.05000000
2018-02-23 01:07:42,0.00098120,2.06000000
2018-02-23 01:07:42,0.00098200,18.83000000
2018-02-23 01:07:43,0.00098000,217.00000000
2018-02-23 01:07:45,0.00098130,45.77000000
2018-02-23 01:07:45,0.00098030,2.06000000
2018-02-23 01:07:45,0.00098000,3.99000000
2018-02-23 01:07:47,0.00098090,4.07000000
2018-02-23 01:07:47,0.00098000,63.42000000
2018-02-23 01:07:47,0.00098090,48.84000000
2018-02-23 01:07:47,0.00098090,0.08000000
2018-02-23 01:07:47,0.00098100,16.55000000
2018-02-23 01:07:47,0.00098130,30.37000000
2018-02-23 01:07:47,0.00098170,0.06000000
2018-02-23 01:07:48,0.00098170,8.44000000
2018-02-23 01:07:48,0.00098170,30.86000000
2018-02-23 01:07:48,0.00098190,10.00000000
2018-02-23 01:07:48,0.00098200,16.50000000
2018-02-23 01:07:48,0.00098100,1.45000000
2018-02-23 01:07:48,0.00098100,7.02000000
2018-02-23 01:07:48,0.00098090,2.25000000
2018-02-23 01:07:50,0.00098130,2.04000000
2018-02-23 01:07:50,0.00098090,57.48000000
2018-02-23 01:07:53,0.00098150,150.50000000
2018-02-23 01:07:55,0.00098140,1.02000000
2018-02-23 01:07:55,0.00098090,4.20000000
2018-02-23 01:07:56,0.00098180,2.04000000
2018-02-23 01:07:56,0.00098190,30.51000000
2018-02-23 01:07:56,0.00098190,94.02000000
2018-02-23 01:07:56,0.00098190,2.04000000
2018-02-23 01:07:56,0.00098190,30.51000000
2018-02-23 01:07:57,0.00098140,6.77000000
2018-02-23 01:08:02,0.00098140,6.44000000
2018-02-23 01:08:02,0.00098140,3.39000000
2018-02-23 01:08:02,0.00098090,10.76000000
2018-02-23 01:08:02,0.00098180,169.49000000
2018-02-23 01:08:04,0.00098090,8.02000000
2018-02-23 01:08:04,0.00098090,23.95000000
2018-02-23 01:08:05,0.00098090,110.66000000
2018-02-23 01:08:05,0.00098030,141.64000000
2018-02-23 01:08:05,0.00098150,3.00000000
2018-02-23 01:08:05,0.00098180,7.00000000
2018-02-23 01:08:06,0.00098130,344.95000000
2018-02-23 01:08:07,0.00098120,2.04000000
2018-02-23 01:08:07,0.00098090,13.82000000
2018-02-23 01:08:09,0.00098090,8.77000000
2018-02-23 01:08:10,0.00098090,4.95000000
2018-02-23 01:08:15,0.00098090,0.09000000
2018-02-23 01:08:15,0.00098160,2.04000000
2018-02-23 01:08:15,0.00098180,240.96000000
2018-02-23 01:08:17,0.00098160,1.22000000
2018-02-23 01:08:19,0.00098090,8.48000000
2018-02-23 01:08:19,0.00098070,5.09000000
2018-02-23 01:08:19,0.00098030,17.95000000
2018-02-23 01:08:19,0.00098010,145.50000000
2018-02-23 01:08:19,0.00098000,857.59000000
2018-02-23 01:08:19,0.00098000,81.00000000
2018-02-23 01:08:19,0.00098000,259.20000000
2018-02-23 01:08:19,0.00098000,30.56000000
2018-02-23 01:08:19,0.00098000,86.55000000
2018-02-23 01:08:19,0.00098000,5.80000000
2018-02-23 01:08:19,0.00098160,3.82000000
2018-02-23 01:08:19,0.00098180,71.83000000
2018-02-23 01:08:21,0.00098050,5.99000000
2018-02-23 01:08:21,0.00097980,2.69000000
2018-02-23 01:08:21,0.00097970,41.32000000
2018-02-23 01:08:21,0.00098150,9.91000000
2018-02-23 01:08:21,0.00098150,9.92000000
2018-02-23 01:08:21,0.00098150,9.91000000
2018-02-23 01:08:22,0.00097990,6.39000000
2018-02-23 01:08:22,0.00098090,79.08000000
2018-02-23 01:08:26,0.00098100,7.99000000
2018-02-23 01:08:28,0.00098100,105.48000000
2018-02-23 01:08:30,0.00098110,11.44000000
2018-02-23 01:08:31,0.00098100,341.59000000
2018-02-23 01:08:31,0.00098090,371.11000000
2018-02-23 01:08:32,0.00098090,1.00000000
2018-02-23 01:08:34,0.00098070,2.12000000
2018-02-23 01:08:37,0.00098070,101.85000000
2018-02-23 01:08:37,0.00097970,82.85000000
2018-02-23 01:08:44,0.00098060,10.06000000
2018-02-23 01:08:45,0.00098060,8.59000000
2018-02-23 01:08:45,0.00098060,28.42000000
2018-02-23 01:08:47,0.00098060,34.05000000
2018-02-23 01:08:52,0.00098050,0.89000000
2018-02-23 01:08:52,0.00098050,18.48000000
2018-02-23 01:08:52,0.00098010,95.57000000
2018-02-23 01:08:52,0.00098000,14.90000000
2018-02-23 01:08:53,0.00098050,30.58000000
2018-02-23 01:08:53,0.00098050,30.58000000
2018-02-23 01:08:53,0.00098050,30.57000000
2018-02-23 01:08:53,0.00098050,64.49000000
2018-02-23 01:08:53,0.00098060,35.36000000
2018-02-23 01:08:53,0.00098060,100.73000000
2018-02-23 01:08:55,0.00098050,30.57000000
2018-02-23 01:08:56,0.00098050,65.00000000
2018-02-23 01:08:56,0.00098040,31.35000000
2018-02-23 01:08:57,0.00098060,30.57000000
2018-02-23 01:08:57,0.00098060,30.57000000
2018-02-23 01:08:57,0.00098060,30.57000000
2018-02-23 01:08:57,0.00098060,207.92000000
2018-02-23 01:08:57,0.00098060,38.17000000
2018-02-23 01:08:57,0.00098050,30.58000000
2018-02-23 01:08:57,0.00098050,30.58000000
2018-02-23 01:08:57,0.00098050,38.84000000
2018-02-23 01:08:58,0.00098050,10.52000000
2018-02-23 01:09:00,0.00098050,29.71000000
2018-02-23 01:09:00,0.00098050,155.27000000
2018-02-23 01:09:01,0.00098040,30.58000000
2018-02-23 01:09:01,0.00098040,76.06000000
2018-02-23 01:09:01,0.00098040,77.38000000
2018-02-23 01:09:03,0.00098090,68.68000000
2018-02-23 01:09:03,0.00098100,657.55000000
2018-02-23 01:09:05,0.00098050,3.00000000
2018-02-23 01:09:05,0.00098090,3.00000000
2018-02-23 01:09:05,0.00098100,43.27000000
2018-02-23 01:09:05,0.00098100,29.35000000
2018-02-23 01:09:06,0.00098100,170.65000000
2018-02-23 01:09:09,0.00098110,7.95000000
2018-02-23 01:09:10,0.00098100,7.15000000
2018-02-23 01:09:12,0.00098100,122.19000000
2018-02-23 01:09:12,0.00098110,5.72000000
2018-02-23 01:09:12,0.00098150,4.28000000
2018-02-23 01:09:13,0.00098100,313.59000000
2018-02-23 01:09:16,0.00098150,70.02000000
2018-02-23 01:09:18,0.00098150,17.85000000
2018-02-23 01:09:20,0.00098160,12.62000000
2018-02-23 01:09:23,0.00098150,34.52000000
2018-02-23 01:09:28,0.00098180,128.68000000
2018-02-23 01:09:29,0.00098160,210.34000000
2018-02-23 01:09:29,0.00098180,9.96000000
2018-02-23 01:09:30,0.00098190,1.95000000
2018-02-23 01:09:30,0.00098180,1.95000000
2018-02-23 01:09:31,0.00098190,320.15000000
2018-02-23 01:09:32,0.00098180,3.34000000
2018-02-23 01:09:33,0.00098180,7.22000000
2018-02-23 01:09:33,0.00098190,86.69000000
2018-02-23 01:09:33,0.00098190,306.35000000
2018-02-23 01:09:33,0.00098200,90.66000000
2018-02-23 01:09:33,0.00098220,102.99000000
2018-02-23 01:09:35,0.00098180,65.79000000
2018-02-23 01:09:35,0.00098170,118.69000000
2018-02-23 01:09:35,0.00098160,208.22000000
2018-02-23 01:09:36,0.00098220,49.18000000
2018-02-23 01:09:36,0.00098220,109.35000000
2018-02-23 01:09:36,0.00098250,2.12000000
2018-02-23 01:09:36,0.00098270,7.52000000
2018-02-23 01:09:36,0.00098280,247.48000000
2018-02-23 01:09:36,0.00098290,1077.35000000
2018-02-23 01:09:36,0.00098300,564.69000000
2018-02-23 01:09:38,0.00098190,18.23000000
2018-02-23 01:09:38,0.00098190,35.75000000
2018-02-23 01:09:38,0.00098190,9.68000000
2018-02-23 01:09:38,0.00098190,8.55000000
2018-02-23 01:09:38,0.00098230,95.67000000
2018-02-23 01:09:38,0.00098240,123.34000000
2018-02-23 01:09:38,0.00098300,495.10000000
2018-02-23 01:09:41,0.00098240,200.00000000
2018-02-23 01:09:41,0.00098300,102.79000000
2018-02-23 01:09:41,0.00098200,28.35000000
2018-02-23 01:09:41,0.00098190,2.04000000
2018-02-23 01:09:41,0.00098170,2.04000000
2018-02-23 01:09:45,0.00098170,48.30000000
2018-02-23 01:09:50,0.00098200,10.29000000
2018-02-23 01:09:51,0.00098170,51.13000000
2018-02-23 01:09:52,0.00098170,6.00000000
2018-02-23 01:09:53,0.00098170,20.87000000
2018-02-23 01:09:55,0.00098170,28.22000000
2018-02-23 01:09:58,0.00098170,1.69000000
2018-02-23 01:10:01,0.00098170,0.20000000
2018-02-23 01:10:07,0.00098160,51.12000000
2018-02-23 01:10:09,0.00098170,22.51000000
2018-02-23 01:10:09,0.00098170,18.23000000
2018-02-23 01:10:09,0.00098170,38.80000000
2018-02-23 01:10:10,0.00098160,5.05000000
2018-02-23 01:10:11,0.00098170,36.69000000
2018-02-23 01:10:13,0.00098170,1.00000000
2018-02-23 01:10:14,0.00098160,74.87000000
2018-02-23 01:10:14,0.00098150,38.08000000
2018-02-23 01:10:17,0.00098160,11.53000000
2018-02-23 01:10:17,0.00098160,16.00000000
2018-02-23 01:10:18,0.00098160,10.93000000
2018-02-23 01:10:18,0.00098170,91.07000000
2018-02-23 01:10:19,0.00098170,30.80000000
2018-02-23 01:10:19,0.00098150,200.00000000
2018-02-23 01:10:21,0.00098170,47.83000000
2018-02-23 01:10:21,0.00098170,1.00000000
2018-02-23 01:10:21,0.00098150,20.00000000
2018-02-23 01:10:22,0.00098170,16.33000000
2018-02-23 01:10:22,0.00098170,12.35000000
2018-02-23 01:10:25,0.00098170,21.44000000
2018-02-23 01:10:29,0.00098200,66.19000000
2018-02-23 01:10:30,0.00098180,182.59000000
2018-02-23 01:10:36,0.00098200,44.75000000
2018-02-23 01:10:37,0.00098170,246.02000000
2018-02-23 01:10:37,0.00098200,10.18000000
2018-02-23 01:10:38,0.00098200,14.91000000
2018-02-23 01:10:40,0.00098170,129.10000000
2018-02-23 01:10:40,0.00098170,96.97000000
2018-02-23 01:10:40,0.00098200,17.35000000
2018-02-23 01:10:42,0.00098180,74.39000000
2018-02-23 01:10:43,0.00098200,59.30000000
2018-02-23 01:10:50,0.00098200,14.88000000
2018-02-23 01:10:51,0.00098190,11.33000000
2018-02-23 01:10:51,0.00098190,0.32000000
2018-02-23 01:10:51,0.00098200,244.54000000
2018-02-23 01:10:51,0.00098220,211.48000000
2018-02-23 01:10:53,0.00098220,66.92000000
2018-02-23 01:10:53,0.00098270,128.08000000
2018-02-23 01:10:53,0.00098200,4.99000000
2018-02-23 01:10:55,0.00098200,135.42000000
2018-02-23 01:10:55,0.00098220,75.60000000
2018-02-23 01:10:55,0.00098170,167.04000000
2018-02-23 01:10:55,0.00098160,578.31000000
2018-02-23 01:10:55,0.00098150,1619.14000000
2018-02-23 01:10:55,0.00098140,15.38000000
2018-02-23 01:10:55,0.00098090,128.84000000
2018-02-23 01:10:55,0.00098050,18.03000000
2018-02-23 01:10:55,0.00098040,106.64000000
2018-02-23 01:10:55,0.00098010,5.09000000
2018-02-23 01:10:55,0.00098000,495.75000000
2018-02-23 01:10:55,0.00098000,1.04000000
2018-02-23 01:10:55,0.00098000,15.21000000
2018-02-23 01:10:55,0.00098000,1.04000000
2018-02-23 01:10:55,0.00098000,12.68000000
2018-02-23 01:10:55,0.00098000,9.21000000
2018-02-23 01:10:55,0.00098000,12.68000000
2018-02-23 01:10:55,0.00097990,2.45000000
2018-02-23 01:10:55,0.00098000,30.56000000
2018-02-23 01:10:55,0.00097970,1.04000000
2018-02-23 01:10:55,0.00098000,253.27000000
2018-02-23 01:10:55,0.00098000,312.30000000
2018-02-23 01:10:55,0.00098000,56.49000000
2018-02-23 01:10:56,0.00098200,27.55000000
2018-02-23 01:10:56,0.00098200,93.07000000
2018-02-23 01:10:57,0.00098270,18.12000000
2018-02-23 01:10:57,0.00098290,71.76000000
2018-02-23 01:10:59,0.00098110,192.80000000
2018-02-23 01:11:00,0.00098150,8.76000000
2018-02-23 01:11:01,0.00098040,2.06000000
2018-02-23 01:11:01,0.00098020,2.06000000
2018-02-23 01:11:01,0.00098000,0.68000000
2018-02-23 01:11:01,0.00098150,2.81000000
2018-02-23 01:11:02,0.00098000,560.70000000
2018-02-23 01:11:03,0.00098000,76.51000000
2018-02-23 01:11:03,0.00098000,63.76000000
2018-02-23 01:11:03,0.00098000,21.69000000
2018-02-23 01:11:06,0.00098050,9.59000000
2018-02-23 01:11:07,0.00098140,24.96000000
2018-02-23 01:11:07,0.00098050,81.18000000
2018-02-23 01:11:07,0.00098000,0.93000000
2018-02-23 01:11:07,0.00097970,159.79000000
2018-02-23 01:11:07,0.00097960,277.81000000
2018-02-23 01:11:08,0.00098050,65.33000000
2018-02-23 01:11:08,0.00098050,0.01000000
2018-02-23 01:11:09,0.00097970,50.00000000
2018-02-23 01:11:09,0.00097960,149.93000000
2018-02-23 01:11:09,0.00097960,1.26000000
2018-02-23 01:11:09,0.00097950,18.01000000
2018-02-23 01:11:12,0.00097900,15.29000000
2018-02-23 01:11:12,0.00097890,5.00000000
2018-02-23 01:11:12,0.00097860,13.90000000
2018-02-23 01:11:12,0.00097800,33.62000000
2018-02-23 01:11:12,0.00097940,18.94000000
2018-02-23 01:11:13,0.00097900,2.00000000
2018-02-23 01:11:13,0.00097900,2.01000000
2018-02-23 01:11:14,0.00097800,21.12000000
2018-02-23 01:11:16,0.00097890,31.06000000
2018-02-23 01:11:16,0.00097900,5.99000000
2018-02-23 01:11:16,0.00097940,6.43000000
2018-02-23 01:11:16,0.00097800,35.00000000
2018-02-23 01:11:17,0.00097800,50.00000000
2018-02-23 01:11:17,0.00097800,30.99000000
2018-02-23 01:11:18,0.00097800,94.01000000
2018-02-23 01:11:20,0.00097910,84.60000000
2018-02-23 01:11:20,0.00097900,13.26000000
2018-02-23 01:11:21,0.00097900,59.57000000
2018-02-23 01:11:21,0.00097800,9.03000000
2018-02-23 01:11:21,0.00097800,7.60000000
2018-02-23 01:11:21,0.00097760,3.60000000
2018-02-23 01:11:21,0.00097700,27.12000000
2018-02-23 01:11:21,0.00097680,10.52000000
2018-02-23 01:11:21,0.00097610,28.78000000
2018-02-23 01:11:23,0.00097790,10.00000000
2018-02-23 01:11:24,0.00097700,97.66000000
2018-02-23 01:11:25,0.00097700,74.57000000
2018-02-23 01:11:26,0.00097650,10.24000000
2018-02-23 01:11:26,0.00097630,74.82000000
2018-02-23 01:11:26,0.00097630,4.16000000
2018-02-23 01:11:29,0.00097700,3.59000000
2018-02-23 01:11:29,0.00097650,4.72000000
2018-02-23 01:11:29,0.00097650,13.31000000
2018-02-23 01:11:29,0.00097650,9.69000000
2018-02-23 01:11:29,0.00097630,1.08000000
2018-02-23 01:11:30,0.00097650,8.12000000
2018-02-23 01:11:30,0.00097630,14.28000000
2018-02-23 01:11:31,0.00097630,6.44000000
2018-02-23 01:11:31,0.00097630,4.50000000
2018-02-23 01:11:31,0.00097630,2.70000000
2018-02-23 01:11:31,0.00097630,6.44000000
2018-02-23 01:11:31,0.00097630,10.32000000
2018-02-23 01:11:32,0.00097630,2.29000000
2018-02-23 01:11:32,0.00097610,17.20000000
2018-02-23 01:11:32,0.00097600,12.51000000
2018-02-23 01:11:32,0.00097580,98.93000000
2018-02-23 01:11:34,0.00097580,45.45000000
2018-02-23 01:11:34,0.00097550,17.69000000
2018-02-23 01:11:34,0.00097540,384.12000000
2018-02-23 01:11:34,0.00097510,35.10000000
2018-02-23 01:11:34,0.00097500,212.67000000
2018-02-23 01:11:35,0.00097500,232.59000000
2018-02-23 01:11:35,0.00097530,10.06000000
2018-02-23 01:11:35,0.00097530,192.72000000
2018-02-23 01:11:36,0.00097580,14.00000000
2018-02-23 01:11:36,0.00097620,30.68000000
2018-02-23 01:11:36,0.00097530,10.06000000
2018-02-23 01:11:36,0.00097500,1108.24000000
2018-02-23 01:11:37,0.00097500,32.97000000
2018-02-23 01:11:37,0.00097500,16.49000000
2018-02-23 01:11:38,0.00097500,14.85000000
2018-02-23 01:11:39,0.00097500,76.58000000
2018-02-23 01:11:41,0.00097500,164.94000000
2018-02-23 01:11:42,0.00097470,56.85000000
2018-02-23 01:11:43,0.00097500,153.04000000
2018-02-23 01:11:43,0.00097470,636.53000000
2018-02-23 01:11:43,0.00097400,184.50000000
2018-02-23 01:11:43,0.00097390,9.40000000
2018-02-23 01:11:43,0.00097370,14.08000000
2018-02-23 01:11:43,0.00097370,1.86000000
2018-02-23 01:11:43,0.00097370,1.86000000
2018-02-23 01:11:43,0.00097370,1.86000000
2018-02-23 01:11:43,0.00097370,20.33000000
2018-02-23 01:11:43,0.00097370,1.86000000
2018-02-23 01:11:43,0.00097370,353.50000000
2018-02-23 01:11:43,0.00097370,194.91000000
2018-02-23 01:11:43,0.00097370,101.94000000
2018-02-23 01:11:43,0.00097370,19.64000000
2018-02-23 01:11:44,0.00097400,10.00000000
2018-02-23 01:11:44,0.00097400,21.28000000
2018-02-23 01:11:44,0.00097290,4.27000000
2018-02-23 01:11:44,0.00097250,3.00000000
2018-02-23 01:11:44,0.00097200,7.17000000
2018-02-23 01:11:44,0.00097200,37.22000000
2018-02-23 01:11:44,0.00097190,1.13000000
2018-02-23 01:11:44,0.00097160,1.03000000
2018-02-23 01:11:44,0.00097150,91.54000000
2018-02-23 01:11:44,0.00097120,47.57000000
2018-02-23 01:11:44,0.00097110,228.41000000
2018-02-23 01:11:45,0.00097180,3.64000000
2018-02-23 01:11:45,0.00097130,43.16000000
2018-02-23 01:11:45,0.00097400,3.85000000
2018-02-23 01:11:45,0.00097430,16.25000000
2018-02-23 01:11:47,0.00097150,36.69000000
2018-02-23 01:11:48,0.00097400,0.02000000
2018-02-23 01:11:50,0.00097150,25.38000000
2018-02-23 01:11:51,0.00097200,600.00000000
2018-02-23 01:11:51,0.00097150,346.41000000
2018-02-23 01:11:51,0.00097140,1.62000000
2018-02-23 01:11:51,0.00097120,51.93000000
2018-02-23 01:11:51,0.00097110,36.02000000
2018-02-23 01:11:51,0.00097100,1409.84000000
2018-02-23 01:11:51,0.00097080,292.54000000
2018-02-23 01:11:51,0.00097070,2.82000000
2018-02-23 01:11:51,0.00097030,10.00000000
2018-02-23 01:11:51,0.00097020,188.00000000
2018-02-23 01:11:51,0.00097010,180.92000000
2018-02-23 01:11:51,0.00097000,636.22000000
2018-02-23 01:11:53,0.00097230,94.58000000
2018-02-23 01:11:53,0.00097150,31.13000000
2018-02-23 01:11:53,0.00097010,10.00000000
2018-02-23 01:11:53,0.00097000,24.03000000
2018-02-23 01:11:53,0.00097100,25.48000000
2018-02-23 01:11:53,0.00097100,30.57000000
2018-02-23 01:11:53,0.00097100,4.24000000
2018-02-23 01:11:53,0.00097100,30.85000000
2018-02-23 01:11:53,0.00097100,283.86000000
2018-02-23 01:11:54,0.00097000,30.79000000
2018-02-23 01:11:59,0.00097090,4.83000000
2018-02-23 01:11:59,0.00097010,15.12000000
2018-02-23 01:11:59,0.00097010,365.43000000
2018-02-23 01:11:59,0.00097000,1849.25000000
2018-02-23 01:12:00,0.00097010,30.18000000
2018-02-23 01:12:00,0.00097000,11.35000000
2018-02-23 01:12:00,0.00097000,115.70000000
2018-02-23 01:12:01,0.00097000,35.00000000
2018-02-23 01:12:01,0.00097240,22.85000000
2018-02-23 01:12:01,0.00097250,53.19000000
2018-02-23 01:12:01,0.00097260,11.75000000
2018-02-23 01:12:01,0.00097330,53.55000000
2018-02-23 01:12:01,0.00097350,2.06000000
2018-02-23 01:12:01,0.00097390,378.26000000
2018-02-23 01:12:02,0.00097090,50.00000000
2018-02-23 01:12:02,0.00097080,4.84000000
2018-02-23 01:12:02,0.00097020,3.13000000
2018-02-23 01:12:02,0.00097010,135.77000000
2018-02-23 01:12:03,0.00097110,30.89000000
2018-02-23 01:12:03,0.00097100,5.00000000
2018-02-23 01:12:03,0.00097020,8.49000000
2018-02-23 01:12:03,0.00097020,44.72000000
2018-02-23 01:12:03,0.00097010,50.88000000
2018-02-23 01:12:04,0.00097370,4.83000000
2018-02-23 01:12:05,0.00097030,4.83000000
2018-02-23 01:12:05,0.00097020,89.15000000
2018-02-23 01:12:05,0.00097360,1.22000000
2018-02-23 01:12:05,0.00097030,1.52000000
2018-02-23 01:12:06,0.00097360,1.25000000
2018-02-23 01:12:07,0.00097340,31.15000000
2018-02-23 01:12:08,0.00097320,4.21000000
2018-02-23 01:12:10,0.00097290,24.21000000
2018-02-23 01:12:10,0.00097300,2.45000000
2018-02-23 01:12:10,0.00097070,2.08000000
2018-02-23 01:12:10,0.00097050,79.00000000
2018-02-23 01:12:12,0.00097270,64.89000000
2018-02-23 01:12:12,0.00097120,30.88000000
2018-02-23 01:12:12,0.00097110,2.45000000
2018-02-23 01:12:12,0.00097100,510.01000000
2018-02-23 01:12:13,0.00097200,13.00000000
2018-02-23 01:12:14,0.00097250,6.86000000
2018-02-23 01:12:14,0.00097250,39.32000000
2018-02-23 01:12:15,0.00097180,212.98000000
2018-02-23 01:12:15,0.00097170,18.85000000
2018-02-23 01:12:15,0.00097200,79.00000000
2018-02-23 01:12:15,0.00097230,2.06000000
2018-02-23 01:12:16,0.00097160,2.45000000
2018-02-23 01:12:17,0.00097230,108.36000000
2018-02-23 01:12:18,0.00097240,13.93000000
2018-02-23 01:12:18,0.00097240,17.27000000
2018-02-23 01:12:18,0.00097240,59.47000000
2018-02-23 01:12:21,0.00097250,12.32000000
2018-02-23 01:12:23,0.00097240,268.32000000
2018-02-23 01:12:23,0.00097240,2.81000000
2018-02-23 01:12:24,0.00097240,159.76000000
2018-02-23 01:12:25,0.00097180,67.92000000
2018-02-23 01:12:26,0.00097250,42.00000000
2018-02-23 01:12:26,0.00097250,12.27000000
2018-02-23 01:12:26,0.00097270,16.65000000
2018-02-23 01:12:27,0.00097270,11.47000000
2018-02-23 01:12:29,0.00097270,47.81000000
2018-02-23 01:12:31,0.00097270,13.32000000
2018-02-23 01:12:35,0.00097250,9.55000000
2018-02-23 01:12:35,0.00097270,213.51000000
2018-02-23 01:12:35,0.00097250,30.82000000
2018-02-23 01:12:35,0.00097250,73.97000000
2018-02-23 01:12:35,0.00097270,9.00000000
2018-02-23 01:12:35,0.00097270,7.50000000
2018-02-23 01:12:35,0.00097270,7.50000000
2018-02-23 01:12:35,0.00097270,9.00000000
2018-02-23 01:12:36,0.00097270,186.40000000
2018-02-23 01:12:36,0.00097250,33.64000000
2018-02-23 01:12:36,0.00097240,53.28000000
2018-02-23 01:12:37,0.00097270,71.92000000
2018-02-23 01:12:37,0.00097270,53.26000000
2018-02-23 01:12:40,0.00097280,2.08000000
2018-02-23 01:12:40,0.00097290,18.92000000
2018-02-23 01:12:42,0.00097280,40.28000000
2018-02-23 01:12:42,0.00097310,31.09000000
2018-02-23 01:12:42,0.00097400,153.83000000
2018-02-23 01:12:42,0.00097470,387.29000000
2018-02-23 01:12:42,0.00097470,2.19000000
2018-02-23 01:12:42,0.00097470,30.77000000
2018-02-23 01:12:42,0.00097470,96.26000000
2018-02-23 01:12:42,0.00097500,2.06000000
2018-02-23 01:12:43,0.00097470,3.19000000
2018-02-23 01:12:43,0.00097470,2.06000000
2018-02-23 01:12:48,0.00097470,1.50000000
2018-02-23 01:12:49,0.00097550,33.30000000
2018-02-23 01:12:49,0.00097550,37.19000000
2018-02-23 01:12:50,0.00097550,90.68000000
2018-02-23 01:12:51,0.00097550,7.83000000
2018-02-23 01:12:52,0.00097550,4.99000000
2018-02-23 01:12:53,0.00097550,31.36000000
2018-02-23 01:12:53,0.00097500,2.06000000
2018-02-23 01:12:53,0.00097470,5.58000000
2018-02-23 01:12:54,0.00097470,21.00000000
2018-02-23 01:12:56,0.00097490,223.19000000
2018-02-23 01:13:02,0.00097520,7.50000000
2018-02-23 01:13:02,0.00097530,2.06000000
2018-02-23 01:13:03,0.00097530,40.44000000
2018-02-23 01:13:03,0.00097500,11.65000000
2018-02-23 01:13:03,0.00097470,96.85000000
2018-02-23 01:13:06,0.00097470,266.95000000
2018-02-23 01:13:06,0.00097470,2.06000000
2018-02-23 01:13:07,0.00097470,32.07000000
2018-02-23 01:13:07,0.00097470,48.11000000
2018-02-23 01:13:07,0.00097470,23.61000000
2018-02-23 01:13:07,0.00097470,22.91000000
2018-02-23 01:13:07,0.00097470,23.61000000
2018-02-23 01:13:07,0.00097470,8.53000000
2018-02-23 01:13:08,0.00097470,90.65000000
2018-02-23 01:13:08,0.00097470,69.93000000
2018-02-23 01:13:09,0.00097470,12.44000000
2018-02-23 01:13:09,0.00097560,2.06000000
2018-02-23 01:13:09,0.00097590,26.09000000
2018-02-23 01:13:11,0.00097550,2.00000000
2018-02-23 01:13:11,0.00097560,114.99000000
2018-02-23 01:13:12,0.00097590,9.90000000
2018-02-23 01:13:13,0.00097590,30.85000000
2018-02-23 01:13:13,0.00097590,28.65000000
2018-02-23 01:13:13,0.00097590,17.22000000
2018-02-23 01:13:15,0.00097690,10.11000000
2018-02-23 01:13:16,0.00097550,2.50000000
2018-02-23 01:13:16,0.00097540,12.68000000
2018-02-23 01:13:17,0.00097550,3.37000000
2018-02-23 01:13:19,0.00097550,12.38000000
2018-02-23 01:13:19,0.00097550,44.33000000
2018-02-23 01:13:19,0.00097550,44.29000000
2018-02-23 01:13:19,0.00097540,12.38000000
2018-02-23 01:13:20,0.00097540,37.94000000
2018-02-23 01:13:20,0.00097470,7.93000000
2018-02-23 01:13:20,0.00097400,5.22000000
2018-02-23 01:13:20,0.00097300,15.05000000
2018-02-23 01:13:20,0.00097280,27.27000000
2018-02-23 01:13:22,0.00097550,9.52000000
2018-02-23 01:13:24,0.00097550,3.17000000
2018-02-23 01:13:31,0.00097500,6.80000000
2018-02-23 01:13:34,0.00097540,47.58000000
2018-02-23 01:13:34,0.00097550,34.80000000
2018-02-23 01:13:35,0.00097550,405.07000000
2018-02-23 01:13:35,0.00097480,3.70000000
2018-02-23 01:13:35,0.00097470,38.45000000
2018-02-23 01:13:38,0.00097470,11.38000000
2018-02-23 01:13:38,0.00097350,46.18000000
2018-02-23 01:13:40,0.00097480,37.14000000
2018-02-23 01:13:43,0.00097480,92.88000000
2018-02-23 01:13:51,0.00097400,125.20000000
2018-02-23 01:13:53,0.00097470,8.05000000
2018-02-23 01:13:58,0.00097470,103.13000000
2018-02-23 01:13:58,0.00097480,38.64000000
2018-02-23 01:13:58,0.00097550,215.70000000
2018-02-23 01:14:01,0.00097550,49.60000000
2018-02-23 01:14:01,0.00097600,2.77000000
2018-02-23 01:14:03,0.00097550,140.11000000
2018-02-23 01:14:04,0.00097600,2.24000000
2018-02-23 01:14:04,0.00097610,6.85000000
2018-02-23 01:14:04,0.00097680,85.41000000
2018-02-23 01:14:04,0.00097690,82.33000000
2018-02-23 01:14:04,0.00097740,3.00000000
2018-02-23 01:14:04,0.00097790,211.84000000
2018-02-23 01:14:07,0.00097690,17.01000000
2018-02-23 01:14:16,0.00097750,2.69000000
2018-02-23 01:14:18,0.00097750,84.13000000
2018-02-23 01:14:20,0.00097750,73.26000000
2018-02-23 01:14:20,0.00097790,362.20000000
2018-02-23 01:14:20,0.00097870,1.13000000
2018-02-23 01:14:20,0.00097930,10.25000000
2018-02-23 01:14:20,0.00097990,296.34000000
2018-02-23 01:14:20,0.00098000,1498.83000000
2018-02-23 01:14:20,0.00098000,809.04000000
2018-02-23 01:14:20,0.00098000,3.70000000
2018-02-23 01:14:20,0.00098000,67.00000000
2018-02-23 01:14:20,0.00098000,106.50000000
2018-02-23 01:14:20,0.00098000,96.95000000
2018-02-23 01:14:20,0.00098000,275.23000000
2018-02-23 01:14:20,0.00098000,22.75000000
2018-02-23 01:14:20,0.00098000,100.60000000
2018-02-23 01:14:21,0.00097690,8.87000000
2018-02-23 01:14:21,0.00097650,7.92000000
2018-02-23 01:14:22,0.00097770,2.06000000
2018-02-23 01:14:22,0.00098000,1.53000000
2018-02-23 01:14:23,0.00097880,135.41000000
2018-02-23 01:14:25,0.00097800,50.00000000
2018-02-23 01:14:25,0.00097790,29.53000000
2018-02-23 01:14:25,0.00097840,2.06000000
2018-02-23 01:14:29,0.00097930,10.21000000
2018-02-23 01:14:29,0.00097820,2.06000000
2018-02-23 01:14:31,0.00097770,30.68000000
2018-02-23 01:14:31,0.00097770,30.68000000
2018-02-23 01:14:31,0.00097770,25.73000000
2018-02-23 01:14:33,0.00097770,76.42000000
2018-02-23 01:14:35,0.00097840,26.99000000
2018-02-23 01:14:35,0.00097810,2.06000000
2018-02-23 01:14:35,0.00097770,7.18000000
2018-02-23 01:14:35,0.00097750,49.49000000
2018-02-23 01:14:35,0.00097700,81.39000000
2018-02-23 01:14:36,0.00097700,43.73000000
2018-02-23 01:14:39,0.00097760,50.00000000
2018-02-23 01:14:39,0.00097770,1.13000000
2018-02-23 01:14:39,0.00097840,21.38000000
2018-02-23 01:14:39,0.00097890,15.78000000
2018-02-23 01:14:44,0.00097880,10.00000000
2018-02-23 01:14:44,0.00097740,10.00000000
2018-02-23 01:14:47,0.00097860,2.36000000
2018-02-23 01:14:52,0.00097780,145.39000000
2018-02-23 01:14:53,0.00097770,1.22000000
2018-02-23 01:14:53,0.00097760,48.78000000
2018-02-23 01:14:53,0.00097810,19.00000000
2018-02-23 01:14:53,0.00097860,8.00000000
2018-02-23 01:14:54,0.00097760,66.98000000
2018-02-23 01:14:54,0.00097740,36.68000000
2018-02-23 01:14:54,0.00097860,39.59000000
2018-02-23 01:14:54,0.00097880,20.01000000
2018-02-23 01:14:54,0.00097890,66.40000000
2018-02-23 01:14:57,0.00097800,1.02000000
2018-02-23 01:14:58,0.00097890,0.65000000
2018-02-23 01:14:59,0.00097890,1.30000000
2018-02-23 01:15:00,0.00097890,16.25000000
2018-02-23 01:15:04,0.00097850,37.19000000
2018-02-23 01:15:06,0.00097860,1.75000000
2018-02-23 01:15:06,0.00097820,2.06000000
2018-02-23 01:15:06,0.00097800,43.98000000
2018-02-23 01:15:06,0.00097780,2.06000000
2018-02-23 01:15:06,0.00097770,1.59000000
2018-02-23 01:15:07,0.00097840,2.06000000
2018-02-23 01:15:07,0.00097870,2.06000000
2018-02-23 01:15:07,0.00097890,38.34000000
2018-02-23 01:15:08,0.00097890,2.27000000
2018-02-23 01:15:08,0.00097890,57.42000000
2018-02-23 01:15:08,0.00097770,2.80000000
2018-02-23 01:15:08,0.00097750,95.94000000
2018-02-23 01:15:08,0.00097740,272.50000000
2018-02-23 01:15:08,0.00097720,21.76000000
2018-02-23 01:15:08,0.00097710,28.26000000
2018-02-23 01:15:08,0.00097700,527.03000000
2018-02-23 01:15:08,0.00097690,19.95000000
2018-02-23 01:15:08,0.00097650,18.91000000
2018-02-23 01:15:08,0.00097550,184.46000000
2018-02-23 01:15:08,0.00097900,1.22000000
2018-02-23 01:15:08,0.00097960,2.06000000
2018-02-23 01:15:08,0.00098000,2.51000000
2018-02-23 01:15:09,0.00097740,2.05000000
2018-02-23 01:15:11,0.00097900,43.48000000
2018-02-23 01:15:11,0.00097900,30.62000000
2018-02-23 01:15:11,0.00097900,21.84000000
2018-02-23 01:15:12,0.00097900,2.46000000
2018-02-23 01:15:14,0.00097900,21.84000000
2018-02-23 01:15:14,0.00097900,21.76000000
2018-02-23 01:15:15,0.00097900,71.71000000
2018-02-23 01:15:15,0.00097890,239.29000000
2018-02-23 01:15:15,0.00097990,60.49000000
2018-02-23 01:15:15,0.00097890,44.15000000
2018-02-23 01:15:18,0.00097890,1.25000000
2018-02-23 01:15:19,0.00097900,30.61000000
2018-02-23 01:15:19,0.00097900,43.51000000
2018-02-23 01:15:20,0.00097900,8.46000000
2018-02-23 01:15:22,0.00097930,2.06000000
2018-02-23 01:15:22,0.00097900,22.15000000
2018-02-23 01:15:22,0.00097890,62.04000000
2018-02-23 01:15:23,0.00097890,74.57000000
2018-02-23 01:15:24,0.00097920,155.60000000
2018-02-23 01:15:27,0.00097890,11.41000000
2018-02-23 01:15:30,0.00097900,30.00000000
2018-02-23 01:15:30,0.00097930,22.53000000
2018-02-23 01:15:31,0.00097890,8.05000000
2018-02-23 01:15:32,0.00097890,81.11000000
2018-02-23 01:15:32,0.00097800,539.45000000
2018-02-23 01:15:32,0.00097780,577.78000000
2018-02-23 01:15:32,0.00097780,30.64000000
2018-02-23 01:15:32,0.00097780,14.38000000
2018-02-23 01:15:32,0.00097780,59.88000000
2018-02-23 01:15:32,0.00097930,33.96000000
2018-02-23 01:15:35,0.00097890,4.90000000
2018-02-23 01:15:35,0.00097840,47.40000000
2018-02-23 01:15:36,0.00097800,2.06000000
2018-02-23 01:15:37,0.00097800,10.21000000
2018-02-23 01:15:40,0.00097770,1.22000000
2018-02-23 01:15:42,0.00097750,27.17000000
2018-02-23 01:15:42,0.00097710,53.33000000
2018-02-23 01:15:42,0.00097700,13.55000000
2018-02-23 01:15:43,0.00097750,25.71000000
2018-02-23 01:15:43,0.00097740,23.47000000
2018-02-23 01:15:46,0.00097640,26.66000000
2018-02-23 01:15:47,0.00097740,24.86000000
2018-02-23 01:15:47,0.00097740,5.00000000
2018-02-23 01:15:47,0.00097750,23.85000000
2018-02-23 01:15:47,0.00097640,85.34000000
2018-02-23 01:15:47,0.00097640,18.62000000
2018-02-23 01:15:47,0.00097770,16.81000000
2018-02-23 01:15:49,0.00097770,15.98000000
2018-02-23 01:15:50,0.00097800,18.84000000
2018-02-23 01:15:50,0.00097650,3.26000000
2018-02-23 01:15:50,0.00097630,5.11000000
2018-02-23 01:15:50,0.00097620,143.25000000
2018-02-23 01:15:50,0.00097550,63.43000000
2018-02-23 01:15:50,0.00097510,31.00000000
2018-02-23 01:15:55,0.00097750,18.36000000
2018-02-23 01:15:55,0.00097750,147.44000000
2018-02-23 01:15:56,0.00097840,1.24000000
2018-02-23 01:15:56,0.00097750,4.21000000
2018-02-23 01:16:02,0.00097830,11.75000000
2018-02-23 01:16:04,0.00097830,113.47000000
2018-02-23 01:16:05,0.00097830,1.24000000
2018-02-23 01:16:10,0.00097800,11.00000000
2018-02-23 01:16:10,0.00097800,43.36000000
2018-02-23 01:16:14,0.00097790,4.00000000
2018-02-23 01:16:14,0.00097790,53.61000000
2018-02-23 01:16:14,0.00097790,4.00000000
2018-02-23 01:16:14,0.00097780,2.06000000
2018-02-23 01:16:15,0.00097750,4.00000000
2018-02-23 01:16:17,0.00097750,14.35000000
2018-02-23 01:16:22,0.00097750,5.51000000
2018-02-23 01:16:24,0.00097680,1.24000000
2018-02-23 01:16:24,0.00097680,2.44000000
2018-02-23 01:16:25,0.00097750,30.67000000
2018-02-23 01:16:25,0.00097750,9.36000000
2018-02-23 01:16:25,0.00097750,9.33000000
2018-02-23 01:16:27,0.00097670,4.00000000
2018-02-23 01:16:29,0.00097540,5.04000000
2018-02-23 01:16:29,0.00097540,48.28000000
2018-02-23 01:16:29,0.00097530,52.09000000
2018-02-23 01:16:30,0.00097710,25.19000000
2018-02-23 01:16:30,0.00097710,25.19000000
2018-02-23 01:16:32,0.00097620,176.01000000
2018-02-23 01:16:35,0.00097660,53.32000000
2018-02-23 01:16:35,0.00097670,30.69000000
2018-02-23 01:16:35,0.00097710,1.33000000
2018-02-23 01:16:35,0.00097740,12.14000000
2018-02-23 01:16:36,0.00097740,16.80000000
2018-02-23 01:16:37,0.00097670,30.69000000
2018-02-23 01:16:37,0.00097540,53.32000000
2018-02-23 01:16:37,0.00097530,4.61000000
2018-02-23 01:16:37,0.00097510,30.53000000
2018-02-23 01:16:39,0.00097540,1.77000000
2018-02-23 01:16:39,0.00097530,18.43000000
2018-02-23 01:16:49,0.00097530,50.00000000
2018-02-23 01:16:49,0.00097520,1.71000000
2018-02-23 01:16:51,0.00097640,53.32000000
2018-02-23 01:16:51,0.00097670,12.26000000
2018-02-23 01:16:51,0.00097700,1.71000000
2018-02-23 01:16:51,0.00097720,2.06000000
2018-02-23 01:16:51,0.00097730,35.49000000
2018-02-23 01:16:51,0.00097740,136.42000000
2018-02-23 01:16:51,0.00097750,101.09000000
2018-02-23 01:16:51,0.00097560,2.06000000
2018-02-23 01:16:52,0.00097530,70.20000000
2018-02-23 01:16:53,0.00097530,51.13000000
2018-02-23 01:16:53,0.00097530,16.69000000
2018-02-23 01:16:53,0.00097530,2.00000000
2018-02-23 01:17:01,0.00097530,30.74000000
2018-02-23 01:17:01,0.00097530,30.39000000
2018-02-23 01:17:03,0.00097540,12.47000000
2018-02-23 01:17:07,0.00097530,18.47000000
2018-02-23 01:17:07,0.00097560,2.06000000
2018-02-23 01:17:09,0.00097590,186.22000000
2018-02-23 01:17:14,0.00097620,0.06000000
2018-02-23 01:17:17,0.00097530,23.32000000
2018-02-23 01:17:17,0.00097530,30.74000000
2018-02-23 01:17:17,0.00097530,105.87000000
2018-02-23 01:17:17,0.00097520,29.05000000
2018-02-23 01:17:17,0.00097510,1.68000000
2018-02-23 01:17:19,0.00097510,34.00000000
2018-02-23 01:17:19,0.00097510,0.53000000
2018-02-23 01:17:20,0.00097510,30.73000000
2018-02-23 01:17:20,0.00097510,30.74000000
2018-02-23 01:17:20,0.00097510,11.31000000
2018-02-23 01:17:20,0.00097500,10.99000000
2018-02-23 01:17:21,0.00097540,78.02000000
2018-02-23 01:17:21,0.00097590,8.07000000
2018-02-23 01:17:22,0.00097500,1.59000000
2018-02-23 01:17:22,0.00097500,24.11000000
2018-02-23 01:17:22,0.00097490,1.71000000
2018-02-23 01:17:22,0.00097480,11.18000000
2018-02-23 01:17:23,0.00097500,11.80000000
2018-02-23 01:17:24,0.00097480,9.82000000
2018-02-23 01:17:24,0.00097470,10.57000000
2018-02-23 01:17:24,0.00097430,1.13000000
2018-02-23 01:17:24,0.00097380,6.21000000
2018-02-23 01:17:24,0.00097350,5.12000000
2018-02-23 01:17:24,0.00097320,21.21000000
2018-02-23 01:17:27,0.00097490,8.60000000
2018-02-23 01:17:27,0.00097400,4.40000000
2018-02-23 01:17:27,0.00097500,5.85000000
2018-02-23 01:17:32,0.00097450,8.20000000
2018-02-23 01:17:35,0.00097490,14.09000000
2018-02-23 01:17:36,0.00097450,63.73000000
2018-02-23 01:17:36,0.00097330,24.53000000
2018-02-23 01:17:38,0.00097400,196.20000000
2018-02-23 01:17:41,0.00097340,1.91000000
2018-02-23 01:17:41,0.00097330,5.49000000
2018-02-23 01:17:42,0.00097470,18.73000000
2018-02-23 01:17:42,0.00097450,12.00000000
2018-02-23 01:17:45,0.00097340,87.85000000
2018-02-23 01:17:46,0.00097440,5.80000000
2018-02-23 01:17:46,0.00097450,8.73000000
2018-02-23 01:17:51,0.00097450,39.27000000
2018-02-23 01:17:51,0.00097480,21.79000000
2018-02-23 01:17:51,0.00097490,38.94000000
2018-02-23 01:17:52,0.00097410,8.40000000
2018-02-23 01:17:52,0.00097410,79.60000000
2018-02-23 01:17:53,0.00097360,2.02000000
2018-02-23 01:17:53,0.00097350,90.31000000
2018-02-23 01:17:53,0.00097340,23.74000000
2018-02-23 01:17:53,0.00097330,5.06000000
2018-02-23 01:17:53,0.00097320,52.04000000
2018-02-23 01:17:55,0.00097400,2.06000000
2018-02-23 01:17:55,0.00097410,5.76000000
2018-02-23 01:17:57,0.00097320,0.31000000
2018-02-23 01:17:57,0.00097300,3.68000000
2018-02-23 01:17:57,0.00097280,36.00000000
2018-02-23 01:17:58,0.00097300,63.00000000
2018-02-23 01:17:58,0.00097300,4.21000000
2018-02-23 01:17:58,0.00097300,57.83000000
2018-02-23 01:17:58,0.00097350,4.21000000
2018-02-23 01:17:59,0.00097340,57.00000000
2018-02-23 01:17:59,0.00097350,37.95000000
2018-02-23 01:17:59,0.00097350,123.24000000
2018-02-23 01:17:59,0.00097350,34.60000000
2018-02-23 01:18:11,0.00097410,1.42000000
2018-02-23 01:18:12,0.00097350,2.39000000
2018-02-23 01:18:12,0.00097370,206.40000000
2018-02-23 01:18:15,0.00097350,12.16000000
2018-02-23 01:18:16,0.00097350,0.06000000
2018-02-23 01:18:22,0.00097410,39.11000000
2018-02-23 01:18:24,0.00097490,4.16000000
2018-02-23 01:18:29,0.00097510,5.15000000
2018-02-23 01:18:29,0.00097580,95.93000000
2018-02-23 01:18:29,0.00097590,22.26000000
2018-02-23 01:18:29,0.00097620,2.00000000
2018-02-23 01:18:29,0.00097640,2.06000000
2018-02-23 01:18:29,0.00097640,1.36000000
2018-02-23 01:18:29,0.00097640,3.13000000
2018-02-23 01:18:29,0.00097640,30.72000000
2018-02-23 01:18:29,0.00097640,5.38000000
2018-02-23 01:18:29,0.00097640,30.72000000
2018-02-23 01:18:29,0.00097640,164.22000000
2018-02-23 01:18:29,0.00097640,1.53000000
2018-02-23 01:18:30,0.00097640,329.69000000
2018-02-23 01:18:31,0.00097500,31.53000000
2018-02-23 01:18:31,0.00097640,5.12000000
2018-02-23 01:18:31,0.00097640,7.73000000
2018-02-23 01:18:34,0.00097640,49.59000000
2018-02-23 01:18:36,0.00097560,2.06000000
2018-02-23 01:18:36,0.00097530,2.06000000
2018-02-23 01:18:37,0.00097620,4.12000000
2018-02-23 01:18:37,0.00097640,8.00000000
2018-02-23 01:18:40,0.00097640,5.16000000
2018-02-23 01:18:41,0.00097620,7.00000000
2018-02-23 01:18:41,0.00097590,2.06000000
2018-02-23 01:18:41,0.00097510,2.06000000
2018-02-23 01:18:45,0.00097540,216.61000000
2018-02-23 01:18:45,0.00097590,3.87000000
2018-02-23 01:18:48,0.00097590,18.37000000
2018-02-23 01:18:48,0.00097620,88.65000000
2018-02-23 01:18:48,0.00097640,37.54000000
2018-02-23 01:18:49,0.00097530,2.06000000
2018-02-23 01:18:49,0.00097560,2.06000000
2018-02-23 01:18:49,0.00097500,147.77000000
2018-02-23 01:18:49,0.00097500,20.32000000
2018-02-23 01:18:49,0.00097500,2.06000000
2018-02-23 01:18:50,0.00097570,2.06000000
2018-02-23 01:18:50,0.00097590,25.00000000
2018-02-23 01:18:50,0.00097620,2.06000000
2018-02-23 01:18:50,0.00097640,18.84000000
2018-02-23 01:18:50,0.00097590,30.74000000
2018-02-23 01:18:50,0.00097590,36.60000000
2018-02-23 01:18:50,0.00097590,21.39000000
2018-02-23 01:18:50,0.00097500,9.35000000
2018-02-23 01:18:51,0.00097500,25.77000000
2018-02-23 01:18:53,0.00097600,3.00000000
2018-02-23 01:18:54,0.00097600,11.71000000
2018-02-23 01:18:54,0.00097640,133.84000000
2018-02-23 01:18:54,0.00097650,52.31000000
2018-02-23 01:18:54,0.00097660,39.23000000
2018-02-23 01:18:54,0.00097670,58.85000000
2018-02-23 01:18:54,0.00097680,29.42000000
2018-02-23 01:18:54,0.00097690,54.13000000
2018-02-23 01:18:54,0.00097690,27.64000000
2018-02-23 01:18:54,0.00097690,27.60000000
2018-02-23 01:18:54,0.00097690,5.38000000
2018-02-23 01:18:54,0.00097700,0.02000000
2018-02-23 01:18:56,0.00097690,121.02000000
2018-02-23 01:19:01,0.00097700,23.19000000
2018-02-23 01:19:01,0.00097700,30.04000000
2018-02-23 01:19:02,0.00097690,13.76000000
2018-02-23 01:19:02,0.00097690,109.75000000
2018-02-23 01:19:02,0.00097700,61.24000000
2018-02-23 01:19:02,0.00097710,92.44000000
2018-02-23 01:19:02,0.00097710,400.00000000
2018-02-23 01:19:04,0.00097710,14.93000000
2018-02-23 01:19:04,0.00097730,32.70000000
2018-02-23 01:19:04,0.00097800,24.53000000
2018-02-23 01:19:04,0.00097800,1812.62000000
2018-02-23 01:19:07,0.00097800,24.53000000
2018-02-23 01:19:07,0.00097710,11.59000000
2018-02-23 01:19:07,0.00097830,2.06000000
2018-02-23 01:19:08,0.00097800,8.07000000
2018-02-23 01:19:08,0.00097880,2.06000000
2018-02-23 01:19:08,0.00097930,90.80000000
2018-02-23 01:19:09,0.00097930,82.46000000
2018-02-23 01:19:11,0.00097930,10.21000000
2018-02-23 01:19:11,0.00097930,20.51000000
2018-02-23 01:19:13,0.00097800,7.92000000
2018-02-23 01:19:13,0.00097800,20.69000000
2018-02-23 01:19:15,0.00097930,33.21000000
2018-02-23 01:19:16,0.00097930,9.38000000
2018-02-23 01:19:17,0.00097830,2.06000000
2018-02-23 01:19:17,0.00097800,41.12000000
2018-02-23 01:19:17,0.00097790,1.09000000
2018-02-23 01:19:17,0.00097800,5.94000000
2018-02-23 01:19:18,0.00097790,5.33000000
2018-02-23 01:19:19,0.00097780,30.68000000
2018-02-23 01:19:19,0.00097770,2.06000000
2018-02-23 01:19:19,0.00097730,33.87000000
2018-02-23 01:19:20,0.00097790,6.26000000
2018-02-23 01:19:21,0.00097790,7.61000000
2018-02-23 01:19:23,0.00097790,7.61000000
2018-02-23 01:19:23,0.00097790,1.74000000
2018-02-23 01:19:23,0.00097790,30.67000000
2018-02-23 01:19:23,0.00097790,30.67000000
2018-02-23 01:19:23,0.00097790,7.11000000
2018-02-23 01:19:27,0.00097730,30.00000000
2018-02-23 01:19:30,0.00097800,0.45000000
2018-02-23 01:19:30,0.00097870,30.68000000
2018-02-23 01:19:30,0.00097910,41.29000000
2018-02-23 01:19:30,0.00097920,25.00000000
2018-02-23 01:19:30,0.00097930,332.39000000
2018-02-23 01:19:31,0.00097750,30.69000000
2018-02-23 01:19:31,0.00097760,30.68000000
2018-02-23 01:19:31,0.00097750,19.30000000
2018-02-23 01:19:31,0.00097930,0.06000000
2018-02-23 01:19:31,0.00097760,31.68000000
2018-02-23 01:19:32,0.00097760,5.92000000
2018-02-23 01:19:32,0.00097760,15.68000000
2018-02-23 01:19:32,0.00097730,15.00000000
2018-02-23 01:19:32,0.00097840,118.62000000
2018-02-23 01:19:34,0.00097910,53.28000000
2018-02-23 01:19:34,0.00097920,49.99000000
2018-02-23 01:19:34,0.00097930,67.15000000
2018-02-23 01:19:34,0.00097930,100.40000000
2018-02-23 01:19:34,0.00097940,30.68000000
2018-02-23 01:19:34,0.00097960,268.92000000
2018-02-23 01:19:34,0.00097800,28.62000000
2018-02-23 01:19:39,0.00097900,94.05000000
2018-02-23 01:19:41,0.00097810,4.90000000
2018-02-23 01:19:45,0.00097830,2.06000000
2018-02-23 01:19:45,0.00097810,111.94000000
2018-02-23 01:19:48,0.00097840,10.43000000
2018-02-23 01:19:48,0.00097830,2.06000000
2018-02-23 01:19:48,0.00097810,1.12000000
2018-02-23 01:19:48,0.00097800,84.82000000
2018-02-23 01:19:50,0.00097860,2.06000000
2018-02-23 01:19:50,0.00097880,2.06000000
2018-02-23 01:19:51,0.00097880,1.00000000
2018-02-23 01:19:51,0.00097880,76.76000000
2018-02-23 01:19:51,0.00097790,8.49000000
2018-02-23 01:19:51,0.00097730,24.75000000
2018-02-23 01:19:55,0.00097880,16.44000000
2018-02-23 01:19:56,0.00097740,53.28000000
2018-02-23 01:19:56,0.00097740,495.50000000
2018-02-23 01:19:57,0.00097730,51.52000000
2018-02-23 01:19:57,0.00097730,1.76000000
2018-02-23 01:19:57,0.00097740,3.24000000
2018-02-23 01:19:57,0.00097720,25.05000000
2018-02-23 01:19:57,0.00097530,47.09000000
2018-02-23 01:20:00,0.00097700,25.23000000
2018-02-23 01:20:00,0.00097700,21.86000000
2018-02-23 01:20:00,0.00097710,14.23000000
2018-02-23 01:20:00,0.00097720,11.70000000
2018-02-23 01:20:02,0.00097720,44.04000000
2018-02-23 01:20:03,0.00097720,2.00000000
2018-02-23 01:20:05,0.00097720,3.36000000
2018-02-23 01:20:06,0.00097720,42.11000000
2018-02-23 01:20:07,0.00097720,6.85000000
2018-02-23 01:20:08,0.00097720,11.66000000
2018-02-23 01:20:08,0.00097720,49.61000000
2018-02-23 01:20:08,0.00097720,3.67000000
2018-02-23 01:20:08,0.00097730,46.12000000
2018-02-23 01:20:08,0.00097740,329.20000000
2018-02-23 01:20:08,0.00097800,20.98000000
2018-02-23 01:20:08,0.00097890,5.09000000
2018-02-23 01:20:08,0.00097900,107.95000000
2018-02-23 01:20:08,0.00097900,8.38000000
2018-02-23 01:20:08,0.00097900,8.42000000
2018-02-23 01:20:09,0.00097900,30.64000000
2018-02-23 01:20:09,0.00097920,28.14000000
2018-02-23 01:20:09,0.00097920,100.69000000
2018-02-23 01:20:09,0.00097900,30.63000000
2018-02-23 01:20:09,0.00097900,41.37000000
2018-02-23 01:20:10,0.00097900,72.82000000
2018-02-23 01:20:10,0.00097900,21.79000000
2018-02-23 01:20:11,0.00097900,97.40000000
2018-02-23 01:20:11,0.00097920,28.14000000
2018-02-23 01:20:11,0.00097950,28.49000000
2018-02-23 01:20:11,0.00097960,624.43000000
2018-02-23 01:20:11,0.00098000,851.61000000
2018-02-23 01:20:12,0.00097900,51.54000000
2018-02-23 01:20:13,0.00097930,2.06000000
2018-02-23 01:20:13,0.00097900,56.37000000
2018-02-23 01:20:13,0.00097980,2.06000000
2018-02-23 01:20:13,0.00098000,14.94000000
2018-02-23 01:20:13,0.00097900,3.79000000
2018-02-23 01:20:14,0.00097910,3.96000000
2018-02-23 01:20:14,0.00098000,389.62000000
2018-02-23 01:20:14,0.00098000,29.12000000
2018-02-23 01:20:14,0.00098000,21.37000000
2018-02-23 01:20:14,0.00098000,21.37000000
2018-02-23 01:20:14,0.00098000,2.42000000
2018-02-23 01:20:14,0.00098000,21.33000000
2018-02-23 01:20:14,0.00098010,30.61000000
2018-02-23 01:20:14,0.00098010,24.79000000
2018-02-23 01:20:14,0.00098010,30.60000000
2018-02-23 01:20:14,0.00098010,30.60000000
2018-02-23 01:20:14,0.00098010,30.60000000
2018-02-23 01:20:14,0.00098010,380.79000000
2018-02-23 01:20:14,0.00098000,30.60000000
2018-02-23 01:20:14,0.00098000,70.69000000
2018-02-23 01:20:14,0.00098000,30.61000000
2018-02-23 01:20:14,0.00098000,4.22000000
2018-02-23 01:20:15,0.00098000,30.60000000
2018-02-23 01:20:15,0.00098060,8.13000000
2018-02-23 01:20:15,0.00098060,48.09000000
2018-02-23 01:20:16,0.00098060,97.41000000
2018-02-23 01:20:18,0.00098070,3.96000000
2018-02-23 01:20:18,0.00098100,2.00000000
2018-02-23 01:20:18,0.00098110,11.04000000
2018-02-23 01:20:19,0.00098110,27.96000000
2018-02-23 01:20:19,0.00098130,2.22000000
2018-02-23 01:20:19,0.00098140,16.89000000
2018-02-23 01:20:19,0.00098150,119.78000000
2018-02-23 01:20:19,0.00098160,399.88000000
2018-02-23 01:20:19,0.00098170,4.99000000
2018-02-23 01:20:19,0.00098180,1281.38000000
2018-02-23 01:20:19,0.00098100,25.14000000
2018-02-23 01:20:19,0.00098130,2.04000000
2018-02-23 01:20:20,0.00098100,30.58000000
2018-02-23 01:20:20,0.00098100,19.56000000
2018-02-23 01:20:20,0.00098160,2.04000000
2018-02-23 01:20:20,0.00098180,0.33000000
2018-02-23 01:20:20,0.00098090,11.02000000
2018-02-23 01:20:20,0.00098090,19.55000000
2018-02-23 01:20:22,0.00098130,20.41000000
2018-02-23 01:20:23,0.00098180,13.65000000
2018-02-23 01:20:24,0.00098170,651.95000000
2018-02-23 01:20:24,0.00098180,373.56000000
2018-02-23 01:20:26,0.00098130,20.00000000
2018-02-23 01:20:26,0.00098160,2.04000000
2018-02-23 01:20:26,0.00098180,297.96000000
2018-02-23 01:20:26,0.00098180,209.78000000
2018-02-23 01:20:26,0.00098130,5.01000000
2018-02-23 01:20:27,0.00098180,60.19000000
2018-02-23 01:20:27,0.00098150,30.56000000
2018-02-23 01:20:27,0.00098150,30.56000000
2018-02-23 01:20:27,0.00098150,30.56000000
2018-02-23 01:20:27,0.00098150,30.56000000
2018-02-23 01:20:27,0.00098150,30.56000000
2018-02-23 01:20:27,0.00098150,30.56000000
2018-02-23 01:20:27,0.00098150,30.56000000
2018-02-23 01:20:28,0.00098180,377.09000000
2018-02-23 01:20:28,0.00098190,1712.94000000
2018-02-23 01:20:28,0.00098160,30.56000000
2018-02-23 01:20:28,0.00098160,30.56000000
2018-02-23 01:20:28,0.00098160,30.55000000
2018-02-23 01:20:28,0.00098160,8.33000000
2018-02-23 01:20:29,0.00098130,26.42000000
2018-02-23 01:20:29,0.00098170,5.00000000
2018-02-23 01:20:29,0.00098190,60.78000000
2018-02-23 01:20:29,0.00098100,26.42000000
2018-02-23 01:20:29,0.00098190,555.36000000
2018-02-23 01:20:29,0.00098130,30.57000000
2018-02-23 01:20:29,0.00098130,9.91000000
2018-02-23 01:20:29,0.00098100,20.41000000
2018-02-23 01:20:29,0.00098150,19.68000000
2018-02-23 01:20:29,0.00098190,284.86000000
2018-02-23 01:20:29,0.00098200,371.38000000
2018-02-23 01:20:30,0.00098200,338.30000000
2018-02-23 01:20:30,0.00098200,30.54000000
2018-02-23 01:20:30,0.00098200,30.54000000
2018-02-23 01:20:30,0.00098200,30.54000000
2018-02-23 01:20:30,0.00098200,144.95000000
2018-02-23 01:20:30,0.00098200,97.58000000
2018-02-23 01:20:30,0.00098200,16.73000000
2018-02-23 01:20:30,0.00098210,71.07000000
2018-02-23 01:20:30,0.00098220,17.29000000
2018-02-23 01:20:30,0.00098230,3.67000000
2018-02-23 01:20:30,0.00098230,30.54000000
2018-02-23 01:20:30,0.00098230,3.91000000
2018-02-23 01:20:30,0.00098230,23.94000000
2018-02-23 01:20:31,0.00098230,33.20000000
2018-02-23 01:20:31,0.00098230,6.15000000
2018-02-23 01:20:31,0.00098240,46.83000000
2018-02-23 01:20:31,0.00098250,6.41000000
2018-02-23 01:20:33,0.00098250,28.43000000
2018-02-23 01:20:33,0.00098280,65.87000000
2018-02-23 01:20:33,0.00098230,0.34000000
2018-02-23 01:20:33,0.00098280,146.57000000
2018-02-23 01:20:33,0.00098290,285.60000000
2018-02-23 01:20:33,0.00098300,8.79000000
2018-02-23 01:20:33,0.00098300,2.00000000
2018-02-23 01:20:33,0.00098300,1.10000000
2018-02-23 01:20:34,0.00098310,30.50000000
2018-02-23 01:20:34,0.00098310,30.51000000
2018-02-23 01:20:34,0.00098310,7.70000000
2018-02-23 01:20:34,0.00098310,26.57000000
2018-02-23 01:20:35,0.00098300,18.68000000
2018-02-23 01:20:35,0.00098320,5.43000000
2018-02-23 01:20:35,0.00098350,5.00000000
2018-02-23 01:20:35,0.00098360,10.04000000
2018-02-23 01:20:35,0.00098370,8.37000000
2018-02-23 01:20:35,0.00098370,5.00000000
2018-02-23 01:20:35,0.00098300,14.38000000
2018-02-23 01:20:35,0.00098300,66.89000000
2018-02-23 01:20:35,0.00098300,2.45000000
2018-02-23 01:20:35,0.00098370,92.07000000
2018-02-23 01:20:35,0.00098390,138.76000000
2018-02-23 01:20:35,0.00098400,539.40000000
2018-02-23 01:20:35,0.00098430,1.92000000
2018-02-23 01:20:35,0.00098450,4.00000000
2018-02-23 01:20:35,0.00098460,55.74000000
2018-02-23 01:20:35,0.00098470,84.33000000
2018-02-23 01:20:35,0.00098470,8.33000000
2018-02-23 01:20:35,0.00098480,8.49000000
2018-02-23 01:20:35,0.00098490,29.62000000
2018-02-23 01:20:36,0.00098490,54.63000000
2018-02-23 01:20:36,0.00098490,220.71000000
2018-02-23 01:20:36,0.00098320,2.04000000
2018-02-23 01:20:36,0.00098310,53.03000000
2018-02-23 01:20:36,0.00098300,10.93000000
2018-02-23 01:20:36,0.00098300,30.51000000
2018-02-23 01:20:38,0.00098460,53.03000000
2018-02-23 01:20:38,0.00098470,2.04000000
2018-02-23 01:20:38,0.00098500,83.57000000
2018-02-23 01:20:38,0.00098400,68.25000000
2018-02-23 01:20:39,0.00098400,81.85000000
2018-02-23 01:20:39,0.00098400,473.51000000
2018-02-23 01:20:39,0.00098500,223.84000000
2018-02-23 01:20:39,0.00098320,30.51000000
2018-02-23 01:20:39,0.00098300,24.49000000
2018-02-23 01:20:39,0.00098420,2.04000000
2018-02-23 01:20:40,0.00098390,0.05000000
2018-02-23 01:20:40,0.00098390,100.00000000
2018-02-23 01:20:40,0.00098350,138.81000000
2018-02-23 01:20:40,0.00098390,275.00000000
2018-02-23 01:20:40,0.00098390,111.22000000
2018-02-23 01:20:41,0.00098330,50.00000000
2018-02-23 01:20:42,0.00098390,41.71000000
2018-02-23 01:20:42,0.00098470,30.51000000
2018-02-23 01:20:42,0.00098480,0.77000000
2018-02-23 01:20:42,0.00098320,2.56000000
2018-02-23 01:20:42,0.00098470,9.00000000
2018-02-23 01:20:43,0.00098480,24.29000000
2018-02-23 01:20:44,0.00098470,41.00000000
2018-02-23 01:20:44,0.00098480,27.64000000
2018-02-23 01:20:44,0.00098450,56.52000000
2018-02-23 01:20:45,0.00098390,10.20000000
2018-02-23 01:20:46,0.00098400,2.00000000
2018-02-23 01:20:46,0.00098420,24.38000000
2018-02-23 01:20:46,0.00098420,4.00000000
2018-02-23 01:20:46,0.00098390,1.24000000
2018-02-23 01:20:46,0.00098390,32.88000000
2018-02-23 01:20:48,0.00098420,0.58000000
2018-02-23 01:20:48,0.00098390,5.16000000
2018-02-23 01:20:48,0.00098390,82.35000000
2018-02-23 01:20:48,0.00098390,2.00000000
2018-02-23 01:20:49,0.00098420,128.89000000
2018-02-23 01:20:49,0.00098470,123.05000000
2018-02-23 01:20:50,0.00098420,20.00000000
2018-02-23 01:20:50,0.00098450,100.28000000
2018-02-23 01:20:50,0.00098410,2.04000000
2018-02-23 01:20:50,0.00098390,192.48000000
2018-02-23 01:20:51,0.00098400,87.26000000
2018-02-23 01:20:51,0.00098400,7.80000000
2018-02-23 01:20:52,0.00098390,2.06000000
2018-02-23 01:20:52,0.00098450,2.04000000
2018-02-23 01:20:52,0.00098470,17.62000000
2018-02-23 01:20:52,0.00098390,85.74000000
2018-02-23 01:20:52,0.00098350,2.04000000
2018-02-23 01:20:53,0.00098320,2.00000000
2018-02-23 01:20:54,0.00098450,2.04000000
2018-02-23 01:20:54,0.00098450,3.21000000
2018-02-23 01:20:54,0.00098390,2.54000000
2018-02-23 01:20:54,0.00098390,19.57000000
2018-02-23 01:20:54,0.00098450,78.21000000
2018-02-23 01:20:54,0.00098340,2.04000000
2018-02-23 01:20:54,0.00098320,25.95000000
2018-02-23 01:20:54,0.00098310,5.07000000
2018-02-23 01:20:55,0.00098300,6.54000000
2018-02-23 01:20:55,0.00098300,53.03000000
2018-02-23 01:20:56,0.00098290,4.83000000
2018-02-23 01:20:56,0.00098240,30.62000000
2018-02-23 01:20:57,0.00098280,48.20000000
2018-02-23 01:20:57,0.00098300,9.52000000
2018-02-23 01:20:57,0.00098350,27.95000000
2018-02-23 01:20:57,0.00098420,6.02000000
2018-02-23 01:20:57,0.00098430,2.04000000
2018-02-23 01:20:57,0.00098460,34.04000000
2018-02-23 01:20:58,0.00098300,2.00000000
2018-02-23 01:20:58,0.00098450,10.55000000
2018-02-23 01:20:58,0.00098460,61.02000000
2018-02-23 01:20:58,0.00098470,30.73000000
2018-02-23 01:20:58,0.00098480,23.41000000
2018-02-23 01:20:58,0.00098250,24.91000000
2018-02-23 01:20:58,0.00098470,2.56000000
2018-02-23 01:20:58,0.00098480,2.67000000
2018-02-23 01:20:58,0.00098400,3.00000000
2018-02-23 01:20:58,0.00098250,0.49000000
2018-02-23 01:20:58,0.00098240,2.04000000
2018-02-23 01:20:58,0.00098220,152.00000000
2018-02-23 01:20:58,0.00098210,60.29000000
2018-02-23 01:20:58,0.00098200,700.76000000
2018-02-23 01:20:59,0.00098280,2.04000000
2018-02-23 01:20:59,0.00098480,391.53000000
2018-02-23 01:20:59,0.00098200,91.92000000
2018-02-23 01:20:59,0.00098190,5.09000000
2018-02-23 01:20:59,0.00098150,5.00000000
2018-02-23 01:20:59,0.00098050,208.40000000
2018-02-23 01:20:59,0.00098010,2.55000000
2018-02-23 01:20:59,0.00097990,12.83000000
2018-02-23 01:20:59,0.00097920,3.64000000
2018-02-23 01:20:59,0.00097720,5.34000000
2018-02-23 01:20:59,0.00097680,5.09000000
2018-02-23 01:20:59,0.00097640,10.24000000
2018-02-23 01:20:59,0.00097600,80.24000000
2018-02-23 01:20:59,0.00097560,102.50000000
2018-02-23 01:20:59,0.00097510,5.13000000
2018-02-23 01:20:59,0.00097500,751.02000000
2018-02-23 01:20:59,0.00098000,95.05000000
2018-02-23 01:20:59,0.00098000,135.27000000
2018-02-23 01:20:59,0.00098480,46.71000000
2018-02-23 01:21:00,0.00098250,26.03000000
2018-02-23 01:21:01,0.00098240,25.40000000
2018-02-23 01:21:01,0.00098250,25.40000000
2018-02-23 01:21:01,0.00098250,70.00000000
2018-02-23 01:21:01,0.00098250,25.40000000
2018-02-23 01:21:01,0.00098250,30.48000000
2018-02-23 01:21:01,0.00098230,5.00000000
2018-02-23 01:21:01,0.00098230,90.05000000
2018-02-23 01:21:01,0.00098250,98.03000000
2018-02-23 01:21:01,0.00098480,249.92000000
2018-02-23 01:21:03,0.00098210,3.64000000
2018-02-23 01:21:03,0.00098300,2.00000000
2018-02-23 01:21:03,0.00098390,9.68000000
2018-02-23 01:21:04,0.00098030,10.24000000
2018-02-23 01:21:04,0.00098380,25.40000000
2018-02-23 01:21:04,0.00098390,21.08000000
2018-02-23 01:21:04,0.00098470,99.21000000
2018-02-23 01:21:04,0.00098480,106.52000000
2018-02-23 01:21:04,0.00098400,149.39000000
2018-02-23 01:21:05,0.00098410,19.76000000
2018-02-23 01:21:05,0.00098410,5.13000000
2018-02-23 01:21:05,0.00098410,70.40000000
2018-02-23 01:21:06,0.00098480,308.76000000
2018-02-23 01:21:06,0.00098480,10.42000000
2018-02-23 01:21:06,0.00098480,8.36000000
2018-02-23 01:21:07,0.00098400,10.43000000
2018-02-23 01:21:07,0.00098400,10.42000000
2018-02-23 01:21:08,0.00098400,10.42000000
2018-02-23 01:21:09,0.00098400,18.59000000
2018-02-23 01:21:09,0.00098410,34.94000000
2018-02-23 01:21:09,0.00098400,1208.70000000
2018-02-23 01:21:09,0.00098210,61.83000000
2018-02-23 01:21:09,0.00098050,15.29000000
2018-02-23 01:21:09,0.00098030,30.60000000
2018-02-23 01:21:09,0.00098010,53.03000000
2018-02-23 01:21:09,0.00098000,401.74000000
2018-02-23 01:21:09,0.00097920,12.25000000
2018-02-23 01:21:09,0.00097790,4.79000000
2018-02-23 01:21:09,0.00097740,15.34000000
2018-02-23 01:21:09,0.00097700,61.53000000
2018-02-23 01:21:09,0.00097650,41.02000000
2018-02-23 01:21:09,0.00097620,500.00000000
2018-02-23 01:21:09,0.00097530,4.26000000
2018-02-23 01:21:09,0.00097500,977.57000000
2018-02-23 01:21:09,0.00097410,71.86000000
2018-02-23 01:21:09,0.00097360,1.34000000
2018-02-23 01:21:09,0.00097350,13.27000000
2018-02-23 01:21:09,0.00097340,70.07000000
2018-02-23 01:21:09,0.00097330,14.37000000
2018-02-23 01:21:09,0.00097300,195.76000000
2018-02-23 01:21:10,0.00097840,3.00000000
2018-02-23 01:21:10,0.00097830,30.52000000
2018-02-23 01:21:10,0.00097830,0.08000000
2018-02-23 01:21:10,0.00097940,30.53000000
2018-02-23 01:21:10,0.00097940,44.19000000
2018-02-23 01:21:10,0.00097940,74.30000000
2018-02-23 01:21:11,0.00098290,59.34000000
2018-02-23 01:21:11,0.00097940,53.03000000
2018-02-23 01:21:11,0.00098290,34.80000000
2018-02-23 01:21:11,0.00098300,17.26000000
2018-02-23 01:21:11,0.00098450,71.35000000
2018-02-23 01:21:11,0.00097950,0.03000000
2018-02-23 01:21:12,0.00098000,3.64000000
2018-02-23 01:21:12,0.00097950,1.68000000
2018-02-23 01:21:12,0.00097940,95.99000000
2018-02-23 01:21:12,0.00097940,27.86000000
2018-02-23 01:21:12,0.00097940,62.48000000
2018-02-23 01:21:12,0.00097940,62.00000000
2018-02-23 01:21:12,0.00097940,62.44000000
2018-02-23 01:21:12,0.00097940,30.56000000
2018-02-23 01:21:12,0.00097940,13.91000000
2018-02-23 01:21:12,0.00097940,62.43000000
2018-02-23 01:21:12,0.00097940,30.59000000
2018-02-23 01:21:12,0.00097940,46.42000000
2018-02-23 01:21:12,0.00098450,23.94000000
2018-02-23 01:21:12,0.00098460,1.06000000
2018-02-23 01:21:13,0.00097970,30.62000000
2018-02-23 01:21:13,0.00097960,6.61000000
2018-02-23 01:21:13,0.00097790,1.77000000
2018-02-23 01:21:13,0.00098280,15.13000000
2018-02-23 01:21:13,0.00097980,50.00000000
2018-02-23 01:21:13,0.00097800,6.61000000
2018-02-23 01:21:13,0.00097800,15.25000000
2018-02-23 01:21:14,0.00098250,30.62000000
2018-02-23 01:21:14,0.00098260,4.09000000
2018-02-23 01:21:14,0.00098010,15.30000000
2018-02-23 01:21:14,0.00097980,67.29000000
2018-02-23 01:21:14,0.00097790,6.31000000
2018-02-23 01:21:14,0.00097780,10.84000000
2018-02-23 01:21:14,0.00097750,12.95000000
2018-02-23 01:21:16,0.00098210,59.64000000
2018-02-23 01:21:16,0.00098220,15.30000000
2018-02-23 01:21:16,0.00098250,45.91000000
2018-02-23 01:21:16,0.00098250,49.18000000
2018-02-23 01:21:16,0.00098250,0.01000000
2018-02-23 01:21:16,0.00097810,48.99000000
2018-02-23 01:21:16,0.00097810,49.19000000
2018-02-23 01:21:16,0.00097820,30.53000000
2018-02-23 01:21:21,0.00097890,56.35000000
2018-02-23 01:21:21,0.00097890,10.41000000
2018-02-23 01:21:22,0.00097890,39.07000000
2018-02-23 01:21:22,0.00097880,53.03000000
2018-02-23 01:21:22,0.00097870,7.90000000
2018-02-23 01:21:22,0.00097870,27.86000000
2018-02-23 01:21:25,0.00097900,31.15000000
2018-02-23 01:21:27,0.00097950,17.34000000
2018-02-23 01:21:27,0.00097950,25.40000000
2018-02-23 01:21:28,0.00097940,25.60000000
2018-02-23 01:21:28,0.00097900,14.00000000
2018-02-23 01:21:29,0.00097900,62.43000000
2018-02-23 01:21:30,0.00097900,82.54000000
2018-02-23 01:21:31,0.00097900,27.43000000
2018-02-23 01:21:32,0.00097900,4.83000000
2018-02-23 01:21:32,0.00097900,13.00000000
2018-02-23 01:21:32,0.00097910,39.00000000
2018-02-23 01:21:32,0.00097910,5.04000000
2018-02-23 01:21:34,0.00097910,24.23000000
2018-02-23 01:21:34,0.00097930,34.15000000
2018-02-23 01:21:36,0.00097970,1.71000000
2018-02-23 01:21:36,0.00098000,35.01000000
2018-02-23 01:21:36,0.00098040,31.87000000
2018-02-23 01:21:36,0.00098200,4.94000000
2018-02-23 01:21:36,0.00097910,3.00000000
2018-02-23 01:21:39,0.00097980,41.64000000
2018-02-23 01:21:39,0.00097980,19.83000000
2018-02-23 01:21:41,0.00098130,18.32000000
2018-02-23 01:21:43,0.00098130,0.72000000
2018-02-23 01:21:43,0.00098130,6.07000000
2018-02-23 01:21:44,0.00098060,10.21000000
2018-02-23 01:21:44,0.00098060,149.02000000
2018-02-23 01:21:44,0.00098020,2.06000000
2018-02-23 01:21:45,0.00098000,2.06000000
2018-02-23 01:21:45,0.00098050,19.83000000
2018-02-23 01:21:45,0.00098060,10.21000000
2018-02-23 01:21:45,0.00098110,3.00000000
2018-02-23 01:21:45,0.00098000,2.06000000
2018-02-23 01:21:45,0.00098110,1.12000000
2018-02-23 01:21:45,0.00098130,40.64000000
2018-02-23 01:21:49,0.00098000,10.57000000
2018-02-23 01:21:49,0.00098000,1.03000000
2018-02-23 01:21:49,0.00098000,26.61000000
2018-02-23 01:21:51,0.00097980,3.00000000
2018-02-23 01:21:51,0.00097990,0.54000000
2018-02-23 01:21:51,0.00097990,57.49000000
2018-02-23 01:21:51,0.00098000,88.59000000
2018-02-23 01:21:53,0.00098000,10.60000000
2018-02-23 01:21:53,0.00097990,40.99000000
2018-02-23 01:21:53,0.00098000,7.71000000
2018-02-23 01:21:56,0.00097960,51.03000000
2018-02-23 01:21:58,0.00098000,153.08000000
2018-02-23 01:21:58,0.00098100,6.91000000
2018-02-23 01:21:59,0.00098000,4.95000000
2018-02-23 01:21:59,0.00097960,0.05000000
2018-02-23 01:21:59,0.00098020,2.06000000
2018-02-23 01:22:01,0.00098000,6.54000000
2018-02-23 01:22:01,0.00098070,2.06000000
2018-02-23 01:22:01,0.00098100,6.09000000
2018-02-23 01:22:01,0.00098130,279.16000000
2018-02-23 01:22:02,0.00098000,5.00000000
2018-02-23 01:22:03,0.00098130,101.00000000
2018-02-23 01:22:03,0.00098130,16.90000000
2018-02-23 01:22:03,0.00098150,35.77000000
2018-02-23 01:22:03,0.00098240,68.56000000
2018-02-23 01:22:03,0.00098250,184.95000000
2018-02-23 01:22:03,0.00098260,45.00000000
2018-02-23 01:22:03,0.00098330,68.00000000
2018-02-23 01:22:03,0.00098370,9.81000000
2018-02-23 01:22:03,0.00098390,64.85000000
2018-02-23 01:22:03,0.00098400,488.21000000
2018-02-23 01:22:03,0.00098400,97.02000000
2018-02-23 01:22:03,0.00098400,344.77000000
2018-02-23 01:22:03,0.00098140,88.48000000
2018-02-23 01:22:04,0.00098370,24.00000000
2018-02-23 01:22:05,0.00098150,97.00000000
2018-02-23 01:22:05,0.00098140,65.89000000
2018-02-23 01:22:05,0.00098130,137.11000000
2018-02-23 01:22:05,0.00098140,28.17000000
2018-02-23 01:22:07,0.00098140,2.39000000
2018-02-23 01:22:07,0.00098130,59.14000000
2018-02-23 01:22:07,0.00098000,22.64000000
2018-02-23 01:22:10,0.00098040,169.43000000
2018-02-23 01:22:10,0.00098100,28.17000000
2018-02-23 01:22:10,0.00098140,2.90000000
2018-02-23 01:22:10,0.00098020,2.06000000
2018-02-23 01:22:10,0.00098000,42.96000000
2018-02-23 01:22:11,0.00098060,100.16000000
2018-02-23 01:22:13,0.00098070,2.06000000
2018-02-23 01:22:13,0.00098070,16.89000000
2018-02-23 01:22:15,0.00098070,7.07000000
2018-02-23 01:22:18,0.00098160,51.36000000
2018-02-23 01:22:18,0.00098170,13.91000000
2018-02-23 01:22:18,0.00098190,47.73000000
2018-02-23 01:22:18,0.00098090,2.04000000
2018-02-23 01:22:18,0.00098070,8.49000000
2018-02-23 01:22:18,0.00098050,24.43000000
2018-02-23 01:22:18,0.00098010,45.11000000
2018-02-23 01:22:18,0.00098000,283.52000000
2018-02-23 01:22:19,0.00098150,0.25000000
2018-02-23 01:22:27,0.00098110,2.04000000
2018-02-23 01:22:29,0.00098060,61.24000000
2018-02-23 01:22:29,0.00098110,1.96000000
2018-02-23 01:22:29,0.00098140,2.04000000
2018-02-23 01:22:29,0.00098150,1.79000000
2018-02-23 01:22:30,0.00098150,57.98000000
2018-02-23 01:22:30,0.00098190,49.27000000
2018-02-23 01:22:30,0.00098200,49.73000000
2018-02-23 01:22:31,0.00098150,15.12000000
2018-02-23 01:22:32,0.00098200,5.89000000
2018-02-23 01:22:32,0.00098150,1.12000000
2018-02-23 01:22:32,0.00098290,30.50000000
2018-02-23 01:22:32,0.00098290,30.50000000
2018-02-23 01:22:32,0.00098290,30.50000000
2018-02-23 01:22:32,0.00098290,45.83000000
2018-02-23 01:22:32,0.00098290,0.06000000
2018-02-23 01:22:33,0.00098300,30.43000000
2018-02-23 01:22:34,0.00098300,30.50000000
2018-02-23 01:22:34,0.00098180,2.04000000
2018-02-23 01:22:35,0.00098280,2.00000000
2018-02-23 01:22:35,0.00098160,28.46000000
2018-02-23 01:22:35,0.00098280,0.04000000
2018-02-23 01:22:35,0.00098300,0.48000000
2018-02-23 01:22:35,0.00098300,30.50000000
2018-02-23 01:22:35,0.00098300,16.29000000
2018-02-23 01:22:35,0.00098300,140.95000000
2018-02-23 01:22:35,0.00098270,28.46000000
2018-02-23 01:22:36,0.00098300,140.94000000
2018-02-23 01:22:37,0.00098150,2.19000000
2018-02-23 01:22:37,0.00098300,79.95000000
2018-02-23 01:22:39,0.00098160,53.06000000
2018-02-23 01:22:39,0.00098150,126.77000000
2018-02-23 01:22:39,0.00098150,2.04000000
2018-02-23 01:22:44,0.00098110,2.51000000
2018-02-23 01:22:46,0.00098120,1.02000000
2018-02-23 01:22:46,0.00098110,15.43000000
2018-02-23 01:22:46,0.00098060,1.37000000
2018-02-23 01:22:46,0.00098050,5.18000000
2018-02-23 01:22:46,0.00098090,2.04000000
2018-02-23 01:22:46,0.00098130,2.34000000
2018-02-23 01:22:48,0.00098130,179.64000000
2018-02-23 01:22:50,0.00098140,46.20000000
2018-02-23 01:22:53,0.00098130,12.79000000
2018-02-23 01:22:53,0.00098150,587.21000000
2018-02-23 01:22:53,0.00098150,67.48000000
2018-02-23 01:22:54,0.00098150,521.51000000
2018-02-23 01:22:56,0.00098180,4.52000000
2018-02-23 01:22:56,0.00098190,30.56000000
2018-02-23 01:22:56,0.00098280,2.04000000
2018-02-23 01:22:58,0.00098280,0.50000000
2018-02-23 01:22:59,0.00098300,216.43000000
2018-02-23 01:23:00,0.00098280,12.64000000
2018-02-23 01:23:03,0.00098170,71.22000000
2018-02-23 01:23:05,0.00098160,53.06000000
2018-02-23 01:23:05,0.00098150,25.27000000
2018-02-23 01:23:08,0.00098170,3.99000000
2018-02-23 01:23:08,0.00098170,0.84000000
2018-02-23 01:23:09,0.00098200,25.00000000
2018-02-23 01:23:09,0.00098200,24.90000000
2018-02-23 01:23:09,0.00098200,25.00000000
2018-02-23 01:23:09,0.00098170,25.00000000
2018-02-23 01:23:10,0.00098200,40.38000000
2018-02-23 01:23:10,0.00098170,1.33000000
2018-02-23 01:23:14,0.00098170,9.41000000
2018-02-23 01:23:16,0.00098170,0.10000000
2018-02-23 01:23:19,0.00098180,787.38000000
2018-02-23 01:23:20,0.00098180,71.80000000
2018-02-23 01:23:20,0.00098180,248.57000000
2018-02-23 01:23:20,0.00098170,26.38000000
2018-02-23 01:23:23,0.00098180,505.53000000
2018-02-23 01:23:29,0.00098200,45.00000000
2018-02-23 01:23:29,0.00098180,64.50000000
2018-02-23 01:23:31,0.00098200,52.92000000
2018-02-23 01:23:32,0.00098180,79.54000000
2018-02-23 01:23:32,0.00098200,1.04000000
2018-02-23 01:23:36,0.00098190,0.02000000
2018-02-23 01:23:36,0.00098180,21.29000000
2018-02-23 01:23:37,0.00098190,4.19000000
2018-02-23 01:23:39,0.00098180,21.28000000
2018-02-23 01:23:41,0.00098180,8.00000000
2018-02-23 01:23:44,0.00098290,279.20000000
