DATE,PRICE,VOLUME
2018-02-26 16:00:03,0.00128110,4.39000000
2018-02-26 16:00:05,0.00128100,10.00000000
2018-02-26 16:00:06,0.00128110,1.54000000
2018-02-26 16:00:06,0.00128100,21.84000000
2018-02-26 16:00:07,0.00128140,5.87000000
2018-02-26 16:00:07,0.00128140,331.40000000
2018-02-26 16:00:07,0.00128100,23.37000000
2018-02-26 16:00:07,0.00128100,30.54000000
2018-02-26 16:00:07,0.00128110,13.78000000
2018-02-26 16:00:08,0.00128140,5.87000000
2018-02-26 16:00:08,0.00128190,10.02000000
2018-02-26 16:00:08,0.00128110,27.61000000
2018-02-26 16:00:08,0.00128110,19.47000000
2018-02-26 16:00:09,0.00128110,8.14000000
2018-02-26 16:00:09,0.00128100,25.97000000
2018-02-26 16:00:09,0.00128100,19.46000000
2018-02-26 16:00:09,0.00128100,21.43000000
2018-02-26 16:00:12,0.00128100,25.31000000
2018-02-26 16:00:12,0.00128100,16.00000000
2018-02-26 16:00:12,0.00128100,27.28000000
2018-02-26 16:00:13,0.00128170,13.30000000
2018-02-26 16:00:13,0.00128170,58.29000000
2018-02-26 16:00:13,0.00128190,0.02000000
2018-02-26 16:00:13,0.00128200,183.68000000
2018-02-26 16:00:13,0.00128200,6.00000000
2018-02-26 16:00:14,0.00128170,2.93000000
2018-02-26 16:00:14,0.00128100,3.47000000
2018-02-26 16:00:16,0.00128290,2.27000000
2018-02-26 16:00:18,0.00128140,2.89000000
2018-02-26 16:00:18,0.00128290,2.86000000
2018-02-26 16:00:18,0.00128290,3.14000000
2018-02-26 16:00:19,0.00128300,3.29000000
2018-02-26 16:00:20,0.00128130,3.17000000
2018-02-26 16:00:20,0.00128310,2.08000000
2018-02-26 16:00:21,0.00128310,2.06000000
2018-02-26 16:00:21,0.00128310,41.99000000
2018-02-26 16:00:22,0.00128270,163.16000000
2018-02-26 16:00:22,0.00128160,68.37000000
2018-02-26 16:00:22,0.00128140,7.90000000
2018-02-26 16:00:22,0.00128110,3.90000000
2018-02-26 16:00:22,0.00128110,206.80000000
2018-02-26 16:00:22,0.00128270,26.60000000
2018-02-26 16:00:23,0.00128260,68.37000000
2018-02-26 16:00:24,0.00128270,5.32000000
2018-02-26 16:00:28,0.00128160,1.25000000
2018-02-26 16:00:29,0.00128160,32.30000000
2018-02-26 16:00:34,0.00128110,1.07000000
2018-02-26 16:00:34,0.00128100,17.50000000
2018-02-26 16:00:35,0.00128180,353.69000000
2018-02-26 16:00:40,0.00128260,4.00000000
2018-02-26 16:00:44,0.00128120,33.27000000
2018-02-26 16:00:44,0.00128100,14.46000000
2018-02-26 16:00:44,0.00128090,8.17000000
2018-02-26 16:00:44,0.00128070,3.10000000
2018-02-26 16:00:44,0.00128030,4.66000000
2018-02-26 16:00:44,0.00128010,68.36000000
2018-02-26 16:00:44,0.00128000,27.14000000
2018-02-26 16:00:44,0.00128000,141.00000000
2018-02-26 16:00:46,0.00128250,49.67000000
2018-02-26 16:00:46,0.00128010,113.69000000
2018-02-26 16:00:50,0.00128010,84.91000000
2018-02-26 16:00:50,0.00128020,15.02000000
2018-02-26 16:00:51,0.00128250,18.69000000
2018-02-26 16:00:51,0.00128260,8.00000000
2018-02-26 16:00:51,0.00128270,92.53000000
2018-02-26 16:00:52,0.00128020,2.01000000
2018-02-26 16:00:53,0.00128120,47.81000000
2018-02-26 16:00:54,0.00128120,1.52000000
2018-02-26 16:00:54,0.00128010,48.69000000
2018-02-26 16:00:54,0.00128010,7.00000000
2018-02-26 16:00:56,0.00128060,179.58000000
2018-02-26 16:00:56,0.00128120,18.69000000
2018-02-26 16:00:57,0.00128120,4.25000000
2018-02-26 16:00:57,0.00128060,31.47000000
2018-02-26 16:00:58,0.00128120,96.05000000
2018-02-26 16:01:01,0.00128120,2.38000000
2018-02-26 16:01:02,0.00128120,195.10000000
2018-02-26 16:01:04,0.00128200,3.72000000
2018-02-26 16:01:04,0.00128060,16.28000000
2018-02-26 16:01:04,0.00128060,3.86000000
2018-02-26 16:01:06,0.00128060,0.25000000
2018-02-26 16:01:09,0.00128120,4.00000000
2018-02-26 16:01:10,0.00128120,102.00000000
2018-02-26 16:01:11,0.00128220,3.86000000
2018-02-26 16:01:12,0.00128220,136.74000000
2018-02-26 16:01:12,0.00128200,4.45000000
2018-02-26 16:01:12,0.00128100,7.90000000
2018-02-26 16:01:12,0.00128080,7.90000000
2018-02-26 16:01:12,0.00128060,56.41000000
2018-02-26 16:01:13,0.00128140,5.47000000
2018-02-26 16:01:15,0.00128140,1.33000000
2018-02-26 16:01:20,0.00128060,9.01000000
2018-02-26 16:01:20,0.00128140,112.61000000
2018-02-26 16:01:20,0.00128220,9.79000000
2018-02-26 16:01:20,0.00128220,26.57000000
2018-02-26 16:01:21,0.00128220,6.70000000
2018-02-26 16:01:21,0.00128220,5.11000000
2018-02-26 16:01:21,0.00128220,21.19000000
2018-02-26 16:01:24,0.00128130,196.01000000
2018-02-26 16:01:27,0.00128060,3.40000000
2018-02-26 16:01:32,0.00128060,184.04000000
2018-02-26 16:01:32,0.00128000,132.11000000
2018-02-26 16:01:33,0.00128060,40.00000000
2018-02-26 16:01:34,0.00128000,117.73000000
2018-02-26 16:01:36,0.00127980,3.13000000
2018-02-26 16:01:36,0.00127930,3.91000000
2018-02-26 16:01:36,0.00127890,62.32000000
2018-02-26 16:01:36,0.00127850,48.82000000
2018-02-26 16:01:36,0.00127820,107.09000000
2018-02-26 16:01:36,0.00127800,30.00000000
2018-02-26 16:01:36,0.00127780,0.86000000
2018-02-26 16:01:36,0.00127770,3.07000000
2018-02-26 16:01:36,0.00127730,3.90000000
2018-02-26 16:01:36,0.00127720,5.90000000
2018-02-26 16:01:36,0.00128000,63.43000000
2018-02-26 16:01:36,0.00127880,21.90000000
2018-02-26 16:01:36,0.00128060,24.90000000
2018-02-26 16:01:38,0.00127880,21.90000000
2018-02-26 16:01:38,0.00127720,27.18000000
2018-02-26 16:01:38,0.00127710,73.75000000
2018-02-26 16:01:42,0.00128000,70.74000000
2018-02-26 16:01:42,0.00127730,135.00000000
2018-02-26 16:01:42,0.00127710,144.31000000
2018-02-26 16:01:42,0.00127700,302.07000000
2018-02-26 16:01:42,0.00127660,221.88000000
2018-02-26 16:01:42,0.00127710,25.02000000
2018-02-26 16:01:45,0.00127990,2.66000000
2018-02-26 16:01:48,0.00127750,2.94000000
2018-02-26 16:01:50,0.00127750,0.40000000
2018-02-26 16:01:52,0.00128000,4.78000000
2018-02-26 16:01:58,0.00127980,212.43000000
2018-02-26 16:01:59,0.00127970,3.12000000
2018-02-26 16:01:59,0.00127760,42.00000000
2018-02-26 16:01:59,0.00127750,17.52000000
2018-02-26 16:02:01,0.00127970,1.73000000
2018-02-26 16:02:02,0.00127750,94.99000000
2018-02-26 16:02:03,0.00127750,70.67000000
2018-02-26 16:02:05,0.00127750,61.35000000
2018-02-26 16:02:05,0.00127660,23.40000000
2018-02-26 16:02:06,0.00127960,23.70000000
2018-02-26 16:02:06,0.00127970,10.31000000
2018-02-26 16:02:06,0.00127980,5.99000000
2018-02-26 16:02:12,0.00127770,7.90000000
2018-02-26 16:02:12,0.00127750,7.67000000
2018-02-26 16:02:13,0.00127750,21.70000000
2018-02-26 16:02:13,0.00127750,168.55000000
2018-02-26 16:02:16,0.00127800,38.32000000
2018-02-26 16:02:18,0.00127950,6.01000000
2018-02-26 16:02:19,0.00127950,0.83000000
2018-02-26 16:02:20,0.00127940,2.24000000
2018-02-26 16:02:20,0.00127950,178.10000000
2018-02-26 16:02:20,0.00127960,89.66000000
2018-02-26 16:02:24,0.00127940,4.75000000
2018-02-26 16:02:26,0.00127800,1.44000000
2018-02-26 16:02:26,0.00127800,13.98000000
2018-02-26 16:02:28,0.00127940,11.62000000
2018-02-26 16:02:32,0.00127800,15.33000000
2018-02-26 16:02:33,0.00127940,22.89000000
2018-02-26 16:02:33,0.00127960,193.47000000
2018-02-26 16:02:34,0.00127940,1.69000000
2018-02-26 16:02:36,0.00127950,228.86000000
2018-02-26 16:02:38,0.00127960,10.00000000
2018-02-26 16:02:39,0.00127940,0.13000000
2018-02-26 16:02:39,0.00127800,40.71000000
2018-02-26 16:02:39,0.00127780,82.94000000
2018-02-26 16:02:39,0.00127780,0.23000000
2018-02-26 16:02:40,0.00127800,0.47000000
2018-02-26 16:02:42,0.00127960,10.00000000
2018-02-26 16:02:43,0.00127960,3.52000000
2018-02-26 16:02:46,0.00127960,5.41000000
2018-02-26 16:02:48,0.00127800,7.43000000
2018-02-26 16:02:48,0.00127780,120.17000000
2018-02-26 16:02:48,0.00127750,127.00000000
2018-02-26 16:02:51,0.00127940,4.00000000
2018-02-26 16:02:52,0.00127780,90.54000000
2018-02-26 16:02:53,0.00127840,54.38000000
2018-02-26 16:03:00,0.00127750,21.99000000
2018-02-26 16:03:01,0.00127840,48.92000000
2018-02-26 16:03:02,0.00127780,1.69000000
2018-02-26 16:03:07,0.00127940,53.44000000
2018-02-26 16:03:07,0.00127960,162.35000000
2018-02-26 16:03:09,0.00127780,6.21000000
2018-02-26 16:03:09,0.00127750,263.79000000
2018-02-26 16:03:10,0.00127810,5.45000000
2018-02-26 16:03:11,0.00127850,244.92000000
2018-02-26 16:03:13,0.00127900,5.62000000
2018-02-26 16:03:13,0.00127920,7.90000000
2018-02-26 16:03:13,0.00127960,95.84000000
2018-02-26 16:03:15,0.00127810,2.45000000
2018-02-26 16:03:15,0.00127750,15.54000000
2018-02-26 16:03:17,0.00127940,7.90000000
2018-02-26 16:03:17,0.00127960,95.12000000
2018-02-26 16:03:23,0.00127770,7.90000000
2018-02-26 16:03:23,0.00127750,10.10000000
2018-02-26 16:03:24,0.00127820,70.81000000
2018-02-26 16:03:29,0.00127910,0.08000000
2018-02-26 16:03:32,0.00127780,5.04000000
2018-02-26 16:03:42,0.00127800,31.47000000
2018-02-26 16:03:44,0.00127850,261.35000000
2018-02-26 16:03:46,0.00127800,52.35000000
2018-02-26 16:03:48,0.00127850,8.32000000
2018-02-26 16:03:51,0.00127910,2.10000000
2018-02-26 16:03:54,0.00127910,0.90000000
2018-02-26 16:03:54,0.00127850,19.31000000
2018-02-26 16:03:55,0.00127850,2.72000000
2018-02-26 16:03:55,0.00127850,5.29000000
2018-02-26 16:03:55,0.00127850,7.95000000
2018-02-26 16:03:55,0.00127920,7.90000000
2018-02-26 16:03:55,0.00127950,6.29000000
2018-02-26 16:03:55,0.00127960,5.99000000
2018-02-26 16:03:55,0.00127850,6.70000000
2018-02-26 16:03:56,0.00127850,1.37000000
2018-02-26 16:03:57,0.00127900,29.09000000
2018-02-26 16:03:57,0.00127900,58.14000000
2018-02-26 16:03:59,0.00127850,15.00000000
2018-02-26 16:03:59,0.00127850,25.76000000
2018-02-26 16:04:00,0.00127850,2.64000000
2018-02-26 16:04:08,0.00127850,30.00000000
2018-02-26 16:04:09,0.00127850,28.12000000
2018-02-26 16:04:11,0.00127850,24.76000000
2018-02-26 16:04:12,0.00127850,2.18000000
2018-02-26 16:04:14,0.00127870,277.77000000
2018-02-26 16:04:14,0.00127900,8.40000000
2018-02-26 16:04:18,0.00127860,136.51000000
2018-02-26 16:04:19,0.00127860,16.07000000
2018-02-26 16:04:20,0.00127900,13.32000000
2018-02-26 16:04:20,0.00127900,1.00000000
2018-02-26 16:04:24,0.00127900,6.37000000
2018-02-26 16:04:30,0.00127900,2.00000000
2018-02-26 16:04:30,0.00127910,19.63000000
2018-02-26 16:04:30,0.00127910,2.07000000
2018-02-26 16:04:30,0.00127900,37.58000000
2018-02-26 16:04:31,0.00127900,2.25000000
2018-02-26 16:04:33,0.00127900,0.99000000
2018-02-26 16:04:34,0.00127960,47.19000000
2018-02-26 16:04:34,0.00127980,38.96000000
2018-02-26 16:04:34,0.00128000,313.85000000
2018-02-26 16:04:36,0.00127910,45.42000000
2018-02-26 16:04:37,0.00127910,24.23000000
2018-02-26 16:04:37,0.00128000,25.43000000
2018-02-26 16:04:39,0.00128000,28.86000000
2018-02-26 16:04:41,0.00128000,20.67000000
2018-02-26 16:04:43,0.00128000,42.02000000
2018-02-26 16:04:43,0.00127910,10.49000000
2018-02-26 16:04:46,0.00128000,6.24000000
2018-02-26 16:04:48,0.00127910,2.49000000
2018-02-26 16:04:51,0.00127950,294.20000000
2018-02-26 16:04:55,0.00127990,3.60000000
2018-02-26 16:04:55,0.00127990,9.33000000
2018-02-26 16:04:56,0.00127990,1.30000000
2018-02-26 16:04:57,0.00127990,1.00000000
2018-02-26 16:05:00,0.00127920,105.51000000
2018-02-26 16:05:02,0.00127950,3.03000000
2018-02-26 16:05:03,0.00127950,19.83000000
2018-02-26 16:05:03,0.00127990,34.50000000
2018-02-26 16:05:03,0.00128000,194.98000000
2018-02-26 16:05:06,0.00128000,1.40000000
2018-02-26 16:05:06,0.00128000,3.69000000
2018-02-26 16:05:06,0.00128000,3.69000000
2018-02-26 16:05:07,0.00128000,3.92000000
2018-02-26 16:05:08,0.00128240,1.00000000
2018-02-26 16:05:11,0.00128120,120.08000000
2018-02-26 16:05:11,0.00128260,54.28000000
2018-02-26 16:05:11,0.00128270,0.04000000
2018-02-26 16:05:12,0.00128270,13.57000000
2018-02-26 16:05:13,0.00128270,3.39000000
2018-02-26 16:05:13,0.00128020,7.90000000
2018-02-26 16:05:13,0.00128000,322.54000000
2018-02-26 16:05:13,0.00127990,52.47000000
2018-02-26 16:05:15,0.00128250,7.90000000
2018-02-26 16:05:15,0.00128270,38.87000000
2018-02-26 16:05:15,0.00128280,0.85000000
2018-02-26 16:05:15,0.00128270,1.50000000
2018-02-26 16:05:16,0.00128270,8.33000000
2018-02-26 16:05:16,0.00128270,7.96000000
2018-02-26 16:05:16,0.00128280,43.65000000
2018-02-26 16:05:17,0.00128360,43.65000000
2018-02-26 16:05:17,0.00128280,112.25000000
2018-02-26 16:05:19,0.00128300,23.25000000
2018-02-26 16:05:20,0.00128360,0.87000000
2018-02-26 16:05:22,0.00128360,15.73000000
2018-02-26 16:05:24,0.00128360,49.11000000
2018-02-26 16:05:24,0.00128390,12.02000000
2018-02-26 16:05:24,0.00128360,1.00000000
2018-02-26 16:05:25,0.00128360,433.72000000
2018-02-26 16:05:25,0.00128360,214.32000000
2018-02-26 16:05:26,0.00128360,1.30000000
2018-02-26 16:05:27,0.00128360,18.82000000
2018-02-26 16:05:28,0.00128230,12.78000000
2018-02-26 16:05:31,0.00128220,310.62000000
2018-02-26 16:05:32,0.00128380,6.23000000
2018-02-26 16:05:34,0.00128380,6.55000000
2018-02-26 16:05:34,0.00128390,21.89000000
2018-02-26 16:05:35,0.00128230,11.59000000
2018-02-26 16:05:36,0.00128280,6.03000000
2018-02-26 16:05:36,0.00128240,68.12000000
2018-02-26 16:05:36,0.00128230,19.36000000
2018-02-26 16:05:38,0.00128230,30.83000000
2018-02-26 16:05:40,0.00128230,0.86000000
2018-02-26 16:05:47,0.00128300,136.15000000
2018-02-26 16:05:51,0.00128230,20.65000000
2018-02-26 16:05:51,0.00128370,5.03000000
2018-02-26 16:05:51,0.00128390,5.89000000
2018-02-26 16:05:53,0.00128230,1.37000000
2018-02-26 16:05:53,0.00128300,3.63000000
2018-02-26 16:06:00,0.00128260,326.68000000
2018-02-26 16:06:01,0.00128300,6.37000000
2018-02-26 16:06:05,0.00128370,68.12000000
2018-02-26 16:06:06,0.00128370,4.23000000
2018-02-26 16:06:07,0.00128380,46.79000000
2018-02-26 16:06:07,0.00128390,0.21000000
2018-02-26 16:06:12,0.00128380,50.00000000
2018-02-26 16:06:12,0.00128390,22.00000000
2018-02-26 16:06:12,0.00128400,61.86000000
2018-02-26 16:06:14,0.00128400,42.89000000
2018-02-26 16:06:15,0.00128400,43.05000000
2018-02-26 16:06:15,0.00128400,136.35000000
2018-02-26 16:06:16,0.00128400,20.00000000
2018-02-26 16:06:17,0.00128390,10.34000000
2018-02-26 16:06:18,0.00128400,14.71000000
2018-02-26 16:06:19,0.00128390,3.25000000
2018-02-26 16:06:19,0.00128400,401.58000000
2018-02-26 16:06:21,0.00128400,11.33000000
2018-02-26 16:06:22,0.00128400,19.15000000
2018-02-26 16:06:22,0.00128390,4.34000000
2018-02-26 16:06:22,0.00128370,60.39000000
2018-02-26 16:06:23,0.00128400,56.51000000
2018-02-26 16:06:23,0.00128400,1414.57000000
2018-02-26 16:06:24,0.00128400,1892.18000000
2018-02-26 16:06:24,0.00128400,79.78000000
2018-02-26 16:06:24,0.00128480,414.61000000
2018-02-26 16:06:24,0.00128490,7.81000000
2018-02-26 16:06:24,0.00128500,5.00000000
2018-02-26 16:06:24,0.00128520,3.72000000
2018-02-26 16:06:24,0.00128600,16.05000000
2018-02-26 16:06:25,0.00128690,23.13000000
2018-02-26 16:06:25,0.00128700,39.92000000
2018-02-26 16:06:25,0.00128700,150.93000000
2018-02-26 16:06:25,0.00128700,247.71000000
2018-02-26 16:06:27,0.00128750,3.13000000
2018-02-26 16:06:27,0.00128760,5.43000000
2018-02-26 16:06:28,0.00128700,1.52000000
2018-02-26 16:06:28,0.00128700,4.00000000
2018-02-26 16:06:28,0.00128700,9.80000000
2018-02-26 16:06:32,0.00128810,2.88000000
2018-02-26 16:06:32,0.00128840,3.50000000
2018-02-26 16:06:33,0.00128860,343.11000000
2018-02-26 16:06:34,0.00128890,5.50000000
2018-02-26 16:06:34,0.00128900,229.94000000
2018-02-26 16:06:34,0.00128840,0.59000000
2018-02-26 16:06:34,0.00128490,7.80000000
2018-02-26 16:06:34,0.00128470,38.36000000
2018-02-26 16:06:34,0.00128470,29.78000000
2018-02-26 16:06:34,0.00128460,2.67000000
2018-02-26 16:06:34,0.00128420,125.37000000
2018-02-26 16:06:34,0.00128400,50.24000000
2018-02-26 16:06:35,0.00128670,7.80000000
2018-02-26 16:06:36,0.00128820,75.94000000
2018-02-26 16:06:36,0.00128920,0.86000000
2018-02-26 16:06:36,0.00129000,9.95000000
2018-02-26 16:06:36,0.00129040,73.60000000
2018-02-26 16:06:39,0.00129030,17.98000000
2018-02-26 16:06:39,0.00128670,14.55000000
2018-02-26 16:06:41,0.00128670,3.00000000
2018-02-26 16:06:44,0.00128660,3.91000000
2018-02-26 16:06:44,0.00128670,16.92000000
2018-02-26 16:06:45,0.00128580,169.00000000
2018-02-26 16:06:45,0.00128670,20.15000000
2018-02-26 16:06:46,0.00128670,139.68000000
2018-02-26 16:06:51,0.00128680,20.00000000
2018-02-26 16:06:51,0.00128680,34.87000000
2018-02-26 16:06:52,0.00128850,0.99000000
2018-02-26 16:06:52,0.00129030,4.01000000
2018-02-26 16:06:57,0.00128800,359.53000000
2018-02-26 16:07:02,0.00128710,2.97000000
2018-02-26 16:07:02,0.00128920,2.56000000
2018-02-26 16:07:02,0.00129000,6.80000000
2018-02-26 16:07:02,0.00129030,56.87000000
2018-02-26 16:07:02,0.00129040,9.77000000
2018-02-26 16:07:03,0.00129040,1068.99000000
2018-02-26 16:07:04,0.00129000,0.41000000
2018-02-26 16:07:05,0.00128740,3.67000000
2018-02-26 16:07:05,0.00129000,17.28000000
2018-02-26 16:07:05,0.00129040,227.24000000
2018-02-26 16:07:05,0.00129040,2.29000000
2018-02-26 16:07:05,0.00129040,244.45000000
2018-02-26 16:07:05,0.00129040,174.67000000
2018-02-26 16:07:06,0.00129040,1.00000000
2018-02-26 16:07:06,0.00129040,42.85000000
2018-02-26 16:07:06,0.00129040,8.31000000
2018-02-26 16:07:06,0.00129040,138.60000000
2018-02-26 16:07:07,0.00129030,3.67000000
2018-02-26 16:07:07,0.00129040,18.67000000
2018-02-26 16:07:08,0.00129040,15.64000000
2018-02-26 16:07:08,0.00129040,54.58000000
2018-02-26 16:07:08,0.00128760,7.80000000
2018-02-26 16:07:08,0.00128750,67.67000000
2018-02-26 16:07:08,0.00128740,12.63000000
2018-02-26 16:07:08,0.00128730,7.80000000
2018-02-26 16:07:08,0.00128710,115.73000000
2018-02-26 16:07:08,0.00128690,270.53000000
2018-02-26 16:07:08,0.00128680,64.82000000
2018-02-26 16:07:08,0.00128670,223.01000000
2018-02-26 16:07:08,0.00128650,22.75000000
2018-02-26 16:07:08,0.00128510,207.26000000
2018-02-26 16:07:09,0.00128800,30.00000000
2018-02-26 16:07:11,0.00128820,185.42000000
2018-02-26 16:07:13,0.00128880,67.67000000
2018-02-26 16:07:13,0.00128890,7.80000000
2018-02-26 16:07:13,0.00129000,2.31000000
2018-02-26 16:07:13,0.00129000,71.15000000
2018-02-26 16:07:14,0.00129000,846.07000000
2018-02-26 16:07:17,0.00128780,7.80000000
2018-02-26 16:07:18,0.00129000,3.88000000
2018-02-26 16:07:18,0.00129010,15.60000000
2018-02-26 16:07:18,0.00129040,1.48000000
2018-02-26 16:07:18,0.00129080,3.91000000
2018-02-26 16:07:18,0.00129090,4.66000000
2018-02-26 16:07:18,0.00129120,15.53000000
2018-02-26 16:07:18,0.00129230,31.30000000
2018-02-26 16:07:18,0.00129260,12.00000000
2018-02-26 16:07:18,0.00129270,354.74000000
2018-02-26 16:07:18,0.00128800,7.80000000
2018-02-26 16:07:19,0.00128990,7.80000000
2018-02-26 16:07:19,0.00129270,14.45000000
2018-02-26 16:07:19,0.00129300,115.41000000
2018-02-26 16:07:21,0.00129000,19.83000000
2018-02-26 16:07:23,0.00128860,11.31000000
2018-02-26 16:07:27,0.00128740,7.80000000
2018-02-26 16:07:28,0.00128760,7.80000000
2018-02-26 16:07:29,0.00128900,2.52000000
2018-02-26 16:07:30,0.00128860,0.86000000
2018-02-26 16:07:30,0.00128970,15.60000000
2018-02-26 16:07:30,0.00128990,1.40000000
2018-02-26 16:07:31,0.00128860,49.14000000
2018-02-26 16:07:34,0.00128860,28.90000000
2018-02-26 16:07:35,0.00128800,1.00000000
2018-02-26 16:07:35,0.00128700,3.50000000
2018-02-26 16:07:38,0.00128800,40.13000000
2018-02-26 16:07:38,0.00128700,8.89000000
2018-02-26 16:07:38,0.00128670,1.95000000
2018-02-26 16:07:39,0.00128860,16.12000000
2018-02-26 16:07:42,0.00128750,201.85000000
2018-02-26 16:07:49,0.00128670,19.27000000
2018-02-26 16:07:49,0.00128670,3.85000000
2018-02-26 16:07:51,0.00128540,67.72000000
2018-02-26 16:07:51,0.00128530,178.92000000
2018-02-26 16:07:51,0.00128520,6.71000000
2018-02-26 16:07:51,0.00128510,7.18000000
2018-02-26 16:07:51,0.00128500,124.47000000
2018-02-26 16:07:53,0.00128520,15.42000000
2018-02-26 16:07:53,0.00128530,132.74000000
2018-02-26 16:07:53,0.00128690,67.72000000
2018-02-26 16:07:53,0.00128700,111.73000000
2018-02-26 16:07:54,0.00128700,21.88000000
2018-02-26 16:07:56,0.00128700,80.39000000
2018-02-26 16:07:56,0.00128850,5.16000000
2018-02-26 16:07:56,0.00128860,1.21000000
2018-02-26 16:07:56,0.00128990,75.30000000
2018-02-26 16:07:57,0.00128800,1.00000000
2018-02-26 16:07:57,0.00128810,67.87000000
2018-02-26 16:07:57,0.00128800,23.67000000
2018-02-26 16:07:57,0.00128800,51.84000000
2018-02-26 16:07:58,0.00128800,162.43000000
2018-02-26 16:07:59,0.00128980,20.14000000
2018-02-26 16:08:00,0.00128880,27.74000000
2018-02-26 16:08:00,0.00128980,17.71000000
2018-02-26 16:08:01,0.00128800,13.20000000
2018-02-26 16:08:01,0.00128800,98.83000000
2018-02-26 16:08:01,0.00128540,52.77000000
2018-02-26 16:08:01,0.00128540,77.30000000
2018-02-26 16:08:02,0.00128960,20.00000000
2018-02-26 16:08:02,0.00128970,3.88000000
2018-02-26 16:08:02,0.00128980,30.02000000
2018-02-26 16:08:02,0.00128990,48.55000000
2018-02-26 16:08:02,0.00128990,211.16000000
2018-02-26 16:08:02,0.00128990,543.25000000
2018-02-26 16:08:02,0.00128970,3.12000000
2018-02-26 16:08:02,0.00128980,1.88000000
2018-02-26 16:08:03,0.00128980,1.25000000
2018-02-26 16:08:08,0.00128850,1.38000000
2018-02-26 16:08:08,0.00128900,70.40000000
2018-02-26 16:08:10,0.00128900,16.10000000
2018-02-26 16:08:13,0.00128750,217.91000000
2018-02-26 16:08:13,0.00128660,1.42000000
2018-02-26 16:08:13,0.00128660,6.37000000
2018-02-26 16:08:15,0.00128670,5.20000000
2018-02-26 16:08:21,0.00128870,29.68000000
2018-02-26 16:08:21,0.00128880,1.77000000
2018-02-26 16:08:21,0.00128890,6.96000000
2018-02-26 16:08:21,0.00128900,22.04000000
2018-02-26 16:08:27,0.00128720,3.83000000
2018-02-26 16:08:31,0.00128700,3.89000000
2018-02-26 16:08:32,0.00128680,42.82000000
2018-02-26 16:08:32,0.00128680,0.98000000
2018-02-26 16:08:32,0.00128710,7.79000000
2018-02-26 16:08:32,0.00128720,0.01000000
2018-02-26 16:08:32,0.00128730,6.23000000
2018-02-26 16:08:32,0.00128740,1.53000000
2018-02-26 16:08:33,0.00128730,8.00000000
2018-02-26 16:08:34,0.00128740,3.13000000
2018-02-26 16:08:34,0.00128750,2.00000000
2018-02-26 16:08:34,0.00128730,5.82000000
2018-02-26 16:08:34,0.00128720,4.74000000
2018-02-26 16:08:41,0.00128720,1.31000000
2018-02-26 16:08:41,0.00128720,22.50000000
2018-02-26 16:08:42,0.00128720,10.76000000
2018-02-26 16:08:43,0.00128720,0.02000000
2018-02-26 16:08:43,0.00128680,43.80000000
2018-02-26 16:08:43,0.00128660,0.01000000
2018-02-26 16:08:43,0.00128560,67.98000000
2018-02-26 16:08:43,0.00128550,3.88000000
2018-02-26 16:08:43,0.00128540,40.21000000
2018-02-26 16:08:44,0.00128700,234.33000000
2018-02-26 16:08:48,0.00128570,14.87000000
2018-02-26 16:08:48,0.00128570,17.19000000
2018-02-26 16:08:50,0.00128560,20.00000000
2018-02-26 16:08:50,0.00128570,31.07000000
2018-02-26 16:08:51,0.00128570,7.75000000
2018-02-26 16:08:52,0.00128570,25.17000000
2018-02-26 16:08:52,0.00128550,55.78000000
2018-02-26 16:08:54,0.00128540,83.60000000
2018-02-26 16:08:54,0.00128510,2.53000000
2018-02-26 16:08:56,0.00128510,97.47000000
2018-02-26 16:08:58,0.00128500,1.00000000
2018-02-26 16:09:01,0.00128450,60.22000000
2018-02-26 16:09:01,0.00128500,2.88000000
2018-02-26 16:09:01,0.00128510,16.12000000
2018-02-26 16:09:02,0.00128410,9.89000000
2018-02-26 16:09:02,0.00128410,10.11000000
2018-02-26 16:09:02,0.00128400,6.56000000
2018-02-26 16:09:02,0.00128400,14.81000000
2018-02-26 16:09:02,0.00128380,68.30000000
2018-02-26 16:09:02,0.00128300,88.48000000
2018-02-26 16:09:02,0.00128250,3.12000000
2018-02-26 16:09:02,0.00128230,76.00000000
2018-02-26 16:09:06,0.00128130,46.96000000
2018-02-26 16:09:08,0.00128410,10.00000000
2018-02-26 16:09:08,0.00128230,12.00000000
2018-02-26 16:09:10,0.00128240,8.62000000
2018-02-26 16:09:10,0.00128230,128.90000000
2018-02-26 16:09:16,0.00128260,11.76000000
2018-02-26 16:09:16,0.00128410,250.76000000
2018-02-26 16:09:24,0.00128400,24.27000000
2018-02-26 16:09:27,0.00128330,76.65000000
2018-02-26 16:09:30,0.00128270,43.00000000
2018-02-26 16:09:34,0.00128330,7.36000000
2018-02-26 16:09:35,0.00128330,3.31000000
2018-02-26 16:09:37,0.00128330,18.53000000
2018-02-26 16:09:38,0.00128360,267.19000000
2018-02-26 16:09:44,0.00128410,8.59000000
2018-02-26 16:09:47,0.00128360,12.38000000
2018-02-26 16:09:51,0.00128400,67.98000000
2018-02-26 16:09:51,0.00128410,7.82000000
2018-02-26 16:09:51,0.00128500,36.74000000
2018-02-26 16:09:52,0.00128360,1.00000000
2018-02-26 16:09:52,0.00128360,9.33000000
2018-02-26 16:09:53,0.00128360,3.22000000
2018-02-26 16:09:54,0.00128360,99.14000000
2018-02-26 16:09:54,0.00128360,1.00000000
2018-02-26 16:09:54,0.00128360,7.27000000
2018-02-26 16:09:54,0.00128330,67.40000000
2018-02-26 16:09:54,0.00128300,44.38000000
2018-02-26 16:09:54,0.00128240,12.10000000
2018-02-26 16:09:54,0.00128230,51.71000000
2018-02-26 16:09:54,0.00128230,3.54000000
2018-02-26 16:09:55,0.00128230,3.12000000
2018-02-26 16:09:57,0.00128490,47.35000000
2018-02-26 16:09:57,0.00128500,156.87000000
2018-02-26 16:09:57,0.00128400,1.00000000
2018-02-26 16:09:58,0.00128400,21.94000000
2018-02-26 16:09:58,0.00128400,7.04000000
2018-02-26 16:09:58,0.00128440,1.42000000
2018-02-26 16:09:58,0.00128440,91.65000000
2018-02-26 16:10:04,0.00128400,0.02000000
2018-02-26 16:10:05,0.00128400,19.98000000
2018-02-26 16:10:07,0.00128410,10.97000000
2018-02-26 16:10:08,0.00128410,1.00000000
2018-02-26 16:10:08,0.00128410,13.24000000
2018-02-26 16:10:09,0.00128410,8.35000000
2018-02-26 16:10:09,0.00128410,14.38000000
2018-02-26 16:10:09,0.00128410,3.31000000
2018-02-26 16:10:10,0.00128410,31.16000000
2018-02-26 16:10:10,0.00128410,12.00000000
2018-02-26 16:10:11,0.00128410,0.81000000
2018-02-26 16:10:13,0.00128440,666.07000000
2018-02-26 16:10:13,0.00128490,6.24000000
2018-02-26 16:10:13,0.00128500,267.09000000
2018-02-26 16:10:13,0.00128410,27.57000000
2018-02-26 16:10:14,0.00128440,6.94000000
2018-02-26 16:10:16,0.00128540,283.61000000
2018-02-26 16:10:16,0.00128660,10.97000000
2018-02-26 16:10:16,0.00128660,4.33000000
2018-02-26 16:10:17,0.00128660,5.20000000
2018-02-26 16:10:17,0.00128660,5.20000000
2018-02-26 16:10:17,0.00128660,22.31000000
2018-02-26 16:10:17,0.00128660,1.65000000
2018-02-26 16:10:18,0.00128660,3.87000000
2018-02-26 16:10:18,0.00128660,27.28000000
2018-02-26 16:10:19,0.00128670,18.70000000
2018-02-26 16:10:22,0.00128670,45.25000000
2018-02-26 16:10:22,0.00128700,19.76000000
2018-02-26 16:10:22,0.00128660,0.01000000
2018-02-26 16:10:23,0.00128620,3.10000000
2018-02-26 16:10:25,0.00128660,10.00000000
2018-02-26 16:10:28,0.00128650,78.21000000
2018-02-26 16:10:28,0.00128650,162.95000000
2018-02-26 16:10:35,0.00128650,0.93000000
2018-02-26 16:10:36,0.00128570,109.50000000
2018-02-26 16:10:36,0.00128500,95.66000000
2018-02-26 16:10:39,0.00128500,9.71000000
2018-02-26 16:10:40,0.00128650,61.77000000
2018-02-26 16:10:41,0.00128650,22.21000000
2018-02-26 16:10:41,0.00128650,19.69000000
2018-02-26 16:10:41,0.00128660,3.12000000
2018-02-26 16:10:41,0.00128660,22.02000000
2018-02-26 16:10:41,0.00128700,2.98000000
2018-02-26 16:10:42,0.00128700,9.82000000
2018-02-26 16:10:42,0.00128860,7.80000000
2018-02-26 16:10:42,0.00128880,15.99000000
2018-02-26 16:10:42,0.00128890,20.00000000
2018-02-26 16:10:42,0.00128900,29.01000000
2018-02-26 16:10:42,0.00128990,41.38000000
2018-02-26 16:10:45,0.00128650,31.16000000
2018-02-26 16:10:46,0.00128700,9.66000000
2018-02-26 16:10:46,0.00128700,16.05000000
2018-02-26 16:10:46,0.00128700,85.52000000
2018-02-26 16:10:47,0.00128990,8.73000000
2018-02-26 16:10:47,0.00129000,320.46000000
2018-02-26 16:10:47,0.00129020,3.12000000
2018-02-26 16:10:47,0.00129040,211.15000000
2018-02-26 16:10:47,0.00129100,2.71000000
2018-02-26 16:10:47,0.00129190,62.26000000
2018-02-26 16:10:47,0.00129200,444.78000000
2018-02-26 16:10:47,0.00129300,80.80000000
2018-02-26 16:10:48,0.00128710,18.90000000
2018-02-26 16:10:48,0.00128710,135.71000000
2018-02-26 16:10:48,0.00128700,101.18000000
2018-02-26 16:10:49,0.00128710,75.89000000
2018-02-26 16:10:50,0.00128710,2.75000000
2018-02-26 16:10:50,0.00128740,7.79000000
2018-02-26 16:10:51,0.00128750,3.90000000
2018-02-26 16:10:52,0.00128760,7.11000000
2018-02-26 16:10:52,0.00128760,1.42000000
2018-02-26 16:10:52,0.00128740,0.01000000
2018-02-26 16:10:52,0.00128720,1.58000000
2018-02-26 16:10:52,0.00128720,0.97000000
2018-02-26 16:10:52,0.00128740,5.68000000
2018-02-26 16:10:53,0.00129220,0.01000000
2018-02-26 16:10:53,0.00128750,6.50000000
2018-02-26 16:10:53,0.00128750,1.30000000
2018-02-26 16:10:54,0.00128730,5.20000000
2018-02-26 16:10:56,0.00128720,0.02000000
2018-02-26 16:10:56,0.00128710,53.57000000
2018-02-26 16:10:56,0.00128700,0.03000000
2018-02-26 16:10:57,0.00128700,3.00000000
2018-02-26 16:10:57,0.00128750,7.80000000
2018-02-26 16:10:57,0.00128700,7.81000000
2018-02-26 16:10:57,0.00128700,6.70000000
2018-02-26 16:10:57,0.00128700,162.79000000
2018-02-26 16:10:57,0.00128920,74.75000000
2018-02-26 16:10:57,0.00128920,1.21000000
2018-02-26 16:10:57,0.00128920,223.71000000
2018-02-26 16:10:58,0.00128700,21.38000000
2018-02-26 16:10:58,0.00128700,27.07000000
2018-02-26 16:10:58,0.00128910,37.24000000
2018-02-26 16:10:58,0.00128700,1.51000000
2018-02-26 16:10:59,0.00128780,3.00000000
2018-02-26 16:10:59,0.00128700,48.87000000
2018-02-26 16:10:59,0.00128700,224.92000000
2018-02-26 16:11:00,0.00128890,19.99000000
2018-02-26 16:11:00,0.00128900,6.50000000
2018-02-26 16:11:00,0.00128920,30.73000000
2018-02-26 16:11:01,0.00128910,18.63000000
2018-02-26 16:11:02,0.00128710,67.81000000
2018-02-26 16:11:02,0.00128700,1604.72000000
2018-02-26 16:11:03,0.00128700,3.27000000
2018-02-26 16:11:03,0.00128730,8.41000000
2018-02-26 16:11:05,0.00128730,3.96000000
2018-02-26 16:11:07,0.00128710,0.89000000
2018-02-26 16:11:07,0.00128710,5.54000000
2018-02-26 16:11:08,0.00128700,3.90000000
2018-02-26 16:11:09,0.00128700,8.53000000
2018-02-26 16:11:09,0.00128710,3.54000000
2018-02-26 16:11:10,0.00128700,14.26000000
2018-02-26 16:11:10,0.00128710,98.79000000
2018-02-26 16:11:10,0.00128730,72.01000000
2018-02-26 16:11:12,0.00128730,9.18000000
2018-02-26 16:11:13,0.00128730,77.68000000
2018-02-26 16:11:13,0.00128730,37.14000000
2018-02-26 16:11:13,0.00128730,46.19000000
2018-02-26 16:11:15,0.00128730,52.13000000
2018-02-26 16:11:19,0.00128740,2.75000000
2018-02-26 16:11:19,0.00128740,6.94000000
2018-02-26 16:11:19,0.00128740,7.80000000
2018-02-26 16:11:19,0.00128740,7.80000000
2018-02-26 16:11:22,0.00128760,67.81000000
2018-02-26 16:11:22,0.00128770,55.89000000
2018-02-26 16:11:22,0.00128780,3.25000000
2018-02-26 16:11:23,0.00128800,2.54000000
2018-02-26 16:11:23,0.00128740,5.00000000
2018-02-26 16:11:24,0.00128740,147.12000000
2018-02-26 16:11:24,0.00128740,7.29000000
2018-02-26 16:11:24,0.00128740,125.31000000
2018-02-26 16:11:24,0.00128740,326.24000000
2018-02-26 16:11:24,0.00128740,19.34000000
2018-02-26 16:11:27,0.00128800,39.65000000
2018-02-26 16:11:27,0.00128900,7.80000000
2018-02-26 16:11:27,0.00128900,14.85000000
2018-02-26 16:11:28,0.00128900,40.49000000
2018-02-26 16:11:28,0.00128740,18.16000000
2018-02-26 16:11:32,0.00128820,277.13000000
2018-02-26 16:11:33,0.00128900,3.37000000
2018-02-26 16:11:34,0.00128900,9.38000000
2018-02-26 16:11:35,0.00128750,3.00000000
2018-02-26 16:11:36,0.00128750,1.20000000
2018-02-26 16:11:37,0.00128750,11.65000000
2018-02-26 16:11:37,0.00128750,31.19000000
2018-02-26 16:11:37,0.00128750,23.98000000
2018-02-26 16:11:38,0.00128890,55.00000000
2018-02-26 16:11:38,0.00128890,1.31000000
2018-02-26 16:11:38,0.00128890,7.75000000
2018-02-26 16:11:38,0.00128890,19.19000000
2018-02-26 16:11:38,0.00128890,1.21000000
2018-02-26 16:11:39,0.00128890,37.79000000
2018-02-26 16:11:39,0.00128750,14.39000000
2018-02-26 16:11:39,0.00128750,21.81000000
2018-02-26 16:11:39,0.00128900,171.95000000
2018-02-26 16:11:39,0.00128910,2.94000000
2018-02-26 16:11:40,0.00128890,65.30000000
2018-02-26 16:11:41,0.00128890,2.00000000
2018-02-26 16:11:42,0.00128890,1.31000000
2018-02-26 16:11:43,0.00128890,9.83000000
2018-02-26 16:11:43,0.00128750,4.70000000
2018-02-26 16:11:44,0.00128750,15.75000000
2018-02-26 16:11:44,0.00128900,43.00000000
2018-02-26 16:11:44,0.00128900,8.34000000
2018-02-26 16:11:44,0.00128900,1.67000000
2018-02-26 16:11:44,0.00128750,1.67000000
2018-02-26 16:11:44,0.00128750,7.75000000
2018-02-26 16:11:45,0.00128750,15.27000000
2018-02-26 16:11:45,0.00128750,51.52000000
2018-02-26 16:11:47,0.00128880,6.67000000
2018-02-26 16:11:47,0.00128900,38.07000000
2018-02-26 16:11:47,0.00128900,403.78000000
2018-02-26 16:11:47,0.00128750,35.15000000
2018-02-26 16:11:50,0.00128820,43.57000000
2018-02-26 16:11:57,0.00128820,4.00000000
2018-02-26 16:11:57,0.00128890,67.24000000
2018-02-26 16:11:57,0.00128900,38.07000000
2018-02-26 16:11:57,0.00128920,12.55000000
2018-02-26 16:11:57,0.00128920,1.08000000
2018-02-26 16:11:58,0.00128920,40.52000000
2018-02-26 16:12:02,0.00128820,1.26000000
2018-02-26 16:12:05,0.00128850,299.16000000
2018-02-26 16:12:06,0.00128900,300.76000000
2018-02-26 16:12:06,0.00128900,99.59000000
2018-02-26 16:12:06,0.00128900,308.53000000
2018-02-26 16:12:06,0.00128920,237.79000000
2018-02-26 16:12:06,0.00128990,200.00000000
2018-02-26 16:12:06,0.00129000,753.68000000
2018-02-26 16:12:07,0.00128900,1.47000000
2018-02-26 16:12:07,0.00128900,1.53000000
2018-02-26 16:12:08,0.00128900,8.82000000
2018-02-26 16:12:08,0.00128900,10.00000000
2018-02-26 16:12:09,0.00128900,8.65000000
2018-02-26 16:12:09,0.00128900,10.00000000
2018-02-26 16:12:09,0.00128900,9.99000000
2018-02-26 16:12:09,0.00128900,26.51000000
2018-02-26 16:12:10,0.00128900,1.00000000
2018-02-26 16:12:10,0.00129000,247.72000000
2018-02-26 16:12:10,0.00129160,3.00000000
2018-02-26 16:12:10,0.00129160,37.68000000
2018-02-26 16:12:11,0.00129160,0.26000000
2018-02-26 16:12:11,0.00128920,51.88000000
2018-02-26 16:12:12,0.00129000,5.63000000
2018-02-26 16:12:12,0.00129280,8.56000000
2018-02-26 16:12:12,0.00128960,1.00000000
2018-02-26 16:12:13,0.00128960,6.79000000
2018-02-26 16:12:13,0.00128960,0.01000000
2018-02-26 16:12:13,0.00128930,3.37000000
2018-02-26 16:12:13,0.00128930,23.21000000
2018-02-26 16:12:13,0.00128970,8.62000000
2018-02-26 16:12:13,0.00128930,6.38000000
2018-02-26 16:12:13,0.00128930,1.31000000
2018-02-26 16:12:15,0.00128930,1.31000000
2018-02-26 16:12:15,0.00129000,34.75000000
2018-02-26 16:12:18,0.00129000,20.00000000
2018-02-26 16:12:18,0.00129000,1.99000000
2018-02-26 16:12:19,0.00129000,55.87000000
2018-02-26 16:12:20,0.00129000,17.92000000
2018-02-26 16:12:20,0.00129000,10.00000000
2018-02-26 16:12:20,0.00129100,65.61000000
2018-02-26 16:12:22,0.00129000,19.93000000
2018-02-26 16:12:23,0.00129000,7.41000000
2018-02-26 16:12:26,0.00129000,123.87000000
2018-02-26 16:12:28,0.00129000,19.16000000
2018-02-26 16:12:32,0.00129140,35.58000000
2018-02-26 16:12:32,0.00129150,8.62000000
2018-02-26 16:12:32,0.00129230,1.60000000
2018-02-26 16:12:32,0.00129250,3.99000000
2018-02-26 16:12:32,0.00129250,37.38000000
2018-02-26 16:12:33,0.00129250,8.67000000
2018-02-26 16:12:33,0.00129250,21.59000000
2018-02-26 16:12:33,0.00129250,2.34000000
2018-02-26 16:12:33,0.00129250,4.32000000
2018-02-26 16:12:33,0.00129250,93.54000000
2018-02-26 16:12:33,0.00129250,0.01000000
2018-02-26 16:12:33,0.00129000,65.75000000
2018-02-26 16:12:36,0.00129100,3.15000000
2018-02-26 16:12:36,0.00129150,321.20000000
2018-02-26 16:12:38,0.00129210,3.87000000
2018-02-26 16:12:38,0.00129260,14.62000000
2018-02-26 16:12:38,0.00129260,1.30000000
2018-02-26 16:12:39,0.00129260,16.70000000
2018-02-26 16:12:39,0.00129260,2.27000000
2018-02-26 16:12:39,0.00129260,82.64000000
2018-02-26 16:12:41,0.00129290,72.22000000
2018-02-26 16:12:41,0.00129300,0.90000000
2018-02-26 16:12:41,0.00129310,93.24000000
2018-02-26 16:12:41,0.00129390,12.00000000
2018-02-26 16:12:41,0.00129400,194.94000000
2018-02-26 16:12:41,0.00129410,298.07000000
2018-02-26 16:12:41,0.00129110,3.80000000
2018-02-26 16:12:43,0.00129400,3.80000000
2018-02-26 16:12:43,0.00129410,1.21000000
2018-02-26 16:12:44,0.00129150,1.12000000
2018-02-26 16:12:44,0.00129380,6.18000000
2018-02-26 16:12:48,0.00129150,3.00000000
2018-02-26 16:12:48,0.00129370,15.43000000
2018-02-26 16:12:49,0.00129270,87.15000000
2018-02-26 16:12:49,0.00129190,7.79000000
2018-02-26 16:12:50,0.00129370,1.28000000
2018-02-26 16:12:50,0.00129380,111.25000000
2018-02-26 16:12:50,0.00129190,0.01000000
2018-02-26 16:12:50,0.00129150,4.66000000
2018-02-26 16:12:50,0.00129150,1.30000000
2018-02-26 16:12:50,0.00129350,7.80000000
2018-02-26 16:12:50,0.00129380,4.20000000
2018-02-26 16:12:50,0.00129370,2.28000000
2018-02-26 16:12:50,0.00129380,11.38000000
2018-02-26 16:12:50,0.00129390,7.80000000
2018-02-26 16:12:50,0.00129400,80.07000000
2018-02-26 16:12:51,0.00129160,1.30000000
2018-02-26 16:12:51,0.00129180,7.79000000
2018-02-26 16:12:54,0.00129200,1.30000000
2018-02-26 16:12:54,0.00129200,28.85000000
2018-02-26 16:12:55,0.00129230,7.79000000
2018-02-26 16:12:56,0.00129230,0.01000000
2018-02-26 16:12:56,0.00129210,67.16000000
2018-02-26 16:12:56,0.00129200,80.29000000
2018-02-26 16:12:56,0.00129200,1.30000000
2018-02-26 16:12:57,0.00129200,34.35000000
2018-02-26 16:12:58,0.00129200,49.31000000
2018-02-26 16:12:59,0.00129230,2.38000000
2018-02-26 16:13:02,0.00129230,12.89000000
2018-02-26 16:13:02,0.00129220,72.81000000
2018-02-26 16:13:03,0.00129340,67.16000000
2018-02-26 16:13:03,0.00129350,7.80000000
2018-02-26 16:13:03,0.00129380,17.80000000
2018-02-26 16:13:03,0.00129390,79.90000000
2018-02-26 16:13:03,0.00129400,229.17000000
2018-02-26 16:13:03,0.00129400,164.13000000
2018-02-26 16:13:04,0.00129400,0.04000000
2018-02-26 16:13:04,0.00129400,163.39000000
2018-02-26 16:13:04,0.00129400,0.02000000
2018-02-26 16:13:04,0.00129220,16.67000000
2018-02-26 16:13:04,0.00129210,2.13000000
2018-02-26 16:13:04,0.00129410,2.13000000
2018-02-26 16:13:05,0.00129300,342.74000000
2018-02-26 16:13:06,0.00129380,1.00000000
2018-02-26 16:13:06,0.00129390,26.34000000
2018-02-26 16:13:06,0.00129390,472.66000000
2018-02-26 16:13:09,0.00129370,69.91000000
2018-02-26 16:13:10,0.00129370,1.01000000
2018-02-26 16:13:10,0.00129370,68.78000000
2018-02-26 16:13:10,0.00129390,3.54000000
2018-02-26 16:13:10,0.00129390,1.30000000
2018-02-26 16:13:10,0.00129400,2.00000000
2018-02-26 16:13:10,0.00129390,40.64000000
2018-02-26 16:13:10,0.00129390,5.00000000
2018-02-26 16:13:11,0.00129390,121.27000000
2018-02-26 16:13:12,0.00129390,40.73000000
2018-02-26 16:13:12,0.00129390,7.79000000
2018-02-26 16:13:12,0.00129400,45.72000000
2018-02-26 16:13:14,0.00129390,5.87000000
2018-02-26 16:13:14,0.00129390,8.01000000
2018-02-26 16:13:15,0.00129390,2.00000000
2018-02-26 16:13:15,0.00129390,7.72000000
2018-02-26 16:13:15,0.00129240,1.30000000
2018-02-26 16:13:15,0.00129400,18.86000000
2018-02-26 16:13:16,0.00129240,6.50000000
2018-02-26 16:13:16,0.00129210,14.27000000
2018-02-26 16:13:16,0.00129200,54.12000000
2018-02-26 16:13:16,0.00129180,13.26000000
2018-02-26 16:13:17,0.00129390,3.00000000
2018-02-26 16:13:17,0.00129240,109.18000000
2018-02-26 16:13:17,0.00129100,1.54000000
2018-02-26 16:13:18,0.00129350,73.97000000
2018-02-26 16:13:18,0.00129390,4.80000000
2018-02-26 16:13:18,0.00129400,36.21000000
2018-02-26 16:13:18,0.00129410,302.25000000
2018-02-26 16:13:19,0.00129240,3.43000000
2018-02-26 16:13:19,0.00129240,41.10000000
2018-02-26 16:13:20,0.00129410,1.00000000
2018-02-26 16:13:21,0.00129390,12.00000000
2018-02-26 16:13:21,0.00129410,42.87000000
2018-02-26 16:13:22,0.00129190,3.53000000
2018-02-26 16:13:23,0.00129400,2.15000000
2018-02-26 16:13:24,0.00129320,12.74000000
2018-02-26 16:13:25,0.00129320,0.94000000
2018-02-26 16:13:25,0.00129320,5.49000000
2018-02-26 16:13:25,0.00129320,11.83000000
2018-02-26 16:13:25,0.00129320,10.50000000
2018-02-26 16:13:25,0.00129320,64.56000000
2018-02-26 16:13:25,0.00129320,47.82000000
2018-02-26 16:13:27,0.00129320,1.94000000
2018-02-26 16:13:28,0.00129400,1.38000000
2018-02-26 16:13:28,0.00129410,8.59000000
2018-02-26 16:13:29,0.00129370,5.34000000
2018-02-26 16:13:30,0.00129350,0.20000000
2018-02-26 16:13:30,0.00129350,364.57000000
2018-02-26 16:13:30,0.00129350,0.20000000
2018-02-26 16:13:30,0.00129320,197.54000000
2018-02-26 16:13:31,0.00129400,9.96000000
2018-02-26 16:13:34,0.00129320,10.00000000
2018-02-26 16:13:34,0.00129400,93.87000000
2018-02-26 16:13:34,0.00129410,284.37000000
2018-02-26 16:13:35,0.00129410,26.02000000
2018-02-26 16:13:35,0.00129440,18.00000000
2018-02-26 16:13:35,0.00129460,19.12000000
2018-02-26 16:13:37,0.00129460,7.76000000
2018-02-26 16:13:38,0.00129320,17.96000000
2018-02-26 16:13:39,0.00129450,8.23000000
2018-02-26 16:13:39,0.00129320,77.46000000
2018-02-26 16:13:40,0.00129320,129.81000000
2018-02-26 16:13:40,0.00129370,1.26000000
2018-02-26 16:13:40,0.00129460,47.17000000
2018-02-26 16:13:40,0.00129470,23.09000000
2018-02-26 16:13:44,0.00129240,110.73000000
2018-02-26 16:13:44,0.00129200,51.49000000
2018-02-26 16:13:46,0.00129270,3.14000000
2018-02-26 16:13:46,0.00129270,1.96000000
2018-02-26 16:13:46,0.00129450,132.14000000
2018-02-26 16:13:49,0.00129440,51.49000000
2018-02-26 16:13:49,0.00129450,76.53000000
2018-02-26 16:13:51,0.00129310,131.22000000
2018-02-26 16:13:52,0.00129360,2.00000000
2018-02-26 16:13:52,0.00129450,13.00000000
2018-02-26 16:13:54,0.00129450,20.61000000
2018-02-26 16:13:55,0.00129450,7.22000000
2018-02-26 16:13:55,0.00129450,129.21000000
2018-02-26 16:13:55,0.00129450,6.82000000
2018-02-26 16:13:55,0.00129470,65.41000000
2018-02-26 16:13:57,0.00129470,44.06000000
2018-02-26 16:13:57,0.00129480,7.30000000
2018-02-26 16:14:00,0.00129470,476.66000000
2018-02-26 16:14:02,0.00129470,24.52000000
2018-02-26 16:14:02,0.00129470,174.02000000
2018-02-26 16:14:02,0.00129480,185.65000000
2018-02-26 16:14:02,0.00129490,118.22000000
2018-02-26 16:14:06,0.00129460,386.81000000
2018-02-26 16:14:06,0.00129490,12.46000000
2018-02-26 16:14:08,0.00129450,43.84000000
2018-02-26 16:14:09,0.00129450,11.34000000
2018-02-26 16:14:09,0.00129410,1401.27000000
2018-02-26 16:14:10,0.00129270,2.70000000
2018-02-26 16:14:10,0.00129250,66.93000000
2018-02-26 16:14:10,0.00129240,189.22000000
2018-02-26 16:14:10,0.00129190,382.63000000
2018-02-26 16:14:10,0.00129160,3.89000000
2018-02-26 16:14:10,0.00129400,48.24000000
2018-02-26 16:14:11,0.00129400,101.00000000
2018-02-26 16:14:13,0.00129070,1.96000000
2018-02-26 16:14:13,0.00129070,1.91000000
2018-02-26 16:14:13,0.00129050,6.00000000
2018-02-26 16:14:13,0.00129040,7.80000000
2018-02-26 16:14:13,0.00129020,134.29000000
2018-02-26 16:14:14,0.00129050,2.34000000
2018-02-26 16:14:14,0.00129350,6.00000000
2018-02-26 16:14:14,0.00129380,7.80000000
2018-02-26 16:14:14,0.00129400,363.76000000
2018-02-26 16:14:14,0.00129370,1.92000000
2018-02-26 16:14:15,0.00129090,7.80000000
2018-02-26 16:14:16,0.00129100,8.14000000
2018-02-26 16:14:16,0.00129100,0.51000000
2018-02-26 16:14:17,0.00129190,153.25000000
2018-02-26 16:14:18,0.00129070,1.72000000
2018-02-26 16:14:22,0.00129070,1.57000000
2018-02-26 16:14:23,0.00129070,59.04000000
2018-02-26 16:14:25,0.00129070,57.01000000
2018-02-26 16:14:26,0.00129070,1.96000000
2018-02-26 16:14:27,0.00129070,2.00000000
2018-02-26 16:14:27,0.00129050,3.66000000
2018-02-26 16:14:27,0.00129010,89.41000000
2018-02-26 16:14:27,0.00129000,11.00000000
2018-02-26 16:14:28,0.00128980,1.94000000
2018-02-26 16:14:28,0.00129070,37.79000000
2018-02-26 16:14:29,0.00129070,730.86000000
2018-02-26 16:14:29,0.00129270,3.89000000
2018-02-26 16:14:29,0.00129280,31.37000000
2018-02-26 16:14:29,0.00129290,66.93000000
2018-02-26 16:14:29,0.00129300,6.02000000
2018-02-26 16:14:29,0.00129320,7.80000000
2018-02-26 16:14:29,0.00129350,6.00000000
2018-02-26 16:14:29,0.00129380,7.80000000
2018-02-26 16:14:29,0.00129400,19.33000000
2018-02-26 16:14:29,0.00128900,10.00000000
2018-02-26 16:14:29,0.00128900,2.54000000
2018-02-26 16:14:29,0.00128900,209.47000000
2018-02-26 16:14:31,0.00128900,68.46000000
2018-02-26 16:14:31,0.00128820,23.53000000
2018-02-26 16:14:31,0.00128800,13.59000000
2018-02-26 16:14:31,0.00128800,15.27000000
2018-02-26 16:14:32,0.00128840,408.84000000
2018-02-26 16:14:32,0.00128800,2.14000000
2018-02-26 16:14:32,0.00128790,3.11000000
2018-02-26 16:14:32,0.00128760,5.00000000
2018-02-26 16:14:32,0.00128770,1.00000000
2018-02-26 16:14:33,0.00128770,43.73000000
2018-02-26 16:14:33,0.00128770,32.54000000
2018-02-26 16:14:33,0.00128900,109.08000000
2018-02-26 16:14:33,0.00128900,97.24000000
2018-02-26 16:14:33,0.00128750,181.63000000
2018-02-26 16:14:33,0.00128730,32.52000000
2018-02-26 16:14:33,0.00128490,2.35000000
2018-02-26 16:14:33,0.00128480,1.55000000
2018-02-26 16:14:33,0.00128460,3.89000000
2018-02-26 16:14:33,0.00128440,2.14000000
2018-02-26 16:14:33,0.00128430,3.11000000
2018-02-26 16:14:33,0.00128350,70.02000000
2018-02-26 16:14:33,0.00128320,67.15000000
2018-02-26 16:14:33,0.00128310,44.15000000
2018-02-26 16:14:35,0.00128800,12.62000000
2018-02-26 16:14:35,0.00128800,16.34000000
2018-02-26 16:14:36,0.00128340,20.00000000
2018-02-26 16:14:36,0.00128330,53.88000000
2018-02-26 16:14:37,0.00128770,1.43000000
2018-02-26 16:14:37,0.00128340,1.86000000
2018-02-26 16:14:37,0.00128330,1.14000000
2018-02-26 16:14:37,0.00128760,5.00000000
2018-02-26 16:14:39,0.00128720,15.00000000
2018-02-26 16:14:39,0.00128740,1.86000000
2018-02-26 16:14:39,0.00128760,1.86000000
2018-02-26 16:14:39,0.00128790,5.00000000
2018-02-26 16:14:39,0.00128800,4.17000000
2018-02-26 16:14:39,0.00128710,5.00000000
2018-02-26 16:14:39,0.00128710,52.95000000
2018-02-26 16:14:39,0.00128710,7.77000000
2018-02-26 16:14:39,0.00128800,39.65000000
2018-02-26 16:14:39,0.00128990,2.35000000
2018-02-26 16:14:41,0.00128720,8.65000000
2018-02-26 16:14:41,0.00128760,6.43000000
2018-02-26 16:14:41,0.00128710,37.72000000
2018-02-26 16:14:43,0.00128850,175.28000000
2018-02-26 16:14:43,0.00129000,2.01000000
2018-02-26 16:14:47,0.00128760,1.00000000
2018-02-26 16:14:50,0.00128760,0.94000000
2018-02-26 16:14:53,0.00128850,2.40000000
2018-02-26 16:14:53,0.00128990,32.18000000
2018-02-26 16:14:55,0.00128880,430.87000000
2018-02-26 16:15:00,0.00128800,2.00000000
2018-02-26 16:15:01,0.00128820,7.79000000
2018-02-26 16:15:02,0.00128820,0.01000000
2018-02-26 16:15:02,0.00128800,5.80000000
2018-02-26 16:15:02,0.00128770,67.10000000
2018-02-26 16:15:02,0.00128760,200.05000000
2018-02-26 16:15:02,0.00128660,3.89000000
2018-02-26 16:15:02,0.00128500,1.07000000
2018-02-26 16:15:02,0.00128310,32.67000000
2018-02-26 16:15:03,0.00128500,2.00000000
2018-02-26 16:15:03,0.00128320,3.11000000
2018-02-26 16:15:04,0.00128760,0.90000000
2018-02-26 16:15:08,0.00128560,196.83000000
2018-02-26 16:15:08,0.00128760,2.00000000
2018-02-26 16:15:08,0.00128380,0.18000000
2018-02-26 16:15:09,0.00128380,1.88000000
2018-02-26 16:15:10,0.00128380,10.00000000
2018-02-26 16:15:10,0.00128750,1.00000000
2018-02-26 16:15:11,0.00128380,12.39000000
2018-02-26 16:15:13,0.00128730,0.10000000
2018-02-26 16:15:15,0.00128720,1.06000000
2018-02-26 16:15:15,0.00128730,1.46000000
2018-02-26 16:15:15,0.00128600,19.73000000
2018-02-26 16:15:16,0.00128730,2.25000000
2018-02-26 16:15:16,0.00128600,93.29000000
2018-02-26 16:15:20,0.00128740,0.30000000
2018-02-26 16:15:21,0.00128600,83.02000000
2018-02-26 16:15:22,0.00128610,3.47000000
2018-02-26 16:15:23,0.00128740,3.24000000
2018-02-26 16:15:24,0.00128610,16.13000000
2018-02-26 16:15:24,0.00128600,3.32000000
2018-02-26 16:15:24,0.00128600,3.09000000
2018-02-26 16:15:26,0.00128700,35.37000000
2018-02-26 16:15:26,0.00128610,2.80000000
2018-02-26 16:15:26,0.00128600,34.20000000
2018-02-26 16:15:26,0.00128650,452.42000000
2018-02-26 16:15:27,0.00128600,78.36000000
2018-02-26 16:15:31,0.00128600,22.40000000
2018-02-26 16:15:32,0.00128600,1.06000000
2018-02-26 16:15:32,0.00128600,160.49000000
2018-02-26 16:15:34,0.00128600,13.24000000
2018-02-26 16:15:36,0.00128410,154.81000000
2018-02-26 16:15:36,0.00128400,9.27000000
2018-02-26 16:15:36,0.00128600,31.96000000
2018-02-26 16:15:36,0.00128700,6.00000000
2018-02-26 16:15:36,0.00128710,18.85000000
2018-02-26 16:15:36,0.00128720,13.89000000
2018-02-26 16:15:36,0.00128760,8.15000000
2018-02-26 16:15:37,0.00128760,0.47000000
2018-02-26 16:15:39,0.00128760,1.31000000
2018-02-26 16:15:40,0.00128910,221.91000000
2018-02-26 16:15:40,0.00128920,65.90000000
2018-02-26 16:15:44,0.00128850,218.86000000
2018-02-26 16:15:52,0.00128770,0.84000000
2018-02-26 16:15:53,0.00128800,1.31000000
2018-02-26 16:15:53,0.00128800,1.31000000
2018-02-26 16:15:54,0.00128800,4.41000000
2018-02-26 16:15:55,0.00128950,21.72000000
2018-02-26 16:15:55,0.00128950,152.93000000
2018-02-26 16:15:55,0.00128950,7.75000000
2018-02-26 16:15:55,0.00128950,33.03000000
2018-02-26 16:15:55,0.00128950,10.00000000
2018-02-26 16:15:55,0.00128950,8.80000000
2018-02-26 16:15:55,0.00128800,0.53000000
2018-02-26 16:15:55,0.00128800,7.71000000
2018-02-26 16:15:57,0.00128860,66.14000000
2018-02-26 16:15:57,0.00128860,408.31000000
2018-02-26 16:15:58,0.00128800,7.80000000
2018-02-26 16:15:58,0.00128770,0.02000000
2018-02-26 16:15:58,0.00128760,3.50000000
2018-02-26 16:15:59,0.00128850,45.00000000
2018-02-26 16:15:59,0.00128760,328.84000000
2018-02-26 16:16:00,0.00128760,3.84000000
2018-02-26 16:16:02,0.00128760,54.82000000
2018-02-26 16:16:04,0.00128760,2.52000000
2018-02-26 16:16:06,0.00128760,3.03000000
2018-02-26 16:16:06,0.00128850,5.62000000
2018-02-26 16:16:07,0.00128850,1.00000000
2018-02-26 16:16:07,0.00128850,1.31000000
2018-02-26 16:16:08,0.00128850,1.87000000
2018-02-26 16:16:09,0.00128850,20.19000000
2018-02-26 16:16:13,0.00128860,11.91000000
2018-02-26 16:16:13,0.00128860,11.34000000
2018-02-26 16:16:13,0.00128850,0.01000000
2018-02-26 16:16:19,0.00128800,9.10000000
2018-02-26 16:16:19,0.00128800,75.25000000
2018-02-26 16:16:19,0.00128770,9.08000000
2018-02-26 16:16:19,0.00128770,37.94000000
2018-02-26 16:16:19,0.00128760,36.62000000
2018-02-26 16:16:24,0.00128800,9.18000000
2018-02-26 16:16:24,0.00128840,6.66000000
2018-02-26 16:16:24,0.00128850,67.16000000
2018-02-26 16:16:26,0.00128850,17.73000000
2018-02-26 16:16:26,0.00128830,9.72000000
2018-02-26 16:16:26,0.00128760,14.85000000
2018-02-26 16:16:26,0.00128760,216.23000000
2018-02-26 16:16:28,0.00128750,20.00000000
2018-02-26 16:16:28,0.00128760,115.66000000
2018-02-26 16:16:28,0.00128850,13.83000000
2018-02-26 16:16:28,0.00128860,42.89000000
2018-02-26 16:16:28,0.00128940,7.80000000
2018-02-26 16:16:28,0.00128960,15.60000000
2018-02-26 16:16:28,0.00128980,24.22000000
2018-02-26 16:16:28,0.00128690,7.34000000
2018-02-26 16:16:34,0.00128500,0.99000000
2018-02-26 16:16:37,0.00128680,0.99000000
2018-02-26 16:16:37,0.00128690,1.01000000
2018-02-26 16:16:38,0.00128540,7.00000000
2018-02-26 16:16:42,0.00128690,96.96000000
2018-02-26 16:16:44,0.00128610,262.93000000
2018-02-26 16:16:48,0.00128540,13.00000000
2018-02-26 16:16:52,0.00128540,41.83000000
2018-02-26 16:16:52,0.00128690,19.44000000
2018-02-26 16:16:52,0.00128800,14.73000000
2018-02-26 16:17:03,0.00128530,7.79000000
2018-02-26 16:17:06,0.00128530,0.01000000
2018-02-26 16:17:06,0.00128500,1.20000000
2018-02-26 16:17:06,0.00128510,29.37000000
2018-02-26 16:17:11,0.00128500,8.78000000
2018-02-26 16:17:11,0.00128450,4.11000000
2018-02-26 16:17:12,0.00128530,1.39000000
2018-02-26 16:17:22,0.00128510,7.91000000
2018-02-26 16:17:26,0.00128470,284.96000000
2018-02-26 16:17:28,0.00128490,5.00000000
2018-02-26 16:17:28,0.00128510,149.75000000
2018-02-26 16:17:30,0.00128500,5.00000000
2018-02-26 16:17:30,0.00128510,64.95000000
2018-02-26 16:17:31,0.00128450,17.69000000
2018-02-26 16:17:31,0.00128500,4.11000000
2018-02-26 16:17:31,0.00128450,65.20000000
2018-02-26 16:17:31,0.00128390,13.19000000
2018-02-26 16:17:31,0.00128380,1.00000000
2018-02-26 16:17:32,0.00128340,81.60000000
2018-02-26 16:17:32,0.00128370,5.00000000
2018-02-26 16:17:32,0.00128370,10.00000000
2018-02-26 16:17:32,0.00128370,0.27000000
2018-02-26 16:17:32,0.00128380,7.51000000
2018-02-26 16:17:32,0.00128380,10.26000000
2018-02-26 16:17:32,0.00128380,6.60000000
2018-02-26 16:17:32,0.00128380,28.49000000
2018-02-26 16:17:32,0.00128380,28.53000000
2018-02-26 16:17:32,0.00128380,28.50000000
2018-02-26 16:17:32,0.00128380,74.04000000
2018-02-26 16:17:32,0.00128380,1.43000000
2018-02-26 16:17:33,0.00128380,5.00000000
2018-02-26 16:17:33,0.00128380,61.07000000
2018-02-26 16:17:33,0.00128380,49.18000000
2018-02-26 16:17:38,0.00128510,22.79000000
2018-02-26 16:17:39,0.00128510,66.43000000
2018-02-26 16:17:42,0.00128510,15.00000000
2018-02-26 16:17:42,0.00128510,7.76000000
2018-02-26 16:17:42,0.00128510,0.43000000
2018-02-26 16:17:42,0.00128530,3.89000000
2018-02-26 16:17:42,0.00128600,13.68000000
2018-02-26 16:17:42,0.00128370,7.76000000
2018-02-26 16:17:45,0.00128440,51.41000000
2018-02-26 16:17:48,0.00128380,1.84000000
2018-02-26 16:17:48,0.00128370,2.25000000
2018-02-26 16:17:48,0.00128340,100.03000000
2018-02-26 16:17:49,0.00128340,9.33000000
2018-02-26 16:17:49,0.00128340,3.91000000
2018-02-26 16:17:49,0.00128340,48.79000000
2018-02-26 16:17:49,0.00128500,1.00000000
2018-02-26 16:17:50,0.00128500,1.00000000
2018-02-26 16:17:56,0.00128440,2.01000000
2018-02-26 16:17:56,0.00128530,6.71000000
2018-02-26 16:17:56,0.00128530,2.63000000
2018-02-26 16:17:58,0.00128530,12.17000000
2018-02-26 16:17:58,0.00128500,2.68000000
2018-02-26 16:17:59,0.00128500,13.76000000
2018-02-26 16:18:02,0.00128440,62.21000000
2018-02-26 16:18:03,0.00128500,0.02000000
2018-02-26 16:18:07,0.00128540,307.00000000
2018-02-26 16:18:12,0.00128510,408.91000000
2018-02-26 16:18:12,0.00128500,16.12000000
2018-02-26 16:18:12,0.00128440,18.21000000
2018-02-26 16:18:12,0.00128380,12.69000000
2018-02-26 16:18:12,0.00128340,15.00000000
2018-02-26 16:18:12,0.00128330,35.89000000
2018-02-26 16:18:12,0.00128320,33.35000000
2018-02-26 16:18:15,0.00128500,94.50000000
2018-02-26 16:18:17,0.00128600,203.09000000
2018-02-26 16:18:17,0.00128800,22.42000000
2018-02-26 16:18:17,0.00128830,7.80000000
2018-02-26 16:18:17,0.00128840,12.00000000
2018-02-26 16:18:17,0.00128850,1399.36000000
2018-02-26 16:18:19,0.00128510,42.61000000
2018-02-26 16:18:20,0.00128580,20.00000000
2018-02-26 16:18:20,0.00128590,1.81000000
2018-02-26 16:18:25,0.00128660,72.95000000
2018-02-26 16:18:27,0.00128800,8.38000000
2018-02-26 16:18:27,0.00128810,6.00000000
2018-02-26 16:18:27,0.00128850,34.46000000
2018-02-26 16:18:27,0.00128980,48.90000000
2018-02-26 16:18:27,0.00129000,52.26000000
2018-02-26 16:18:29,0.00128990,20.00000000
2018-02-26 16:18:29,0.00129000,24.41000000
2018-02-26 16:18:30,0.00128790,2.79000000
2018-02-26 16:18:31,0.00128790,1.10000000
2018-02-26 16:18:31,0.00128800,6.23000000
2018-02-26 16:18:36,0.00128550,20.00000000
2018-02-26 16:18:36,0.00128540,34.55000000
2018-02-26 16:18:36,0.00128510,1.58000000
2018-02-26 16:18:36,0.00128500,0.32000000
2018-02-26 16:18:36,0.00128340,9.80000000
2018-02-26 16:18:37,0.00128560,328.54000000
2018-02-26 16:18:38,0.00128790,8.63000000
2018-02-26 16:18:39,0.00128790,1.00000000
2018-02-26 16:18:39,0.00128390,14.30000000
2018-02-26 16:18:39,0.00128380,29.63000000
2018-02-26 16:18:39,0.00128370,5.05000000
2018-02-26 16:18:40,0.00128790,3.61000000
2018-02-26 16:18:41,0.00128680,1.31000000
2018-02-26 16:18:41,0.00128680,1.98000000
2018-02-26 16:18:41,0.00128680,13.10000000
2018-02-26 16:18:41,0.00128690,1.37000000
2018-02-26 16:18:41,0.00128670,8.30000000
2018-02-26 16:18:42,0.00128690,4.63000000
2018-02-26 16:18:46,0.00128790,5.16000000
2018-02-26 16:18:48,0.00128690,0.37000000
2018-02-26 16:18:48,0.00128380,3.89000000
2018-02-26 16:18:48,0.00128370,3.01000000
2018-02-26 16:18:48,0.00128340,2.08000000
2018-02-26 16:18:50,0.00128770,2.00000000
2018-02-26 16:18:50,0.00128770,2.00000000
2018-02-26 16:18:50,0.00128770,2.00000000
2018-02-26 16:18:50,0.00128770,11.15000000
2018-02-26 16:18:50,0.00128770,2.00000000
2018-02-26 16:18:51,0.00128560,94.98000000
2018-02-26 16:18:51,0.00128370,39.15000000
2018-02-26 16:18:51,0.00128360,13.87000000
2018-02-26 16:18:51,0.00128350,72.77000000
2018-02-26 16:18:51,0.00128340,36.35000000
2018-02-26 16:18:52,0.00128660,12.00000000
2018-02-26 16:18:53,0.00128770,9.83000000
2018-02-26 16:18:54,0.00128770,6.28000000
2018-02-26 16:18:55,0.00128770,26.43000000
2018-02-26 16:18:58,0.00128440,3.17000000
2018-02-26 16:18:58,0.00128450,0.23000000
2018-02-26 16:19:00,0.00128450,0.23000000
2018-02-26 16:19:05,0.00128720,3.40000000
2018-02-26 16:19:05,0.00128730,29.03000000
2018-02-26 16:19:05,0.00128710,7.80000000
2018-02-26 16:19:06,0.00128730,64.23000000
2018-02-26 16:19:06,0.00128740,71.71000000
2018-02-26 16:19:06,0.00128780,3.00000000
2018-02-26 16:19:06,0.00128780,72.10000000
2018-02-26 16:19:06,0.00128790,13.00000000
2018-02-26 16:19:06,0.00128800,83.88000000
2018-02-26 16:19:06,0.00128810,6.00000000
2018-02-26 16:19:06,0.00128990,17.99000000
2018-02-26 16:19:06,0.00129000,108.77000000
2018-02-26 16:19:07,0.00128740,67.18000000
2018-02-26 16:19:07,0.00128740,283.39000000
2018-02-26 16:19:12,0.00129000,497.33000000
2018-02-26 16:19:13,0.00128750,20.00000000
2018-02-26 16:19:13,0.00128740,45.79000000
2018-02-26 16:19:18,0.00129000,47.34000000
2018-02-26 16:19:18,0.00129030,5.43000000
2018-02-26 16:19:18,0.00129060,3.75000000
2018-02-26 16:19:18,0.00129300,118.89000000
2018-02-26 16:19:18,0.00129370,76.51000000
2018-02-26 16:19:18,0.00129380,46.34000000
2018-02-26 16:19:19,0.00128770,107.55000000
2018-02-26 16:19:23,0.00129080,117.02000000
2018-02-26 16:19:25,0.00129330,10.02000000
2018-02-26 16:19:27,0.00128850,14.37000000
2018-02-26 16:19:27,0.00128840,6.96000000
2018-02-26 16:19:27,0.00129150,6.00000000
2018-02-26 16:19:27,0.00129300,8.37000000
2018-02-26 16:19:27,0.00129310,20.00000000
2018-02-26 16:19:27,0.00129320,0.90000000
2018-02-26 16:19:30,0.00128860,1.00000000
2018-02-26 16:19:32,0.00129270,3.88000000
2018-02-26 16:19:32,0.00129280,11.62000000
2018-02-26 16:19:32,0.00129320,4.16000000
2018-02-26 16:19:33,0.00128890,16.08000000
2018-02-26 16:19:36,0.00128900,12.00000000
2018-02-26 16:19:36,0.00128880,3.88000000
2018-02-26 16:19:36,0.00128880,188.14000000
2018-02-26 16:19:36,0.00129040,107.55000000
2018-02-26 16:19:36,0.00129050,76.92000000
2018-02-26 16:19:40,0.00129040,4.04000000
2018-02-26 16:19:40,0.00129050,110.92000000
2018-02-26 16:19:41,0.00128890,1.31000000
2018-02-26 16:19:41,0.00129050,1.69000000
2018-02-26 16:19:42,0.00129050,183.08000000
2018-02-26 16:19:42,0.00129130,17.71000000
2018-02-26 16:19:42,0.00129200,12.00000000
2018-02-26 16:19:42,0.00129220,54.21000000
2018-02-26 16:19:43,0.00129210,23.05000000
2018-02-26 16:19:43,0.00129050,5.68000000
2018-02-26 16:19:45,0.00129050,1.00000000
2018-02-26 16:19:46,0.00129050,14.00000000
2018-02-26 16:19:46,0.00129050,10.00000000
2018-02-26 16:19:47,0.00129050,4.95000000
2018-02-26 16:19:47,0.00129050,2.74000000
2018-02-26 16:19:49,0.00129050,71.84000000
2018-02-26 16:19:50,0.00129120,139.05000000
2018-02-26 16:19:51,0.00129050,0.49000000
2018-02-26 16:19:57,0.00129030,10.57000000
2018-02-26 16:19:57,0.00129040,3.88000000
2018-02-26 16:20:00,0.00129040,9.07000000
2018-02-26 16:20:00,0.00129030,7.74000000
2018-02-26 16:20:00,0.00129000,200.62000000
2018-02-26 16:20:03,0.00129040,0.15000000
2018-02-26 16:20:03,0.00129050,109.60000000
2018-02-26 16:20:05,0.00129220,10.22000000
2018-02-26 16:20:07,0.00129160,394.64000000
2018-02-26 16:20:11,0.00129120,4.41000000
2018-02-26 16:20:12,0.00129220,5.27000000
2018-02-26 16:20:12,0.00129300,100.23000000
2018-02-26 16:20:12,0.00129310,7.44000000
2018-02-26 16:20:15,0.00129310,1.00000000
2018-02-26 16:20:16,0.00129160,1.00000000
2018-02-26 16:20:20,0.00129310,454.71000000
2018-02-26 16:20:20,0.00129320,129.79000000
2018-02-26 16:20:20,0.00129380,70.99000000
2018-02-26 16:20:23,0.00129260,161.08000000
2018-02-26 16:20:23,0.00129310,80.26000000
2018-02-26 16:20:24,0.00129310,14.05000000
2018-02-26 16:20:24,0.00129310,12.93000000
2018-02-26 16:20:25,0.00129370,42.46000000
2018-02-26 16:20:26,0.00129300,215.65000000
2018-02-26 16:20:26,0.00129370,6.31000000
2018-02-26 16:20:26,0.00129380,410.97000000
2018-02-26 16:20:26,0.00129400,42.07000000
2018-02-26 16:20:27,0.00129400,305.66000000
2018-02-26 16:20:27,0.00129400,122.85000000
2018-02-26 16:20:27,0.00129400,366.79000000
2018-02-26 16:20:27,0.00129400,366.81000000
2018-02-26 16:20:27,0.00129400,148.75000000
2018-02-26 16:20:27,0.00129410,69.40000000
2018-02-26 16:20:28,0.00129400,1.38000000
2018-02-26 16:20:28,0.00129400,1.50000000
2018-02-26 16:20:28,0.00129400,132.23000000
2018-02-26 16:20:29,0.00129370,24.99000000
2018-02-26 16:20:30,0.00129410,1.38000000
2018-02-26 16:20:30,0.00129380,1.38000000
2018-02-26 16:20:31,0.00129380,51.37000000
2018-02-26 16:20:32,0.00129380,1.00000000
2018-02-26 16:20:32,0.00129380,15.16000000
2018-02-26 16:20:32,0.00129380,194.33000000
2018-02-26 16:20:32,0.00129310,10.00000000
2018-02-26 16:20:32,0.00129390,71.04000000
2018-02-26 16:20:33,0.00129160,17.23000000
2018-02-26 16:20:35,0.00129390,23.39000000
2018-02-26 16:20:37,0.00129320,8.82000000
2018-02-26 16:20:37,0.00129320,3.46000000
2018-02-26 16:20:37,0.00129320,23.68000000
2018-02-26 16:20:42,0.00129320,94.21000000
2018-02-26 16:20:42,0.00129320,124.59000000
2018-02-26 16:20:42,0.00129270,416.67000000
2018-02-26 16:20:45,0.00129270,6.00000000
2018-02-26 16:20:46,0.00129270,1.65000000
2018-02-26 16:20:49,0.00129270,2.00000000
2018-02-26 16:20:53,0.00129390,208.47000000
2018-02-26 16:20:56,0.00129390,226.77000000
2018-02-26 16:20:57,0.00129270,1.30000000
2018-02-26 16:20:59,0.00129390,43.51000000
2018-02-26 16:21:00,0.00129390,2.12000000
2018-02-26 16:21:00,0.00129390,30.00000000
2018-02-26 16:21:03,0.00129340,182.63000000
2018-02-26 16:21:06,0.00129300,548.80000000
2018-02-26 16:21:06,0.00129270,11.55000000
2018-02-26 16:21:07,0.00129390,42.65000000
2018-02-26 16:21:07,0.00129300,12.60000000
2018-02-26 16:21:09,0.00129280,3.85000000
2018-02-26 16:21:09,0.00129280,0.01000000
2018-02-26 16:21:09,0.00129270,16.31000000
2018-02-26 16:21:12,0.00129300,1.00000000
2018-02-26 16:21:20,0.00129280,14.01000000
2018-02-26 16:21:20,0.00129290,438.22000000
2018-02-26 16:21:28,0.00129300,12.29000000
2018-02-26 16:21:29,0.00129290,27.70000000
2018-02-26 16:21:34,0.00129280,100.89000000
2018-02-26 16:21:34,0.00129270,32.24000000
2018-02-26 16:21:36,0.00129290,10.00000000
2018-02-26 16:21:36,0.00129280,241.20000000
2018-02-26 16:21:36,0.00129270,385.76000000
2018-02-26 16:21:36,0.00129270,95.66000000
2018-02-26 16:21:37,0.00129270,1.55000000
2018-02-26 16:21:40,0.00129270,72.05000000
2018-02-26 16:21:40,0.00129280,204.66000000
2018-02-26 16:21:43,0.00129290,0.96000000
2018-02-26 16:21:45,0.00129270,443.37000000
2018-02-26 16:21:53,0.00129270,48.96000000
2018-02-26 16:21:55,0.00129170,1.00000000
2018-02-26 16:21:56,0.00129250,42.06000000
2018-02-26 16:21:56,0.00129270,26.79000000
2018-02-26 16:21:56,0.00129290,123.00000000
2018-02-26 16:21:56,0.00129270,3.85000000
2018-02-26 16:21:58,0.00129270,185.04000000
2018-02-26 16:21:58,0.00129170,69.75000000
2018-02-26 16:21:58,0.00129160,11.21000000
2018-02-26 16:21:59,0.00129270,281.66000000
2018-02-26 16:22:00,0.00129270,390.34000000
2018-02-26 16:22:00,0.00129280,1.10000000
2018-02-26 16:22:00,0.00129270,1.00000000
2018-02-26 16:22:01,0.00129270,12.00000000
2018-02-26 16:22:02,0.00129280,460.25000000
2018-02-26 16:22:02,0.00129270,38.78000000
2018-02-26 16:22:06,0.00129290,574.45000000
2018-02-26 16:22:06,0.00129290,14.50000000
2018-02-26 16:22:06,0.00129290,1.00000000
2018-02-26 16:22:07,0.00129300,39.29000000
2018-02-26 16:22:08,0.00129290,85.29000000
2018-02-26 16:22:09,0.00129290,67.56000000
2018-02-26 16:22:12,0.00129290,31.90000000
2018-02-26 16:22:13,0.00129290,15.35000000
2018-02-26 16:22:13,0.00129290,30.64000000
2018-02-26 16:22:13,0.00129290,3.54000000
2018-02-26 16:22:16,0.00129300,226.70000000
2018-02-26 16:22:18,0.00129300,23.35000000
2018-02-26 16:22:19,0.00129300,34.53000000
2018-02-26 16:22:19,0.00129300,64.03000000
2018-02-26 16:22:20,0.00129300,24.07000000
2018-02-26 16:22:25,0.00129300,1.00000000
2018-02-26 16:22:27,0.00129300,70.96000000
2018-02-26 16:22:27,0.00129300,50.00000000
2018-02-26 16:22:27,0.00129310,0.02000000
2018-02-26 16:22:28,0.00129300,1.15000000
2018-02-26 16:22:29,0.00129300,41.70000000
2018-02-26 16:22:31,0.00129310,0.98000000
2018-02-26 16:22:31,0.00129320,1.00000000
2018-02-26 16:22:33,0.00129300,67.03000000
2018-02-26 16:22:34,0.00129310,12.00000000
2018-02-26 16:22:34,0.00129300,1.03000000
2018-02-26 16:22:34,0.00129300,117.48000000
2018-02-26 16:22:35,0.00129300,1.63000000
2018-02-26 16:22:35,0.00129330,482.29000000
2018-02-26 16:22:36,0.00129290,1.60000000
2018-02-26 16:22:38,0.00129290,49.32000000
2018-02-26 16:22:40,0.00129300,14.54000000
2018-02-26 16:22:40,0.00129300,7.80000000
2018-02-26 16:22:40,0.00129300,61.52000000
2018-02-26 16:22:43,0.00129290,2.68000000
2018-02-26 16:22:44,0.00129290,1.30000000
2018-02-26 16:22:44,0.00129290,1.30000000
2018-02-26 16:22:44,0.00129290,46.38000000
2018-02-26 16:22:45,0.00129290,10.98000000
2018-02-26 16:22:51,0.00129290,383.58000000
2018-02-26 16:22:53,0.00129300,12.76000000
2018-02-26 16:22:55,0.00129290,17.71000000
2018-02-26 16:22:55,0.00129300,771.41000000
2018-02-26 16:22:57,0.00129290,73.96000000
2018-02-26 16:23:02,0.00129290,37.67000000
2018-02-26 16:23:04,0.00129300,19.59000000
2018-02-26 16:23:08,0.00129300,130.41000000
2018-02-26 16:23:08,0.00129290,36.40000000
2018-02-26 16:23:08,0.00129390,10.00000000
2018-02-26 16:23:08,0.00129400,18.32000000
2018-02-26 16:23:09,0.00129340,15.17000000
2018-02-26 16:23:10,0.00129400,9.41000000
2018-02-26 16:23:16,0.00129400,497.04000000
2018-02-26 16:23:16,0.00129410,178.93000000
2018-02-26 16:23:16,0.00129460,3.27000000
2018-02-26 16:23:16,0.00129480,73.74000000
2018-02-26 16:23:16,0.00129490,203.55000000
2018-02-26 16:23:16,0.00129500,519.87000000
2018-02-26 16:23:18,0.00129310,67.38000000
2018-02-26 16:23:18,0.00129300,32.62000000
2018-02-26 16:23:19,0.00129500,59.92000000
2018-02-26 16:23:19,0.00129500,349.09000000
2018-02-26 16:23:19,0.00129500,9.59000000
2018-02-26 16:23:19,0.00129500,40.29000000
2018-02-26 16:23:19,0.00129500,0.90000000
2018-02-26 16:23:19,0.00129510,30.91000000
2018-02-26 16:23:19,0.00129500,52.25000000
2018-02-26 16:23:19,0.00129500,3.12000000
2018-02-26 16:23:19,0.00129500,67.38000000
2018-02-26 16:23:20,0.00129500,54.40000000
2018-02-26 16:23:21,0.00129500,10.88000000
2018-02-26 16:23:21,0.00129550,70.92000000
2018-02-26 16:23:21,0.00129560,9.38000000
2018-02-26 16:23:21,0.00129500,2.12000000
2018-02-26 16:23:25,0.00129510,1.30000000
2018-02-26 16:23:25,0.00129510,23.69000000
2018-02-26 16:23:27,0.00129550,1.68000000
2018-02-26 16:23:28,0.00129570,5.60000000
2018-02-26 16:23:28,0.00129580,1.58000000
2018-02-26 16:23:28,0.00129590,1.56000000
2018-02-26 16:23:28,0.00129550,1.50000000
2018-02-26 16:23:30,0.00129570,1.50000000
2018-02-26 16:23:31,0.00129580,270.76000000
2018-02-26 16:23:32,0.00129570,1.50000000
2018-02-26 16:23:33,0.00129570,21.04000000
2018-02-26 16:23:35,0.00129600,5.00000000
2018-02-26 16:23:38,0.00129610,0.86000000
2018-02-26 16:23:38,0.00129620,3.89000000
2018-02-26 16:23:38,0.00129640,0.99000000
2018-02-26 16:23:38,0.00129640,24.00000000
2018-02-26 16:23:38,0.00129650,15.84000000
2018-02-26 16:23:38,0.00129700,21.32000000
2018-02-26 16:23:40,0.00129700,15.26000000
2018-02-26 16:23:41,0.00129640,3.00000000
2018-02-26 16:23:42,0.00129700,5.08000000
2018-02-26 16:23:43,0.00129700,64.67000000
2018-02-26 16:23:43,0.00129710,2.35000000
2018-02-26 16:23:43,0.00129720,3.33000000
2018-02-26 16:23:43,0.00129760,48.20000000
2018-02-26 16:23:43,0.00129770,4.65000000
2018-02-26 16:23:43,0.00129800,14.88000000
2018-02-26 16:23:44,0.00129750,7.52000000
2018-02-26 16:23:45,0.00129800,94.65000000
2018-02-26 16:23:48,0.00129800,211.52000000
2018-02-26 16:23:48,0.00129800,7.90000000
2018-02-26 16:23:49,0.00129800,1.05000000
2018-02-26 16:23:49,0.00129820,9.35000000
2018-02-26 16:23:49,0.00129860,27.49000000
2018-02-26 16:23:49,0.00129870,10.46000000
2018-02-26 16:23:49,0.00129880,8.05000000
2018-02-26 16:23:49,0.00129890,73.42000000
2018-02-26 16:23:49,0.00129900,134.80000000
2018-02-26 16:23:49,0.00129910,2.50000000
2018-02-26 16:23:49,0.00129920,115.06000000
2018-02-26 16:23:50,0.00129850,37.21000000
2018-02-26 16:23:51,0.00129910,70.00000000
2018-02-26 16:23:51,0.00129800,8.83000000
2018-02-26 16:23:51,0.00129800,7.64000000
2018-02-26 16:23:52,0.00129800,3.89000000
2018-02-26 16:23:53,0.00129850,392.25000000
2018-02-26 16:23:53,0.00129800,359.72000000
2018-02-26 16:23:53,0.00129800,426.33000000
2018-02-26 16:23:54,0.00129920,77.86000000
2018-02-26 16:23:54,0.00129940,173.02000000
2018-02-26 16:23:54,0.00129950,107.65000000
2018-02-26 16:23:54,0.00129980,164.72000000
2018-02-26 16:23:54,0.00129990,0.03000000
2018-02-26 16:23:56,0.00129990,69.94000000
2018-02-26 16:23:57,0.00129990,361.50000000
2018-02-26 16:23:57,0.00130000,3853.07000000
2018-02-26 16:23:58,0.00130000,2.79000000
2018-02-26 16:23:58,0.00129990,1.83000000
2018-02-26 16:23:58,0.00130000,108.61000000
2018-02-26 16:23:59,0.00130020,5.43000000
2018-02-26 16:23:59,0.00130070,615.09000000
2018-02-26 16:23:59,0.00130090,30.31000000
2018-02-26 16:23:59,0.00130100,361.66000000
2018-02-26 16:23:59,0.00130130,44.73000000
2018-02-26 16:23:59,0.00130190,1.63000000
2018-02-26 16:23:59,0.00130200,9.23000000
2018-02-26 16:23:59,0.00130210,8.83000000
2018-02-26 16:23:59,0.00130230,90.39000000
2018-02-26 16:23:59,0.00130230,21.55000000
2018-02-26 16:23:59,0.00130290,45.95000000
2018-02-26 16:23:59,0.00130350,2.33000000
2018-02-26 16:23:59,0.00130400,6.60000000
2018-02-26 16:23:59,0.00130460,3.75000000
2018-02-26 16:23:59,0.00130490,119.82000000
2018-02-26 16:24:03,0.00130490,0.01000000
2018-02-26 16:24:03,0.00130050,1.00000000
2018-02-26 16:24:04,0.00130490,22.68000000
2018-02-26 16:24:04,0.00130490,8.63000000
2018-02-26 16:24:04,0.00130490,9.00000000
2018-02-26 16:24:04,0.00130490,5.00000000
2018-02-26 16:24:04,0.00130490,1.73000000
2018-02-26 16:24:04,0.00130500,1.23000000
2018-02-26 16:24:04,0.00130490,60.28000000
2018-02-26 16:24:05,0.00130490,66.87000000
2018-02-26 16:24:05,0.00130500,36.49000000
2018-02-26 16:24:05,0.00130490,1.12000000
2018-02-26 16:24:06,0.00130500,238.30000000
2018-02-26 16:24:06,0.00130500,8.62000000
2018-02-26 16:24:06,0.00130500,1459.31000000
2018-02-26 16:24:06,0.00130500,62.29000000
2018-02-26 16:24:06,0.00130490,66.92000000
2018-02-26 16:24:07,0.00130600,100.00000000
2018-02-26 16:24:07,0.00130600,9.23000000
2018-02-26 16:24:07,0.00130600,2.10000000
2018-02-26 16:24:07,0.00130600,19.57000000
2018-02-26 16:24:07,0.00130660,1.66000000
2018-02-26 16:24:07,0.00130710,22.75000000
2018-02-26 16:24:07,0.00130790,0.84000000
2018-02-26 16:24:07,0.00130800,12.39000000
2018-02-26 16:24:07,0.00130810,6.45000000
2018-02-26 16:24:07,0.00130850,42.27000000
2018-02-26 16:24:07,0.00130850,53.68000000
2018-02-26 16:24:07,0.00130600,3.92000000
2018-02-26 16:24:07,0.00130600,1.29000000
2018-02-26 16:24:07,0.00130600,2.10000000
2018-02-26 16:24:07,0.00130600,1.37000000
2018-02-26 16:24:08,0.00130600,8.33000000
2018-02-26 16:24:08,0.00130600,3.35000000
2018-02-26 16:24:08,0.00130600,11.66000000
2018-02-26 16:24:08,0.00130600,2.00000000
2018-02-26 16:24:08,0.00130660,81.50000000
2018-02-26 16:24:09,0.00130850,17.00000000
2018-02-26 16:24:09,0.00130660,22.42000000
2018-02-26 16:24:09,0.00130850,11.29000000
2018-02-26 16:24:09,0.00130660,11.66000000
2018-02-26 16:24:09,0.00130660,3.29000000
2018-02-26 16:24:09,0.00130660,2.80000000
2018-02-26 16:24:09,0.00130660,12.11000000
2018-02-26 16:24:09,0.00130660,15.55000000
2018-02-26 16:24:10,0.00130850,217.81000000
2018-02-26 16:24:10,0.00130660,7.57000000
2018-02-26 16:24:10,0.00130850,13.28000000
2018-02-26 16:24:10,0.00130660,1.30000000
2018-02-26 16:24:10,0.00130850,117.50000000
2018-02-26 16:24:10,0.00130750,5.00000000
2018-02-26 16:24:10,0.00130750,287.31000000
2018-02-26 16:24:10,0.00130670,67.23000000
2018-02-26 16:24:10,0.00130660,6.25000000
2018-02-26 16:24:11,0.00130750,2.34000000
2018-02-26 16:24:11,0.00130660,1.53000000
2018-02-26 16:24:12,0.00130750,2.66000000
2018-02-26 16:24:12,0.00130830,0.66000000
2018-02-26 16:24:12,0.00130830,3.75000000
2018-02-26 16:24:12,0.00130840,67.23000000
2018-02-26 16:24:12,0.00130850,243.47000000
2018-02-26 16:24:12,0.00130850,1.12000000
2018-02-26 16:24:12,0.00130850,0.65000000
2018-02-26 16:24:13,0.00130800,0.43000000
2018-02-26 16:24:13,0.00130850,6.24000000
2018-02-26 16:24:13,0.00130850,1.30000000
2018-02-26 16:24:13,0.00130850,4.99000000
2018-02-26 16:24:13,0.00130850,1.49000000
2018-02-26 16:24:13,0.00130850,80.22000000
2018-02-26 16:24:13,0.00130850,116.82000000
2018-02-26 16:24:13,0.00130880,21.95000000
2018-02-26 16:24:13,0.00130900,17.05000000
2018-02-26 16:24:14,0.00130900,0.83000000
2018-02-26 16:24:15,0.00130900,2.38000000
2018-02-26 16:24:15,0.00130850,1.00000000
2018-02-26 16:24:15,0.00130900,100.00000000
2018-02-26 16:24:15,0.00130850,5.00000000
2018-02-26 16:24:16,0.00130850,4.83000000
2018-02-26 16:24:16,0.00130850,100.00000000
2018-02-26 16:24:17,0.00130850,19.99000000
2018-02-26 16:24:17,0.00130900,8.27000000
2018-02-26 16:24:17,0.00130900,21.47000000
2018-02-26 16:24:17,0.00130950,39.00000000
2018-02-26 16:24:17,0.00130900,2.78000000
2018-02-26 16:24:18,0.00130900,1.31000000
2018-02-26 16:24:18,0.00130900,2.00000000
2018-02-26 16:24:19,0.00130900,1.00000000
2018-02-26 16:24:19,0.00130900,11.91000000
2018-02-26 16:24:19,0.00130950,10.09000000
2018-02-26 16:24:19,0.00130900,1.00000000
2018-02-26 16:24:19,0.00130900,747.36000000
2018-02-26 16:24:19,0.00130850,52.64000000
2018-02-26 16:24:19,0.00130850,68.11000000
2018-02-26 16:24:20,0.00130850,65.71000000
2018-02-26 16:24:20,0.00130850,5.00000000
2018-02-26 16:24:20,0.00130900,10.49000000
2018-02-26 16:24:20,0.00130950,76.08000000
2018-02-26 16:24:20,0.00130970,280.93000000
2018-02-26 16:24:20,0.00130990,123.08000000
2018-02-26 16:24:20,0.00131000,135.32000000
2018-02-26 16:24:20,0.00130850,9.42000000
2018-02-26 16:24:20,0.00131000,61.01000000
2018-02-26 16:24:21,0.00130850,3.11000000
2018-02-26 16:24:21,0.00130850,2.44000000
2018-02-26 16:24:21,0.00130850,11.45000000
2018-02-26 16:24:22,0.00130910,58.75000000
2018-02-26 16:24:22,0.00130990,43.06000000
2018-02-26 16:24:22,0.00130850,181.66000000
2018-02-26 16:24:22,0.00130990,169.32000000
2018-02-26 16:24:22,0.00130850,2.78000000
2018-02-26 16:24:23,0.00130990,100.89000000
2018-02-26 16:24:23,0.00130990,15.21000000
2018-02-26 16:24:23,0.00130850,65.50000000
2018-02-26 16:24:23,0.00130850,1.00000000
2018-02-26 16:24:23,0.00130900,4.90000000
2018-02-26 16:24:23,0.00130850,7.14000000
2018-02-26 16:24:23,0.00130900,95.10000000
2018-02-26 16:24:23,0.00130990,17.92000000
2018-02-26 16:24:24,0.00130850,5.00000000
2018-02-26 16:24:24,0.00130850,204.23000000
2018-02-26 16:24:24,0.00130850,98.91000000
2018-02-26 16:24:24,0.00130850,9.00000000
2018-02-26 16:24:25,0.00130850,115.00000000
2018-02-26 16:24:26,0.00130850,6.17000000
2018-02-26 16:24:26,0.00130850,1.47000000
2018-02-26 16:24:26,0.00130790,16.40000000
2018-02-26 16:24:26,0.00130850,5.08000000
2018-02-26 16:24:27,0.00130660,0.95000000
2018-02-26 16:24:27,0.00130610,66.65000000
2018-02-26 16:24:27,0.00130600,92.09000000
2018-02-26 16:24:27,0.00130850,52.61000000
2018-02-26 16:24:28,0.00130850,5.00000000
2018-02-26 16:24:28,0.00130850,92.16000000
2018-02-26 16:24:29,0.00130600,1.96000000
2018-02-26 16:24:29,0.00130660,78.76000000
2018-02-26 16:24:30,0.00130600,26.13000000
2018-02-26 16:24:30,0.00130650,66.65000000
2018-02-26 16:24:31,0.00130600,15.72000000
2018-02-26 16:24:31,0.00130600,1.92000000
2018-02-26 16:24:31,0.00130600,1.45000000
2018-02-26 16:24:31,0.00130850,41.56000000
2018-02-26 16:24:31,0.00130900,33.75000000
2018-02-26 16:24:32,0.00130610,3.52000000
2018-02-26 16:24:33,0.00130650,2.50000000
2018-02-26 16:24:35,0.00130650,2.70000000
2018-02-26 16:24:35,0.00130710,314.34000000
2018-02-26 16:24:36,0.00130520,1.00000000
2018-02-26 16:24:37,0.00130520,8.52000000
2018-02-26 16:24:37,0.00130520,7.62000000
2018-02-26 16:24:37,0.00130520,430.93000000
2018-02-26 16:24:37,0.00130790,3.52000000
2018-02-26 16:24:37,0.00130800,19.55000000
2018-02-26 16:24:38,0.00130500,5.03000000
2018-02-26 16:24:39,0.00130500,16.17000000
2018-02-26 16:24:39,0.00130610,17.00000000
2018-02-26 16:24:39,0.00130510,2.04000000
2018-02-26 16:24:39,0.00130510,64.74000000
2018-02-26 16:24:39,0.00130500,2.63000000
2018-02-26 16:24:40,0.00130610,234.17000000
2018-02-26 16:24:40,0.00130500,3.68000000
2018-02-26 16:24:41,0.00130800,7.00000000
2018-02-26 16:24:42,0.00130610,87.00000000
2018-02-26 16:24:42,0.00130500,6.48000000
2018-02-26 16:24:42,0.00130490,144.59000000
2018-02-26 16:24:42,0.00130490,791.88000000
2018-02-26 16:24:42,0.00130520,7.66000000
2018-02-26 16:24:43,0.00130800,43.60000000
2018-02-26 16:24:43,0.00130800,66.78000000
2018-02-26 16:24:43,0.00130800,14.52000000
2018-02-26 16:24:43,0.00130800,50.00000000
2018-02-26 16:24:43,0.00130800,5.00000000
2018-02-26 16:24:44,0.00130800,20.19000000
2018-02-26 16:24:44,0.00130840,125.79000000
2018-02-26 16:24:44,0.00130850,108.99000000
2018-02-26 16:24:44,0.00130890,78.05000000
2018-02-26 16:24:44,0.00130900,53.35000000
2018-02-26 16:24:44,0.00130990,226.69000000
2018-02-26 16:24:44,0.00131000,1806.82000000
2018-02-26 16:24:44,0.00130800,3.43000000
2018-02-26 16:24:45,0.00130800,53.36000000
2018-02-26 16:24:45,0.00130800,112.34000000
2018-02-26 16:24:46,0.00130650,9.60000000
2018-02-26 16:24:48,0.00130800,475.41000000
2018-02-26 16:24:48,0.00131000,415.10000000
2018-02-26 16:24:48,0.00130650,0.01000000
2018-02-26 16:24:49,0.00130650,9.56000000
2018-02-26 16:24:49,0.00131000,21.84000000
2018-02-26 16:24:50,0.00130820,80.78000000
2018-02-26 16:24:51,0.00130700,59.92000000
2018-02-26 16:24:51,0.00130990,5.00000000
2018-02-26 16:24:51,0.00131000,20.61000000
2018-02-26 16:24:53,0.00130670,3.87000000
2018-02-26 16:24:53,0.00130660,12.18000000
2018-02-26 16:24:55,0.00130960,12.00000000
2018-02-26 16:24:55,0.00130990,16.79000000
2018-02-26 16:24:55,0.00131000,109.56000000
2018-02-26 16:24:55,0.00130680,1.94000000
2018-02-26 16:24:59,0.00130950,1.94000000
2018-02-26 16:24:59,0.00130960,3.82000000
2018-02-26 16:25:00,0.00130900,14.57000000
2018-02-26 16:25:03,0.00130920,1.00000000
2018-02-26 16:25:04,0.00130940,336.37000000
2018-02-26 16:25:05,0.00130950,4.87000000
2018-02-26 16:25:05,0.00130960,12.00000000
2018-02-26 16:25:05,0.00131000,950.90000000
2018-02-26 16:25:06,0.00131000,7.66000000
2018-02-26 16:25:06,0.00131000,5.58000000
2018-02-26 16:25:09,0.00131010,1.10000000
2018-02-26 16:25:10,0.00131010,2.72000000
2018-02-26 16:25:11,0.00131010,4.50000000
2018-02-26 16:25:11,0.00131010,15.00000000
2018-02-26 16:25:11,0.00131010,337.08000000
2018-02-26 16:25:11,0.00131060,1.91000000
2018-02-26 16:25:11,0.00131100,5.73000000
2018-02-26 16:25:11,0.00131120,9.97000000
2018-02-26 16:25:11,0.00131130,45.80000000
2018-02-26 16:25:11,0.00131150,109.89000000
2018-02-26 16:25:11,0.00131160,282.96000000
2018-02-26 16:25:12,0.00131160,3.36000000
2018-02-26 16:25:12,0.00131160,1.85000000
2018-02-26 16:25:13,0.00131150,2.12000000
2018-02-26 16:25:13,0.00131150,2.29000000
2018-02-26 16:25:13,0.00131150,0.81000000
2018-02-26 16:25:14,0.00131150,1.00000000
2018-02-26 16:25:14,0.00131150,12.34000000
2018-02-26 16:25:15,0.00131160,193.84000000
2018-02-26 16:25:16,0.00131160,12.73000000
2018-02-26 16:25:16,0.00131160,15.00000000
2018-02-26 16:25:17,0.00131200,9.23000000
2018-02-26 16:25:17,0.00131200,3.02000000
2018-02-26 16:25:17,0.00131200,1.84000000
2018-02-26 16:25:17,0.00131200,4.25000000
2018-02-26 16:25:17,0.00131200,95.93000000
2018-02-26 16:25:18,0.00131200,1.35000000
2018-02-26 16:25:19,0.00131200,1.29000000
2018-02-26 16:25:19,0.00131200,2.78000000
2018-02-26 16:25:19,0.00131200,9.11000000
2018-02-26 16:25:19,0.00131210,14.17000000
2018-02-26 16:25:19,0.00131220,12.55000000
2018-02-26 16:25:19,0.00131230,2.00000000
2018-02-26 16:25:19,0.00131290,5.94000000
2018-02-26 16:25:19,0.00131300,12.64000000
2018-02-26 16:25:19,0.00131350,21.00000000
2018-02-26 16:25:19,0.00131380,112.00000000
2018-02-26 16:25:19,0.00131450,9.49000000
2018-02-26 16:25:20,0.00131390,15.01000000
2018-02-26 16:25:20,0.00131400,6.00000000
2018-02-26 16:25:20,0.00131450,24.00000000
2018-02-26 16:25:20,0.00131200,506.73000000
2018-02-26 16:25:20,0.00131200,9.47000000
2018-02-26 16:25:21,0.00131200,5.00000000
2018-02-26 16:25:21,0.00131440,56.59000000
2018-02-26 16:25:21,0.00131450,103.34000000
2018-02-26 16:25:21,0.00131460,45.66000000
2018-02-26 16:25:21,0.00131470,190.76000000
2018-02-26 16:25:21,0.00131500,142.41000000
2018-02-26 16:25:21,0.00131210,58.13000000
2018-02-26 16:25:22,0.00131210,8.68000000
2018-02-26 16:25:22,0.00131210,0.02000000
2018-02-26 16:25:22,0.00131200,49.98000000
2018-02-26 16:25:23,0.00131220,8.34000000
2018-02-26 16:25:23,0.00131220,0.02000000
2018-02-26 16:25:23,0.00131200,1.48000000
2018-02-26 16:25:24,0.00131490,66.83000000
2018-02-26 16:25:24,0.00131500,103.59000000
2018-02-26 16:25:24,0.00131330,1.29000000
2018-02-26 16:25:24,0.00131330,101.53000000
2018-02-26 16:25:24,0.00131200,2.65000000
2018-02-26 16:25:25,0.00131330,1.29000000
2018-02-26 16:25:25,0.00131500,85.41000000
2018-02-26 16:25:25,0.00131500,1561.74000000
2018-02-26 16:25:25,0.00131600,3.39000000
2018-02-26 16:25:25,0.00131600,51.45000000
2018-02-26 16:25:25,0.00131600,2.04000000
2018-02-26 16:25:25,0.00131600,41.57000000
2018-02-26 16:25:25,0.00131200,4.01000000
2018-02-26 16:25:25,0.00131210,6.80000000
2018-02-26 16:25:25,0.00131210,3.83000000
2018-02-26 16:25:26,0.00131320,8.36000000
2018-02-26 16:25:26,0.00131450,238.55000000
2018-02-26 16:25:26,0.00131210,7.60000000
2018-02-26 16:25:27,0.00131210,316.01000000
2018-02-26 16:25:27,0.00131200,180.62000000
2018-02-26 16:25:27,0.00131430,198.79000000
2018-02-26 16:25:27,0.00131500,1.23000000
2018-02-26 16:25:27,0.00131500,36.06000000
2018-02-26 16:25:27,0.00131200,2.78000000
2018-02-26 16:25:28,0.00131210,7.60000000
2018-02-26 16:25:28,0.00131210,50.00000000
2018-02-26 16:25:28,0.00131580,62.22000000
2018-02-26 16:25:29,0.00131480,2.11000000
2018-02-26 16:25:29,0.00131580,7.06000000
2018-02-26 16:25:29,0.00131630,16.82000000
2018-02-26 16:25:29,0.00131480,5.91000000
2018-02-26 16:25:31,0.00131480,2.78000000
2018-02-26 16:25:31,0.00131490,57.60000000
2018-02-26 16:25:32,0.00131580,21.77000000
2018-02-26 16:25:33,0.00131500,5.00000000
2018-02-26 16:25:33,0.00131580,9.33000000
2018-02-26 16:25:33,0.00131580,16.03000000
2018-02-26 16:25:34,0.00131500,2.93000000
2018-02-26 16:25:34,0.00131500,11.24000000
2018-02-26 16:25:34,0.00131580,19.93000000
2018-02-26 16:25:35,0.00131500,2.93000000
2018-02-26 16:25:35,0.00131580,114.11000000
2018-02-26 16:25:35,0.00131580,96.30000000
2018-02-26 16:25:35,0.00131500,5.00000000
2018-02-26 16:25:35,0.00131580,94.25000000
2018-02-26 16:25:36,0.00131500,5.04000000
2018-02-26 16:25:36,0.00131580,77.17000000
2018-02-26 16:25:37,0.00131580,102.03000000
2018-02-26 16:25:37,0.00131500,169.32000000
2018-02-26 16:25:38,0.00131500,50.00000000
2018-02-26 16:25:38,0.00131580,60.48000000
2018-02-26 16:25:38,0.00131580,68.00000000
2018-02-26 16:25:38,0.00131500,1.08000000
2018-02-26 16:25:38,0.00131580,13.73000000
2018-02-26 16:25:38,0.00131580,93.97000000
2018-02-26 16:25:39,0.00131580,82.90000000
2018-02-26 16:25:39,0.00131580,6.41000000
2018-02-26 16:25:39,0.00131580,8.92000000
2018-02-26 16:25:39,0.00131580,19.77000000
2018-02-26 16:25:39,0.00131580,15.78000000
2018-02-26 16:25:40,0.00131580,5.53000000
2018-02-26 16:25:40,0.00131610,6.09000000
2018-02-26 16:25:40,0.00131620,76.99000000
2018-02-26 16:25:40,0.00131630,9.00000000
2018-02-26 16:25:40,0.00131700,136.92000000
2018-02-26 16:25:40,0.00131580,8.77000000
2018-02-26 16:25:41,0.00131610,40.22000000
2018-02-26 16:25:41,0.00131580,5.59000000
2018-02-26 16:25:41,0.00131580,131.73000000
2018-02-26 16:25:41,0.00131580,16.60000000
2018-02-26 16:25:42,0.00131690,64.00000000
2018-02-26 16:25:42,0.00131580,13.59000000
2018-02-26 16:25:42,0.00131690,1.15000000
2018-02-26 16:25:45,0.00131590,1.52000000
2018-02-26 16:25:45,0.00131580,22.17000000
2018-02-26 16:25:45,0.00131630,23.13000000
2018-02-26 16:25:45,0.00131690,0.05000000
2018-02-26 16:25:45,0.00131630,1.14000000
2018-02-26 16:25:45,0.00131630,334.14000000
2018-02-26 16:25:45,0.00131590,3.92000000
2018-02-26 16:25:45,0.00131630,19.23000000
2018-02-26 16:25:45,0.00131630,5.04000000
2018-02-26 16:25:45,0.00131690,207.76000000
2018-02-26 16:25:45,0.00131690,0.38000000
2018-02-26 16:25:46,0.00131690,18.70000000
2018-02-26 16:25:46,0.00131690,1.51000000
2018-02-26 16:25:46,0.00131690,5.18000000
2018-02-26 16:25:46,0.00131590,1.51000000
2018-02-26 16:25:46,0.00131590,0.81000000
2018-02-26 16:25:46,0.00131580,5.88000000
2018-02-26 16:25:46,0.00131580,6.69000000
2018-02-26 16:25:46,0.00131580,64.33000000
2018-02-26 16:25:46,0.00131700,0.04000000
2018-02-26 16:25:46,0.00131580,4.03000000
2018-02-26 16:25:46,0.00131700,17.04000000
2018-02-26 16:25:46,0.00131750,1.00000000
2018-02-26 16:25:46,0.00131780,2.00000000
2018-02-26 16:25:46,0.00131790,39.34000000
2018-02-26 16:25:47,0.00131790,40.08000000
2018-02-26 16:25:47,0.00131800,12.55000000
2018-02-26 16:25:47,0.00131810,3.03000000
2018-02-26 16:25:47,0.00131860,295.04000000
2018-02-26 16:25:47,0.00131860,3.16000000
2018-02-26 16:25:47,0.00131860,3.16000000
2018-02-26 16:25:47,0.00131860,13.69000000
2018-02-26 16:25:47,0.00131860,0.01000000
2018-02-26 16:25:47,0.00131700,13.69000000
2018-02-26 16:25:47,0.00131700,13.73000000
2018-02-26 16:25:47,0.00131700,7.58000000
2018-02-26 16:25:48,0.00131700,47.20000000
2018-02-26 16:25:48,0.00131870,10.00000000
2018-02-26 16:25:48,0.00131890,3.92000000
2018-02-26 16:25:48,0.00131900,126.72000000
2018-02-26 16:25:48,0.00131910,9.81000000
2018-02-26 16:25:48,0.00131950,1.00000000
2018-02-26 16:25:48,0.00131980,58.55000000
2018-02-26 16:25:49,0.00131710,1.28000000
2018-02-26 16:25:50,0.00131760,1.16000000
2018-02-26 16:25:50,0.00131710,2.76000000
2018-02-26 16:25:51,0.00131710,62.35000000
2018-02-26 16:25:51,0.00131730,7.58000000
2018-02-26 16:25:51,0.00131970,66.39000000
2018-02-26 16:25:51,0.00131980,103.78000000
2018-02-26 16:25:51,0.00131980,17.28000000
2018-02-26 16:25:51,0.00131980,20.70000000
2018-02-26 16:25:52,0.00131980,4.31000000
2018-02-26 16:25:52,0.00131980,1.58000000
2018-02-26 16:25:52,0.00131980,3.77000000
2018-02-26 16:25:52,0.00131980,5.00000000
2018-02-26 16:25:53,0.00131980,10.00000000
2018-02-26 16:25:53,0.00131990,2.02000000
2018-02-26 16:25:53,0.00131980,95.63000000
2018-02-26 16:25:53,0.00131730,0.01000000
2018-02-26 16:25:53,0.00131700,4.99000000
2018-02-26 16:25:53,0.00131990,1.22000000
2018-02-26 16:25:54,0.00131990,17.16000000
2018-02-26 16:25:54,0.00131980,17.06000000
2018-02-26 16:25:54,0.00131990,15.36000000
2018-02-26 16:25:54,0.00131980,17.94000000
2018-02-26 16:25:54,0.00131990,553.92000000
2018-02-26 16:25:55,0.00131980,4.80000000
2018-02-26 16:25:55,0.00131980,10.20000000
2018-02-26 16:25:56,0.00131980,48.86000000
2018-02-26 16:25:56,0.00131990,221.32000000
2018-02-26 16:25:56,0.00131990,209.60000000
2018-02-26 16:25:57,0.00131990,8.91000000
2018-02-26 16:25:57,0.00131990,77.34000000
2018-02-26 16:25:57,0.00131990,0.01000000
2018-02-26 16:25:58,0.00131980,1.30000000
2018-02-26 16:25:58,0.00131980,8.90000000
2018-02-26 16:25:58,0.00131990,8.20000000
2018-02-26 16:25:58,0.00131990,2.58000000
2018-02-26 16:25:58,0.00132000,30.75000000
2018-02-26 16:25:58,0.00132000,2470.78000000
2018-02-26 16:25:59,0.00132000,7.11000000
2018-02-26 16:25:59,0.00132010,1.00000000
2018-02-26 16:25:59,0.00132050,3.83000000
2018-02-26 16:25:59,0.00132090,8.41000000
2018-02-26 16:25:59,0.00132110,12.63000000
2018-02-26 16:25:59,0.00132000,13.88000000
2018-02-26 16:26:00,0.00132000,2.25000000
2018-02-26 16:26:00,0.00132000,305.23000000
2018-02-26 16:26:00,0.00132000,1.00000000
2018-02-26 16:26:01,0.00132140,7.93000000
2018-02-26 16:26:01,0.00132000,3.04000000
2018-02-26 16:26:02,0.00132000,1.37000000
2018-02-26 16:26:02,0.00132000,5.62000000
2018-02-26 16:26:02,0.00132000,75.00000000
2018-02-26 16:26:03,0.00132060,124.85000000
2018-02-26 16:26:03,0.00132140,10.35000000
2018-02-26 16:26:03,0.00132000,38.52000000
2018-02-26 16:26:03,0.00132000,0.91000000
2018-02-26 16:26:03,0.00132000,75.75000000
2018-02-26 16:26:03,0.00132000,60.21000000
2018-02-26 16:26:03,0.00132000,301.72000000
2018-02-26 16:26:03,0.00132000,1.59000000
2018-02-26 16:26:04,0.00132000,5.50000000
2018-02-26 16:26:04,0.00132000,693.92000000
2018-02-26 16:26:04,0.00132000,16.10000000
2018-02-26 16:26:05,0.00132140,20.00000000
2018-02-26 16:26:05,0.00132000,1.80000000
2018-02-26 16:26:06,0.00132000,23.70000000
2018-02-26 16:26:07,0.00132140,40.77000000
2018-02-26 16:26:08,0.00132000,0.54000000
2018-02-26 16:26:08,0.00132000,2.31000000
2018-02-26 16:26:08,0.00132000,71.00000000
2018-02-26 16:26:09,0.00132000,4.22000000
2018-02-26 16:26:09,0.00132140,365.57000000
2018-02-26 16:26:09,0.00132000,1.54000000
2018-02-26 16:26:11,0.00132140,59.47000000
2018-02-26 16:26:11,0.00132000,1.00000000
2018-02-26 16:26:11,0.00132000,20.00000000
2018-02-26 16:26:11,0.00132140,19.43000000
2018-02-26 16:26:11,0.00132070,2.15000000
2018-02-26 16:26:11,0.00132000,204.85000000
2018-02-26 16:26:12,0.00132130,0.76000000
2018-02-26 16:26:12,0.00132140,159.88000000
2018-02-26 16:26:12,0.00132140,0.74000000
2018-02-26 16:26:12,0.00132160,0.97000000
2018-02-26 16:26:12,0.00132170,0.29000000
2018-02-26 16:26:13,0.00132140,3.92000000
2018-02-26 16:26:13,0.00132140,238.00000000
2018-02-26 16:26:13,0.00132140,133.43000000
2018-02-26 16:26:13,0.00132010,14.11000000
2018-02-26 16:26:13,0.00132000,65.87000000
2018-02-26 16:26:13,0.00132000,1660.19000000
2018-02-26 16:26:15,0.00132170,4.71000000
2018-02-26 16:26:15,0.00132170,3.19000000
2018-02-26 16:26:15,0.00132190,23.00000000
2018-02-26 16:26:15,0.00132200,9.48000000
2018-02-26 16:26:15,0.00132200,3.88000000
2018-02-26 16:26:15,0.00132200,17.77000000
2018-02-26 16:26:15,0.00132190,1.01000000
2018-02-26 16:26:15,0.00132190,442.99000000
2018-02-26 16:26:15,0.00132010,5.00000000
2018-02-26 16:26:15,0.00132020,15.18000000
2018-02-26 16:26:16,0.00132020,50.97000000
2018-02-26 16:26:16,0.00132000,49.82000000
2018-02-26 16:26:16,0.00132190,5.00000000
2018-02-26 16:26:16,0.00132200,69.91000000
2018-02-26 16:26:16,0.00132210,1.00000000
2018-02-26 16:26:16,0.00132250,5.15000000
2018-02-26 16:26:16,0.00132290,10.00000000
2018-02-26 16:26:16,0.00132300,28.45000000
2018-02-26 16:26:16,0.00132310,1.00000000
2018-02-26 16:26:16,0.00132320,15.66000000
2018-02-26 16:26:16,0.00132200,66.15000000
2018-02-26 16:26:16,0.00132200,235.84000000
2018-02-26 16:26:17,0.00132250,380.44000000
2018-02-26 16:26:17,0.00132200,1.00000000
2018-02-26 16:26:17,0.00132200,5.00000000
2018-02-26 16:26:17,0.00132200,640.18000000
2018-02-26 16:26:17,0.00132140,345.38000000
2018-02-26 16:26:17,0.00132140,5.14000000
2018-02-26 16:26:17,0.00132000,188.51000000
2018-02-26 16:26:18,0.00132000,87.37000000
2018-02-26 16:26:18,0.00132000,307.26000000
2018-02-26 16:26:19,0.00132000,73.49000000
2018-02-26 16:26:19,0.00132140,3.71000000
2018-02-26 16:26:19,0.00131990,39.16000000
2018-02-26 16:26:20,0.00131990,3.09000000
2018-02-26 16:26:20,0.00132000,17.45000000
2018-02-26 16:26:20,0.00132000,1.98000000
2018-02-26 16:26:21,0.00132000,48.19000000
2018-02-26 16:26:21,0.00132000,55.80000000
2018-02-26 16:26:21,0.00131990,83.39000000
2018-02-26 16:26:21,0.00132000,10.83000000
2018-02-26 16:26:21,0.00131820,19.68000000
2018-02-26 16:26:21,0.00132000,51.60000000
2018-02-26 16:26:21,0.00132010,3.80000000
2018-02-26 16:26:21,0.00132140,22.90000000
2018-02-26 16:26:22,0.00131820,46.43000000
2018-02-26 16:26:22,0.00131810,273.89000000
2018-02-26 16:26:22,0.00131760,16.28000000
2018-02-26 16:26:22,0.00131700,40.35000000
2018-02-26 16:26:22,0.00132000,10.11000000
2018-02-26 16:26:22,0.00132000,26.38000000
2018-02-26 16:26:22,0.00131990,7.57000000
2018-02-26 16:26:22,0.00131700,21.88000000
2018-02-26 16:26:23,0.00131700,3.09000000
2018-02-26 16:26:23,0.00131990,58.54000000
2018-02-26 16:26:23,0.00132000,138.05000000
2018-02-26 16:26:23,0.00132000,387.57000000
2018-02-26 16:26:23,0.00132000,3.02000000
2018-02-26 16:26:23,0.00132000,7.55000000
2018-02-26 16:26:23,0.00132000,66.95000000
2018-02-26 16:26:23,0.00132140,846.07000000
2018-02-26 16:26:23,0.00131700,81.30000000
2018-02-26 16:26:23,0.00132000,7.55000000
2018-02-26 16:26:24,0.00132000,15.45000000
2018-02-26 16:26:24,0.00131820,13.62000000
2018-02-26 16:26:24,0.00131820,66.45000000
2018-02-26 16:26:24,0.00131820,1.95000000
2018-02-26 16:26:24,0.00131820,17.18000000
2018-02-26 16:26:25,0.00131820,13.72000000
2018-02-26 16:26:25,0.00131820,12.66000000
2018-02-26 16:26:25,0.00132000,30.15000000
2018-02-26 16:26:25,0.00131820,12.59000000
2018-02-26 16:26:25,0.00131820,63.50000000
2018-02-26 16:26:25,0.00131700,46.74000000
2018-02-26 16:26:26,0.00131710,26.80000000
2018-02-26 16:26:26,0.00131990,9.88000000
2018-02-26 16:26:26,0.00132000,316.81000000
2018-02-26 16:26:26,0.00132140,420.39000000
2018-02-26 16:26:26,0.00131710,1.96000000
2018-02-26 16:26:26,0.00131700,10.82000000
2018-02-26 16:26:27,0.00131820,21.21000000
2018-02-26 16:26:27,0.00131820,2.92000000
2018-02-26 16:26:27,0.00131820,3.51000000
2018-02-26 16:26:27,0.00131820,3.51000000
2018-02-26 16:26:27,0.00131820,3.50000000
2018-02-26 16:26:27,0.00131810,3.52000000
2018-02-26 16:26:27,0.00131700,25.52000000
2018-02-26 16:26:27,0.00131690,124.48000000
2018-02-26 16:26:28,0.00131720,1.68000000
2018-02-26 16:26:28,0.00131810,15.33000000
2018-02-26 16:26:28,0.00131720,4.64000000
2018-02-26 16:26:28,0.00131690,54.91000000
2018-02-26 16:26:29,0.00131690,131.12000000
2018-02-26 16:26:29,0.00131690,86.70000000
2018-02-26 16:26:29,0.00131780,0.78000000
2018-02-26 16:26:29,0.00131800,59.38000000
2018-02-26 16:26:29,0.00131820,14.78000000
2018-02-26 16:26:29,0.00131710,3.79000000
2018-02-26 16:26:30,0.00131690,59.06000000
2018-02-26 16:26:30,0.00131700,25.00000000
2018-02-26 16:26:30,0.00131700,3.83000000
2018-02-26 16:26:31,0.00131700,14.14000000
2018-02-26 16:26:31,0.00131700,81.83000000
2018-02-26 16:26:31,0.00131690,38.78000000
2018-02-26 16:26:31,0.00131690,0.09000000
2018-02-26 16:26:31,0.00131700,10.97000000
2018-02-26 16:26:32,0.00131710,33.80000000
2018-02-26 16:26:32,0.00131700,21.98000000
2018-02-26 16:26:32,0.00131690,39.70000000
2018-02-26 16:26:32,0.00131580,2.28000000
2018-02-26 16:26:32,0.00131540,3.04000000
2018-02-26 16:26:32,0.00131510,66.14000000
2018-02-26 16:26:32,0.00131500,37.42000000
2018-02-26 16:26:32,0.00131480,151.12000000
2018-02-26 16:26:32,0.00131690,87.60000000
2018-02-26 16:26:32,0.00131700,10.11000000
2018-02-26 16:26:32,0.00131480,89.36000000
2018-02-26 16:26:32,0.00131700,4.25000000
2018-02-26 16:26:32,0.00131480,2.83000000
2018-02-26 16:26:32,0.00131690,11.28000000
2018-02-26 16:26:33,0.00131480,5.00000000
2018-02-26 16:26:34,0.00131690,12.81000000
2018-02-26 16:26:34,0.00131690,10.68000000
2018-02-26 16:26:34,0.00131690,10.68000000
2018-02-26 16:26:34,0.00131690,7.57000000
2018-02-26 16:26:34,0.00131690,1.00000000
2018-02-26 16:26:34,0.00131690,9.97000000
2018-02-26 16:26:34,0.00131480,1.00000000
2018-02-26 16:26:35,0.00131690,4.36000000
2018-02-26 16:26:36,0.00131490,36.93000000
2018-02-26 16:26:36,0.00131480,14.22000000
2018-02-26 16:26:37,0.00131510,3.80000000
2018-02-26 16:26:37,0.00131480,99.41000000
2018-02-26 16:26:38,0.00131480,1.00000000
2018-02-26 16:26:38,0.00131480,2.00000000
2018-02-26 16:26:38,0.00131480,104.12000000
2018-02-26 16:26:39,0.00131480,69.40000000
2018-02-26 16:26:39,0.00131670,3.00000000
2018-02-26 16:26:39,0.00131480,3.31000000
2018-02-26 16:26:39,0.00131480,3.56000000
2018-02-26 16:26:39,0.00131670,35.72000000
2018-02-26 16:26:39,0.00131680,10.00000000
2018-02-26 16:26:39,0.00131500,2.43000000
2018-02-26 16:26:40,0.00131480,2.25000000
2018-02-26 16:26:40,0.00131500,57.62000000
2018-02-26 16:26:40,0.00131690,3.00000000
2018-02-26 16:26:40,0.00131690,14.00000000
2018-02-26 16:26:40,0.00131700,14.88000000
2018-02-26 16:26:41,0.00131480,4.00000000
2018-02-26 16:26:41,0.00131480,2.04000000
2018-02-26 16:26:41,0.00131700,5.95000000
2018-02-26 16:26:41,0.00131700,209.47000000
2018-02-26 16:26:41,0.00131710,350.39000000
2018-02-26 16:26:42,0.00131650,226.77000000
2018-02-26 16:26:43,0.00131690,18.67000000
2018-02-26 16:26:43,0.00131480,23.75000000
2018-02-26 16:26:43,0.00131810,1.25000000
2018-02-26 16:26:45,0.00131700,5.00000000
2018-02-26 16:26:45,0.00131700,26.05000000
2018-02-26 16:26:46,0.00131810,1.73000000
2018-02-26 16:26:47,0.00131710,0.86000000
2018-02-26 16:26:47,0.00131700,8.99000000
2018-02-26 16:26:47,0.00131810,0.01000000
2018-02-26 16:26:48,0.00131810,0.33000000
2018-02-26 16:26:48,0.00131980,9.91000000
2018-02-26 16:26:48,0.00131990,21.21000000
2018-02-26 16:26:48,0.00131760,2.86000000
2018-02-26 16:26:48,0.00131700,238.78000000
2018-02-26 16:26:48,0.00131480,12.96000000
2018-02-26 16:26:48,0.00131500,1.73000000
2018-02-26 16:26:49,0.00131700,1.27000000
2018-02-26 16:26:49,0.00131500,2.09000000
2018-02-26 16:26:49,0.00131490,1.64000000
2018-02-26 16:26:49,0.00131810,40.00000000
2018-02-26 16:26:50,0.00131810,19.99000000
2018-02-26 16:26:50,0.00131500,1.95000000
2018-02-26 16:26:50,0.00131650,401.99000000
2018-02-26 16:26:50,0.00131500,2.43000000
2018-02-26 16:26:50,0.00131810,6.83000000
2018-02-26 16:26:50,0.00131810,50.00000000
2018-02-26 16:26:50,0.00131810,154.99000000
2018-02-26 16:26:50,0.00131980,1.65000000
2018-02-26 16:26:50,0.00131990,25.91000000
2018-02-26 16:26:50,0.00132000,537.45000000
2018-02-26 16:26:51,0.00131710,65.97000000
2018-02-26 16:26:51,0.00131710,5.06000000
2018-02-26 16:26:52,0.00131990,4.38000000
2018-02-26 16:26:52,0.00132000,48.65000000
2018-02-26 16:26:52,0.00131810,2.50000000
2018-02-26 16:26:53,0.00131720,1.96000000
2018-02-26 16:26:54,0.00131810,4.00000000
2018-02-26 16:26:54,0.00131810,0.77000000
2018-02-26 16:26:54,0.00131810,131.00000000
2018-02-26 16:26:55,0.00131810,3.00000000
2018-02-26 16:26:55,0.00131810,31.12000000
2018-02-26 16:26:55,0.00131880,1.96000000
2018-02-26 16:26:55,0.00131900,16.92000000
2018-02-26 16:26:55,0.00131710,2.49000000
2018-02-26 16:26:57,0.00131900,69.85000000
2018-02-26 16:26:58,0.00131840,100.00000000
2018-02-26 16:26:58,0.00131840,1.02000000
2018-02-26 16:26:58,0.00131840,9.98000000
2018-02-26 16:26:58,0.00131720,66.18000000
2018-02-26 16:26:58,0.00131710,275.02000000
2018-02-26 16:26:59,0.00131710,259.65000000
2018-02-26 16:26:59,0.00131710,26.30000000
2018-02-26 16:26:59,0.00131800,3.81000000
2018-02-26 16:26:59,0.00131810,5.00000000
2018-02-26 16:26:59,0.00131900,67.23000000
2018-02-26 16:26:59,0.00131990,59.20000000
2018-02-26 16:26:59,0.00132000,5.68000000
2018-02-26 16:27:00,0.00131870,3.82000000
2018-02-26 16:27:00,0.00131880,5.86000000
2018-02-26 16:27:00,0.00131840,3.24000000
2018-02-26 16:27:00,0.00131800,0.43000000
2018-02-26 16:27:01,0.00131840,15.16000000
2018-02-26 16:27:02,0.00131800,11.93000000
2018-02-26 16:27:03,0.00131800,0.94000000
2018-02-26 16:27:03,0.00131830,60.32000000
2018-02-26 16:27:03,0.00131840,76.71000000
2018-02-26 16:27:04,0.00131850,122.20000000
2018-02-26 16:27:04,0.00131840,193.71000000
2018-02-26 16:27:07,0.00131840,7.00000000
2018-02-26 16:27:08,0.00131840,50.04000000
2018-02-26 16:27:08,0.00131810,1.41000000
2018-02-26 16:27:08,0.00131800,108.74000000
2018-02-26 16:27:09,0.00131800,22.94000000
2018-02-26 16:27:10,0.00131800,23.14000000
2018-02-26 16:27:10,0.00131840,168.43000000
2018-02-26 16:27:11,0.00131840,1.56000000
2018-02-26 16:27:12,0.00131870,4.64000000
2018-02-26 16:27:13,0.00131870,29.41000000
2018-02-26 16:27:13,0.00131880,3.03000000
2018-02-26 16:27:13,0.00131900,78.00000000
2018-02-26 16:27:13,0.00131900,35.60000000
2018-02-26 16:27:13,0.00131900,32.49000000
2018-02-26 16:27:13,0.00131900,3.00000000
2018-02-26 16:27:14,0.00131990,2.29000000
2018-02-26 16:27:14,0.00131900,15.00000000
2018-02-26 16:27:15,0.00131990,44.84000000
2018-02-26 16:27:15,0.00132000,12.20000000
2018-02-26 16:27:18,0.00132000,39.17000000
2018-02-26 16:27:19,0.00132000,148.30000000
2018-02-26 16:27:19,0.00131900,8.20000000
2018-02-26 16:27:19,0.00131900,1.00000000
2018-02-26 16:27:20,0.00131900,36.33000000
2018-02-26 16:27:21,0.00131900,162.87000000
2018-02-26 16:27:22,0.00131920,424.02000000
2018-02-26 16:27:23,0.00131900,7.54000000
2018-02-26 16:27:25,0.00131990,6.72000000
2018-02-26 16:27:25,0.00131990,82.01000000
2018-02-26 16:27:25,0.00132000,585.15000000
2018-02-26 16:27:27,0.00132000,115.88000000
2018-02-26 16:27:27,0.00132070,100.00000000
2018-02-26 16:27:27,0.00132070,0.59000000
2018-02-26 16:27:28,0.00132070,210.00000000
2018-02-26 16:27:28,0.00132000,53.41000000
2018-02-26 16:27:29,0.00132000,172.18000000
2018-02-26 16:27:30,0.00132070,3.23000000
2018-02-26 16:27:31,0.00132010,2.00000000
