DATE,PRICE,VOLUME
2018-02-26 00:00:00,0.00129100,34.88000000
2018-02-26 00:00:00,0.00129100,5.00000000
2018-02-26 00:00:00,0.00129100,1.97000000
2018-02-26 00:00:01,0.00129190,38.85000000
2018-02-26 00:00:01,0.00129200,23.85000000
2018-02-26 00:00:01,0.00129100,41.69000000
2018-02-26 00:00:02,0.00129200,53.27000000
2018-02-26 00:00:02,0.00129210,8.96000000
2018-02-26 00:00:02,0.00129100,1.97000000
2018-02-26 00:00:02,0.00129100,5.00000000
2018-02-26 00:00:02,0.00129100,43.43000000
2018-02-26 00:00:03,0.00129100,20.00000000
2018-02-26 00:00:04,0.00129110,1.70000000
2018-02-26 00:00:04,0.00129110,5.00000000
2018-02-26 00:00:05,0.00129200,34.85000000
2018-02-26 00:00:05,0.00129100,87.40000000
2018-02-26 00:00:05,0.00129000,4.14000000
2018-02-26 00:00:05,0.00128980,1.30000000
2018-02-26 00:00:05,0.00128950,3.00000000
2018-02-26 00:00:05,0.00128910,72.81000000
2018-02-26 00:00:05,0.00128900,165.92000000
2018-02-26 00:00:05,0.00128890,11.95000000
2018-02-26 00:00:05,0.00128860,3.93000000
2018-02-26 00:00:05,0.00128840,222.94000000
2018-02-26 00:00:05,0.00128800,175.41000000
2018-02-26 00:00:05,0.00128790,113.52000000
2018-02-26 00:00:06,0.00128830,47.61000000
2018-02-26 00:00:07,0.00128800,7.06000000
2018-02-26 00:00:07,0.00128840,1.97000000
2018-02-26 00:00:07,0.00129100,0.20000000
2018-02-26 00:00:08,0.00128840,1.97000000
2018-02-26 00:00:08,0.00128840,29.14000000
2018-02-26 00:00:08,0.00128840,1.65000000
2018-02-26 00:00:08,0.00128840,3.16000000
2018-02-26 00:00:08,0.00128840,32.65000000
2018-02-26 00:00:08,0.00128820,2.34000000
2018-02-26 00:00:08,0.00128790,161.71000000
2018-02-26 00:00:09,0.00129020,28.16000000
2018-02-26 00:00:09,0.00128820,11.13000000
2018-02-26 00:00:09,0.00128820,1.97000000
2018-02-26 00:00:09,0.00128840,1.98000000
2018-02-26 00:00:09,0.00128840,0.02000000
2018-02-26 00:00:09,0.00128820,1.71000000
2018-02-26 00:00:10,0.00129000,42.17000000
2018-02-26 00:00:10,0.00128820,1.97000000
2018-02-26 00:00:10,0.00128820,3.14000000
2018-02-26 00:00:10,0.00128820,1.38000000
2018-02-26 00:00:10,0.00128830,1.75000000
2018-02-26 00:00:11,0.00128830,5.52000000
2018-02-26 00:00:11,0.00128840,72.83000000
2018-02-26 00:00:11,0.00128840,481.94000000
2018-02-26 00:00:11,0.00128840,928.20000000
2018-02-26 00:00:11,0.00128840,648.25000000
2018-02-26 00:00:11,0.00128820,1.97000000
2018-02-26 00:00:11,0.00128820,1.58000000
2018-02-26 00:00:11,0.00128990,2.32000000
2018-02-26 00:00:12,0.00128820,0.95000000
2018-02-26 00:00:13,0.00128820,1.97000000
2018-02-26 00:00:13,0.00128820,1.97000000
2018-02-26 00:00:13,0.00128820,2.76000000
2018-02-26 00:00:13,0.00128820,3.94000000
2018-02-26 00:00:14,0.00128820,3.94000000
2018-02-26 00:00:14,0.00128990,70.07000000
2018-02-26 00:00:15,0.00128820,6.58000000
2018-02-26 00:00:15,0.00128820,1.97000000
2018-02-26 00:00:15,0.00128820,3.15000000
2018-02-26 00:00:16,0.00128830,6.32000000
2018-02-26 00:00:18,0.00128940,224.54000000
2018-02-26 00:00:19,0.00128900,3.00000000
2018-02-26 00:00:19,0.00128900,4.34000000
2018-02-26 00:00:20,0.00128990,13.60000000
2018-02-26 00:00:20,0.00128980,2.34000000
2018-02-26 00:00:20,0.00129000,128.69000000
2018-02-26 00:00:20,0.00129030,2.34000000
2018-02-26 00:00:20,0.00128980,2.34000000
2018-02-26 00:00:20,0.00128900,69.54000000
2018-02-26 00:00:20,0.00128840,72.81000000
2018-02-26 00:00:20,0.00128830,246.68000000
2018-02-26 00:00:21,0.00128930,2.04000000
2018-02-26 00:00:21,0.00128830,1.96000000
2018-02-26 00:00:23,0.00128980,3.58000000
2018-02-26 00:00:23,0.00129040,3.16000000
2018-02-26 00:00:23,0.00128860,7.89000000
2018-02-26 00:00:23,0.00129040,2.29000000
2018-02-26 00:00:24,0.00128860,40.54000000
2018-02-26 00:00:24,0.00128860,4.71000000
2018-02-26 00:00:25,0.00128910,3.95000000
2018-02-26 00:00:28,0.00129010,67.36000000
2018-02-26 00:00:28,0.00129020,32.64000000
2018-02-26 00:00:29,0.00128930,5.00000000
2018-02-26 00:00:29,0.00128910,26.86000000
2018-02-26 00:00:30,0.00129020,114.31000000
2018-02-26 00:00:32,0.00129020,25.74000000
2018-02-26 00:00:32,0.00129040,1.04000000
2018-02-26 00:00:32,0.00129050,46.53000000
2018-02-26 00:00:32,0.00129060,100.00000000
2018-02-26 00:00:33,0.00129070,111.91000000
2018-02-26 00:00:33,0.00129060,1.47000000
2018-02-26 00:00:33,0.00129060,9.38000000
2018-02-26 00:00:37,0.00129060,44.43000000
2018-02-26 00:00:42,0.00129210,6.70000000
2018-02-26 00:00:42,0.00129220,104.99000000
2018-02-26 00:00:42,0.00129240,3.21000000
2018-02-26 00:00:42,0.00129320,2.00000000
2018-02-26 00:00:42,0.00129380,2.32000000
2018-02-26 00:00:42,0.00129400,116.22000000
2018-02-26 00:00:42,0.00129090,1.41000000
2018-02-26 00:00:43,0.00129390,1.60000000
2018-02-26 00:00:45,0.00129390,1.93000000
2018-02-26 00:00:45,0.00129390,5.68000000
2018-02-26 00:00:46,0.00129260,235.17000000
2018-02-26 00:00:47,0.00129160,2.34000000
2018-02-26 00:00:47,0.00129130,15.41000000
2018-02-26 00:00:47,0.00129110,2.34000000
2018-02-26 00:00:47,0.00129090,39.72000000
2018-02-26 00:00:47,0.00129360,15.48000000
2018-02-26 00:00:47,0.00129370,4.68000000
2018-02-26 00:00:47,0.00129390,39.72000000
2018-02-26 00:00:47,0.00129390,3.28000000
2018-02-26 00:00:48,0.00129310,3.28000000
2018-02-26 00:00:48,0.00129380,1.70000000
2018-02-26 00:00:48,0.00129390,9.20000000
2018-02-26 00:00:48,0.00129390,9.38000000
2018-02-26 00:00:48,0.00129390,35.04000000
2018-02-26 00:00:49,0.00129390,13.41000000
2018-02-26 00:00:49,0.00129390,0.01000000
2018-02-26 00:00:50,0.00129390,7.68000000
2018-02-26 00:00:50,0.00129390,7.01000000
2018-02-26 00:00:50,0.00129390,85.59000000
2018-02-26 00:00:51,0.00129390,0.14000000
2018-02-26 00:00:51,0.00129400,25.67000000
2018-02-26 00:00:51,0.00129500,41.35000000
2018-02-26 00:00:51,0.00129700,3.00000000
2018-02-26 00:00:51,0.00129790,3.21000000
2018-02-26 00:00:51,0.00129860,136.17000000
2018-02-26 00:00:51,0.00129890,142.90000000
2018-02-26 00:00:51,0.00129950,17.63000000
2018-02-26 00:00:52,0.00129350,0.98000000
2018-02-26 00:00:52,0.00129470,1.00000000
2018-02-26 00:00:52,0.00129370,1.00000000
2018-02-26 00:00:53,0.00129830,1.98000000
2018-02-26 00:00:53,0.00129930,63.68000000
2018-02-26 00:00:53,0.00129940,20.38000000
2018-02-26 00:00:53,0.00129950,35.61000000
2018-02-26 00:00:53,0.00129480,10.00000000
2018-02-26 00:00:53,0.00129390,20.00000000
2018-02-26 00:00:53,0.00129380,10.00000000
2018-02-26 00:00:53,0.00129380,2.41000000
2018-02-26 00:00:54,0.00129380,3.04000000
2018-02-26 00:00:55,0.00129260,0.94000000
2018-02-26 00:00:55,0.00129380,0.99000000
2018-02-26 00:00:56,0.00129380,5.96000000
2018-02-26 00:00:56,0.00129390,71.76000000
2018-02-26 00:00:56,0.00129390,144.21000000
2018-02-26 00:00:58,0.00129400,40.68000000
2018-02-26 00:00:59,0.00129470,9.38000000
2018-02-26 00:00:59,0.00129940,13.06000000
2018-02-26 00:00:59,0.00129510,12.44000000
2018-02-26 00:00:59,0.00129620,2.13000000
2018-02-26 00:01:00,0.00129620,62.67000000
2018-02-26 00:01:01,0.00129920,0.47000000
2018-02-26 00:01:02,0.00129650,4.02000000
2018-02-26 00:01:03,0.00129580,0.10000000
2018-02-26 00:01:03,0.00129580,2.34000000
2018-02-26 00:01:03,0.00129550,3.16000000
2018-02-26 00:01:03,0.00129580,1.18000000
2018-02-26 00:01:04,0.00129550,122.54000000
2018-02-26 00:01:04,0.00129440,2.34000000
2018-02-26 00:01:04,0.00129400,5.55000000
2018-02-26 00:01:04,0.00129400,72.56000000
2018-02-26 00:01:04,0.00129390,76.77000000
2018-02-26 00:01:05,0.00129400,11.27000000
2018-02-26 00:01:05,0.00129650,1.35000000
2018-02-26 00:01:05,0.00129850,46.00000000
2018-02-26 00:01:05,0.00129500,1.96000000
2018-02-26 00:01:05,0.00129600,1.07000000
2018-02-26 00:01:05,0.00129390,6.61000000
2018-02-26 00:01:06,0.00129390,75.20000000
2018-02-26 00:01:06,0.00129380,1.47000000
2018-02-26 00:01:06,0.00129390,2.34000000
2018-02-26 00:01:06,0.00129390,60.09000000
2018-02-26 00:01:06,0.00129380,1.72000000
2018-02-26 00:01:07,0.00129380,0.24000000
2018-02-26 00:01:07,0.00129390,23.54000000
2018-02-26 00:01:07,0.00129260,15.70000000
2018-02-26 00:01:07,0.00129260,37.40000000
2018-02-26 00:01:08,0.00129390,1.46000000
2018-02-26 00:01:08,0.00129380,27.62000000
2018-02-26 00:01:08,0.00129390,40.22000000
2018-02-26 00:01:08,0.00129390,3.46000000
2018-02-26 00:01:08,0.00129390,1.18000000
2018-02-26 00:01:08,0.00129390,0.72000000
2018-02-26 00:01:08,0.00129530,2.45000000
2018-02-26 00:01:09,0.00129220,1.98000000
2018-02-26 00:01:09,0.00129220,11.74000000
2018-02-26 00:01:10,0.00129510,72.56000000
2018-02-26 00:01:10,0.00129520,15.45000000
2018-02-26 00:01:10,0.00129530,4.18000000
2018-02-26 00:01:10,0.00129820,2.34000000
2018-02-26 00:01:10,0.00129850,182.57000000
2018-02-26 00:01:10,0.00129850,0.79000000
2018-02-26 00:01:10,0.00129850,850.44000000
2018-02-26 00:01:10,0.00129390,0.95000000
2018-02-26 00:01:10,0.00129390,2.36000000
2018-02-26 00:01:10,0.00129490,2.34000000
2018-02-26 00:01:10,0.00129390,1.02000000
2018-02-26 00:01:10,0.00129390,1.50000000
2018-02-26 00:01:10,0.00129390,5.09000000
2018-02-26 00:01:10,0.00129390,1.58000000
2018-02-26 00:01:10,0.00129390,1.19000000
2018-02-26 00:01:11,0.00129390,3.96000000
2018-02-26 00:01:11,0.00129390,1.58000000
2018-02-26 00:01:11,0.00129390,3.93000000
2018-02-26 00:01:11,0.00129390,3.14000000
2018-02-26 00:01:11,0.00129520,2.34000000
2018-02-26 00:01:11,0.00129520,1.58000000
2018-02-26 00:01:11,0.00129520,0.94000000
2018-02-26 00:01:11,0.00129520,1.98000000
2018-02-26 00:01:11,0.00129520,1.00000000
2018-02-26 00:01:12,0.00129520,0.30000000
2018-02-26 00:01:12,0.00129390,7.80000000
2018-02-26 00:01:12,0.00129530,3.16000000
2018-02-26 00:01:12,0.00129530,13.72000000
2018-02-26 00:01:12,0.00129530,3.13000000
2018-02-26 00:01:12,0.00129530,1.24000000
2018-02-26 00:01:12,0.00129530,3.20000000
2018-02-26 00:01:12,0.00129390,2.35000000
2018-02-26 00:01:12,0.00129290,8.72000000
2018-02-26 00:01:12,0.00129290,6.74000000
2018-02-26 00:01:12,0.00129300,30.92000000
2018-02-26 00:01:13,0.00129300,2.20000000
2018-02-26 00:01:13,0.00129300,6.42000000
2018-02-26 00:01:14,0.00129550,3.33000000
2018-02-26 00:01:14,0.00129640,15.46000000
2018-02-26 00:01:14,0.00129650,30.78000000
2018-02-26 00:01:14,0.00129830,3.19000000
2018-02-26 00:01:14,0.00129850,104.17000000
2018-02-26 00:01:14,0.00129870,2.34000000
2018-02-26 00:01:14,0.00129900,4.61000000
2018-02-26 00:01:14,0.00129910,2.34000000
2018-02-26 00:01:14,0.00129920,434.64000000
2018-02-26 00:01:15,0.00129510,3.33000000
2018-02-26 00:01:15,0.00129410,37.76000000
2018-02-26 00:01:15,0.00129300,30.93000000
2018-02-26 00:01:16,0.00129900,19.57000000
2018-02-26 00:01:16,0.00129620,0.79000000
2018-02-26 00:01:16,0.00129910,8.39000000
2018-02-26 00:01:16,0.00129510,1.61000000
2018-02-26 00:01:16,0.00129510,1.26000000
2018-02-26 00:01:16,0.00129410,15.71000000
2018-02-26 00:01:16,0.00129410,2.37000000
2018-02-26 00:01:17,0.00129410,1.96000000
2018-02-26 00:01:17,0.00129550,9.91000000
2018-02-26 00:01:18,0.00129410,1.58000000
2018-02-26 00:01:18,0.00129410,1.78000000
2018-02-26 00:01:19,0.00129330,3.66000000
2018-02-26 00:01:20,0.00129360,56.11000000
2018-02-26 00:01:20,0.00129300,3.93000000
2018-02-26 00:01:21,0.00129360,0.05000000
2018-02-26 00:01:21,0.00129360,8.14000000
2018-02-26 00:01:22,0.00129300,10.31000000
2018-02-26 00:01:22,0.00129300,20.59000000
2018-02-26 00:01:22,0.00129330,3.90000000
2018-02-26 00:01:22,0.00129330,9.40000000
2018-02-26 00:01:22,0.00129330,15.53000000
2018-02-26 00:01:23,0.00129330,3.96000000
2018-02-26 00:01:23,0.00129330,1.96000000
2018-02-26 00:01:23,0.00129330,1.97000000
2018-02-26 00:01:23,0.00129340,17.53000000
2018-02-26 00:01:23,0.00129340,1.96000000
2018-02-26 00:01:23,0.00129360,1.40000000
2018-02-26 00:01:24,0.00129340,1.96000000
2018-02-26 00:01:24,0.00129340,4.15000000
2018-02-26 00:01:25,0.00129340,7.84000000
2018-02-26 00:01:25,0.00129340,4.70000000
2018-02-26 00:01:26,0.00129360,3.21000000
2018-02-26 00:01:26,0.00129360,8.48000000
2018-02-26 00:01:26,0.00129370,6.00000000
2018-02-26 00:01:27,0.00129380,1.70000000
2018-02-26 00:01:27,0.00129360,53.16000000
2018-02-26 00:01:28,0.00129410,1.96000000
2018-02-26 00:01:29,0.00129570,6.00000000
2018-02-26 00:01:29,0.00129410,0.38000000
2018-02-26 00:01:29,0.00129390,1.57000000
2018-02-26 00:01:31,0.00129550,1.78000000
2018-02-26 00:01:31,0.00129390,23.43000000
2018-02-26 00:01:31,0.00129360,229.85000000
2018-02-26 00:01:31,0.00129330,46.72000000
2018-02-26 00:01:31,0.00129550,0.03000000
2018-02-26 00:01:32,0.00129430,2.20000000
2018-02-26 00:01:33,0.00129430,0.99000000
2018-02-26 00:01:33,0.00129360,1.70000000
2018-02-26 00:01:33,0.00129360,97.31000000
2018-02-26 00:01:34,0.00129330,7.58000000
2018-02-26 00:01:37,0.00129410,1.06000000
2018-02-26 00:01:37,0.00129390,20.39000000
2018-02-26 00:01:37,0.00129330,153.29000000
2018-02-26 00:01:38,0.00129430,132.93000000
2018-02-26 00:01:43,0.00129340,24.48000000
2018-02-26 00:01:43,0.00129330,55.89000000
2018-02-26 00:01:45,0.00129410,5.84000000
2018-02-26 00:01:46,0.00129410,0.86000000
2018-02-26 00:01:49,0.00129520,4.94000000
2018-02-26 00:01:50,0.00129520,27.20000000
2018-02-26 00:01:50,0.00129530,24.45000000
2018-02-26 00:01:50,0.00129550,5.53000000
2018-02-26 00:01:52,0.00129550,638.24000000
2018-02-26 00:01:52,0.00129590,20.30000000
2018-02-26 00:01:57,0.00129550,1.00000000
2018-02-26 00:01:59,0.00129580,3.05000000
2018-02-26 00:02:00,0.00129550,38.86000000
2018-02-26 00:02:01,0.00129550,18.34000000
2018-02-26 00:02:02,0.00129550,209.08000000
2018-02-26 00:02:02,0.00129540,15.00000000
2018-02-26 00:02:03,0.00129540,124.03000000
2018-02-26 00:02:05,0.00129560,42.13000000
2018-02-26 00:02:08,0.00129560,194.19000000
2018-02-26 00:02:08,0.00129560,8.46000000
2018-02-26 00:02:11,0.00129560,1.48000000
2018-02-26 00:02:11,0.00129550,2.40000000
2018-02-26 00:02:11,0.00129440,72.48000000
2018-02-26 00:02:11,0.00129430,19.81000000
2018-02-26 00:02:11,0.00129570,143.55000000
2018-02-26 00:02:16,0.00129570,0.03000000
2018-02-26 00:02:16,0.00129580,10.30000000
2018-02-26 00:02:21,0.00129580,38.15000000
2018-02-26 00:02:21,0.00129570,350.00000000
2018-02-26 00:02:23,0.00129570,3.19000000
2018-02-26 00:02:25,0.00129570,113.07000000
2018-02-26 00:02:26,0.00129570,52.69000000
2018-02-26 00:02:27,0.00129580,130.90000000
2018-02-26 00:02:28,0.00129580,15.14000000
2018-02-26 00:02:28,0.00129590,145.65000000
2018-02-26 00:02:30,0.00129590,7.71000000
2018-02-26 00:02:31,0.00129590,242.50000000
2018-02-26 00:02:31,0.00129580,30.93000000
2018-02-26 00:02:31,0.00129650,0.64000000
2018-02-26 00:02:32,0.00129580,7.57000000
2018-02-26 00:02:32,0.00129580,16.16000000
2018-02-26 00:02:32,0.00129650,12.73000000
2018-02-26 00:02:38,0.00129650,7.82000000
2018-02-26 00:02:38,0.00129800,1.45000000
2018-02-26 00:02:38,0.00129840,3.66000000
2018-02-26 00:02:38,0.00129870,18.62000000
2018-02-26 00:02:38,0.00129590,11.23000000
2018-02-26 00:02:43,0.00129870,5.91000000
2018-02-26 00:02:43,0.00129740,154.18000000
2018-02-26 00:02:43,0.00129620,29.82000000
2018-02-26 00:02:43,0.00129620,13.58000000
2018-02-26 00:02:44,0.00129620,29.96000000
2018-02-26 00:02:44,0.00129610,7.33000000
2018-02-26 00:02:47,0.00129600,146.05000000
2018-02-26 00:02:47,0.00129610,40.55000000
2018-02-26 00:02:47,0.00129650,491.82000000
2018-02-26 00:02:49,0.00129600,1.47000000
2018-02-26 00:02:50,0.00129600,3.45000000
2018-02-26 00:02:50,0.00129600,1.00000000
2018-02-26 00:02:50,0.00129600,70.37000000
2018-02-26 00:02:50,0.00129610,63.09000000
2018-02-26 00:02:50,0.00129650,62.54000000
2018-02-26 00:02:51,0.00129650,545.00000000
2018-02-26 00:02:51,0.00129650,15.71000000
2018-02-26 00:02:52,0.00129600,168.00000000
2018-02-26 00:02:52,0.00129600,332.00000000
2018-02-26 00:02:52,0.00129650,2284.93000000
2018-02-26 00:02:55,0.00129650,1.65000000
2018-02-26 00:02:58,0.00129740,0.37000000
2018-02-26 00:02:58,0.00129650,32.41000000
2018-02-26 00:03:01,0.00129670,41.55000000
2018-02-26 00:03:06,0.00129600,80.89000000
2018-02-26 00:03:06,0.00129590,443.80000000
2018-02-26 00:03:06,0.00129570,64.19000000
2018-02-26 00:03:06,0.00129560,25.63000000
2018-02-26 00:03:06,0.00129550,1.25000000
2018-02-26 00:03:06,0.00129500,4.41000000
2018-02-26 00:03:07,0.00129420,1.96000000
2018-02-26 00:03:08,0.00129500,5.08000000
2018-02-26 00:03:08,0.00129500,10.42000000
2018-02-26 00:03:09,0.00129680,1.16000000
2018-02-26 00:03:11,0.00129410,1.96000000
2018-02-26 00:03:11,0.00129410,152.20000000
2018-02-26 00:03:11,0.00129410,1.95000000
2018-02-26 00:03:11,0.00129590,0.80000000
2018-02-26 00:03:11,0.00129600,65.76000000
2018-02-26 00:03:11,0.00129690,2.74000000
2018-02-26 00:03:12,0.00129420,3.84000000
2018-02-26 00:03:12,0.00129410,2.36000000
2018-02-26 00:03:13,0.00129410,1.95000000
2018-02-26 00:03:13,0.00129410,5.50000000
2018-02-26 00:03:17,0.00129450,3.84000000
2018-02-26 00:03:17,0.00129460,160.96000000
2018-02-26 00:03:18,0.00129420,38.58000000
2018-02-26 00:03:21,0.00129420,82.52000000
2018-02-26 00:03:21,0.00129410,181.98000000
2018-02-26 00:03:24,0.00129410,45.08000000
2018-02-26 00:03:25,0.00129410,20.18000000
2018-02-26 00:03:27,0.00129410,14.12000000
2018-02-26 00:03:27,0.00129420,9.90000000
2018-02-26 00:03:27,0.00129410,211.14000000
2018-02-26 00:03:27,0.00129360,6.26000000
2018-02-26 00:03:27,0.00129300,94.49000000
2018-02-26 00:03:27,0.00129090,3.00000000
2018-02-26 00:03:27,0.00129300,54.81000000
2018-02-26 00:03:27,0.00129420,3.76000000
2018-02-26 00:03:27,0.00129460,17.36000000
2018-02-26 00:03:27,0.00129520,92.29000000
2018-02-26 00:03:27,0.00129600,37.78000000
2018-02-26 00:03:29,0.00129400,4.11000000
2018-02-26 00:03:29,0.00129130,1.72000000
2018-02-26 00:03:30,0.00129380,5.00000000
2018-02-26 00:03:30,0.00129140,39.37000000
2018-02-26 00:03:31,0.00129150,1.97000000
2018-02-26 00:03:31,0.00129150,1.72000000
2018-02-26 00:03:31,0.00129150,0.18000000
2018-02-26 00:03:31,0.00129140,1.79000000
2018-02-26 00:03:31,0.00129140,7.49000000
2018-02-26 00:03:31,0.00129140,0.95000000
2018-02-26 00:03:31,0.00129140,3.14000000
2018-02-26 00:03:31,0.00129140,1.42000000
2018-02-26 00:03:31,0.00129140,7.51000000
2018-02-26 00:03:32,0.00129140,24.59000000
2018-02-26 00:03:32,0.00129140,1.95000000
2018-02-26 00:03:32,0.00129140,1.11000000
2018-02-26 00:03:32,0.00129140,64.68000000
2018-02-26 00:03:32,0.00129130,17.89000000
2018-02-26 00:03:32,0.00129110,3.87000000
2018-02-26 00:03:32,0.00129090,0.15000000
2018-02-26 00:03:32,0.00129040,16.35000000
2018-02-26 00:03:32,0.00129160,2.05000000
2018-02-26 00:03:32,0.00129270,1.00000000
2018-02-26 00:03:32,0.00129370,1.72000000
2018-02-26 00:03:32,0.00129380,5.85000000
2018-02-26 00:03:32,0.00129600,22.22000000
2018-02-26 00:03:32,0.00129600,6.63000000
2018-02-26 00:03:32,0.00129680,1.00000000
2018-02-26 00:03:32,0.00129600,6.63000000
2018-02-26 00:03:32,0.00129600,1.82000000
2018-02-26 00:03:32,0.00129600,1.97000000
2018-02-26 00:03:32,0.00129600,45.95000000
2018-02-26 00:03:33,0.00129600,1.38000000
2018-02-26 00:03:33,0.00129600,2.37000000
2018-02-26 00:03:33,0.00129600,1.00000000
2018-02-26 00:03:33,0.00129600,11.84000000
2018-02-26 00:03:33,0.00129600,1.97000000
2018-02-26 00:03:33,0.00129600,7.36000000
2018-02-26 00:03:33,0.00129300,52.18000000
2018-02-26 00:03:34,0.00129300,1.86000000
2018-02-26 00:03:34,0.00129300,2.77000000
2018-02-26 00:03:34,0.00129670,0.15000000
2018-02-26 00:03:34,0.00129080,31.54000000
2018-02-26 00:03:34,0.00129080,0.95000000
2018-02-26 00:03:35,0.00129080,3.56000000
2018-02-26 00:03:35,0.00129080,1.97000000
2018-02-26 00:03:35,0.00129080,6.30000000
2018-02-26 00:03:35,0.00129460,3.78000000
2018-02-26 00:03:35,0.00129180,3.78000000
2018-02-26 00:03:35,0.00129090,20.15000000
2018-02-26 00:03:35,0.00129100,3.95000000
2018-02-26 00:03:35,0.00129100,3.92000000
2018-02-26 00:03:35,0.00129100,8.29000000
2018-02-26 00:03:35,0.00129350,5.01000000
2018-02-26 00:03:35,0.00129200,4.10000000
2018-02-26 00:03:36,0.00129090,1.82000000
2018-02-26 00:03:36,0.00129340,2.56000000
2018-02-26 00:03:36,0.00129090,1.73000000
2018-02-26 00:03:36,0.00129330,2.02000000
2018-02-26 00:03:36,0.00129070,4.65000000
2018-02-26 00:03:37,0.00129070,1.39000000
2018-02-26 00:03:37,0.00129040,17.98000000
2018-02-26 00:03:37,0.00129050,5.01000000
2018-02-26 00:03:37,0.00129040,51.88000000
2018-02-26 00:03:38,0.00129050,5.01000000
2018-02-26 00:03:38,0.00129040,1.75000000
2018-02-26 00:03:38,0.00129050,5.01000000
2018-02-26 00:03:38,0.00129040,3.15000000
2018-02-26 00:03:39,0.00129040,65.43000000
2018-02-26 00:03:39,0.00129010,87.57000000
2018-02-26 00:03:39,0.00129050,5.01000000
2018-02-26 00:03:39,0.00129050,105.04000000
2018-02-26 00:03:39,0.00129050,13.95000000
2018-02-26 00:03:39,0.00129050,5.01000000
2018-02-26 00:03:40,0.00129050,5.01000000
2018-02-26 00:03:41,0.00129010,0.87000000
2018-02-26 00:03:42,0.00129050,13.41000000
2018-02-26 00:03:42,0.00129050,11.66000000
2018-02-26 00:03:42,0.00129010,98.99000000
2018-02-26 00:03:42,0.00129000,339.99000000
2018-02-26 00:03:42,0.00129000,28.23000000
2018-02-26 00:03:42,0.00129000,28.27000000
2018-02-26 00:03:43,0.00128990,1.63000000
2018-02-26 00:03:43,0.00128940,4.92000000
2018-02-26 00:03:43,0.00128940,0.51000000
2018-02-26 00:03:43,0.00128830,217.12000000
2018-02-26 00:03:44,0.00128830,7.57000000
2018-02-26 00:03:44,0.00129000,0.78000000
2018-02-26 00:03:44,0.00128830,1.68000000
2018-02-26 00:03:45,0.00128820,3.00000000
2018-02-26 00:03:45,0.00128790,33.41000000
2018-02-26 00:03:45,0.00128790,43.61000000
2018-02-26 00:03:46,0.00129000,13.46000000
2018-02-26 00:03:47,0.00129000,161.26000000
2018-02-26 00:03:47,0.00129000,1.78000000
2018-02-26 00:03:48,0.00128790,142.47000000
2018-02-26 00:03:49,0.00128790,29.36000000
2018-02-26 00:03:49,0.00128790,0.98000000
2018-02-26 00:03:49,0.00128790,922.81000000
2018-02-26 00:03:49,0.00128620,1.12000000
2018-02-26 00:03:49,0.00128560,2.64000000
2018-02-26 00:03:50,0.00128610,77.90000000
2018-02-26 00:03:50,0.00128600,15.55000000
2018-02-26 00:03:50,0.00128390,2.45000000
2018-02-26 00:03:50,0.00128490,49.49000000
2018-02-26 00:03:50,0.00128490,6.21000000
2018-02-26 00:03:51,0.00128480,1.44000000
2018-02-26 00:03:51,0.00128480,30.35000000
2018-02-26 00:03:52,0.00128430,5.75000000
2018-02-26 00:03:52,0.00128380,7.78000000
2018-02-26 00:03:52,0.00128350,3.89000000
2018-02-26 00:03:52,0.00128330,3.21000000
2018-02-26 00:03:52,0.00128320,3.90000000
2018-02-26 00:03:52,0.00128270,7.80000000
2018-02-26 00:03:52,0.00128260,4.68000000
2018-02-26 00:03:52,0.00128200,9.36000000
2018-02-26 00:03:52,0.00128170,2.00000000
2018-02-26 00:03:52,0.00128140,1.64000000
2018-02-26 00:03:52,0.00128120,42.93000000
2018-02-26 00:03:52,0.00128040,20.17000000
2018-02-26 00:03:52,0.00128000,34.99000000
2018-02-26 00:03:52,0.00128100,5.33000000
2018-02-26 00:03:52,0.00128100,1.01000000
2018-02-26 00:03:52,0.00128100,8.43000000
2018-02-26 00:03:52,0.00128380,1.57000000
2018-02-26 00:03:52,0.00128480,46.11000000
2018-02-26 00:03:52,0.00128490,15.18000000
2018-02-26 00:03:52,0.00128800,38.41000000
2018-02-26 00:03:52,0.00128040,23.37000000
2018-02-26 00:03:52,0.00128040,2.48000000
2018-02-26 00:03:52,0.00128040,30.16000000
2018-02-26 00:03:52,0.00128040,6.79000000
2018-02-26 00:03:52,0.00128040,74.22000000
2018-02-26 00:03:52,0.00128050,6.79000000
2018-02-26 00:03:52,0.00128050,71.27000000
2018-02-26 00:03:52,0.00128040,101.21000000
2018-02-26 00:03:52,0.00128030,4.32000000
2018-02-26 00:03:52,0.00128000,5.32000000
2018-02-26 00:03:52,0.00127990,8.12000000
2018-02-26 00:03:52,0.00127950,257.63000000
2018-02-26 00:03:53,0.00128750,9.42000000
2018-02-26 00:03:53,0.00128840,20.00000000
2018-02-26 00:03:53,0.00128850,2.00000000
2018-02-26 00:03:53,0.00128860,49.22000000
2018-02-26 00:03:53,0.00128720,1.58000000
2018-02-26 00:03:53,0.00128860,0.74000000
2018-02-26 00:03:55,0.00128390,9.42000000
2018-02-26 00:03:55,0.00128290,20.00000000
2018-02-26 00:03:55,0.00128180,2.08000000
2018-02-26 00:03:55,0.00128330,1.81000000
2018-02-26 00:03:56,0.00128180,0.65000000
2018-02-26 00:03:56,0.00128050,1.71000000
2018-02-26 00:03:56,0.00127970,3.26000000
2018-02-26 00:03:56,0.00127950,29.60000000
2018-02-26 00:03:57,0.00128450,28.84000000
2018-02-26 00:03:57,0.00128460,51.91000000
2018-02-26 00:03:57,0.00128350,2.37000000
2018-02-26 00:03:57,0.00128580,15.49000000
2018-02-26 00:03:57,0.00128870,3.26000000
2018-02-26 00:03:57,0.00128890,3.12000000
2018-02-26 00:03:57,0.00128950,18.79000000
2018-02-26 00:03:58,0.00128360,2.29000000
2018-02-26 00:03:58,0.00128360,60.31000000
2018-02-26 00:04:00,0.00128400,75.57000000
2018-02-26 00:04:00,0.00128390,48.05000000
2018-02-26 00:04:01,0.00128390,2.77000000
2018-02-26 00:04:02,0.00128390,5.43000000
2018-02-26 00:04:02,0.00128370,15.57000000
2018-02-26 00:04:02,0.00128360,61.78000000
2018-02-26 00:04:02,0.00128350,1.52000000
2018-02-26 00:04:02,0.00128280,11.12000000
2018-02-26 00:04:02,0.00128520,1.00000000
2018-02-26 00:04:02,0.00128620,138.17000000
2018-02-26 00:04:02,0.00128630,50.82000000
2018-02-26 00:04:02,0.00128650,3.89000000
2018-02-26 00:04:02,0.00128660,15.09000000
2018-02-26 00:04:02,0.00128670,1.56000000
2018-02-26 00:04:02,0.00128770,1.00000000
2018-02-26 00:04:02,0.00128670,38.40000000
2018-02-26 00:04:02,0.00128670,4.36000000
2018-02-26 00:04:02,0.00128670,34.84000000
2018-02-26 00:04:04,0.00128760,3.55000000
2018-02-26 00:04:04,0.00128790,12.63000000
2018-02-26 00:04:04,0.00128920,56.31000000
2018-02-26 00:04:05,0.00128670,7.47000000
2018-02-26 00:04:05,0.00128870,2.21000000
2018-02-26 00:04:05,0.00128920,199.78000000
2018-02-26 00:04:05,0.00128670,7.91000000
2018-02-26 00:04:05,0.00128670,1.97000000
2018-02-26 00:04:07,0.00128670,344.32000000
2018-02-26 00:04:07,0.00128670,1.26000000
2018-02-26 00:04:07,0.00128670,1.97000000
2018-02-26 00:04:07,0.00128900,17.99000000
2018-02-26 00:04:07,0.00128670,2.38000000
2018-02-26 00:04:08,0.00128670,3.20000000
2018-02-26 00:04:09,0.00128670,2.36000000
2018-02-26 00:04:10,0.00128670,2.49000000
2018-02-26 00:04:10,0.00128900,111.50000000
2018-02-26 00:04:10,0.00128900,1.74000000
2018-02-26 00:04:10,0.00128920,61.00000000
2018-02-26 00:04:10,0.00128920,61.09000000
2018-02-26 00:04:11,0.00128900,6.83000000
2018-02-26 00:04:12,0.00128940,3.90000000
2018-02-26 00:04:12,0.00128970,721.09000000
2018-02-26 00:04:12,0.00128970,1.01000000
2018-02-26 00:04:13,0.00128970,62.80000000
2018-02-26 00:04:15,0.00129030,5.43000000
2018-02-26 00:04:15,0.00129040,1.64000000
2018-02-26 00:04:15,0.00129050,175.07000000
2018-02-26 00:04:16,0.00129050,2.44000000
2018-02-26 00:04:16,0.00129050,777.57000000
2018-02-26 00:04:16,0.00129050,15.92000000
2018-02-26 00:04:16,0.00129050,15.78000000
2018-02-26 00:04:16,0.00129050,71.44000000
2018-02-26 00:04:18,0.00129060,7.30000000
2018-02-26 00:04:18,0.00129060,1.97000000
2018-02-26 00:04:18,0.00129060,15.55000000
2018-02-26 00:04:19,0.00129150,2.32000000
2018-02-26 00:04:21,0.00129150,3.96000000
2018-02-26 00:04:24,0.00129050,1.04000000
2018-02-26 00:04:25,0.00129050,33.48000000
2018-02-26 00:04:27,0.00129150,21.20000000
2018-02-26 00:04:32,0.00129150,5.00000000
2018-02-26 00:04:33,0.00129150,102.77000000
2018-02-26 00:04:36,0.00129150,3.18000000
2018-02-26 00:04:37,0.00129160,38.24000000
2018-02-26 00:04:39,0.00129160,211.76000000
2018-02-26 00:04:39,0.00129150,84.94000000
2018-02-26 00:04:39,0.00129060,75.22000000
2018-02-26 00:04:39,0.00129050,98.56000000
2018-02-26 00:04:39,0.00128970,96.42000000
2018-02-26 00:04:39,0.00128900,122.41000000
2018-02-26 00:04:40,0.00129170,2.00000000
2018-02-26 00:04:41,0.00129170,5.80000000
2018-02-26 00:04:41,0.00129190,1.94000000
2018-02-26 00:04:41,0.00128930,4.66000000
2018-02-26 00:04:43,0.00128930,88.41000000
2018-02-26 00:04:43,0.00128920,131.85000000
2018-02-26 00:04:44,0.00128920,94.15000000
2018-02-26 00:04:44,0.00128900,206.13000000
2018-02-26 00:04:45,0.00128900,11.71000000
2018-02-26 00:04:45,0.00129030,73.19000000
2018-02-26 00:04:46,0.00129160,77.56000000
2018-02-26 00:04:46,0.00129170,15.51000000
2018-02-26 00:04:46,0.00129190,1.63000000
2018-02-26 00:04:49,0.00128930,5.14000000
2018-02-26 00:04:51,0.00128930,80.35000000
2018-02-26 00:04:51,0.00128920,15.51000000
2018-02-26 00:04:51,0.00128900,177.52000000
2018-02-26 00:04:51,0.00128900,4.54000000
2018-02-26 00:04:51,0.00128900,4.54000000
2018-02-26 00:04:51,0.00128900,4.53000000
2018-02-26 00:04:51,0.00128890,5.14000000
2018-02-26 00:04:51,0.00128890,5.14000000
2018-02-26 00:04:51,0.00128860,3.88000000
2018-02-26 00:04:52,0.00128900,43.81000000
2018-02-26 00:04:54,0.00128840,2.35000000
2018-02-26 00:04:55,0.00128840,481.80000000
2018-02-26 00:04:58,0.00128670,1.01000000
2018-02-26 00:04:59,0.00128670,5.45000000
2018-02-26 00:04:59,0.00128670,7.20000000
2018-02-26 00:05:00,0.00128670,3.64000000
2018-02-26 00:05:02,0.00128670,1.97000000
2018-02-26 00:05:02,0.00128670,1.96000000
2018-02-26 00:05:03,0.00128680,196.44000000
2018-02-26 00:05:03,0.00128700,1.00000000
2018-02-26 00:05:03,0.00128700,23.25000000
2018-02-26 00:05:03,0.00128700,15.75000000
2018-02-26 00:05:03,0.00128700,15.10000000
2018-02-26 00:05:04,0.00128680,10.00000000
2018-02-26 00:05:04,0.00128670,0.14000000
2018-02-26 00:05:06,0.00128670,1.00000000
2018-02-26 00:05:06,0.00128670,1.70000000
2018-02-26 00:05:06,0.00128510,6.19000000
2018-02-26 00:05:07,0.00128540,1.74000000
2018-02-26 00:05:07,0.00128540,10.29000000
2018-02-26 00:05:07,0.00128660,3.88000000
2018-02-26 00:05:07,0.00128670,147.87000000
2018-02-26 00:05:07,0.00128540,10.39000000
2018-02-26 00:05:09,0.00128540,181.95000000
2018-02-26 00:05:11,0.00128540,16.92000000
2018-02-26 00:05:13,0.00128790,7.00000000
2018-02-26 00:05:15,0.00128510,10.11000000
2018-02-26 00:05:16,0.00128510,0.94000000
2018-02-26 00:05:18,0.00128610,83.82000000
2018-02-26 00:05:19,0.00128500,11.05000000
2018-02-26 00:05:20,0.00128510,24.37000000
2018-02-26 00:05:23,0.00128530,110.00000000
2018-02-26 00:05:23,0.00128730,2.33000000
2018-02-26 00:05:24,0.00128530,54.09000000
2018-02-26 00:05:26,0.00128670,4.09000000
2018-02-26 00:05:26,0.00128670,3.34000000
2018-02-26 00:05:26,0.00128670,1.84000000
2018-02-26 00:05:27,0.00128670,12.52000000
2018-02-26 00:05:28,0.00128670,6.11000000
2018-02-26 00:05:28,0.00128730,23.76000000
2018-02-26 00:05:32,0.00128530,3.87000000
2018-02-26 00:05:35,0.00128610,207.07000000
2018-02-26 00:05:36,0.00128530,2.21000000
2018-02-26 00:05:36,0.00128540,176.51000000
2018-02-26 00:05:40,0.00128690,121.85000000
2018-02-26 00:05:40,0.00128690,1.84000000
2018-02-26 00:05:41,0.00128690,5.87000000
2018-02-26 00:05:44,0.00128690,408.70000000
2018-02-26 00:05:44,0.00128530,15.79000000
2018-02-26 00:05:44,0.00128500,329.12000000
2018-02-26 00:05:45,0.00128700,24.05000000
2018-02-26 00:05:45,0.00128540,1.00000000
2018-02-26 00:05:47,0.00128510,54.75000000
2018-02-26 00:05:47,0.00128500,87.90000000
2018-02-26 00:05:47,0.00128530,0.57000000
2018-02-26 00:05:49,0.00128550,95.04000000
2018-02-26 00:05:50,0.00128700,2.33000000
2018-02-26 00:05:54,0.00128550,18.54000000
2018-02-26 00:05:56,0.00128590,94.44000000
2018-02-26 00:05:59,0.00128550,609.41000000
2018-02-26 00:06:00,0.00128540,1.82000000
2018-02-26 00:06:00,0.00128320,3.89000000
2018-02-26 00:06:00,0.00128300,100.00000000
2018-02-26 00:06:00,0.00128280,11.35000000
2018-02-26 00:06:01,0.00128150,20.19000000
2018-02-26 00:06:02,0.00128150,22.65000000
2018-02-26 00:06:03,0.00128150,24.48000000
2018-02-26 00:06:05,0.00128150,16.11000000
2018-02-26 00:06:05,0.00128140,16.65000000
2018-02-26 00:06:05,0.00128120,40.00000000
2018-02-26 00:06:05,0.00128000,16.54000000
2018-02-26 00:06:05,0.00127950,113.70000000
2018-02-26 00:06:05,0.00128040,2.72000000
2018-02-26 00:06:05,0.00128040,2.73000000
2018-02-26 00:06:05,0.00128040,2.73000000
2018-02-26 00:06:05,0.00128040,13.70000000
2018-02-26 00:06:05,0.00128040,2.73000000
2018-02-26 00:06:05,0.00128030,23.38000000
2018-02-26 00:06:05,0.00128030,51.89000000
2018-02-26 00:06:06,0.00128290,1.00000000
2018-02-26 00:06:06,0.00128390,3.89000000
2018-02-26 00:06:06,0.00128500,2.26000000
2018-02-26 00:06:07,0.00128250,1.00000000
2018-02-26 00:06:08,0.00128390,2.33000000
2018-02-26 00:06:08,0.00128160,9.03000000
2018-02-26 00:06:08,0.00128270,2.33000000
2018-02-26 00:06:08,0.00128050,0.11000000
2018-02-26 00:06:09,0.00128060,28.12000000
2018-02-26 00:06:11,0.00128180,217.69000000
2018-02-26 00:06:12,0.00128300,1.01000000
2018-02-26 00:06:13,0.00128300,1.95000000
2018-02-26 00:06:13,0.00128300,2.51000000
2018-02-26 00:06:16,0.00128050,0.92000000
2018-02-26 00:06:16,0.00128300,35.90000000
2018-02-26 00:06:16,0.00128300,0.86000000
2018-02-26 00:06:17,0.00128300,183.26000000
2018-02-26 00:06:21,0.00128370,2.10000000
2018-02-26 00:06:22,0.00128110,78.05000000
2018-02-26 00:06:22,0.00128100,15.61000000
2018-02-26 00:06:22,0.00128090,4.80000000
2018-02-26 00:06:24,0.00128300,120.26000000
2018-02-26 00:06:24,0.00128300,114.70000000
2018-02-26 00:06:24,0.00128360,6.29000000
2018-02-26 00:06:27,0.00128210,105.07000000
2018-02-26 00:06:30,0.00128250,15.59000000
2018-02-26 00:06:30,0.00128260,50.03000000
2018-02-26 00:06:31,0.00128240,1.81000000
2018-02-26 00:06:32,0.00128090,4.93000000
2018-02-26 00:06:34,0.00128220,19.92000000
2018-02-26 00:06:34,0.00128270,386.94000000
2018-02-26 00:06:34,0.00128300,294.13000000
2018-02-26 00:06:35,0.00128090,7.45000000
2018-02-26 00:06:35,0.00128050,179.23000000
2018-02-26 00:06:36,0.00128290,1.35000000
2018-02-26 00:06:37,0.00128090,153.62000000
2018-02-26 00:06:37,0.00128050,56.70000000
2018-02-26 00:06:37,0.00128050,5.59000000
2018-02-26 00:06:37,0.00128050,5.59000000
2018-02-26 00:06:37,0.00127950,5.59000000
2018-02-26 00:06:38,0.00128050,6.84000000
2018-02-26 00:06:38,0.00128050,3.66000000
2018-02-26 00:06:39,0.00128050,59.48000000
2018-02-26 00:06:39,0.00128050,4.58000000
2018-02-26 00:06:39,0.00128050,4.58000000
2018-02-26 00:06:39,0.00128050,4.59000000
2018-02-26 00:06:39,0.00128050,4.58000000
2018-02-26 00:06:39,0.00128050,4.58000000
2018-02-26 00:06:39,0.00127950,4.58000000
2018-02-26 00:06:41,0.00128050,1.72000000
2018-02-26 00:06:42,0.00128050,1.95000000
2018-02-26 00:06:43,0.00128050,110.02000000
2018-02-26 00:06:44,0.00128050,0.67000000
2018-02-26 00:06:47,0.00127950,90.05000000
2018-02-26 00:06:47,0.00127900,6.22000000
2018-02-26 00:06:48,0.00127960,228.32000000
2018-02-26 00:06:48,0.00128040,5.58000000
2018-02-26 00:06:48,0.00128050,164.46000000
2018-02-26 00:06:49,0.00127900,28.78000000
2018-02-26 00:06:52,0.00127900,2.35000000
2018-02-26 00:06:53,0.00127900,0.34000000
2018-02-26 00:06:54,0.00127900,1.95000000
2018-02-26 00:06:54,0.00127900,2.35000000
2018-02-26 00:07:00,0.00127790,2.35000000
2018-02-26 00:07:00,0.00127700,35.23000000
2018-02-26 00:07:01,0.00127700,14.77000000
2018-02-26 00:07:01,0.00127630,1.18000000
2018-02-26 00:07:01,0.00127570,3.90000000
2018-02-26 00:07:01,0.00127500,21.19000000
2018-02-26 00:07:01,0.00127500,153.47000000
2018-02-26 00:07:02,0.00127510,41.33000000
2018-02-26 00:07:02,0.00127790,0.17000000
2018-02-26 00:07:03,0.00127510,37.06000000
2018-02-26 00:07:03,0.00127500,4.23000000
2018-02-26 00:07:04,0.00127750,15.00000000
2018-02-26 00:07:04,0.00127620,115.69000000
2018-02-26 00:07:05,0.00127510,1.70000000
2018-02-26 00:07:05,0.00127510,0.30000000
2018-02-26 00:07:05,0.00127750,1.65000000
2018-02-26 00:07:05,0.00127750,61.74000000
2018-02-26 00:07:06,0.00127770,26.13000000
2018-02-26 00:07:06,0.00127780,7.60000000
2018-02-26 00:07:06,0.00127780,8.01000000
2018-02-26 00:07:06,0.00127790,10.39000000
2018-02-26 00:07:06,0.00127890,2.90000000
2018-02-26 00:07:09,0.00127630,70.00000000
2018-02-26 00:07:09,0.00127580,147.09000000
2018-02-26 00:07:09,0.00127790,1.00000000
2018-02-26 00:07:09,0.00127780,1.00000000
2018-02-26 00:07:14,0.00127770,3.90000000
2018-02-26 00:07:14,0.00127780,2.78000000
2018-02-26 00:07:16,0.00127880,1.17000000
2018-02-26 00:07:16,0.00127780,0.22000000
2018-02-26 00:07:16,0.00127770,2.13000000
2018-02-26 00:07:18,0.00127770,8.48000000
2018-02-26 00:07:23,0.00127790,1.00000000
2018-02-26 00:07:23,0.00127870,6.71000000
2018-02-26 00:07:24,0.00127870,9.46000000
2018-02-26 00:07:25,0.00127770,4.77000000
2018-02-26 00:07:25,0.00127870,1.00000000
2018-02-26 00:07:25,0.00127870,6.21000000
2018-02-26 00:07:25,0.00127870,6.21000000
2018-02-26 00:07:25,0.00127870,6.21000000
2018-02-26 00:07:25,0.00127870,6.23000000
2018-02-26 00:07:25,0.00127610,6.21000000
2018-02-26 00:07:25,0.00127870,1.85000000
2018-02-26 00:07:25,0.00127870,6.39000000
2018-02-26 00:07:26,0.00127870,1.40000000
2018-02-26 00:07:26,0.00127870,9.62000000
2018-02-26 00:07:27,0.00127860,6.21000000
2018-02-26 00:07:27,0.00127870,18.71000000
2018-02-26 00:07:27,0.00127880,5.27000000
2018-02-26 00:07:28,0.00127880,9.39000000
2018-02-26 00:07:29,0.00127880,5.65000000
2018-02-26 00:07:30,0.00127880,0.94000000
2018-02-26 00:07:30,0.00127870,75.08000000
2018-02-26 00:07:30,0.00127650,2.81000000
2018-02-26 00:07:30,0.00127630,0.19000000
2018-02-26 00:07:30,0.00127840,5.69000000
2018-02-26 00:07:31,0.00127840,5.62000000
2018-02-26 00:07:31,0.00127630,6.07000000
2018-02-26 00:07:31,0.00127600,13.05000000
2018-02-26 00:07:31,0.00127580,14.58000000
2018-02-26 00:07:31,0.00127580,1.09000000
2018-02-26 00:07:31,0.00127570,20.21000000
2018-02-26 00:07:33,0.00127840,9.79000000
2018-02-26 00:07:34,0.00127840,7.00000000
2018-02-26 00:07:35,0.00127840,6.65000000
2018-02-26 00:07:36,0.00127840,241.75000000
2018-02-26 00:07:36,0.00127850,15.67000000
2018-02-26 00:07:36,0.00127880,9.75000000
2018-02-26 00:07:36,0.00127840,118.40000000
2018-02-26 00:07:38,0.00127660,294.96000000
2018-02-26 00:07:39,0.00127770,252.50000000
2018-02-26 00:07:40,0.00127710,126.08000000
2018-02-26 00:07:41,0.00127770,2.00000000
2018-02-26 00:07:41,0.00127770,71.91000000
2018-02-26 00:07:45,0.00127780,9.43000000
2018-02-26 00:07:45,0.00127770,13.85000000
2018-02-26 00:07:46,0.00127770,5.42000000
2018-02-26 00:07:46,0.00127880,45.66000000
2018-02-26 00:07:47,0.00127770,8.21000000
2018-02-26 00:07:48,0.00127770,7.13000000
2018-02-26 00:07:49,0.00127770,6.29000000
2018-02-26 00:07:49,0.00127770,15.98000000
2018-02-26 00:07:49,0.00127800,113.63000000
2018-02-26 00:07:49,0.00127770,1.49000000
2018-02-26 00:07:50,0.00127770,7.94000000
2018-02-26 00:07:51,0.00127770,5.52000000
2018-02-26 00:07:51,0.00127820,13.45000000
2018-02-26 00:07:52,0.00127770,5.68000000
2018-02-26 00:07:53,0.00127770,7.08000000
2018-02-26 00:07:54,0.00127790,3.68000000
2018-02-26 00:07:54,0.00127770,1.58000000
2018-02-26 00:07:55,0.00127770,6.58000000
2018-02-26 00:07:55,0.00127880,7.12000000
2018-02-26 00:07:56,0.00127770,8.34000000
2018-02-26 00:07:57,0.00127780,5.49000000
2018-02-26 00:08:01,0.00127780,44.51000000
2018-02-26 00:08:01,0.00127770,77.27000000
2018-02-26 00:08:03,0.00127770,146.95000000
2018-02-26 00:08:05,0.00127770,96.74000000
2018-02-26 00:08:05,0.00127780,101.51000000
2018-02-26 00:08:05,0.00127780,145.66000000
2018-02-26 00:08:05,0.00127770,85.69000000
2018-02-26 00:08:10,0.00127770,2.39000000
2018-02-26 00:08:10,0.00127770,2.58000000
2018-02-26 00:08:13,0.00127600,11.45000000
2018-02-26 00:08:13,0.00127680,136.71000000
2018-02-26 00:08:13,0.00127600,7.33000000
2018-02-26 00:08:14,0.00127600,7.55000000
2018-02-26 00:08:15,0.00127600,8.35000000
2018-02-26 00:08:16,0.00127600,35.32000000
2018-02-26 00:08:16,0.00127570,49.79000000
2018-02-26 00:08:16,0.00127510,33.21000000
2018-02-26 00:08:16,0.00127500,68.36000000
2018-02-26 00:08:16,0.00127510,9.88000000
2018-02-26 00:08:18,0.00127700,6.51000000
2018-02-26 00:08:19,0.00127700,7.80000000
2018-02-26 00:08:20,0.00127700,18.86000000
2018-02-26 00:08:20,0.00127500,163.66000000
2018-02-26 00:08:20,0.00127500,7.74000000
2018-02-26 00:08:21,0.00127500,8.29000000
2018-02-26 00:08:22,0.00127500,6.96000000
2018-02-26 00:08:23,0.00127500,6.51000000
2018-02-26 00:08:24,0.00127690,3.68000000
2018-02-26 00:08:27,0.00127510,47.83000000
2018-02-26 00:08:27,0.00127500,72.62000000
2018-02-26 00:08:27,0.00127500,21.04000000
2018-02-26 00:08:27,0.00127500,40.39000000
2018-02-26 00:08:27,0.00127490,4.91000000
2018-02-26 00:08:27,0.00127490,1.29000000
2018-02-26 00:08:28,0.00127500,1.86000000
2018-02-26 00:08:28,0.00127500,3.76000000
2018-02-26 00:08:28,0.00127480,11.77000000
2018-02-26 00:08:28,0.00127470,9.31000000
2018-02-26 00:08:30,0.00127500,10.04000000
2018-02-26 00:08:30,0.00127500,9.99000000
2018-02-26 00:08:30,0.00127500,10.02000000
2018-02-26 00:08:31,0.00127480,24.08000000
2018-02-26 00:08:31,0.00127500,1.02000000
2018-02-26 00:08:32,0.00127500,1.96000000
2018-02-26 00:08:32,0.00127500,1.02000000
2018-02-26 00:08:34,0.00127500,3.92000000
2018-02-26 00:08:34,0.00127500,7.84000000
2018-02-26 00:08:35,0.00127500,1.96000000
2018-02-26 00:08:36,0.00127470,2.38000000
2018-02-26 00:08:36,0.00127430,3.69000000
2018-02-26 00:08:36,0.00127390,9.57000000
2018-02-26 00:08:36,0.00127380,3.93000000
2018-02-26 00:08:36,0.00127340,3.38000000
2018-02-26 00:08:36,0.00127300,7.24000000
2018-02-26 00:08:36,0.00127290,1.65000000
2018-02-26 00:08:36,0.00127250,15.46000000
2018-02-26 00:08:36,0.00127500,1.96000000
2018-02-26 00:08:38,0.00127480,183.43000000
2018-02-26 00:08:39,0.00127380,2.33000000
2018-02-26 00:08:44,0.00127480,10.41000000
2018-02-26 00:08:44,0.00127480,53.33000000
2018-02-26 00:08:44,0.00127500,166.94000000
2018-02-26 00:08:46,0.00127380,55.66000000
2018-02-26 00:08:46,0.00127370,100.00000000
2018-02-26 00:08:46,0.00127250,27.97000000
2018-02-26 00:08:46,0.00127220,3.93000000
2018-02-26 00:08:46,0.00127210,7.86000000
2018-02-26 00:08:46,0.00127160,26.76000000
2018-02-26 00:08:46,0.00127150,39.78000000
2018-02-26 00:08:46,0.00127100,30.34000000
2018-02-26 00:08:46,0.00127090,1.93000000
2018-02-26 00:08:46,0.00127100,10.40000000
2018-02-26 00:08:48,0.00127400,1.00000000
2018-02-26 00:08:48,0.00127490,6.09000000
2018-02-26 00:08:49,0.00127480,10.40000000
2018-02-26 00:08:49,0.00127490,4.60000000
2018-02-26 00:08:51,0.00127360,103.58000000
2018-02-26 00:08:51,0.00127360,43.75000000
2018-02-26 00:08:55,0.00127460,1.00000000
2018-02-26 00:08:55,0.00127400,9.00000000
2018-02-26 00:09:00,0.00127400,57.99000000
2018-02-26 00:09:01,0.00127470,3.92000000
2018-02-26 00:09:01,0.00127480,2.08000000
2018-02-26 00:09:03,0.00127440,3.92000000
2018-02-26 00:09:04,0.00127440,11.95000000
2018-02-26 00:09:07,0.00127480,1.65000000
2018-02-26 00:09:12,0.00127470,19.43000000
2018-02-26 00:09:12,0.00127470,0.57000000
2018-02-26 00:09:12,0.00127480,1.16000000
2018-02-26 00:09:13,0.00127430,34.70000000
2018-02-26 00:09:15,0.00127470,1.96000000
2018-02-26 00:09:17,0.00127470,11.96000000
2018-02-26 00:09:17,0.00127480,47.55000000
2018-02-26 00:09:17,0.00127490,44.74000000
2018-02-26 00:09:18,0.00127440,14.01000000
2018-02-26 00:09:19,0.00127440,12.44000000
2018-02-26 00:09:21,0.00127490,1.33000000
2018-02-26 00:09:21,0.00127490,12.62000000
2018-02-26 00:09:29,0.00127490,20.98000000
2018-02-26 00:09:30,0.00127490,56.26000000
2018-02-26 00:09:31,0.00127490,644.03000000
2018-02-26 00:09:31,0.00127500,298.34000000
2018-02-26 00:09:33,0.00127480,157.96000000
2018-02-26 00:09:35,0.00127500,642.03000000
2018-02-26 00:09:35,0.00127510,16.00000000
2018-02-26 00:09:36,0.00127500,2.00000000
2018-02-26 00:09:36,0.00127490,1.00000000
2018-02-26 00:09:36,0.00127510,64.35000000
2018-02-26 00:09:37,0.00127500,2.00000000
2018-02-26 00:09:38,0.00127500,106.24000000
2018-02-26 00:09:38,0.00127490,13.76000000
2018-02-26 00:09:40,0.00127520,2.00000000
2018-02-26 00:09:42,0.00127740,6.07000000
2018-02-26 00:09:42,0.00127750,5.75000000
2018-02-26 00:09:42,0.00127750,0.89000000
2018-02-26 00:09:45,0.00127750,1.57000000
2018-02-26 00:09:46,0.00127750,8.39000000
2018-02-26 00:09:52,0.00127600,23.97000000
2018-02-26 00:09:54,0.00127670,45.33000000
2018-02-26 00:09:54,0.00127750,44.44000000
2018-02-26 00:09:56,0.00127870,7.68000000
2018-02-26 00:09:56,0.00127880,224.11000000
2018-02-26 00:09:59,0.00127790,3.13000000
2018-02-26 00:09:59,0.00127880,80.60000000
2018-02-26 00:09:59,0.00128000,69.34000000
2018-02-26 00:09:59,0.00128100,0.93000000
2018-02-26 00:10:04,0.00127780,1.96000000
2018-02-26 00:10:04,0.00127620,1.00000000
2018-02-26 00:10:06,0.00127780,0.04000000
2018-02-26 00:10:06,0.00127850,8.47000000
2018-02-26 00:10:06,0.00127730,1.93000000
2018-02-26 00:10:06,0.00127830,1.00000000
2018-02-26 00:10:06,0.00127730,1.00000000
2018-02-26 00:10:06,0.00127620,1.00000000
2018-02-26 00:10:07,0.00127730,0.94000000
2018-02-26 00:10:08,0.00127680,168.58000000
2018-02-26 00:10:11,0.00127730,1.99000000
2018-02-26 00:10:11,0.00127740,0.36000000
2018-02-26 00:10:18,0.00127740,0.64000000
2018-02-26 00:10:18,0.00127850,2.70000000
2018-02-26 00:10:18,0.00127750,2.70000000
2018-02-26 00:10:18,0.00127750,2.59000000
2018-02-26 00:10:18,0.00127750,2.70000000
2018-02-26 00:10:19,0.00127850,2.70000000
2018-02-26 00:10:21,0.00127980,55.95000000
2018-02-26 00:10:21,0.00128080,93.61000000
2018-02-26 00:10:21,0.00128090,5.29000000
2018-02-26 00:10:21,0.00128100,24.72000000
2018-02-26 00:10:24,0.00128100,1.95000000
2018-02-26 00:10:24,0.00128100,28.29000000
2018-02-26 00:10:25,0.00128100,1.95000000
2018-02-26 00:10:25,0.00128100,8.41000000
2018-02-26 00:10:25,0.00128100,2.00000000
2018-02-26 00:10:25,0.00128100,1.00000000
2018-02-26 00:10:25,0.00128100,2.00000000
2018-02-26 00:10:25,0.00128100,27.40000000
2018-02-26 00:10:25,0.00128100,29.80000000
2018-02-26 00:10:25,0.00127910,2.37000000
2018-02-26 00:10:25,0.00127890,4.51000000
2018-02-26 00:10:26,0.00127950,2.73000000
2018-02-26 00:10:27,0.00127950,3.12000000
2018-02-26 00:10:28,0.00127900,21.92000000
2018-02-26 00:10:28,0.00127890,4.16000000
2018-02-26 00:10:28,0.00127850,50.29000000
2018-02-26 00:10:28,0.00127840,6.08000000
2018-02-26 00:10:28,0.00127840,4.51000000
2018-02-26 00:10:28,0.00127950,1.95000000
2018-02-26 00:10:28,0.00127950,0.71000000
2018-02-26 00:10:28,0.00128030,1.16000000
2018-02-26 00:10:29,0.00128030,1.95000000
2018-02-26 00:10:29,0.00128000,7.08000000
2018-02-26 00:10:30,0.00127850,2.37000000
2018-02-26 00:10:30,0.00127830,5.05000000
2018-02-26 00:10:31,0.00127970,7.81000000
2018-02-26 00:10:32,0.00127970,101.56000000
2018-02-26 00:10:32,0.00127850,178.97000000
2018-02-26 00:10:34,0.00127740,167.82000000
2018-02-26 00:10:34,0.00127710,2.07000000
2018-02-26 00:10:35,0.00127800,3.91000000
2018-02-26 00:10:39,0.00127800,0.83000000
2018-02-26 00:10:41,0.00127700,14.96000000
2018-02-26 00:10:41,0.00127800,1.02000000
2018-02-26 00:10:42,0.00127660,78.99000000
2018-02-26 00:10:44,0.00127660,887.25000000
2018-02-26 00:10:44,0.00127660,1.96000000
2018-02-26 00:10:45,0.00127660,1.96000000
2018-02-26 00:10:45,0.00127660,15.67000000
2018-02-26 00:10:45,0.00127660,1.20000000
2018-02-26 00:10:47,0.00127520,16.00000000
2018-02-26 00:10:47,0.00127510,2.04000000
2018-02-26 00:10:47,0.00127500,38.36000000
2018-02-26 00:10:47,0.00127520,6.88000000
2018-02-26 00:10:47,0.00127520,6.87000000
2018-02-26 00:10:47,0.00127520,6.88000000
2018-02-26 00:10:47,0.00127500,6.88000000
2018-02-26 00:10:47,0.00127520,1.86000000
2018-02-26 00:10:48,0.00127520,0.75000000
2018-02-26 00:10:48,0.00127660,1.68000000
2018-02-26 00:10:49,0.00127570,66.34000000
2018-02-26 00:10:53,0.00127520,6.87000000
2018-02-26 00:10:55,0.00127660,2.36000000
2018-02-26 00:10:57,0.00127520,0.01000000
2018-02-26 00:10:59,0.00127510,20.98000000
2018-02-26 00:11:00,0.00127520,2.35000000
2018-02-26 00:11:01,0.00127520,1.57000000
2018-02-26 00:11:02,0.00127510,15.07000000
2018-02-26 00:11:02,0.00127500,29.72000000
2018-02-26 00:11:02,0.00127460,8.23000000
2018-02-26 00:11:02,0.00127440,4.07000000
2018-02-26 00:11:02,0.00127400,144.63000000
2018-02-26 00:11:03,0.00127450,189.60000000
2018-02-26 00:11:05,0.00127500,5.00000000
2018-02-26 00:11:05,0.00127520,22.14000000
2018-02-26 00:11:09,0.00127400,83.94000000
2018-02-26 00:11:10,0.00127520,0.12000000
2018-02-26 00:11:11,0.00127400,14.53000000
2018-02-26 00:11:11,0.00127520,156.00000000
2018-02-26 00:11:13,0.00127520,50.15000000
2018-02-26 00:11:16,0.00127400,75.92000000
2018-02-26 00:11:16,0.00127450,76.97000000
2018-02-26 00:11:18,0.00127520,41.18000000
2018-02-26 00:11:23,0.00127510,21.40000000
2018-02-26 00:11:23,0.00127510,33.70000000
2018-02-26 00:11:25,0.00127400,57.88000000
2018-02-26 00:11:28,0.00127400,23.80000000
2018-02-26 00:11:28,0.00127390,2.76000000
2018-02-26 00:11:28,0.00127360,4.32000000
2018-02-26 00:11:28,0.00127400,1.96000000
2018-02-26 00:11:31,0.00127390,2.37000000
2018-02-26 00:11:31,0.00127400,7.63000000
2018-02-26 00:11:32,0.00127400,10.18000000
2018-02-26 00:11:32,0.00127400,24.03000000
2018-02-26 00:11:32,0.00127360,21.70000000
2018-02-26 00:11:32,0.00127440,200.22000000
2018-02-26 00:11:43,0.00127500,6.59000000
2018-02-26 00:11:47,0.00127500,10.00000000
2018-02-26 00:11:47,0.00127360,77.56000000
2018-02-26 00:11:47,0.00127300,1.83000000
2018-02-26 00:11:47,0.00127250,48.86000000
2018-02-26 00:11:47,0.00127200,4.02000000
2018-02-26 00:11:47,0.00127180,157.63000000
2018-02-26 00:11:47,0.00127050,87.10000000
2018-02-26 00:11:47,0.00127040,4.68000000
2018-02-26 00:11:47,0.00127030,10.23000000
2018-02-26 00:11:47,0.00127010,375.73000000
2018-02-26 00:11:47,0.00127000,73.51000000
2018-02-26 00:11:47,0.00127000,12.31000000
2018-02-26 00:11:48,0.00127360,35.19000000
2018-02-26 00:11:48,0.00127360,46.15000000
2018-02-26 00:11:48,0.00127260,1.00000000
2018-02-26 00:11:49,0.00127490,1.00000000
2018-02-26 00:11:50,0.00127440,22.40000000
2018-02-26 00:11:51,0.00127410,61.05000000
2018-02-26 00:11:51,0.00127410,35.24000000
2018-02-26 00:11:55,0.00127390,0.50000000
2018-02-26 00:11:58,0.00127150,3.93000000
2018-02-26 00:11:58,0.00127120,58.86000000
2018-02-26 00:11:59,0.00127380,3.93000000
2018-02-26 00:11:59,0.00127390,88.54000000
2018-02-26 00:12:00,0.00127390,16.80000000
2018-02-26 00:12:02,0.00127190,14.05000000
2018-02-26 00:12:02,0.00127180,7.77000000
2018-02-26 00:12:02,0.00127160,2.37000000
2018-02-26 00:12:02,0.00127150,4.88000000
2018-02-26 00:12:02,0.00127100,8.11000000
2018-02-26 00:12:02,0.00127080,11.79000000
2018-02-26 00:12:02,0.00127040,15.74000000
2018-02-26 00:12:02,0.00127010,0.29000000
2018-02-26 00:12:03,0.00126970,15.92000000
2018-02-26 00:12:06,0.00127250,1.00000000
2018-02-26 00:12:06,0.00127350,2.37000000
2018-02-26 00:12:06,0.00127390,9.52000000
2018-02-26 00:12:08,0.00127300,1.50000000
2018-02-26 00:12:08,0.00127200,3.71000000
2018-02-26 00:12:08,0.00127110,2.24000000
2018-02-26 00:12:08,0.00127100,3.91000000
2018-02-26 00:12:08,0.00127390,9.50000000
2018-02-26 00:12:11,0.00127240,186.79000000
2018-02-26 00:12:12,0.00127390,2.10000000
2018-02-26 00:12:13,0.00127140,78.65000000
2018-02-26 00:12:13,0.00127130,3.92000000
2018-02-26 00:12:13,0.00127110,13.26000000
2018-02-26 00:12:13,0.00127110,1.00000000
2018-02-26 00:12:13,0.00127110,1.93000000
2018-02-26 00:12:13,0.00127110,0.98000000
2018-02-26 00:12:19,0.00127110,1.00000000
2018-02-26 00:12:19,0.00127110,1.00000000
2018-02-26 00:12:19,0.00127110,12.57000000
2018-02-26 00:12:19,0.00127100,7.48000000
2018-02-26 00:12:19,0.00127100,71.17000000
2018-02-26 00:12:19,0.00127110,7.59000000
2018-02-26 00:12:19,0.00127200,78.63000000
2018-02-26 00:12:19,0.00127050,1.00000000
2018-02-26 00:12:20,0.00127200,15.00000000
2018-02-26 00:12:21,0.00127200,14.15000000
2018-02-26 00:12:22,0.00127120,1.86000000
2018-02-26 00:12:22,0.00127010,2.14000000
2018-02-26 00:12:22,0.00127120,16.59000000
2018-02-26 00:12:23,0.00127200,32.50000000
2018-02-26 00:12:26,0.00127150,1.00000000
2018-02-26 00:12:26,0.00127150,35.28000000
2018-02-26 00:12:26,0.00127200,39.30000000
2018-02-26 00:12:28,0.00127150,13.93000000
2018-02-26 00:12:28,0.00127200,3.14000000
2018-02-26 00:12:29,0.00127200,411.58000000
2018-02-26 00:12:30,0.00127250,11.95000000
2018-02-26 00:12:32,0.00127380,0.94000000
2018-02-26 00:12:37,0.00127250,2.28000000
2018-02-26 00:12:37,0.00127250,36.14000000
2018-02-26 00:12:40,0.00127300,48.11000000
2018-02-26 00:12:40,0.00127310,152.88000000
2018-02-26 00:12:40,0.00127310,48.11000000
2018-02-26 00:12:40,0.00127380,1.89000000
2018-02-26 00:12:40,0.00127380,10.43000000
2018-02-26 00:12:40,0.00127390,69.00000000
2018-02-26 00:12:40,0.00127490,3.74000000
2018-02-26 00:12:40,0.00127500,616.69000000
2018-02-26 00:12:45,0.00127500,24.63000000
2018-02-26 00:12:45,0.00127500,1.96000000
2018-02-26 00:12:45,0.00127500,5.88000000
2018-02-26 00:12:47,0.00127500,3.14000000
2018-02-26 00:12:49,0.00127500,1.96000000
2018-02-26 00:12:54,0.00127490,1.00000000
2018-02-26 00:12:55,0.00127430,14.10000000
2018-02-26 00:12:59,0.00127490,1.96000000
2018-02-26 00:13:00,0.00127490,6.04000000
2018-02-26 00:13:02,0.00127400,50.48000000
2018-02-26 00:13:14,0.00127490,13.40000000
2018-02-26 00:13:14,0.00127490,14.27000000
2018-02-26 00:13:14,0.00127390,58.82000000
2018-02-26 00:13:14,0.00127390,5.20000000
2018-02-26 00:13:16,0.00127380,0.93000000
2018-02-26 00:13:31,0.00127380,38.35000000
2018-02-26 00:13:43,0.00127350,64.68000000
2018-02-26 00:13:46,0.00127320,2.37000000
2018-02-26 00:13:47,0.00127390,2.34000000
2018-02-26 00:13:49,0.00127300,50.66000000
2018-02-26 00:13:58,0.00127310,27.76000000
2018-02-26 00:13:58,0.00127300,129.63000000
2018-02-26 00:13:59,0.00127310,2.29000000
2018-02-26 00:13:59,0.00127300,85.07000000
2018-02-26 00:14:04,0.00127310,0.96000000
2018-02-26 00:14:04,0.00127310,1.00000000
2018-02-26 00:14:04,0.00127310,227.42000000
2018-02-26 00:14:11,0.00127380,76.14000000
2018-02-26 00:14:11,0.00127380,16.00000000
2018-02-26 00:14:15,0.00127380,1.00000000
2018-02-26 00:14:15,0.00127380,14.73000000
2018-02-26 00:14:16,0.00127470,2.37000000
2018-02-26 00:14:17,0.00127400,78.88000000
2018-02-26 00:14:17,0.00127490,2.34000000
2018-02-26 00:14:17,0.00127500,13.66000000
2018-02-26 00:14:18,0.00127500,0.31000000
2018-02-26 00:14:21,0.00127500,8.80000000
2018-02-26 00:14:22,0.00127500,2.06000000
2018-02-26 00:14:22,0.00127500,52.60000000
2018-02-26 00:14:29,0.00127430,243.58000000
2018-02-26 00:14:37,0.00127440,5.75000000
2018-02-26 00:14:38,0.00127440,6.58000000
2018-02-26 00:14:44,0.00127460,93.08000000
2018-02-26 00:14:44,0.00127440,2.25000000
2018-02-26 00:14:45,0.00127430,3.92000000
2018-02-26 00:14:47,0.00127430,67.04000000
2018-02-26 00:14:52,0.00127390,0.38000000
2018-02-26 00:14:56,0.00127390,416.58000000
2018-02-26 00:14:56,0.00127320,17.14000000
2018-02-26 00:14:56,0.00127310,1.96000000
2018-02-26 00:14:56,0.00127250,57.27000000
2018-02-26 00:15:03,0.00127360,257.78000000
2018-02-26 00:15:03,0.00127430,28.79000000
2018-02-26 00:15:04,0.00127430,20.73000000
2018-02-26 00:15:04,0.00127430,20.73000000
2018-02-26 00:15:04,0.00127430,4.51000000
2018-02-26 00:15:05,0.00127430,4.51000000
2018-02-26 00:15:08,0.00127430,2.25000000
2018-02-26 00:15:10,0.00127440,5.49000000
2018-02-26 00:15:11,0.00127440,1.96000000
2018-02-26 00:15:11,0.00127430,23.36000000
2018-02-26 00:15:12,0.00127430,3.78000000
2018-02-26 00:15:13,0.00127430,21.34000000
2018-02-26 00:15:16,0.00127430,77.16000000
2018-02-26 00:15:18,0.00127430,127.23000000
2018-02-26 00:15:19,0.00127430,2.29000000
2018-02-26 00:15:26,0.00127430,163.08000000
2018-02-26 00:15:27,0.00127440,10.80000000
2018-02-26 00:15:34,0.00127490,1.96000000
2018-02-26 00:15:34,0.00127490,2.74000000
2018-02-26 00:15:37,0.00127490,10.25000000
2018-02-26 00:15:37,0.00127500,36.21000000
2018-02-26 00:15:40,0.00127570,1.18000000
2018-02-26 00:15:41,0.00127570,15.68000000
2018-02-26 00:15:42,0.00127570,15.68000000
2018-02-26 00:15:42,0.00127570,1.96000000
2018-02-26 00:15:43,0.00127570,1.96000000
2018-02-26 00:15:43,0.00127570,19.31000000
2018-02-26 00:15:47,0.00127590,2.76000000
2018-02-26 00:15:47,0.00127690,36.24000000
2018-02-26 00:15:48,0.00127690,0.55000000
2018-02-26 00:15:50,0.00127670,121.16000000
2018-02-26 00:15:54,0.00127790,1.57000000
2018-02-26 00:15:56,0.00127790,14.07000000
2018-02-26 00:15:56,0.00127800,65.69000000
2018-02-26 00:15:56,0.00127890,156.05000000
2018-02-26 00:16:01,0.00127890,22.83000000
2018-02-26 00:16:05,0.00127810,285.86000000
2018-02-26 00:16:09,0.00127920,660.06000000
2018-02-26 00:16:11,0.00127920,300.49000000
2018-02-26 00:16:15,0.00127720,0.58000000
2018-02-26 00:16:16,0.00127720,0.50000000
2018-02-26 00:16:16,0.00127920,1.72000000
2018-02-26 00:16:20,0.00127920,5.55000000
2018-02-26 00:16:23,0.00127920,30.15000000
2018-02-26 00:16:23,0.00127940,2.36000000
2018-02-26 00:16:23,0.00127960,222.63000000
2018-02-26 00:16:23,0.00127990,156.79000000
2018-02-26 00:16:25,0.00128000,114.87000000
2018-02-26 00:16:25,0.00128100,7.88000000
2018-02-26 00:16:25,0.00128140,1.65000000
2018-02-26 00:16:25,0.00128210,35.49000000
2018-02-26 00:16:25,0.00128250,8.03000000
2018-02-26 00:16:25,0.00128270,3.93000000
2018-02-26 00:16:25,0.00128290,50.00000000
2018-02-26 00:16:25,0.00127880,8.51000000
2018-02-26 00:16:25,0.00128070,135.36000000
2018-02-26 00:16:26,0.00128280,20.00000000
2018-02-26 00:16:26,0.00128320,6.63000000
2018-02-26 00:16:26,0.00128360,3.93000000
2018-02-26 00:16:26,0.00128370,31.38000000
2018-02-26 00:16:26,0.00128000,108.04000000
2018-02-26 00:16:26,0.00127990,33.09000000
2018-02-26 00:16:26,0.00128110,1.00000000
2018-02-26 00:16:26,0.00128020,1.00000000
2018-02-26 00:16:26,0.00128020,1.00000000
2018-02-26 00:16:26,0.00128020,20.35000000
2018-02-26 00:16:26,0.00128010,21.35000000
2018-02-26 00:16:27,0.00127770,0.79000000
2018-02-26 00:16:27,0.00128020,16.47000000
2018-02-26 00:16:27,0.00128270,1.08000000
2018-02-26 00:16:32,0.00128480,2.26000000
2018-02-26 00:16:34,0.00128240,1.00000000
2018-02-26 00:16:35,0.00128480,0.78000000
2018-02-26 00:16:36,0.00128480,15.57000000
2018-02-26 00:16:36,0.00128480,44.34000000
2018-02-26 00:16:36,0.00128490,3.55000000
2018-02-26 00:16:36,0.00128500,37.46000000
2018-02-26 00:16:37,0.00128550,0.62000000
2018-02-26 00:16:39,0.00128500,15.24000000
2018-02-26 00:16:42,0.00128550,2.26000000
2018-02-26 00:16:43,0.00128550,4.59000000
2018-02-26 00:16:43,0.00128590,4.99000000
2018-02-26 00:16:43,0.00128600,47.57000000
2018-02-26 00:16:46,0.00128530,300.06000000
2018-02-26 00:16:47,0.00128600,24.67000000
2018-02-26 00:16:47,0.00128480,24.42000000
2018-02-26 00:16:48,0.00128590,0.79000000
2018-02-26 00:16:48,0.00128600,0.07000000
2018-02-26 00:16:52,0.00128320,77.92000000
2018-02-26 00:16:52,0.00128310,2.34000000
2018-02-26 00:16:52,0.00128280,19.89000000
2018-02-26 00:16:52,0.00128270,2.34000000
2018-02-26 00:16:52,0.00128260,3.93000000
2018-02-26 00:16:54,0.00128440,1.00000000
2018-02-26 00:16:57,0.00128320,3.43000000
2018-02-26 00:16:57,0.00128320,73.49000000
2018-02-26 00:16:57,0.00128330,76.07000000
2018-02-26 00:16:58,0.00128240,1.34000000
2018-02-26 00:16:59,0.00128240,7.00000000
2018-02-26 00:17:02,0.00128220,50.00000000
2018-02-26 00:17:03,0.00128040,19.61000000
2018-02-26 00:17:03,0.00128010,16.00000000
2018-02-26 00:17:03,0.00128000,2.72000000
2018-02-26 00:17:11,0.00128130,1.20000000
2018-02-26 00:17:12,0.00128130,7.83000000
2018-02-26 00:17:12,0.00128130,1.57000000
2018-02-26 00:17:13,0.00128120,4.93000000
2018-02-26 00:17:13,0.00128130,46.86000000
2018-02-26 00:17:14,0.00128130,34.09000000
2018-02-26 00:17:14,0.00128120,4.93000000
2018-02-26 00:17:20,0.00128030,3.90000000
2018-02-26 00:17:22,0.00128000,3.76000000
2018-02-26 00:17:24,0.00127990,25.88000000
2018-02-26 00:17:24,0.00127990,3.90000000
2018-02-26 00:17:24,0.00127980,2.34000000
2018-02-26 00:17:24,0.00127990,12.93000000
2018-02-26 00:17:28,0.00127850,163.75000000
2018-02-26 00:17:34,0.00127730,78.26000000
2018-02-26 00:17:34,0.00127730,189.65000000
2018-02-26 00:17:36,0.00127720,78.26000000
2018-02-26 00:17:36,0.00127730,24.64000000
2018-02-26 00:17:47,0.00127970,47.31000000
2018-02-26 00:17:47,0.00127980,66.79000000
2018-02-26 00:17:47,0.00127990,240.60000000
2018-02-26 00:17:47,0.00128000,50.39000000
2018-02-26 00:17:47,0.00127900,13.25000000
2018-02-26 00:17:49,0.00127850,7.37000000
2018-02-26 00:17:51,0.00127730,16.00000000
2018-02-26 00:17:52,0.00127730,20.34000000
2018-02-26 00:17:56,0.00127850,6.71000000
2018-02-26 00:17:56,0.00127850,73.73000000
2018-02-26 00:17:58,0.00127850,4.00000000
2018-02-26 00:17:59,0.00127730,3.42000000
2018-02-26 00:17:59,0.00127850,81.89000000
2018-02-26 00:18:08,0.00127920,177.64000000
2018-02-26 00:18:19,0.00128000,5.89000000
2018-02-26 00:18:21,0.00128000,21.68000000
2018-02-26 00:18:27,0.00128000,262.49000000
2018-02-26 00:18:27,0.00128160,148.30000000
2018-02-26 00:18:27,0.00128200,229.43000000
2018-02-26 00:18:27,0.00128330,73.49000000
2018-02-26 00:18:27,0.00128330,10.65000000
2018-02-26 00:18:27,0.00128330,0.88000000
2018-02-26 00:18:28,0.00128330,45.93000000
2018-02-26 00:18:29,0.00127940,27.13000000
2018-02-26 00:18:35,0.00127920,5.01000000
2018-02-26 00:18:35,0.00127920,233.65000000
2018-02-26 00:18:35,0.00128000,2.75000000
2018-02-26 00:18:35,0.00128330,0.05000000
2018-02-26 00:18:35,0.00128450,2.21000000
2018-02-26 00:18:40,0.00128080,78.16000000
2018-02-26 00:18:40,0.00128070,15.61000000
2018-02-26 00:18:41,0.00128030,7.38000000
2018-02-26 00:18:41,0.00128010,3.91000000
2018-02-26 00:18:41,0.00128230,25.17000000
2018-02-26 00:18:42,0.00128010,191.84000000
2018-02-26 00:18:43,0.00128120,2.21000000
2018-02-26 00:18:44,0.00128000,13.19000000
2018-02-26 00:18:46,0.00128120,33.19000000
2018-02-26 00:18:48,0.00128120,15.38000000
2018-02-26 00:18:50,0.00128120,2.21000000
2018-02-26 00:18:50,0.00128150,15.61000000
2018-02-26 00:18:50,0.00128400,16.20000000
2018-02-26 00:18:51,0.00128300,1.00000000
2018-02-26 00:18:51,0.00128400,34.03000000
2018-02-26 00:18:51,0.00128450,2.47000000
2018-02-26 00:18:51,0.00128460,66.50000000
2018-02-26 00:18:52,0.00128140,1.00000000
2018-02-26 00:18:53,0.00128060,78.15000000
2018-02-26 00:18:53,0.00128050,15.61000000
2018-02-26 00:18:57,0.00128080,41.33000000
2018-02-26 00:19:06,0.00128170,10.18000000
2018-02-26 00:19:07,0.00128100,109.15000000
2018-02-26 00:19:13,0.00128120,15.45000000
2018-02-26 00:19:14,0.00128100,11.97000000
2018-02-26 00:19:15,0.00128050,40.55000000
2018-02-26 00:19:15,0.00128060,165.49000000
2018-02-26 00:19:24,0.00128050,3.91000000
2018-02-26 00:19:24,0.00128060,40.55000000
2018-02-26 00:19:25,0.00128120,17.08000000
2018-02-26 00:19:26,0.00128050,109.76000000
2018-02-26 00:19:30,0.00128040,55.53000000
2018-02-26 00:19:31,0.00128030,5.00000000
2018-02-26 00:19:33,0.00128030,6.96000000
2018-02-26 00:19:36,0.00128030,76.03000000
2018-02-26 00:19:44,0.00128050,2.00000000
2018-02-26 00:19:45,0.00128050,17.95000000
2018-02-26 00:19:48,0.00128040,220.23000000
2018-02-26 00:19:56,0.00128040,4.52000000
2018-02-26 00:19:56,0.00128100,6.89000000
2018-02-26 00:19:56,0.00128210,33.52000000
2018-02-26 00:19:56,0.00128300,22.72000000
2018-02-26 00:19:56,0.00128460,627.35000000
2018-02-26 00:19:57,0.00128210,1.00000000
2018-02-26 00:20:00,0.00128240,1.00000000
2018-02-26 00:20:00,0.00128270,3.72000000
2018-02-26 00:20:01,0.00128150,78.05000000
2018-02-26 00:20:01,0.00128140,1.00000000
2018-02-26 00:20:01,0.00128040,2.37000000
2018-02-26 00:20:01,0.00128020,3.91000000
2018-02-26 00:20:01,0.00128000,13.08000000
2018-02-26 00:20:02,0.00128040,1.00000000
2018-02-26 00:20:03,0.00128090,6.24000000
2018-02-26 00:20:05,0.00128060,69.73000000
2018-02-26 00:20:07,0.00128090,71.81000000
2018-02-26 00:20:07,0.00128100,6.38000000
2018-02-26 00:20:07,0.00128220,2.37000000
2018-02-26 00:20:07,0.00128440,11.89000000
2018-02-26 00:20:07,0.00128450,32.15000000
2018-02-26 00:20:07,0.00128150,78.03000000
2018-02-26 00:20:08,0.00128180,2.37000000
2018-02-26 00:20:11,0.00128150,1.92000000
2018-02-26 00:20:12,0.00128050,15.61000000
2018-02-26 00:20:12,0.00128040,14.62000000
2018-02-26 00:20:12,0.00128000,70.14000000
2018-02-26 00:20:12,0.00127900,11.24000000
2018-02-26 00:20:12,0.00127880,74.27000000
2018-02-26 00:20:12,0.00127870,31.28000000
2018-02-26 00:20:12,0.00127860,1.92000000
2018-02-26 00:20:12,0.00127860,45.27000000
2018-02-26 00:20:14,0.00127860,32.76000000
2018-02-26 00:20:14,0.00127870,17.23000000
2018-02-26 00:20:17,0.00127860,3.91000000
2018-02-26 00:20:17,0.00127870,61.60000000
2018-02-26 00:20:19,0.00127870,0.02000000
2018-02-26 00:20:22,0.00127860,234.43000000
2018-02-26 00:20:34,0.00127850,660.05000000
2018-02-26 00:20:38,0.00127710,1.53000000
2018-02-26 00:20:38,0.00127710,82.40000000
2018-02-26 00:20:38,0.00127860,15.61000000
2018-02-26 00:20:38,0.00127870,68.28000000
2018-02-26 00:20:46,0.00127870,121.57000000
2018-02-26 00:20:47,0.00127870,143.63000000
2018-02-26 00:20:51,0.00127790,248.32000000
2018-02-26 00:20:53,0.00127870,5.01000000
2018-02-26 00:20:54,0.00127870,5.01000000
2018-02-26 00:20:55,0.00127720,55.47000000
2018-02-26 00:20:57,0.00127870,6.86000000
2018-02-26 00:20:58,0.00127870,6.86000000
2018-02-26 00:20:58,0.00127720,6.86000000
2018-02-26 00:21:11,0.00127780,97.81000000
2018-02-26 00:21:12,0.00127720,1.50000000
2018-02-26 00:21:13,0.00127720,36.60000000
2018-02-26 00:21:13,0.00127710,103.65000000
2018-02-26 00:21:15,0.00127710,13.24000000
2018-02-26 00:21:18,0.00127710,1.00000000
2018-02-26 00:21:18,0.00127710,6.63000000
2018-02-26 00:21:18,0.00127570,24.42000000
2018-02-26 00:21:18,0.00127570,1.83000000
2018-02-26 00:21:23,0.00127710,0.10000000
2018-02-26 00:21:25,0.00127710,27.75000000
2018-02-26 00:21:32,0.00127630,262.52000000
2018-02-26 00:21:42,0.00127570,3.65000000
2018-02-26 00:21:42,0.00127550,27.65000000
2018-02-26 00:21:42,0.00127520,56.45000000
2018-02-26 00:21:42,0.00127500,590.48000000
2018-02-26 00:21:42,0.00127500,1.00000000
2018-02-26 00:21:42,0.00127500,1.53000000
2018-02-26 00:21:42,0.00127500,1.53000000
2018-02-26 00:21:42,0.00127500,153.44000000
2018-02-26 00:21:49,0.00127570,112.01000000
2018-02-26 00:21:50,0.00127460,0.79000000
2018-02-26 00:21:50,0.00127460,34.08000000
2018-02-26 00:21:50,0.00127450,16.00000000
2018-02-26 00:21:50,0.00127440,14.92000000
2018-02-26 00:21:51,0.00127440,15.96000000
2018-02-26 00:21:51,0.00127500,47.38000000
2018-02-26 00:21:51,0.00127500,0.49000000
2018-02-26 00:21:53,0.00127440,0.79000000
2018-02-26 00:21:55,0.00127490,73.55000000
2018-02-26 00:21:55,0.00127490,0.72000000
2018-02-26 00:21:55,0.00127500,300.18000000
2018-02-26 00:21:55,0.00127500,54.90000000
2018-02-26 00:22:02,0.00127460,47.35000000
2018-02-26 00:22:02,0.00127440,4.04000000
2018-02-26 00:22:02,0.00127430,0.05000000
2018-02-26 00:22:07,0.00127460,68.07000000
2018-02-26 00:22:07,0.00127430,6.00000000
2018-02-26 00:22:07,0.00127430,0.25000000
2018-02-26 00:22:07,0.00127360,5.83000000
2018-02-26 00:22:07,0.00127430,4.41000000
2018-02-26 00:22:08,0.00127360,22.94000000
2018-02-26 00:22:08,0.00127430,10.00000000
2018-02-26 00:22:08,0.00127500,13.45000000
2018-02-26 00:22:09,0.00127570,3.39000000
2018-02-26 00:22:11,0.00127460,276.71000000
2018-02-26 00:22:11,0.00127570,25.00000000
2018-02-26 00:22:12,0.00127570,5.68000000
2018-02-26 00:22:12,0.00127610,0.01000000
2018-02-26 00:22:16,0.00127670,1.37000000
2018-02-26 00:22:23,0.00127640,4.84000000
2018-02-26 00:22:25,0.00127600,126.21000000
2018-02-26 00:22:26,0.00127640,5.00000000
2018-02-26 00:22:31,0.00127640,2.00000000
2018-02-26 00:22:33,0.00127640,196.66000000
2018-02-26 00:22:39,0.00127670,2.00000000
2018-02-26 00:22:42,0.00127640,199.32000000
2018-02-26 00:22:42,0.00127500,14.21000000
2018-02-26 00:22:42,0.00127500,568.08000000
2018-02-26 00:22:43,0.00127660,2.37000000
2018-02-26 00:22:43,0.00127670,11.04000000
2018-02-26 00:22:47,0.00127560,290.91000000
2018-02-26 00:22:49,0.00127670,20.37000000
2018-02-26 00:22:56,0.00127670,6.00000000
2018-02-26 00:22:56,0.00127670,51.95000000
2018-02-26 00:22:56,0.00127560,13.70000000
2018-02-26 00:22:56,0.00127480,2.37000000
2018-02-26 00:22:56,0.00127460,2.37000000
2018-02-26 00:22:56,0.00127440,38.65000000
2018-02-26 00:23:01,0.00127640,4.74000000
2018-02-26 00:23:01,0.00127670,27.37000000
2018-02-26 00:23:01,0.00127670,1.00000000
2018-02-26 00:23:02,0.00127680,140.41000000
2018-02-26 00:23:02,0.00127670,2.36000000
2018-02-26 00:23:02,0.00127670,51.38000000
2018-02-26 00:23:06,0.00127670,0.05000000
2018-02-26 00:23:07,0.00127750,0.45000000
2018-02-26 00:23:10,0.00127840,9.70000000
2018-02-26 00:23:12,0.00127840,4.00000000
2018-02-26 00:23:15,0.00127840,57.00000000
2018-02-26 00:23:15,0.00127840,10.00000000
2018-02-26 00:23:23,0.00127720,305.11000000
2018-02-26 00:23:33,0.00127830,78.28000000
2018-02-26 00:23:33,0.00127840,13.61000000
2018-02-26 00:23:35,0.00127770,1.38000000
2018-02-26 00:23:35,0.00127770,1.74000000
2018-02-26 00:23:38,0.00127620,0.45000000
2018-02-26 00:23:38,0.00127770,1.38000000
2018-02-26 00:23:38,0.00127840,2.32000000
2018-02-26 00:23:39,0.00127720,4.59000000
2018-02-26 00:23:39,0.00127720,150.01000000
2018-02-26 00:23:42,0.00127620,1.07000000
2018-02-26 00:23:45,0.00127670,18.82000000
2018-02-26 00:23:45,0.00127620,5.34000000
2018-02-26 00:23:52,0.00127690,5.64000000
2018-02-26 00:23:56,0.00127720,29.59000000
2018-02-26 00:23:56,0.00127720,57.33000000
2018-02-26 00:23:58,0.00127850,0.45000000
2018-02-26 00:23:59,0.00127850,61.88000000
2018-02-26 00:23:59,0.00127870,116.56000000
2018-02-26 00:24:00,0.00127980,0.34000000
2018-02-26 00:24:00,0.00127980,1.66000000
2018-02-26 00:24:00,0.00128000,2.11000000
2018-02-26 00:24:00,0.00127870,4.71000000
2018-02-26 00:24:05,0.00127930,168.49000000
2018-02-26 00:24:11,0.00128000,1.11000000
2018-02-26 00:24:14,0.00128000,45.58000000
2018-02-26 00:24:14,0.00127930,5.12000000
2018-02-26 00:24:15,0.00128000,29.06000000
2018-02-26 00:24:16,0.00128030,41.76000000
2018-02-26 00:24:18,0.00128290,11.39000000
2018-02-26 00:24:19,0.00128290,27.13000000
2018-02-26 00:24:19,0.00128290,1.00000000
2018-02-26 00:24:19,0.00128290,1.53000000
2018-02-26 00:24:19,0.00128290,6.89000000
2018-02-26 00:24:19,0.00128290,1.97000000
2018-02-26 00:24:19,0.00128130,1.00000000
2018-02-26 00:24:19,0.00128030,17.01000000
2018-02-26 00:24:20,0.00128160,1.00000000
2018-02-26 00:24:20,0.00128260,2.37000000
2018-02-26 00:24:20,0.00128380,0.40000000
2018-02-26 00:24:20,0.00128130,10.00000000
2018-02-26 00:24:20,0.00128160,2.37000000
2018-02-26 00:24:21,0.00128030,0.98000000
2018-02-26 00:24:21,0.00128000,5.24000000
2018-02-26 00:24:21,0.00127960,3.78000000
2018-02-26 00:24:21,0.00128040,17.98000000
2018-02-26 00:24:24,0.00128050,2.83000000
2018-02-26 00:24:24,0.00128050,36.16000000
2018-02-26 00:24:24,0.00128050,2.83000000
2018-02-26 00:24:27,0.00128080,2.37000000
2018-02-26 00:24:27,0.00128290,0.78000000
2018-02-26 00:24:28,0.00128110,2.37000000
2018-02-26 00:24:28,0.00128090,1.00000000
2018-02-26 00:24:30,0.00128260,2.37000000
2018-02-26 00:24:30,0.00128280,15.62000000
2018-02-26 00:24:30,0.00128290,60.24000000
2018-02-26 00:24:30,0.00128320,2.37000000
2018-02-26 00:24:30,0.00128350,2.37000000
2018-02-26 00:24:30,0.00128390,72.13000000
2018-02-26 00:24:30,0.00128420,54.07000000
2018-02-26 00:24:30,0.00128430,170.83000000
2018-02-26 00:24:31,0.00128430,2.12000000
2018-02-26 00:24:31,0.00128140,78.10000000
2018-02-26 00:24:31,0.00128130,15.60000000
2018-02-26 00:24:32,0.00128100,1.00000000
2018-02-26 00:24:33,0.00128100,1.00000000
2018-02-26 00:24:33,0.00128100,100.05000000
2018-02-26 00:24:33,0.00128100,7.44000000
2018-02-26 00:24:34,0.00128000,0.45000000
2018-02-26 00:24:37,0.00128200,2.00000000
2018-02-26 00:24:38,0.00128200,1.59000000
2018-02-26 00:24:40,0.00128090,182.69000000
2018-02-26 00:24:41,0.00128200,3.72000000
2018-02-26 00:24:44,0.00128200,1.24000000
2018-02-26 00:24:44,0.00128040,2.37000000
2018-02-26 00:24:44,0.00128020,2.37000000
2018-02-26 00:24:44,0.00128000,89.07000000
2018-02-26 00:24:44,0.00128180,1.19000000
2018-02-26 00:24:46,0.00128000,89.60000000
2018-02-26 00:24:47,0.00128170,1.79000000
2018-02-26 00:24:47,0.00128020,2.37000000
2018-02-26 00:24:49,0.00128140,1.34000000
2018-02-26 00:24:50,0.00128000,3.11000000
2018-02-26 00:24:52,0.00128140,0.45000000
2018-02-26 00:24:55,0.00127950,11.83000000
2018-02-26 00:24:56,0.00128040,32.18000000
2018-02-26 00:24:57,0.00128030,8.19000000
2018-02-26 00:25:02,0.00128030,25.38000000
2018-02-26 00:25:04,0.00128010,32.40000000
2018-02-26 00:25:04,0.00128020,6.31000000
2018-02-26 00:25:04,0.00128040,8.34000000
2018-02-26 00:25:07,0.00128090,1.52000000
2018-02-26 00:25:11,0.00128090,13.86000000
2018-02-26 00:25:11,0.00128150,2.37000000
2018-02-26 00:25:11,0.00128180,1.79000000
2018-02-26 00:25:12,0.00128180,1.76000000
2018-02-26 00:25:12,0.00128200,2.00000000
2018-02-26 00:25:12,0.00128290,2.75000000
2018-02-26 00:25:15,0.00128250,1.00000000
2018-02-26 00:25:15,0.00128250,10.67000000
2018-02-26 00:25:15,0.00128200,10.00000000
2018-02-26 00:25:17,0.00128220,38.31000000
2018-02-26 00:25:17,0.00128220,158.58000000
2018-02-26 00:25:24,0.00128210,97.89000000
2018-02-26 00:25:24,0.00128210,5.01000000
2018-02-26 00:25:24,0.00128210,5.01000000
2018-02-26 00:25:25,0.00128210,17.15000000
2018-02-26 00:25:25,0.00128210,5.01000000
2018-02-26 00:25:25,0.00128210,118.95000000
2018-02-26 00:25:25,0.00128210,5.01000000
2018-02-26 00:25:26,0.00128210,5.01000000
2018-02-26 00:25:30,0.00128200,1.11000000
2018-02-26 00:25:37,0.00128180,7.79000000
2018-02-26 00:25:39,0.00128130,46.38000000
2018-02-26 00:25:40,0.00128180,131.73000000
2018-02-26 00:25:40,0.00128210,26.50000000
2018-02-26 00:25:40,0.00128220,38.31000000
2018-02-26 00:25:40,0.00128220,4.09000000
2018-02-26 00:25:42,0.00128220,0.49000000
2018-02-26 00:25:44,0.00128220,7.16000000
2018-02-26 00:25:44,0.00128220,4.09000000
2018-02-26 00:25:44,0.00128290,128.56000000
2018-02-26 00:25:44,0.00128420,200.00000000
2018-02-26 00:25:44,0.00128430,122.93000000
2018-02-26 00:25:44,0.00128450,28.64000000
2018-02-26 00:25:44,0.00128460,2250.61000000
2018-02-26 00:25:47,0.00128460,9.63000000
2018-02-26 00:25:50,0.00128220,20.85000000
2018-02-26 00:25:50,0.00128210,3.00000000
2018-02-26 00:25:50,0.00128200,7.18000000
2018-02-26 00:25:50,0.00128430,1.15000000
2018-02-26 00:25:51,0.00128240,2.34000000
2018-02-26 00:25:59,0.00128250,211.08000000
2018-02-26 00:26:01,0.00128140,15.78000000
2018-02-26 00:26:09,0.00128410,2.34000000
2018-02-26 00:26:09,0.00128420,0.66000000
2018-02-26 00:26:10,0.00128280,60.58000000
2018-02-26 00:26:25,0.00128130,2.37000000
2018-02-26 00:26:25,0.00128090,62.08000000
2018-02-26 00:26:25,0.00128230,15.78000000
2018-02-26 00:26:25,0.00128240,209.50000000
2018-02-26 00:26:27,0.00128150,2.37000000
2018-02-26 00:26:27,0.00128090,23.23000000
2018-02-26 00:26:27,0.00128080,38.00000000
2018-02-26 00:26:31,0.00128080,0.85000000
2018-02-26 00:26:35,0.00128080,20.38000000
2018-02-26 00:26:36,0.00128050,74.78000000
2018-02-26 00:26:44,0.00128030,58.75000000
2018-02-26 00:26:44,0.00128020,2.00000000
2018-02-26 00:26:45,0.00128000,1.68000000
2018-02-26 00:26:47,0.00128050,5.00000000
2018-02-26 00:26:52,0.00128050,15.12000000
2018-02-26 00:26:55,0.00128010,239.17000000
2018-02-26 00:26:55,0.00128050,28.23000000
2018-02-26 00:26:56,0.00128050,2.25000000
2018-02-26 00:26:57,0.00127950,10.72000000
2018-02-26 00:27:07,0.00128000,18.14000000
2018-02-26 00:27:07,0.00128000,21.80000000
2018-02-26 00:27:13,0.00127990,1.01000000
2018-02-26 00:27:13,0.00127970,88.66000000
2018-02-26 00:27:27,0.00127960,1.92000000
2018-02-26 00:27:37,0.00127950,288.23000000
2018-02-26 00:27:45,0.00127950,1.17000000
2018-02-26 00:27:47,0.00127930,0.46000000
2018-02-26 00:27:47,0.00127930,51.79000000
2018-02-26 00:27:47,0.00127930,4.09000000
2018-02-26 00:27:51,0.00127880,102.86000000
2018-02-26 00:27:57,0.00127850,2.43000000
2018-02-26 00:27:57,0.00127920,3.00000000
2018-02-26 00:28:00,0.00127850,6.02000000
2018-02-26 00:28:00,0.00127850,46.57000000
2018-02-26 00:28:00,0.00127850,4.09000000
2018-02-26 00:28:05,0.00127770,10.40000000
2018-02-26 00:28:08,0.00127770,2.76000000
2018-02-26 00:28:08,0.00127720,366.42000000
2018-02-26 00:28:10,0.00127660,267.56000000
2018-02-26 00:28:11,0.00127720,0.29000000
2018-02-26 00:28:15,0.00127720,44.85000000
2018-02-26 00:28:16,0.00127720,1.96000000
2018-02-26 00:28:19,0.00127650,0.90000000
2018-02-26 00:28:22,0.00127650,1.70000000
2018-02-26 00:28:23,0.00127650,0.22000000
2018-02-26 00:28:23,0.00127640,2.37000000
2018-02-26 00:28:23,0.00127650,2.73000000
2018-02-26 00:28:25,0.00127640,123.21000000
2018-02-26 00:28:27,0.00127650,1.78000000
2018-02-26 00:28:29,0.00127630,3.91000000
2018-02-26 00:28:32,0.00127620,17.70000000
2018-02-26 00:28:32,0.00127500,43.04000000
2018-02-26 00:28:37,0.00127580,23.93000000
2018-02-26 00:28:42,0.00127540,15.68000000
2018-02-26 00:28:42,0.00127510,16.00000000
2018-02-26 00:28:42,0.00127500,9.35000000
2018-02-26 00:28:42,0.00127460,22.01000000
2018-02-26 00:28:42,0.00127440,73.95000000
2018-02-26 00:28:42,0.00127430,639.10000000
2018-02-26 00:28:42,0.00127430,293.68000000
2018-02-26 00:28:43,0.00127500,23.48000000
2018-02-26 00:28:43,0.00127500,99.45000000
2018-02-26 00:28:44,0.00127620,1.15000000
2018-02-26 00:28:48,0.00127620,1.55000000
2018-02-26 00:28:49,0.00127580,7.40000000
2018-02-26 00:28:49,0.00127490,1.86000000
2018-02-26 00:28:49,0.00127410,23.78000000
2018-02-26 00:28:49,0.00127400,25.90000000
2018-02-26 00:28:50,0.00127400,12.77000000
2018-02-26 00:28:50,0.00127400,7.46000000
2018-02-26 00:28:51,0.00127490,6.81000000
2018-02-26 00:28:56,0.00127490,12.16000000
2018-02-26 00:28:59,0.00127420,132.58000000
2018-02-26 00:28:59,0.00127360,106.54000000
2018-02-26 00:29:01,0.00127490,1.20000000
2018-02-26 00:29:10,0.00127360,125.04000000
2018-02-26 00:29:13,0.00127400,4.55000000
2018-02-26 00:29:15,0.00127430,2.26000000
2018-02-26 00:29:16,0.00127490,576.83000000
2018-02-26 00:29:19,0.00127450,33.30000000
2018-02-26 00:29:23,0.00127430,18.19000000
2018-02-26 00:29:24,0.00127430,49.72000000
2018-02-26 00:29:29,0.00127430,7.76000000
2018-02-26 00:29:30,0.00127430,34.51000000
2018-02-26 00:29:39,0.00127380,141.95000000
2018-02-26 00:29:50,0.00127370,55.66000000
2018-02-26 00:29:55,0.00127370,17.47000000
2018-02-26 00:29:55,0.00127360,8.05000000
2018-02-26 00:29:55,0.00127350,1.19000000
2018-02-26 00:29:56,0.00127340,48.62000000
2018-02-26 00:29:59,0.00127320,42.66000000
2018-02-26 00:30:02,0.00127340,40.65000000
2018-02-26 00:30:02,0.00127340,40.65000000
2018-02-26 00:30:02,0.00127340,40.74000000
2018-02-26 00:30:03,0.00127310,49.90000000
2018-02-26 00:30:05,0.00127340,1.96000000
2018-02-26 00:30:16,0.00127330,47.16000000
2018-02-26 00:30:16,0.00127340,88.69000000
2018-02-26 00:30:17,0.00127350,27.16000000
2018-02-26 00:30:27,0.00127350,263.60000000
2018-02-26 00:30:27,0.00127350,227.94000000
2018-02-26 00:30:27,0.00127340,141.22000000
2018-02-26 00:30:29,0.00127350,0.86000000
2018-02-26 00:30:30,0.00127350,5.66000000
2018-02-26 00:30:32,0.00127420,52.03000000
2018-02-26 00:30:32,0.00127500,6.90000000
2018-02-26 00:30:32,0.00127500,3.92000000
2018-02-26 00:30:39,0.00127500,2.00000000
2018-02-26 00:30:40,0.00127500,309.21000000
2018-02-26 00:30:44,0.00127560,2.27000000
2018-02-26 00:30:44,0.00127560,158.41000000
2018-02-26 00:30:45,0.00127560,2.27000000
2018-02-26 00:30:47,0.00127520,13.46000000
2018-02-26 00:30:47,0.00127640,70.39000000
2018-02-26 00:30:47,0.00127640,103.04000000
2018-02-26 00:30:48,0.00127640,0.01000000
2018-02-26 00:30:49,0.00127330,82.44000000
2018-02-26 00:30:49,0.00127310,24.55000000
2018-02-26 00:30:49,0.00127300,78.32000000
2018-02-26 00:30:49,0.00127250,39.00000000
2018-02-26 00:30:51,0.00127530,78.52000000
2018-02-26 00:30:51,0.00127530,127.06000000
2018-02-26 00:30:51,0.00127360,2.37000000
2018-02-26 00:30:51,0.00127350,37.47000000
2018-02-26 00:30:51,0.00127250,17.16000000
2018-02-26 00:30:59,0.00127400,61.40000000
2018-02-26 00:31:06,0.00127250,1.47000000
2018-02-26 00:31:07,0.00127250,29.93000000
2018-02-26 00:31:11,0.00127310,170.04000000
2018-02-26 00:31:20,0.00127300,1.46000000
2018-02-26 00:31:22,0.00127360,6.00000000
2018-02-26 00:31:29,0.00127310,70.55000000
2018-02-26 00:31:35,0.00127360,3.67000000
2018-02-26 00:31:37,0.00127360,16.00000000
2018-02-26 00:31:39,0.00127350,1.70000000
2018-02-26 00:31:39,0.00127360,5.33000000
2018-02-26 00:31:39,0.00127370,1.51000000
2018-02-26 00:31:42,0.00127370,14.19000000
2018-02-26 00:31:42,0.00127390,1.81000000
2018-02-26 00:31:50,0.00127340,60.28000000
2018-02-26 00:31:50,0.00127340,118.92000000
2018-02-26 00:31:50,0.00127340,4.07000000
2018-02-26 00:31:51,0.00127390,16.00000000
2018-02-26 00:31:56,0.00127340,8.07000000
2018-02-26 00:31:57,0.00127390,10.45000000
2018-02-26 00:32:00,0.00127370,16.00000000
2018-02-26 00:32:00,0.00127360,104.08000000
2018-02-26 00:32:00,0.00127340,186.62000000
2018-02-26 00:32:01,0.00127340,16.00000000
2018-02-26 00:32:01,0.00127340,99.30000000
2018-02-26 00:32:04,0.00127390,75.46000000
2018-02-26 00:32:04,0.00127390,6.91000000
2018-02-26 00:32:06,0.00127300,11.10000000
2018-02-26 00:32:09,0.00127320,1.73000000
2018-02-26 00:32:09,0.00127320,78.19000000
2018-02-26 00:32:10,0.00127390,94.19000000
2018-02-26 00:32:11,0.00127320,1.73000000
2018-02-26 00:32:11,0.00127270,228.34000000
2018-02-26 00:32:22,0.00127350,1.00000000
2018-02-26 00:32:22,0.00127270,1.26000000
2018-02-26 00:32:22,0.00127360,188.57000000
2018-02-26 00:32:24,0.00127280,10.00000000
2018-02-26 00:32:29,0.00127290,3.59000000
2018-02-26 00:32:35,0.00127290,123.50000000
2018-02-26 00:32:39,0.00127290,35.58000000
2018-02-26 00:32:40,0.00127290,1.99000000
2018-02-26 00:32:40,0.00127290,275.44000000
2018-02-26 00:32:43,0.00127390,0.14000000
2018-02-26 00:32:46,0.00127290,27.81000000
2018-02-26 00:32:52,0.00127360,1.42000000
2018-02-26 00:32:56,0.00127360,2.35000000
2018-02-26 00:32:59,0.00127310,11.00000000
2018-02-26 00:33:01,0.00127390,197.93000000
2018-02-26 00:33:03,0.00127310,2.37000000
2018-02-26 00:33:04,0.00127310,10.33000000
2018-02-26 00:33:12,0.00127420,98.65000000
2018-02-26 00:33:14,0.00127470,2.37000000
2018-02-26 00:33:14,0.00127500,7.70000000
2018-02-26 00:33:25,0.00127440,207.30000000
2018-02-26 00:33:25,0.00127500,15.50000000
2018-02-26 00:33:26,0.00127500,4.68000000
2018-02-26 00:33:33,0.00127400,124.71000000
2018-02-26 00:33:33,0.00127500,4.13000000
2018-02-26 00:33:33,0.00127500,5.40000000
2018-02-26 00:33:44,0.00127440,108.02000000
2018-02-26 00:33:45,0.00127500,17.59000000
2018-02-26 00:33:48,0.00127510,10.86000000
2018-02-26 00:33:58,0.00127510,152.11000000
2018-02-26 00:33:59,0.00127550,8.74000000
2018-02-26 00:33:59,0.00127510,0.88000000
2018-02-26 00:34:02,0.00127500,15.22000000
2018-02-26 00:34:02,0.00127390,11.90000000
2018-02-26 00:34:02,0.00127350,38.32000000
2018-02-26 00:34:19,0.00127420,117.18000000
2018-02-26 00:34:19,0.00127510,21.02000000
2018-02-26 00:34:22,0.00127360,10.63000000
2018-02-26 00:34:23,0.00127590,14.94000000
2018-02-26 00:34:26,0.00127590,65.06000000
2018-02-26 00:34:28,0.00127550,3.70000000
2018-02-26 00:34:28,0.00127590,42.14000000
2018-02-26 00:34:28,0.00127590,53.95000000
2018-02-26 00:34:29,0.00127590,0.04000000
2018-02-26 00:34:29,0.00127600,14.94000000
2018-02-26 00:34:29,0.00127600,3.66000000
2018-02-26 00:34:31,0.00127610,2.37000000
2018-02-26 00:34:34,0.00127400,0.01000000
2018-02-26 00:34:34,0.00127640,47.49000000
2018-02-26 00:34:35,0.00127520,17.89000000
2018-02-26 00:34:36,0.00127520,1.00000000
2018-02-26 00:34:36,0.00127440,3.93000000
2018-02-26 00:34:36,0.00127420,2.37000000
2018-02-26 00:34:36,0.00127400,2.36000000
2018-02-26 00:34:36,0.00127380,8.67000000
2018-02-26 00:34:38,0.00127460,1.00000000
2018-02-26 00:34:39,0.00127560,4.45000000
2018-02-26 00:34:46,0.00127500,126.54000000
2018-02-26 00:34:54,0.00127550,3.93000000
2018-02-26 00:34:54,0.00127560,0.29000000
2018-02-26 00:34:54,0.00127590,34.29000000
2018-02-26 00:34:54,0.00127620,2.37000000
2018-02-26 00:34:54,0.00127710,6.30000000
2018-02-26 00:34:54,0.00127760,117.90000000
2018-02-26 00:34:54,0.00127800,53.40000000
2018-02-26 00:34:54,0.00127900,787.09000000
2018-02-26 00:34:55,0.00127710,1.00000000
2018-02-26 00:34:56,0.00127610,23.50000000
2018-02-26 00:34:58,0.00127550,78.41000000
2018-02-26 00:34:58,0.00127540,1.59000000
2018-02-26 00:34:59,0.00127620,0.77000000
2018-02-26 00:35:00,0.00127600,1.00000000
2018-02-26 00:35:00,0.00127500,1.00000000
2018-02-26 00:35:00,0.00127610,3.62000000
2018-02-26 00:35:02,0.00127500,3.67000000
2018-02-26 00:35:02,0.00127460,1.23000000
2018-02-26 00:35:03,0.00127470,16.00000000
2018-02-26 00:35:03,0.00127460,29.58000000
2018-02-26 00:35:03,0.00127460,27.26000000
2018-02-26 00:35:03,0.00127460,2.50000000
2018-02-26 00:35:08,0.00127390,38.90000000
2018-02-26 00:35:09,0.00127400,1.00000000
2018-02-26 00:35:09,0.00127400,14.69000000
2018-02-26 00:35:10,0.00127470,11.26000000
2018-02-26 00:35:11,0.00127690,1.00000000
2018-02-26 00:35:13,0.00127400,14.10000000
2018-02-26 00:35:13,0.00127370,86.90000000
2018-02-26 00:35:16,0.00127390,1.00000000
2018-02-26 00:35:16,0.00127440,135.91000000
2018-02-26 00:35:32,0.00127490,36.63000000
2018-02-26 00:35:40,0.00127590,376.99000000
2018-02-26 00:35:41,0.00127440,239.32000000
2018-02-26 00:35:41,0.00127400,7.96000000
2018-02-26 00:35:41,0.00127390,106.60000000
2018-02-26 00:35:41,0.00127370,270.94000000
2018-02-26 00:35:41,0.00127360,74.20000000
2018-02-26 00:35:42,0.00127610,3.62000000
2018-02-26 00:35:42,0.00127710,15.69000000
2018-02-26 00:35:42,0.00127950,75.26000000
2018-02-26 00:35:42,0.00127960,296.40000000
2018-02-26 00:35:42,0.00127970,659.67000000
2018-02-26 00:35:43,0.00127720,1.00000000
2018-02-26 00:35:45,0.00127610,0.22000000
2018-02-26 00:35:47,0.00127640,1.00000000
2018-02-26 00:35:47,0.00127740,144.28000000
2018-02-26 00:35:51,0.00127630,2.37000000
2018-02-26 00:35:51,0.00127610,1.35000000
2018-02-26 00:35:52,0.00127740,1.00000000
2018-02-26 00:35:52,0.00127830,1.50000000
2018-02-26 00:35:54,0.00127740,14.67000000
2018-02-26 00:35:54,0.00127830,0.87000000
2018-02-26 00:35:54,0.00127900,107.50000000
2018-02-26 00:35:55,0.00127740,5.29000000
2018-02-26 00:36:07,0.00127900,1.76000000
2018-02-26 00:36:07,0.00127770,45.99000000
2018-02-26 00:36:07,0.00127670,0.11000000
2018-02-26 00:36:07,0.00127670,2.26000000
2018-02-26 00:36:07,0.00127660,21.21000000
2018-02-26 00:36:10,0.00127650,37.76000000
2018-02-26 00:36:23,0.00127700,154.64000000
2018-02-26 00:36:28,0.00127760,25.31000000
2018-02-26 00:36:28,0.00127770,47.81000000
2018-02-26 00:36:29,0.00127870,2.37000000
2018-02-26 00:36:29,0.00127900,217.22000000
2018-02-26 00:36:32,0.00127900,25.18000000
2018-02-26 00:36:37,0.00127990,76.26000000
2018-02-26 00:36:37,0.00128000,76.42000000
2018-02-26 00:36:40,0.00128000,6.17000000
2018-02-26 00:36:40,0.00128000,37.00000000
2018-02-26 00:36:41,0.00128000,50.74000000
2018-02-26 00:36:41,0.00128000,11.37000000
2018-02-26 00:36:42,0.00128050,3.03000000
2018-02-26 00:36:42,0.00128100,50.83000000
2018-02-26 00:36:42,0.00128190,2.99000000
2018-02-26 00:36:42,0.00128090,1.00000000
2018-02-26 00:36:42,0.00128090,54.36000000
2018-02-26 00:36:42,0.00128000,3.97000000
2018-02-26 00:36:42,0.00128000,2.72000000
2018-02-26 00:36:43,0.00127820,78.20000000
2018-02-26 00:36:43,0.00127810,2.37000000
2018-02-26 00:36:43,0.00127790,2.37000000
2018-02-26 00:36:43,0.00127770,18.65000000
2018-02-26 00:36:45,0.00127950,50.45000000
2018-02-26 00:36:48,0.00127950,27.75000000
2018-02-26 00:36:48,0.00127960,2.37000000
2018-02-26 00:36:48,0.00127980,2.37000000
2018-02-26 00:36:48,0.00128000,9.79000000
2018-02-26 00:36:50,0.00128000,37.99000000
2018-02-26 00:36:50,0.00127800,2.37000000
2018-02-26 00:36:50,0.00127770,48.58000000
2018-02-26 00:36:50,0.00127770,120.77000000
2018-02-26 00:36:51,0.00127930,2.37000000
2018-02-26 00:36:57,0.00128080,1.17000000
2018-02-26 00:37:01,0.00127940,163.80000000
2018-02-26 00:37:01,0.00127820,15.64000000
2018-02-26 00:37:02,0.00127820,7.19000000
2018-02-26 00:37:05,0.00127820,10.85000000
2018-02-26 00:37:05,0.00127820,2630.43000000
2018-02-26 00:37:07,0.00127830,5.00000000
2018-02-26 00:37:08,0.00127830,5.00000000
2018-02-26 00:37:14,0.00127940,64.52000000
2018-02-26 00:37:27,0.00128060,0.01000000
2018-02-26 00:37:28,0.00128060,9.99000000
2018-02-26 00:37:28,0.00128080,18.56000000
2018-02-26 00:37:28,0.00128090,1.00000000
2018-02-26 00:37:28,0.00128190,18.76000000
2018-02-26 00:37:28,0.00128240,15.78000000
2018-02-26 00:37:28,0.00128250,72.08000000
2018-02-26 00:37:28,0.00128250,36.29000000
2018-02-26 00:37:32,0.00128040,1.00000000
2018-02-26 00:37:32,0.00127960,15.62000000
2018-02-26 00:37:32,0.00127950,3.93000000
2018-02-26 00:37:32,0.00127940,174.30000000
2018-02-26 00:37:32,0.00128170,1.00000000
2018-02-26 00:37:32,0.00128250,8.72000000
2018-02-26 00:37:33,0.00128250,5.72000000
2018-02-26 00:37:36,0.00128260,1.00000000
2018-02-26 00:37:36,0.00128260,172.17000000
2018-02-26 00:37:36,0.00128260,0.94000000
2018-02-26 00:37:36,0.00128250,4.45000000
2018-02-26 00:37:38,0.00128260,6.88000000
2018-02-26 00:37:40,0.00128260,1.95000000
2018-02-26 00:37:41,0.00128250,32.16000000
2018-02-26 00:37:41,0.00128250,3.93000000
2018-02-26 00:37:42,0.00128250,32.89000000
2018-02-26 00:37:44,0.00128060,2.37000000
2018-02-26 00:37:45,0.00127830,0.34000000
2018-02-26 00:37:46,0.00127830,34.06000000
2018-02-26 00:37:48,0.00127950,2.24000000
2018-02-26 00:37:48,0.00128190,15.62000000
2018-02-26 00:37:48,0.00128200,14.03000000
2018-02-26 00:37:51,0.00128190,10.52000000
2018-02-26 00:37:51,0.00128070,73.88000000
2018-02-26 00:37:52,0.00128190,12.59000000
2018-02-26 00:37:57,0.00128000,4.22000000
2018-02-26 00:37:59,0.00127990,93.70000000
2018-02-26 00:38:04,0.00128070,182.53000000
2018-02-26 00:38:16,0.00128120,1.90000000
2018-02-26 00:38:16,0.00128120,81.35000000
2018-02-26 00:38:19,0.00128070,1.28000000
2018-02-26 00:38:19,0.00128000,2.27000000
2018-02-26 00:38:19,0.00128000,3.72000000
2018-02-26 00:38:20,0.00127970,130.41000000
2018-02-26 00:38:23,0.00128000,24.28000000
2018-02-26 00:38:23,0.00127990,107.75000000
2018-02-26 00:38:23,0.00127970,62.12000000
2018-02-26 00:38:24,0.00127970,5.39000000
2018-02-26 00:38:25,0.00128000,10.00000000
2018-02-26 00:38:26,0.00128000,1.19000000
2018-02-26 00:38:28,0.00128000,0.34000000
2018-02-26 00:38:37,0.00128000,62.82000000
2018-02-26 00:38:38,0.00128050,191.90000000
2018-02-26 00:38:38,0.00128000,10.15000000
2018-02-26 00:38:48,0.00128000,6.16000000
2018-02-26 00:38:51,0.00128010,70.70000000
2018-02-26 00:38:51,0.00128120,1.90000000
2018-02-26 00:38:51,0.00128160,2.37000000
2018-02-26 00:38:51,0.00128190,3.03000000
2018-02-26 00:38:54,0.00128090,92.62000000
2018-02-26 00:38:54,0.00128010,27.72000000
2018-02-26 00:38:54,0.00128190,1.32000000
2018-02-26 00:38:54,0.00128250,3.67000000
2018-02-26 00:38:54,0.00128260,6.09000000
2018-02-26 00:38:54,0.00128290,188.97000000
2018-02-26 00:38:59,0.00128430,70.79000000
2018-02-26 00:39:00,0.00128290,6.00000000
2018-02-26 00:39:00,0.00128290,806.29000000
2018-02-26 00:39:00,0.00128430,256.99000000
2018-02-26 00:39:00,0.00128450,2.53000000
2018-02-26 00:39:00,0.00128460,120.94000000
2018-02-26 00:39:00,0.00128500,138.86000000
2018-02-26 00:39:02,0.00128500,176.39000000
2018-02-26 00:39:02,0.00128290,4.18000000
2018-02-26 00:39:02,0.00128180,2.37000000
2018-02-26 00:39:02,0.00128160,8.45000000
2018-02-26 00:39:02,0.00128410,2.37000000
2018-02-26 00:39:02,0.00128500,7.36000000
2018-02-26 00:39:05,0.00128500,551.75000000
2018-02-26 00:39:05,0.00128500,5.00000000
2018-02-26 00:39:05,0.00128550,19.89000000
2018-02-26 00:39:05,0.00128590,1.11000000
2018-02-26 00:39:05,0.00128600,30.59000000
2018-02-26 00:39:05,0.00128620,17.14000000
2018-02-26 00:39:05,0.00128500,237.50000000
2018-02-26 00:39:05,0.00128500,16.96000000
2018-02-26 00:39:07,0.00128640,1.81000000
2018-02-26 00:39:08,0.00128640,2.22000000
2018-02-26 00:39:08,0.00128500,77.04000000
2018-02-26 00:39:13,0.00128600,2.11000000
2018-02-26 00:39:13,0.00128640,17.01000000
2018-02-26 00:39:13,0.00128640,3.88000000
2018-02-26 00:39:13,0.00128640,3.88000000
2018-02-26 00:39:13,0.00128660,201.26000000
2018-02-26 00:39:15,0.00128690,2.35000000
2018-02-26 00:39:17,0.00128760,2.12000000
2018-02-26 00:39:21,0.00128640,34.30000000
2018-02-26 00:39:21,0.00128580,0.85000000
2018-02-26 00:39:21,0.00128500,399.80000000
2018-02-26 00:39:21,0.00128750,27.94000000
2018-02-26 00:39:22,0.00128750,98.57000000
2018-02-26 00:39:22,0.00128760,4.16000000
2018-02-26 00:39:22,0.00128770,34.99000000
2018-02-26 00:39:24,0.00128760,101.98000000
2018-02-26 00:39:24,0.00128770,10.89000000
2018-02-26 00:39:24,0.00128790,5.43000000
2018-02-26 00:39:24,0.00128820,1.65000000
2018-02-26 00:39:24,0.00128880,16.46000000
2018-02-26 00:39:25,0.00128750,5.63000000
2018-02-26 00:39:29,0.00128880,2.19000000
2018-02-26 00:39:29,0.00128880,8.60000000
2018-02-26 00:39:30,0.00128750,1.54000000
2018-02-26 00:39:32,0.00128880,2.14000000
2018-02-26 00:39:35,0.00128880,0.53000000
2018-02-26 00:39:36,0.00128880,9.45000000
2018-02-26 00:39:36,0.00128890,21.86000000
2018-02-26 00:39:36,0.00128900,185.84000000
2018-02-26 00:39:36,0.00128970,0.85000000
2018-02-26 00:39:40,0.00128920,4.77000000
2018-02-26 00:39:43,0.00128980,4.12000000
2018-02-26 00:39:43,0.00128980,30.06000000
2018-02-26 00:39:43,0.00128980,9.00000000
2018-02-26 00:39:45,0.00128990,17.25000000
2018-02-26 00:39:45,0.00129000,40.74000000
2018-02-26 00:39:45,0.00128980,0.78000000
2018-02-26 00:39:45,0.00129000,23.11000000
2018-02-26 00:39:46,0.00129000,57.01000000
2018-02-26 00:39:46,0.00129010,2.80000000
2018-02-26 00:39:47,0.00129010,5.00000000
2018-02-26 00:39:48,0.00129010,23.25000000
2018-02-26 00:39:48,0.00129010,23.25000000
2018-02-26 00:39:48,0.00129010,2.86000000
2018-02-26 00:39:48,0.00129010,8.68000000
2018-02-26 00:39:48,0.00129010,57.30000000
2018-02-26 00:39:48,0.00129010,56.33000000
2018-02-26 00:39:48,0.00128980,2.16000000
2018-02-26 00:39:49,0.00128880,8.43000000
2018-02-26 00:39:49,0.00128780,23.29000000
2018-02-26 00:39:49,0.00128780,21.61000000
2018-02-26 00:39:49,0.00128770,23.29000000
2018-02-26 00:39:49,0.00128770,2.80000000
2018-02-26 00:39:49,0.00128750,2.80000000
2018-02-26 00:39:49,0.00128750,8.63000000
2018-02-26 00:39:49,0.00128750,3.48000000
2018-02-26 00:39:49,0.00128750,23.30000000
2018-02-26 00:39:50,0.00128750,16.82000000
2018-02-26 00:39:50,0.00128750,0.01000000
2018-02-26 00:39:50,0.00128670,3.91000000
2018-02-26 00:39:50,0.00128650,0.85000000
2018-02-26 00:39:50,0.00128620,1.94000000
2018-02-26 00:39:50,0.00128600,8.66000000
2018-02-26 00:39:50,0.00128770,2.79000000
2018-02-26 00:39:50,0.00128860,7.03000000
2018-02-26 00:39:50,0.00129010,23.25000000
2018-02-26 00:39:50,0.00129010,18.69000000
2018-02-26 00:39:50,0.00128730,4.55000000
2018-02-26 00:39:52,0.00128760,73.13000000
2018-02-26 00:39:52,0.00128750,2.00000000
2018-02-26 00:39:53,0.00128720,1.00000000
2018-02-26 00:39:54,0.00128620,1.00000000
2018-02-26 00:39:55,0.00128620,1.34000000
2018-02-26 00:39:55,0.00128680,15.00000000
2018-02-26 00:39:55,0.00128680,39.90000000
2018-02-26 00:39:57,0.00128520,1.33000000
2018-02-26 00:39:59,0.00128660,22.78000000
2018-02-26 00:39:59,0.00128670,3.91000000
2018-02-26 00:39:59,0.00128720,1.78000000
2018-02-26 00:40:00,0.00128740,111.14000000
2018-02-26 00:40:00,0.00128730,0.85000000
2018-02-26 00:40:03,0.00128750,2.34000000
2018-02-26 00:40:06,0.00128760,1.34000000
2018-02-26 00:40:06,0.00128760,11.82000000
2018-02-26 00:40:07,0.00128760,1.96000000
2018-02-26 00:40:13,0.00128760,3.91000000
2018-02-26 00:40:15,0.00129000,10.00000000
2018-02-26 00:40:17,0.00128980,1.80000000
2018-02-26 00:40:17,0.00129000,228.53000000
2018-02-26 00:40:18,0.00128860,11.86000000
2018-02-26 00:40:19,0.00128970,1.33000000
2018-02-26 00:40:19,0.00129000,122.67000000
2018-02-26 00:40:21,0.00128770,5.49000000
2018-02-26 00:40:21,0.00129000,80.00000000
2018-02-26 00:40:21,0.00129000,3.31000000
2018-02-26 00:40:23,0.00128990,23.64000000
2018-02-26 00:40:23,0.00129000,40.45000000
2018-02-26 00:40:23,0.00129000,11.19000000
2018-02-26 00:40:24,0.00129000,161.56000000
2018-02-26 00:40:26,0.00129000,7.91000000
2018-02-26 00:40:29,0.00129000,17.95000000
2018-02-26 00:40:29,0.00129010,94.37000000
2018-02-26 00:40:30,0.00129010,17.23000000
2018-02-26 00:40:31,0.00129010,389.18000000
2018-02-26 00:40:33,0.00129030,52.19000000
2018-02-26 00:40:33,0.00129140,15.53000000
2018-02-26 00:40:33,0.00129150,93.29000000
2018-02-26 00:40:34,0.00129150,4.41000000
2018-02-26 00:40:34,0.00129150,107.26000000
2018-02-26 00:40:34,0.00129150,388.40000000
2018-02-26 00:40:35,0.00129000,177.96000000
2018-02-26 00:40:36,0.00129000,388.23000000
2018-02-26 00:40:36,0.00129000,245.23000000
2018-02-26 00:40:38,0.00128840,0.79000000
2018-02-26 00:40:39,0.00128840,1.55000000
2018-02-26 00:40:39,0.00128780,3.00000000
2018-02-26 00:40:39,0.00128770,2.81000000
2018-02-26 00:40:39,0.00128990,2.34000000
2018-02-26 00:40:39,0.00129000,239.22000000
2018-02-26 00:40:42,0.00129070,21.23000000
2018-02-26 00:40:44,0.00129070,21.23000000
2018-02-26 00:40:44,0.00129160,1.40000000
2018-02-26 00:40:46,0.00129000,199.46000000
2018-02-26 00:40:47,0.00129000,59.32000000
2018-02-26 00:40:47,0.00129150,1.79000000
2018-02-26 00:40:48,0.00129150,11.40000000
2018-02-26 00:40:49,0.00129150,295.83000000
2018-02-26 00:40:50,0.00129000,0.34000000
2018-02-26 00:40:55,0.00129010,4.20000000
2018-02-26 00:40:55,0.00129010,8.61000000
2018-02-26 00:40:55,0.00129000,312.23000000
2018-02-26 00:40:55,0.00128970,1.55000000
2018-02-26 00:40:58,0.00129000,6.80000000
2018-02-26 00:40:58,0.00128980,1.77000000
2018-02-26 00:40:58,0.00128920,2.23000000
2018-02-26 00:40:58,0.00128890,1.82000000
2018-02-26 00:41:00,0.00128940,129.87000000
2018-02-26 00:41:07,0.00129000,227.50000000
2018-02-26 00:41:07,0.00129000,201.50000000
2018-02-26 00:41:10,0.00129160,41.27000000
2018-02-26 00:41:10,0.00129200,8.66000000
2018-02-26 00:41:10,0.00129260,388.79000000
2018-02-26 00:41:10,0.00129270,2.29000000
2018-02-26 00:41:10,0.00129300,3.20000000
2018-02-26 00:41:10,0.00129310,25.00000000
2018-02-26 00:41:10,0.00129400,39.56000000
2018-02-26 00:41:10,0.00129410,21.92000000
2018-02-26 00:41:11,0.00129130,77.57000000
2018-02-26 00:41:11,0.00129120,1.00000000
2018-02-26 00:41:11,0.00128900,1.00000000
2018-02-26 00:41:13,0.00128990,77.57000000
2018-02-26 00:41:14,0.00129000,43.39000000
2018-02-26 00:41:15,0.00128990,5.50000000
2018-02-26 00:41:16,0.00128900,14.05000000
2018-02-26 00:41:16,0.00128900,70.71000000
2018-02-26 00:41:17,0.00128990,38.96000000
2018-02-26 00:41:17,0.00128900,89.59000000
2018-02-26 00:41:17,0.00128890,350.00000000
2018-02-26 00:41:17,0.00128880,210.68000000
2018-02-26 00:41:17,0.00128880,3.63000000
2018-02-26 00:41:17,0.00129000,131.85000000
2018-02-26 00:41:18,0.00129000,15.00000000
2018-02-26 00:41:18,0.00128790,250.00000000
2018-02-26 00:41:19,0.00128800,1.73000000
2018-02-26 00:41:19,0.00128800,105.48000000
2018-02-26 00:41:19,0.00128780,71.05000000
2018-02-26 00:41:19,0.00128780,117.84000000
2018-02-26 00:41:19,0.00128770,23.33000000
2018-02-26 00:41:19,0.00128760,34.97000000
2018-02-26 00:41:19,0.00128750,47.36000000
2018-02-26 00:41:19,0.00129000,0.03000000
2018-02-26 00:41:20,0.00128880,89.41000000
2018-02-26 00:41:20,0.00128740,2.64000000
2018-02-26 00:41:20,0.00128730,101.61000000
2018-02-26 00:41:20,0.00128810,30.59000000
2018-02-26 00:41:20,0.00128730,176.21000000
2018-02-26 00:41:20,0.00128730,142.93000000
2018-02-26 00:41:23,0.00128770,3.88000000
2018-02-26 00:41:23,0.00128730,0.80000000
2018-02-26 00:41:24,0.00128730,36.97000000
2018-02-26 00:41:24,0.00128730,1.79000000
2018-02-26 00:41:27,0.00128780,4.35000000
2018-02-26 00:41:27,0.00128730,1.96000000
2018-02-26 00:41:29,0.00128730,1.02000000
2018-02-26 00:41:30,0.00128780,15.35000000
2018-02-26 00:41:30,0.00128780,15.35000000
2018-02-26 00:41:30,0.00128730,15.35000000
2018-02-26 00:41:30,0.00128730,22.32000000
2018-02-26 00:41:30,0.00128680,1.35000000
2018-02-26 00:41:30,0.00128550,1.38000000
2018-02-26 00:41:30,0.00128450,3.00000000
2018-02-26 00:41:31,0.00128450,0.88000000
2018-02-26 00:41:31,0.00128340,10.99000000
2018-02-26 00:41:31,0.00128300,5.46000000
2018-02-26 00:41:31,0.00128290,1.40000000
2018-02-26 00:41:31,0.00128210,2.35000000
2018-02-26 00:41:31,0.00128120,2.37000000
2018-02-26 00:41:31,0.00128100,18.92000000
2018-02-26 00:41:31,0.00128450,1.12000000
2018-02-26 00:41:31,0.00128550,1.12000000
2018-02-26 00:41:32,0.00128500,139.24000000
2018-02-26 00:41:37,0.00128460,4.06000000
2018-02-26 00:41:37,0.00128100,14.62000000
2018-02-26 00:41:38,0.00128430,0.79000000
2018-02-26 00:41:40,0.00128180,2.15000000
2018-02-26 00:41:42,0.00128420,1.94000000
2018-02-26 00:41:43,0.00128410,3.82000000
2018-02-26 00:41:45,0.00128400,34.71000000
2018-02-26 00:41:45,0.00128410,0.06000000
2018-02-26 00:41:45,0.00128300,39.96000000
2018-02-26 00:41:51,0.00128400,101.49000000
2018-02-26 00:41:51,0.00128420,40.35000000
2018-02-26 00:41:52,0.00128420,6.83000000
2018-02-26 00:41:52,0.00128220,3.21000000
2018-02-26 00:41:52,0.00128200,3.90000000
