DATE,PRICE,VOLUME
2018-02-24 10:00:01,0.00153800,166.35000000
2018-02-24 10:00:01,0.00153710,6.06000000
2018-02-24 10:00:02,0.00153710,8.83000000
2018-02-24 10:00:03,0.00153800,2.85000000
2018-02-24 10:00:03,0.00153630,0.26000000
2018-02-24 10:00:04,0.00153630,1.04000000
2018-02-24 10:00:04,0.00153600,1.33000000
2018-02-24 10:00:04,0.00153550,2.63000000
2018-02-24 10:00:05,0.00153800,97.15000000
2018-02-24 10:00:05,0.00153900,212.35000000
2018-02-24 10:00:05,0.00153950,141.46000000
2018-02-24 10:00:05,0.00153550,19.88000000
2018-02-24 10:00:05,0.00153560,20.00000000
2018-02-24 10:00:05,0.00153550,32.49000000
2018-02-24 10:00:05,0.00153530,500.09000000
2018-02-24 10:00:05,0.00153500,601.52000000
2018-02-24 10:00:06,0.00153860,79.48000000
2018-02-24 10:00:06,0.00153870,40.00000000
2018-02-24 10:00:06,0.00153880,100.39000000
2018-02-24 10:00:06,0.00153950,177.12000000
2018-02-24 10:00:06,0.00154000,32.57000000
2018-02-24 10:00:06,0.00154000,231.09000000
2018-02-24 10:00:06,0.00153570,60.27000000
2018-02-24 10:00:06,0.00153500,32.48000000
2018-02-24 10:00:07,0.00153510,4.00000000
2018-02-24 10:00:07,0.00153950,3.00000000
2018-02-24 10:00:08,0.00153530,5.04000000
2018-02-24 10:00:09,0.00153590,9.13000000
2018-02-24 10:00:09,0.00153590,10.87000000
2018-02-24 10:00:09,0.00153580,6.51000000
2018-02-24 10:00:09,0.00153530,45.37000000
2018-02-24 10:00:10,0.00153530,21.90000000
2018-02-24 10:00:10,0.00153520,184.22000000
2018-02-24 10:00:10,0.00153510,6.51000000
2018-02-24 10:00:10,0.00153510,100.00000000
2018-02-24 10:00:10,0.00153510,45.14000000
2018-02-24 10:00:11,0.00153570,2.37000000
2018-02-24 10:00:11,0.00153510,20.00000000
2018-02-24 10:00:11,0.00153500,4.93000000
2018-02-24 10:00:11,0.00153610,1.22000000
2018-02-24 10:00:12,0.00153610,1.22000000
2018-02-24 10:00:12,0.00153600,5.34000000
2018-02-24 10:00:12,0.00153500,5.34000000
2018-02-24 10:00:12,0.00153600,44.66000000
2018-02-24 10:00:12,0.00153610,453.61000000
2018-02-24 10:00:12,0.00153610,109.42000000
2018-02-24 10:00:12,0.00153500,758.46000000
2018-02-24 10:00:12,0.00153500,5.77000000
2018-02-24 10:00:12,0.00153500,17.24000000
2018-02-24 10:00:13,0.00153500,34.26000000
2018-02-24 10:00:13,0.00153500,19.41000000
2018-02-24 10:00:13,0.00153500,19.41000000
2018-02-24 10:00:13,0.00153500,103.85000000
2018-02-24 10:00:13,0.00153500,19.42000000
2018-02-24 10:00:13,0.00153500,19.41000000
2018-02-24 10:00:13,0.00153490,16.32000000
2018-02-24 10:00:13,0.00153490,8.49000000
2018-02-24 10:00:14,0.00153490,2.21000000
2018-02-24 10:00:14,0.00153490,2.21000000
2018-02-24 10:00:14,0.00153490,1.79000000
2018-02-24 10:00:14,0.00153500,3.72000000
2018-02-24 10:00:14,0.00153500,13.00000000
2018-02-24 10:00:14,0.00153500,149.95000000
2018-02-24 10:00:14,0.00153600,11.80000000
2018-02-24 10:00:16,0.00153610,16.58000000
2018-02-24 10:00:16,0.00153490,1.43000000
2018-02-24 10:00:16,0.00153410,32.39000000
2018-02-24 10:00:16,0.00153400,7.69000000
2018-02-24 10:00:16,0.00153400,10.30000000
2018-02-24 10:00:16,0.00153400,25.38000000
2018-02-24 10:00:16,0.00153400,69.23000000
2018-02-24 10:00:16,0.00153400,7.22000000
2018-02-24 10:00:16,0.00153390,6.50000000
2018-02-24 10:00:16,0.00153390,30.46000000
2018-02-24 10:00:16,0.00153380,5.22000000
2018-02-24 10:00:16,0.00153390,32.60000000
2018-02-24 10:00:16,0.00153390,0.87000000
2018-02-24 10:00:16,0.00153390,5.22000000
2018-02-24 10:00:16,0.00153390,4.00000000
2018-02-24 10:00:16,0.00153390,5.24000000
2018-02-24 10:00:18,0.00153410,1.00000000
2018-02-24 10:00:18,0.00153730,12.14000000
2018-02-24 10:00:20,0.00153720,5.00000000
2018-02-24 10:00:20,0.00153720,0.04000000
2018-02-24 10:00:20,0.00153720,5.00000000
2018-02-24 10:00:22,0.00153690,60.67000000
2018-02-24 10:00:22,0.00153500,50.00000000
2018-02-24 10:00:22,0.00153500,17.14000000
2018-02-24 10:00:22,0.00153500,14.93000000
2018-02-24 10:00:23,0.00153490,12.85000000
2018-02-24 10:00:23,0.00153460,27.90000000
2018-02-24 10:00:24,0.00153460,12.85000000
2018-02-24 10:00:25,0.00153480,8.43000000
2018-02-24 10:00:25,0.00153480,50.00000000
2018-02-24 10:00:27,0.00153480,52.00000000
2018-02-24 10:00:27,0.00153460,24.08000000
2018-02-24 10:00:27,0.00153400,0.66000000
2018-02-24 10:00:27,0.00153390,4.00000000
2018-02-24 10:00:27,0.00153380,0.49000000
2018-02-24 10:00:27,0.00153330,11.64000000
2018-02-24 10:00:27,0.00153300,103.32000000
2018-02-24 10:00:27,0.00153220,4.76000000
2018-02-24 10:00:27,0.00153200,91.62000000
2018-02-24 10:00:27,0.00153190,29.91000000
2018-02-24 10:00:27,0.00153470,1.32000000
2018-02-24 10:00:28,0.00153470,18.68000000
2018-02-24 10:00:28,0.00153490,31.32000000
2018-02-24 10:00:28,0.00153480,14.07000000
2018-02-24 10:00:29,0.00153480,23.93000000
2018-02-24 10:00:29,0.00153470,2.27000000
2018-02-24 10:00:29,0.00153200,20.00000000
2018-02-24 10:00:29,0.00153190,78.54000000
2018-02-24 10:00:30,0.00153470,20.00000000
2018-02-24 10:00:30,0.00153480,104.45000000
2018-02-24 10:00:30,0.00153490,18.70000000
2018-02-24 10:00:30,0.00153500,90.88000000
2018-02-24 10:00:30,0.00153500,228.11000000
2018-02-24 10:00:31,0.00153560,5.01000000
2018-02-24 10:00:31,0.00153220,0.20000000
2018-02-24 10:00:32,0.00153420,9.32000000
2018-02-24 10:00:32,0.00153230,40.00000000
2018-02-24 10:00:32,0.00153220,3.06000000
2018-02-24 10:00:32,0.00153200,50.00000000
2018-02-24 10:00:32,0.00153180,2.77000000
2018-02-24 10:00:32,0.00153170,317.39000000
2018-02-24 10:00:32,0.00153160,23.95000000
2018-02-24 10:00:32,0.00153160,11.30000000
2018-02-24 10:00:32,0.00153160,24.00000000
2018-02-24 10:00:33,0.00153300,68.09000000
2018-02-24 10:00:34,0.00153450,40.00000000
2018-02-24 10:00:34,0.00153480,48.68000000
2018-02-24 10:00:34,0.00153350,5.57000000
2018-02-24 10:00:34,0.00153350,171.76000000
2018-02-24 10:00:35,0.00153360,6.10000000
2018-02-24 10:00:36,0.00153430,1.06000000
2018-02-24 10:00:36,0.00153430,1.06000000
2018-02-24 10:00:36,0.00153360,13.90000000
2018-02-24 10:00:36,0.00153350,5.57000000
2018-02-24 10:00:36,0.00153160,424.53000000
2018-02-24 10:00:36,0.00153490,0.30000000
2018-02-24 10:00:37,0.00153180,7.04000000
2018-02-24 10:00:37,0.00153170,20.00000000
2018-02-24 10:00:37,0.00153160,382.55000000
2018-02-24 10:00:37,0.00153200,24.00000000
2018-02-24 10:00:37,0.00153190,20.30000000
2018-02-24 10:00:37,0.00153160,28.23000000
2018-02-24 10:00:38,0.00153160,1373.24000000
2018-02-24 10:00:38,0.00153160,10.98000000
2018-02-24 10:00:38,0.00153150,1.37000000
2018-02-24 10:00:38,0.00153100,1.26000000
2018-02-24 10:00:38,0.00153090,1.05000000
2018-02-24 10:00:38,0.00153080,18.49000000
2018-02-24 10:00:38,0.00153070,21.33000000
2018-02-24 10:00:38,0.00153060,6.13000000
2018-02-24 10:00:38,0.00153050,3.76000000
2018-02-24 10:00:38,0.00153040,6.53000000
2018-02-24 10:00:38,0.00153030,133.77000000
2018-02-24 10:00:38,0.00153000,153.74000000
2018-02-24 10:00:38,0.00153000,16.86000000
2018-02-24 10:00:38,0.00153000,29.85000000
2018-02-24 10:00:38,0.00153150,40.00000000
2018-02-24 10:00:39,0.00153000,131.21000000
2018-02-24 10:00:39,0.00153000,119.04000000
2018-02-24 10:00:39,0.00153000,19.00000000
2018-02-24 10:00:39,0.00152960,7.19000000
2018-02-24 10:00:39,0.00152950,4.48000000
2018-02-24 10:00:39,0.00152930,4.58000000
2018-02-24 10:00:39,0.00152920,8.14000000
2018-02-24 10:00:39,0.00152910,14.12000000
2018-02-24 10:00:39,0.00152880,10.88000000
2018-02-24 10:00:39,0.00152870,0.85000000
2018-02-24 10:00:39,0.00152840,11.05000000
2018-02-24 10:00:39,0.00152800,18.70000000
2018-02-24 10:00:39,0.00152770,12.11000000
2018-02-24 10:00:39,0.00152760,3.96000000
2018-02-24 10:00:39,0.00152720,8.15000000
2018-02-24 10:00:39,0.00152710,1.31000000
2018-02-24 10:00:39,0.00152700,231.54000000
2018-02-24 10:00:39,0.00152670,15.07000000
2018-02-24 10:00:39,0.00152660,374.36000000
2018-02-24 10:00:39,0.00152630,2.29000000
2018-02-24 10:00:39,0.00152620,31.33000000
2018-02-24 10:00:39,0.00152550,17.67000000
2018-02-24 10:00:40,0.00152500,0.04000000
2018-02-24 10:00:40,0.00152500,32.93000000
2018-02-24 10:00:40,0.00152460,28.84000000
2018-02-24 10:00:40,0.00152360,6.04000000
2018-02-24 10:00:40,0.00152350,49.89000000
2018-02-24 10:00:40,0.00152700,2.56000000
2018-02-24 10:00:40,0.00152700,440.95000000
2018-02-24 10:00:40,0.00152700,65.00000000
2018-02-24 10:00:40,0.00152700,177.85000000
2018-02-24 10:00:40,0.00152950,141.32000000
2018-02-24 10:00:40,0.00153000,25.44000000
2018-02-24 10:00:40,0.00152390,0.76000000
2018-02-24 10:00:41,0.00152940,5.01000000
2018-02-24 10:00:41,0.00152700,127.30000000
2018-02-24 10:00:41,0.00152310,1.02000000
2018-02-24 10:00:41,0.00152300,38.94000000
2018-02-24 10:00:42,0.00152320,20.62000000
2018-02-24 10:00:42,0.00152320,90.47000000
2018-02-24 10:00:42,0.00152300,68.20000000
2018-02-24 10:00:42,0.00152270,4.60000000
2018-02-24 10:00:42,0.00152260,1.38000000
2018-02-24 10:00:42,0.00152250,5.78000000
2018-02-24 10:00:42,0.00152230,1.64000000
2018-02-24 10:00:42,0.00152170,2.04000000
2018-02-24 10:00:42,0.00152160,11.57000000
2018-02-24 10:00:42,0.00152110,30.56000000
2018-02-24 10:00:42,0.00152100,1.70000000
2018-02-24 10:00:42,0.00152030,1.30000000
2018-02-24 10:00:42,0.00152010,58.85000000
2018-02-24 10:00:42,0.00152000,272.46000000
2018-02-24 10:00:42,0.00151980,18.98000000
2018-02-24 10:00:42,0.00151960,4.09000000
2018-02-24 10:00:42,0.00151940,3.58000000
2018-02-24 10:00:42,0.00151930,22.80000000
2018-02-24 10:00:42,0.00151930,0.80000000
2018-02-24 10:00:42,0.00152000,9.84000000
2018-02-24 10:00:42,0.00152000,2.29000000
2018-02-24 10:00:42,0.00152000,9.87000000
2018-02-24 10:00:42,0.00152000,9.85000000
2018-02-24 10:00:42,0.00151920,1.97000000
2018-02-24 10:00:42,0.00151870,1.03000000
2018-02-24 10:00:42,0.00152000,4.00000000
2018-02-24 10:00:43,0.00152000,5.01000000
2018-02-24 10:00:43,0.00152000,2.63000000
2018-02-24 10:00:43,0.00151870,7.07000000
2018-02-24 10:00:43,0.00151860,35.34000000
2018-02-24 10:00:43,0.00152000,1.54000000
2018-02-24 10:00:43,0.00152000,6.09000000
2018-02-24 10:00:43,0.00152000,5.01000000
2018-02-24 10:00:43,0.00152000,14.52000000
2018-02-24 10:00:43,0.00152000,4.21000000
2018-02-24 10:00:43,0.00151860,10.94000000
2018-02-24 10:00:44,0.00152000,20.62000000
2018-02-24 10:00:44,0.00152260,5.00000000
2018-02-24 10:00:44,0.00152260,38.00000000
2018-02-24 10:00:44,0.00152000,3.66000000
2018-02-24 10:00:44,0.00151870,48.59000000
2018-02-24 10:00:45,0.00151870,7.80000000
2018-02-24 10:00:45,0.00151860,20.11000000
2018-02-24 10:00:45,0.00152240,1.64000000
2018-02-24 10:00:46,0.00151890,20.62000000
2018-02-24 10:00:46,0.00151840,11.37000000
2018-02-24 10:00:46,0.00151780,8.25000000
2018-02-24 10:00:46,0.00151770,1.22000000
2018-02-24 10:00:46,0.00151770,1.44000000
2018-02-24 10:00:46,0.00151720,15.14000000
2018-02-24 10:00:46,0.00151710,6.59000000
2018-02-24 10:00:46,0.00151690,1.06000000
2018-02-24 10:00:46,0.00151660,14.14000000
2018-02-24 10:00:46,0.00151640,1.29000000
2018-02-24 10:00:46,0.00151560,15.30000000
2018-02-24 10:00:46,0.00152230,2.10000000
2018-02-24 10:00:46,0.00152000,2.13000000
2018-02-24 10:00:46,0.00151800,2.96000000
2018-02-24 10:00:46,0.00151800,5.52000000
2018-02-24 10:00:46,0.00151800,6.10000000
2018-02-24 10:00:46,0.00151800,5.52000000
2018-02-24 10:00:46,0.00151800,6.09000000
2018-02-24 10:00:46,0.00151800,6.10000000
2018-02-24 10:00:46,0.00151800,6.10000000
2018-02-24 10:00:46,0.00151800,3.14000000
2018-02-24 10:00:46,0.00151800,3.36000000
2018-02-24 10:00:46,0.00151800,46.79000000
2018-02-24 10:00:46,0.00151800,70.32000000
2018-02-24 10:00:46,0.00151800,46.68000000
2018-02-24 10:00:46,0.00151800,32.49000000
2018-02-24 10:00:46,0.00151800,46.69000000
2018-02-24 10:00:46,0.00151800,5.01000000
2018-02-24 10:00:46,0.00151800,24.73000000
2018-02-24 10:00:47,0.00151560,1.20000000
2018-02-24 10:00:47,0.00151560,2.05000000
2018-02-24 10:00:47,0.00151560,48.09000000
2018-02-24 10:00:47,0.00151800,3.44000000
2018-02-24 10:00:47,0.00151800,11.60000000
2018-02-24 10:00:47,0.00151560,40.77000000
2018-02-24 10:00:47,0.00151800,10.00000000
2018-02-24 10:00:47,0.00151800,195.78000000
2018-02-24 10:00:47,0.00151800,65.00000000
2018-02-24 10:00:47,0.00151800,6.07000000
2018-02-24 10:00:47,0.00151560,19.12000000
2018-02-24 10:00:47,0.00151800,3.27000000
2018-02-24 10:00:48,0.00151790,3.33000000
2018-02-24 10:00:48,0.00151790,5.72000000
2018-02-24 10:00:48,0.00151560,1.97000000
2018-02-24 10:00:48,0.00151800,1.80000000
2018-02-24 10:00:48,0.00151800,1.53000000
2018-02-24 10:00:48,0.00151990,3.91000000
2018-02-24 10:00:48,0.00152000,124.39000000
2018-02-24 10:00:49,0.00152000,49.99000000
2018-02-24 10:00:49,0.00151790,5.01000000
2018-02-24 10:00:49,0.00151790,2.45000000
2018-02-24 10:00:49,0.00151560,57.55000000
2018-02-24 10:00:49,0.00151540,1.64000000
2018-02-24 10:00:49,0.00151520,25.26000000
2018-02-24 10:00:49,0.00151510,10.52000000
2018-02-24 10:00:49,0.00151510,2.39000000
2018-02-24 10:00:49,0.00151500,118.49000000
2018-02-24 10:00:49,0.00151500,213.67000000
2018-02-24 10:00:49,0.00151520,2.35000000
2018-02-24 10:00:50,0.00151540,5.01000000
2018-02-24 10:00:50,0.00151540,3.37000000
2018-02-24 10:00:50,0.00151540,29.22000000
2018-02-24 10:00:50,0.00151540,5.55000000
2018-02-24 10:00:50,0.00151540,22.65000000
2018-02-24 10:00:50,0.00151790,2.03000000
2018-02-24 10:00:50,0.00151880,33.49000000
2018-02-24 10:00:50,0.00151790,6.93000000
2018-02-24 10:00:50,0.00151790,23.62000000
2018-02-24 10:00:50,0.00151970,1.40000000
2018-02-24 10:00:50,0.00151790,6.75000000
2018-02-24 10:00:50,0.00151790,4.70000000
2018-02-24 10:00:50,0.00151540,4.22000000
2018-02-24 10:00:50,0.00151970,5.01000000
2018-02-24 10:00:50,0.00151560,13.59000000
2018-02-24 10:00:50,0.00151560,77.84000000
2018-02-24 10:00:50,0.00151510,24.06000000
2018-02-24 10:00:50,0.00151500,38.91000000
2018-02-24 10:00:50,0.00151500,46.94000000
2018-02-24 10:00:50,0.00151560,14.61000000
2018-02-24 10:00:51,0.00151800,6.53000000
2018-02-24 10:00:51,0.00151700,119.88000000
2018-02-24 10:00:51,0.00151700,413.28000000
2018-02-24 10:00:51,0.00151490,0.30000000
2018-02-24 10:00:51,0.00151790,5.00000000
2018-02-24 10:00:51,0.00151790,1.43000000
2018-02-24 10:00:52,0.00151770,20.11000000
2018-02-24 10:00:52,0.00151780,43.23000000
2018-02-24 10:00:52,0.00151790,19.09000000
2018-02-24 10:00:52,0.00151800,34.48000000
2018-02-24 10:00:52,0.00151950,22.15000000
2018-02-24 10:00:52,0.00151990,27.10000000
2018-02-24 10:00:52,0.00152000,759.07000000
2018-02-24 10:00:52,0.00151790,5.01000000
2018-02-24 10:00:52,0.00151790,0.78000000
2018-02-24 10:00:52,0.00151500,7.24000000
2018-02-24 10:00:52,0.00151490,7.35000000
2018-02-24 10:00:52,0.00151480,18.72000000
2018-02-24 10:00:52,0.00151460,7.68000000
2018-02-24 10:00:52,0.00151410,33.02000000
2018-02-24 10:00:52,0.00151400,12.73000000
2018-02-24 10:00:52,0.00151300,8.30000000
2018-02-24 10:00:52,0.00151280,4.96000000
2018-02-24 10:00:52,0.00151790,5.01000000
2018-02-24 10:00:53,0.00151510,13.41000000
2018-02-24 10:00:53,0.00151790,88.59000000
2018-02-24 10:00:53,0.00152000,5.01000000
2018-02-24 10:00:53,0.00151790,5.41000000
2018-02-24 10:00:53,0.00151510,269.49000000
2018-02-24 10:00:53,0.00151280,14.87000000
2018-02-24 10:00:53,0.00151270,2.64000000
2018-02-24 10:00:53,0.00151250,3.21000000
2018-02-24 10:00:53,0.00151230,10.71000000
2018-02-24 10:00:53,0.00151190,32.67000000
2018-02-24 10:00:53,0.00151180,1.64000000
2018-02-24 10:00:53,0.00151160,3.31000000
2018-02-24 10:00:53,0.00151150,4.66000000
2018-02-24 10:00:53,0.00151140,83.15000000
2018-02-24 10:00:53,0.00151120,15.00000000
2018-02-24 10:00:53,0.00151110,3.58000000
2018-02-24 10:00:53,0.00151100,132.42000000
2018-02-24 10:00:53,0.00151100,1.00000000
2018-02-24 10:00:53,0.00151100,37.96000000
2018-02-24 10:00:54,0.00151780,1.83000000
2018-02-24 10:00:54,0.00151990,0.57000000
2018-02-24 10:00:54,0.00151990,5.00000000
2018-02-24 10:00:54,0.00151980,52.67000000
2018-02-24 10:00:54,0.00151990,2.58000000
2018-02-24 10:00:54,0.00152000,140.53000000
2018-02-24 10:00:54,0.00151540,20.00000000
2018-02-24 10:00:54,0.00151530,6.59000000
2018-02-24 10:00:54,0.00151520,32.67000000
2018-02-24 10:00:54,0.00151400,1.32000000
2018-02-24 10:00:54,0.00151110,37.57000000
2018-02-24 10:00:55,0.00151980,5.01000000
2018-02-24 10:00:55,0.00151540,60.98000000
2018-02-24 10:00:55,0.00151550,1.32000000
2018-02-24 10:00:55,0.00151980,74.64000000
2018-02-24 10:00:55,0.00152000,123.37000000
2018-02-24 10:00:55,0.00152220,74.36000000
2018-02-24 10:00:55,0.00152000,5.01000000
2018-02-24 10:00:56,0.00151550,7.19000000
2018-02-24 10:00:56,0.00151540,25.48000000
2018-02-24 10:00:56,0.00151540,14.97000000
2018-02-24 10:00:56,0.00151540,20.53000000
2018-02-24 10:00:56,0.00151530,60.00000000
2018-02-24 10:00:56,0.00151530,19.47000000
2018-02-24 10:00:56,0.00152000,10.00000000
2018-02-24 10:00:56,0.00151120,10.68000000
2018-02-24 10:00:56,0.00151190,2.75000000
2018-02-24 10:00:56,0.00151190,3.30000000
2018-02-24 10:00:56,0.00151120,32.69000000
2018-02-24 10:00:56,0.00151190,5.01000000
2018-02-24 10:00:56,0.00151120,36.69000000
2018-02-24 10:00:57,0.00151130,2.75000000
2018-02-24 10:00:57,0.00151180,5.50000000
2018-02-24 10:00:57,0.00151180,57.87000000
2018-02-24 10:00:57,0.00151190,15.77000000
2018-02-24 10:00:57,0.00151190,1.00000000
2018-02-24 10:00:57,0.00151190,15.44000000
2018-02-24 10:00:57,0.00151190,4.30000000
2018-02-24 10:00:57,0.00151190,4.30000000
2018-02-24 10:00:57,0.00151190,4.31000000
2018-02-24 10:00:57,0.00151190,19.82000000
2018-02-24 10:00:57,0.00151190,111.22000000
2018-02-24 10:00:57,0.00151140,15.44000000
2018-02-24 10:00:57,0.00151990,9.53000000
2018-02-24 10:00:57,0.00151990,68.22000000
2018-02-24 10:00:57,0.00152000,111.73000000
2018-02-24 10:00:57,0.00152190,4.31000000
2018-02-24 10:00:57,0.00152210,7.19000000
2018-02-24 10:00:57,0.00152220,7.06000000
2018-02-24 10:00:57,0.00152230,100.00000000
2018-02-24 10:00:57,0.00152240,238.18000000
2018-02-24 10:00:57,0.00152250,20.94000000
2018-02-24 10:00:57,0.00152300,6.66000000
2018-02-24 10:00:57,0.00152300,7.00000000
2018-02-24 10:00:57,0.00152300,4.87000000
2018-02-24 10:00:57,0.00152300,5.00000000
2018-02-24 10:00:57,0.00152300,6.66000000
2018-02-24 10:00:57,0.00152300,1.89000000
2018-02-24 10:00:57,0.00152300,4.31000000
2018-02-24 10:00:57,0.00152300,66.21000000
2018-02-24 10:00:58,0.00152000,3.30000000
2018-02-24 10:00:58,0.00152000,5.10000000
2018-02-24 10:00:58,0.00152000,28.92000000
2018-02-24 10:00:58,0.00152000,90.00000000
2018-02-24 10:00:58,0.00152290,1.97000000
2018-02-24 10:00:58,0.00152000,4.78000000
2018-02-24 10:00:58,0.00152000,63.26000000
2018-02-24 10:00:59,0.00152000,2.48000000
2018-02-24 10:00:59,0.00152000,32.67000000
2018-02-24 10:00:59,0.00152280,1.42000000
2018-02-24 10:00:59,0.00152280,2.58000000
2018-02-24 10:00:59,0.00152000,5.45000000
2018-02-24 10:00:59,0.00152000,1.88000000
2018-02-24 10:01:00,0.00152280,9.47000000
2018-02-24 10:01:00,0.00152300,19.59000000
2018-02-24 10:01:00,0.00152320,26.83000000
2018-02-24 10:01:00,0.00152000,19.73000000
2018-02-24 10:01:00,0.00152000,17.86000000
2018-02-24 10:01:00,0.00152320,37.10000000
2018-02-24 10:01:00,0.00152240,40.42000000
2018-02-24 10:01:00,0.00152240,22.90000000
2018-02-24 10:01:00,0.00152240,340.65000000
2018-02-24 10:01:00,0.00152010,7.12000000
2018-02-24 10:01:00,0.00152000,40.54000000
2018-02-24 10:01:00,0.00152170,12.82000000
2018-02-24 10:01:01,0.00152000,19.98000000
2018-02-24 10:01:01,0.00152000,256.00000000
2018-02-24 10:01:01,0.00151530,65.99000000
2018-02-24 10:01:01,0.00151500,131.09000000
2018-02-24 10:01:01,0.00151410,82.42000000
2018-02-24 10:01:01,0.00151380,48.72000000
2018-02-24 10:01:01,0.00151350,47.82000000
2018-02-24 10:01:01,0.00151300,101.55000000
2018-02-24 10:01:01,0.00152010,7.48000000
2018-02-24 10:01:01,0.00152010,103.52000000
2018-02-24 10:01:01,0.00152000,5.01000000
2018-02-24 10:01:01,0.00152000,1.40000000
2018-02-24 10:01:02,0.00151990,7.12000000
2018-02-24 10:01:02,0.00152000,26.30000000
2018-02-24 10:01:03,0.00152000,0.98000000
2018-02-24 10:01:03,0.00151640,9.99000000
2018-02-24 10:01:03,0.00152000,1390.83000000
2018-02-24 10:01:03,0.00152000,3.00000000
2018-02-24 10:01:04,0.00151640,189.22000000
2018-02-24 10:01:04,0.00151630,11.87000000
2018-02-24 10:01:04,0.00151620,36.34000000
2018-02-24 10:01:04,0.00151610,1162.58000000
2018-02-24 10:01:04,0.00151600,486.78000000
2018-02-24 10:01:04,0.00151500,205.35000000
2018-02-24 10:01:04,0.00151320,59.68000000
2018-02-24 10:01:04,0.00151310,2.31000000
2018-02-24 10:01:04,0.00151300,462.02000000
2018-02-24 10:01:04,0.00151200,634.42000000
2018-02-24 10:01:04,0.00151190,2.96000000
2018-02-24 10:01:04,0.00151140,20.00000000
2018-02-24 10:01:04,0.00151120,3.72000000
2018-02-24 10:01:04,0.00151100,426.75000000
2018-02-24 10:01:04,0.00152000,448.60000000
2018-02-24 10:01:04,0.00152170,9.90000000
2018-02-24 10:01:04,0.00152220,59.86000000
2018-02-24 10:01:04,0.00152000,43.32000000
2018-02-24 10:01:04,0.00152320,206.55000000
2018-02-24 10:01:04,0.00152320,0.69000000
2018-02-24 10:01:04,0.00152320,0.69000000
2018-02-24 10:01:04,0.00152320,6.20000000
2018-02-24 10:01:04,0.00152320,4.39000000
2018-02-24 10:01:04,0.00152320,0.69000000
2018-02-24 10:01:04,0.00152320,0.15000000
2018-02-24 10:01:04,0.00152320,6.20000000
2018-02-24 10:01:04,0.00152320,0.69000000
2018-02-24 10:01:04,0.00152320,0.69000000
2018-02-24 10:01:04,0.00152320,6.20000000
2018-02-24 10:01:04,0.00152320,15.11000000
2018-02-24 10:01:04,0.00152320,0.69000000
2018-02-24 10:01:04,0.00152320,4.39000000
2018-02-24 10:01:04,0.00152320,6.20000000
2018-02-24 10:01:04,0.00152320,9.84000000
2018-02-24 10:01:05,0.00152320,82.78000000
2018-02-24 10:01:05,0.00152010,3.15000000
2018-02-24 10:01:06,0.00152010,6.30000000
2018-02-24 10:01:06,0.00152320,0.07000000
2018-02-24 10:01:07,0.00152320,16.77000000
2018-02-24 10:01:07,0.00152320,42.57000000
2018-02-24 10:01:07,0.00151670,61.88000000
2018-02-24 10:01:07,0.00151660,39.02000000
2018-02-24 10:01:08,0.00151990,2.07000000
2018-02-24 10:01:08,0.00152320,0.03000000
2018-02-24 10:01:08,0.00152310,9.19000000
2018-02-24 10:01:09,0.00151700,3.29000000
2018-02-24 10:01:09,0.00151700,18.09000000
2018-02-24 10:01:09,0.00151690,11.14000000
2018-02-24 10:01:09,0.00152000,13.41000000
2018-02-24 10:01:09,0.00152020,1.38000000
2018-02-24 10:01:09,0.00152280,12.42000000
2018-02-24 10:01:10,0.00152000,5.28000000
2018-02-24 10:01:10,0.00152000,39.45000000
2018-02-24 10:01:10,0.00152000,1.64000000
2018-02-24 10:01:11,0.00151990,1.58000000
2018-02-24 10:01:11,0.00151710,8.58000000
2018-02-24 10:01:11,0.00151700,1.38000000
2018-02-24 10:01:11,0.00151690,28.20000000
2018-02-24 10:01:11,0.00151680,3.45000000
2018-02-24 10:01:11,0.00151670,0.69000000
2018-02-24 10:01:11,0.00151660,152.16000000
2018-02-24 10:01:11,0.00151650,163.44000000
2018-02-24 10:01:11,0.00151610,70.39000000
2018-02-24 10:01:11,0.00151610,484.88000000
2018-02-24 10:01:12,0.00151460,1.64000000
2018-02-24 10:01:12,0.00151460,30.79000000
2018-02-24 10:01:12,0.00151460,12.90000000
2018-02-24 10:01:12,0.00151460,142.97000000
2018-02-24 10:01:12,0.00151710,2.22000000
2018-02-24 10:01:12,0.00151460,6.00000000
2018-02-24 10:01:12,0.00151710,3.36000000
2018-02-24 10:01:12,0.00151710,5.00000000
2018-02-24 10:01:12,0.00151460,13.64000000
2018-02-24 10:01:13,0.00151700,5.48000000
2018-02-24 10:01:13,0.00151700,22.72000000
2018-02-24 10:01:13,0.00151710,8.79000000
2018-02-24 10:01:13,0.00151960,73.18000000
2018-02-24 10:01:13,0.00151970,21.36000000
2018-02-24 10:01:13,0.00151980,8.78000000
2018-02-24 10:01:13,0.00151990,11.83000000
2018-02-24 10:01:13,0.00152000,3.34000000
2018-02-24 10:01:14,0.00151990,50.62000000
2018-02-24 10:01:14,0.00152000,440.22000000
2018-02-24 10:01:14,0.00151990,13.00000000
2018-02-24 10:01:14,0.00151490,32.67000000
2018-02-24 10:01:14,0.00151480,107.27000000
2018-02-24 10:01:14,0.00151460,114.15000000
2018-02-24 10:01:14,0.00151210,6.20000000
2018-02-24 10:01:14,0.00151200,189.26000000
2018-02-24 10:01:14,0.00151530,1.75000000
2018-02-24 10:01:14,0.00151530,4.45000000
2018-02-24 10:01:15,0.00151970,10.37000000
2018-02-24 10:01:15,0.00151970,9.63000000
2018-02-24 10:01:15,0.00151980,6.56000000
2018-02-24 10:01:15,0.00151990,87.00000000
2018-02-24 10:01:15,0.00152000,24.83000000
2018-02-24 10:01:15,0.00151530,1.75000000
2018-02-24 10:01:15,0.00151500,1.32000000
2018-02-24 10:01:15,0.00151490,7.22000000
2018-02-24 10:01:15,0.00151220,0.10000000
2018-02-24 10:01:15,0.00151970,1.97000000
2018-02-24 10:01:16,0.00151650,1.32000000
2018-02-24 10:01:16,0.00151960,7.22000000
2018-02-24 10:01:16,0.00151970,30.70000000
2018-02-24 10:01:16,0.00152000,30.76000000
2018-02-24 10:01:16,0.00152000,3.00000000
2018-02-24 10:01:16,0.00151250,2.96000000
2018-02-24 10:01:17,0.00151460,39.13000000
2018-02-24 10:01:17,0.00151460,3.70000000
2018-02-24 10:01:17,0.00151990,58.57000000
2018-02-24 10:01:17,0.00151280,6.61000000
2018-02-24 10:01:17,0.00151270,7.25000000
2018-02-24 10:01:17,0.00151260,20.00000000
2018-02-24 10:01:17,0.00151240,2.97000000
2018-02-24 10:01:18,0.00151680,0.81000000
2018-02-24 10:01:18,0.00151980,14.19000000
2018-02-24 10:01:18,0.00151530,73.38000000
2018-02-24 10:01:18,0.00151530,368.24000000
2018-02-24 10:01:18,0.00151670,7.25000000
2018-02-24 10:01:18,0.00151310,14.19000000
2018-02-24 10:01:18,0.00151300,130.20000000
2018-02-24 10:01:18,0.00151290,32.67000000
2018-02-24 10:01:18,0.00151280,99.24000000
2018-02-24 10:01:18,0.00151210,7.26000000
2018-02-24 10:01:18,0.00151200,106.67000000
2018-02-24 10:01:19,0.00151200,2.42000000
2018-02-24 10:01:19,0.00151320,0.07000000
2018-02-24 10:01:19,0.00151970,20.00000000
2018-02-24 10:01:19,0.00151980,100.00000000
2018-02-24 10:01:20,0.00151980,37.20000000
2018-02-24 10:01:20,0.00151330,20.00000000
2018-02-24 10:01:20,0.00151320,32.60000000
2018-02-24 10:01:20,0.00151270,5.10000000
2018-02-24 10:01:20,0.00151220,275.57000000
2018-02-24 10:01:20,0.00151990,16.93000000
2018-02-24 10:01:20,0.00152000,341.00000000
2018-02-24 10:01:20,0.00151980,3.66000000
2018-02-24 10:01:20,0.00151980,29.01000000
2018-02-24 10:01:20,0.00151990,49.16000000
2018-02-24 10:01:20,0.00151960,2.60000000
2018-02-24 10:01:21,0.00151230,131.28000000
2018-02-24 10:01:21,0.00151220,70.05000000
2018-02-24 10:01:21,0.00151200,900.58000000
2018-02-24 10:01:21,0.00151110,13.56000000
2018-02-24 10:01:21,0.00151060,1.95000000
2018-02-24 10:01:21,0.00151050,8.63000000
2018-02-24 10:01:21,0.00151000,282.10000000
2018-02-24 10:01:21,0.00151000,29.75000000
2018-02-24 10:01:21,0.00151000,25.21000000
2018-02-24 10:01:21,0.00151000,32.56000000
2018-02-24 10:01:21,0.00151000,5.00000000
2018-02-24 10:01:21,0.00151000,4.61000000
2018-02-24 10:01:21,0.00151000,2.97000000
2018-02-24 10:01:21,0.00151000,93.31000000
2018-02-24 10:01:21,0.00151000,2.31000000
2018-02-24 10:01:21,0.00151000,19.77000000
2018-02-24 10:01:21,0.00151000,0.69000000
2018-02-24 10:01:21,0.00151000,6.20000000
2018-02-24 10:01:21,0.00151000,34.88000000
2018-02-24 10:01:21,0.00151000,50.00000000
2018-02-24 10:01:21,0.00151000,34.83000000
2018-02-24 10:01:21,0.00151000,50.66000000
2018-02-24 10:01:21,0.00151000,7.33000000
2018-02-24 10:01:21,0.00151000,47.15000000
2018-02-24 10:01:21,0.00151600,1.50000000
2018-02-24 10:01:22,0.00151530,14.77000000
2018-02-24 10:01:22,0.00151530,0.86000000
2018-02-24 10:01:22,0.00151530,4.99000000
2018-02-24 10:01:22,0.00151530,4.99000000
2018-02-24 10:01:22,0.00151530,5.00000000
2018-02-24 10:01:22,0.00151530,1.93000000
2018-02-24 10:01:22,0.00151540,4.99000000
2018-02-24 10:01:22,0.00151530,3.07000000
2018-02-24 10:01:23,0.00151230,13.78000000
2018-02-24 10:01:23,0.00151000,1.47000000
2018-02-24 10:01:23,0.00151240,7.36000000
2018-02-24 10:01:25,0.00151010,1.74000000
2018-02-24 10:01:25,0.00151480,2.96000000
2018-02-24 10:01:25,0.00151240,2.96000000
2018-02-24 10:01:25,0.00151010,0.90000000
2018-02-24 10:01:25,0.00151240,4.40000000
2018-02-24 10:01:25,0.00151480,15.60000000
2018-02-24 10:01:26,0.00151240,4.40000000
2018-02-24 10:01:26,0.00151230,71.95000000
2018-02-24 10:01:26,0.00151010,15.38000000
2018-02-24 10:01:26,0.00151000,31.64000000
2018-02-24 10:01:27,0.00151000,433.26000000
2018-02-24 10:01:27,0.00151460,1.50000000
2018-02-24 10:01:27,0.00151200,18.50000000
2018-02-24 10:01:27,0.00151450,3.74000000
2018-02-24 10:01:27,0.00151200,128.38000000
2018-02-24 10:01:27,0.00151450,128.93000000
2018-02-24 10:01:27,0.00151460,141.48000000
2018-02-24 10:01:27,0.00151480,32.70000000
2018-02-24 10:01:27,0.00151510,117.23000000
2018-02-24 10:01:27,0.00151550,26.06000000
2018-02-24 10:01:27,0.00151560,4.39000000
2018-02-24 10:01:27,0.00151610,7.60000000
2018-02-24 10:01:28,0.00151200,11.00000000
2018-02-24 10:01:29,0.00151260,11.21000000
2018-02-24 10:01:29,0.00151260,10.02000000
2018-02-24 10:01:30,0.00151270,23.12000000
2018-02-24 10:01:30,0.00151260,18.77000000
2018-02-24 10:01:30,0.00151230,2.05000000
2018-02-24 10:01:31,0.00151500,6.07000000
2018-02-24 10:01:31,0.00151500,5.31000000
2018-02-24 10:01:32,0.00151540,0.93000000
2018-02-24 10:01:33,0.00151500,41.34000000
2018-02-24 10:01:33,0.00151530,22.00000000
2018-02-24 10:01:35,0.00151520,10.00000000
2018-02-24 10:01:35,0.00151520,55.44000000
2018-02-24 10:01:35,0.00151530,17.02000000
2018-02-24 10:01:35,0.00151540,106.34000000
2018-02-24 10:01:35,0.00151550,6.61000000
2018-02-24 10:01:35,0.00151600,298.02000000
2018-02-24 10:01:35,0.00151500,356.36000000
2018-02-24 10:01:37,0.00151560,1.70000000
2018-02-24 10:01:39,0.00151570,111.00000000
2018-02-24 10:01:39,0.00151560,379.88000000
2018-02-24 10:01:39,0.00151500,154.06000000
2018-02-24 10:01:39,0.00151500,138.50000000
2018-02-24 10:01:39,0.00151560,15.46000000
2018-02-24 10:01:39,0.00151600,6.50000000
2018-02-24 10:01:39,0.00151600,25.00000000
2018-02-24 10:01:39,0.00151610,2.00000000
2018-02-24 10:01:39,0.00151610,2.75000000
2018-02-24 10:01:40,0.00151610,164.38000000
2018-02-24 10:01:40,0.00151600,4.60000000
2018-02-24 10:01:41,0.00151240,10.00000000
2018-02-24 10:01:42,0.00151500,6.45000000
2018-02-24 10:01:42,0.00151500,8.55000000
2018-02-24 10:01:42,0.00151550,18.89000000
2018-02-24 10:01:43,0.00151270,95.30000000
2018-02-24 10:01:43,0.00151550,41.14000000
2018-02-24 10:01:43,0.00151600,10.00000000
2018-02-24 10:01:43,0.00151800,64.76000000
2018-02-24 10:01:43,0.00151900,304.10000000
2018-02-24 10:01:44,0.00151500,249.45000000
2018-02-24 10:01:45,0.00151500,5.00000000
2018-02-24 10:01:45,0.00151510,27.67000000
2018-02-24 10:01:45,0.00151380,171.61000000
2018-02-24 10:01:46,0.00151390,3.97000000
2018-02-24 10:01:46,0.00151390,2.63000000
2018-02-24 10:01:46,0.00151380,27.67000000
2018-02-24 10:01:46,0.00151300,5.01000000
2018-02-24 10:01:47,0.00151600,1.94000000
2018-02-24 10:01:48,0.00151400,0.08000000
2018-02-24 10:01:48,0.00151590,32.67000000
2018-02-24 10:01:48,0.00151600,117.54000000
2018-02-24 10:01:48,0.00151770,95.30000000
2018-02-24 10:01:48,0.00151800,22.76000000
2018-02-24 10:01:49,0.00151510,0.08000000
2018-02-24 10:01:49,0.00151520,32.67000000
2018-02-24 10:01:49,0.00151510,67.33000000
2018-02-24 10:01:50,0.00151520,2.27000000
2018-02-24 10:01:52,0.00151600,100.00000000
2018-02-24 10:01:52,0.00151600,1.25000000
2018-02-24 10:01:53,0.00151600,304.24000000
2018-02-24 10:01:53,0.00151510,548.43000000
2018-02-24 10:01:53,0.00151610,1.00000000
2018-02-24 10:01:55,0.00151610,110.00000000
2018-02-24 10:01:55,0.00151510,90.00000000
2018-02-24 10:01:55,0.00151510,70.00000000
2018-02-24 10:01:55,0.00151840,2.27000000
2018-02-24 10:01:55,0.00151850,32.67000000
2018-02-24 10:01:55,0.00151890,7.97000000
2018-02-24 10:01:55,0.00151900,204.12000000
2018-02-24 10:01:55,0.00151970,20.45000000
2018-02-24 10:01:55,0.00152000,235.71000000
2018-02-24 10:01:55,0.00152000,5.46000000
2018-02-24 10:01:56,0.00152000,43.21000000
2018-02-24 10:01:56,0.00152020,1.38000000
2018-02-24 10:01:56,0.00152030,1.38000000
2018-02-24 10:01:56,0.00152200,207.91000000
2018-02-24 10:01:56,0.00152310,23.80000000
2018-02-24 10:01:56,0.00152320,168.77000000
2018-02-24 10:01:56,0.00152350,20.94000000
2018-02-24 10:01:56,0.00152390,18.89000000
2018-02-24 10:01:56,0.00152400,49.89000000
2018-02-24 10:01:56,0.00152430,16.24000000
2018-02-24 10:01:56,0.00152450,23.50000000
2018-02-24 10:01:56,0.00152000,56.21000000
2018-02-24 10:01:56,0.00152440,11.06000000
2018-02-24 10:01:56,0.00152470,3.58000000
2018-02-24 10:01:56,0.00152500,27.47000000
2018-02-24 10:01:56,0.00152520,57.89000000
2018-02-24 10:01:56,0.00152520,1.38000000
2018-02-24 10:01:56,0.00152530,15.82000000
2018-02-24 10:01:57,0.00152020,246.36000000
2018-02-24 10:01:57,0.00152000,5274.79000000
2018-02-24 10:01:57,0.00152020,4.13000000
2018-02-24 10:01:57,0.00152020,2.44000000
2018-02-24 10:01:57,0.00152010,165.80000000
2018-02-24 10:01:57,0.00152000,31.76000000
2018-02-24 10:01:58,0.00152000,487.57000000
2018-02-24 10:01:58,0.00152000,65.39000000
2018-02-24 10:01:59,0.00152190,2.08000000
2018-02-24 10:01:59,0.00152190,53.58000000
2018-02-24 10:01:59,0.00152030,17.77000000
2018-02-24 10:02:00,0.00152030,10.29000000
2018-02-24 10:02:00,0.00152030,38.79000000
2018-02-24 10:02:01,0.00152030,72.34000000
2018-02-24 10:02:01,0.00152000,127.66000000
2018-02-24 10:02:01,0.00152430,0.98000000
2018-02-24 10:02:01,0.00152440,0.66000000
2018-02-24 10:02:01,0.00152000,19.34000000
2018-02-24 10:02:02,0.00152010,4.39000000
2018-02-24 10:02:02,0.00152000,195.61000000
2018-02-24 10:02:02,0.00152010,6.89000000
2018-02-24 10:02:02,0.00152000,143.11000000
2018-02-24 10:02:03,0.00152260,107.21000000
2018-02-24 10:02:03,0.00152270,41.11000000
2018-02-24 10:02:03,0.00152270,88.72000000
2018-02-24 10:02:03,0.00152330,6.89000000
2018-02-24 10:02:03,0.00152340,4.39000000
2018-02-24 10:02:04,0.00152230,108.54000000
2018-02-24 10:02:04,0.00152230,114.48000000
2018-02-24 10:02:04,0.00152450,6.57000000
2018-02-24 10:02:04,0.00152460,2.43000000
2018-02-24 10:02:04,0.00152470,6.59000000
2018-02-24 10:02:04,0.00152500,78.28000000
2018-02-24 10:02:06,0.00152360,0.99000000
2018-02-24 10:02:06,0.00152360,81.69000000
2018-02-24 10:02:06,0.00152360,0.99000000
2018-02-24 10:02:06,0.00152460,245.22000000
2018-02-24 10:02:06,0.00152470,55.66000000
2018-02-24 10:02:06,0.00152500,29.11000000
2018-02-24 10:02:06,0.00152270,98.33000000
2018-02-24 10:02:07,0.00152270,0.28000000
2018-02-24 10:02:08,0.00152270,3.91000000
2018-02-24 10:02:08,0.00152500,1.00000000
2018-02-24 10:02:09,0.00152500,2.74000000
2018-02-24 10:02:09,0.00152280,15.70000000
2018-02-24 10:02:09,0.00152500,5.29000000
2018-02-24 10:02:09,0.00152500,41.29000000
2018-02-24 10:02:11,0.00152490,45.09000000
2018-02-24 10:02:11,0.00152490,18.41000000
2018-02-24 10:02:11,0.00152500,31.00000000
2018-02-24 10:02:13,0.00152300,3.24000000
2018-02-24 10:02:13,0.00152400,22.00000000
2018-02-24 10:02:13,0.00152300,12.14000000
2018-02-24 10:02:13,0.00152470,100.00000000
2018-02-24 10:02:14,0.00152470,45.51000000
2018-02-24 10:02:15,0.00152300,9.20000000
2018-02-24 10:02:15,0.00152470,39.64000000
2018-02-24 10:02:16,0.00152470,50.00000000
2018-02-24 10:02:18,0.00152400,40.00000000
2018-02-24 10:02:18,0.00152470,60.00000000
2018-02-24 10:02:18,0.00152300,8.00000000
2018-02-24 10:02:19,0.00152470,23.85000000
2018-02-24 10:02:21,0.00152470,122.18000000
2018-02-24 10:02:22,0.00152500,20.40000000
2018-02-24 10:02:22,0.00152500,8.28000000
2018-02-24 10:02:22,0.00152500,2.99000000
2018-02-24 10:02:22,0.00152540,16.24000000
2018-02-24 10:02:22,0.00152600,34.47000000
2018-02-24 10:02:24,0.00152440,210.01000000
2018-02-24 10:02:26,0.00152600,319.67000000
2018-02-24 10:02:26,0.00152620,25.93000000
2018-02-24 10:02:26,0.00152620,114.44000000
2018-02-24 10:02:27,0.00152550,84.98000000
2018-02-24 10:02:27,0.00152620,20.84000000
2018-02-24 10:02:27,0.00152630,18.58000000
2018-02-24 10:02:27,0.00152640,16.24000000
2018-02-24 10:02:27,0.00152700,19.40000000
2018-02-24 10:02:29,0.00152620,2.70000000
2018-02-24 10:02:31,0.00152700,25.83000000
2018-02-24 10:02:31,0.00152700,0.01000000
2018-02-24 10:02:31,0.00152710,18.00000000
2018-02-24 10:02:31,0.00152720,25.30000000
2018-02-24 10:02:33,0.00152730,13.53000000
2018-02-24 10:02:34,0.00152730,8.00000000
2018-02-24 10:02:34,0.00152720,24.93000000
2018-02-24 10:02:34,0.00152700,101.22000000
2018-02-24 10:02:35,0.00152730,12.44000000
2018-02-24 10:02:35,0.00152740,31.12000000
2018-02-24 10:02:35,0.00152750,21.77000000
2018-02-24 10:02:35,0.00152730,0.02000000
2018-02-24 10:02:35,0.00152730,12.42000000
2018-02-24 10:02:35,0.00152700,168.90000000
2018-02-24 10:02:35,0.00152720,0.01000000
2018-02-24 10:02:36,0.00152720,35.13000000
2018-02-24 10:02:36,0.00152720,9.82000000
2018-02-24 10:02:36,0.00152700,25.72000000
2018-02-24 10:02:36,0.00152620,192.95000000
2018-02-24 10:02:36,0.00152500,9.81000000
2018-02-24 10:02:36,0.00152470,93.08000000
2018-02-24 10:02:36,0.00152440,47.92000000
2018-02-24 10:02:37,0.00152750,0.84000000
2018-02-24 10:02:37,0.00152720,41.96000000
2018-02-24 10:02:37,0.00152500,1.30000000
2018-02-24 10:02:37,0.00152300,7.23000000
2018-02-24 10:02:37,0.00152280,1.12000000
2018-02-24 10:02:37,0.00152270,87.50000000
2018-02-24 10:02:37,0.00152230,194.35000000
2018-02-24 10:02:38,0.00152750,10.00000000
2018-02-24 10:02:39,0.00152730,20.07000000
2018-02-24 10:02:39,0.00152240,106.56000000
2018-02-24 10:02:39,0.00152230,21.75000000
2018-02-24 10:02:39,0.00152700,53.12000000
2018-02-24 10:02:40,0.00152500,13.24000000
2018-02-24 10:02:40,0.00152200,150.00000000
2018-02-24 10:02:40,0.00152590,93.66000000
2018-02-24 10:02:41,0.00152400,64.44000000
2018-02-24 10:02:41,0.00152280,9.84000000
2018-02-24 10:02:41,0.00152270,6.56000000
2018-02-24 10:02:41,0.00152110,32.98000000
2018-02-24 10:02:41,0.00152100,22.00000000
2018-02-24 10:02:41,0.00152000,194.17000000
2018-02-24 10:02:41,0.00152500,22.20000000
2018-02-24 10:02:41,0.00152490,3.27000000
2018-02-24 10:02:42,0.00152030,0.98000000
2018-02-24 10:02:42,0.00152020,38.17000000
2018-02-24 10:02:42,0.00152010,41.22000000
2018-02-24 10:02:42,0.00152020,4.39000000
2018-02-24 10:02:42,0.00152010,22.28000000
2018-02-24 10:02:42,0.00152000,473.33000000
2018-02-24 10:02:43,0.00152330,3.00000000
2018-02-24 10:02:43,0.00152330,1.44000000
2018-02-24 10:02:43,0.00152080,6.08000000
2018-02-24 10:02:43,0.00152080,5.52000000
2018-02-24 10:02:43,0.00152080,2.41000000
2018-02-24 10:02:43,0.00152080,2.41000000
2018-02-24 10:02:44,0.00152080,2.41000000
2018-02-24 10:02:44,0.00152080,2.41000000
2018-02-24 10:02:44,0.00152080,2.41000000
2018-02-24 10:02:44,0.00152080,7.83000000
2018-02-24 10:02:44,0.00152080,7.83000000
2018-02-24 10:02:44,0.00152060,5.61000000
2018-02-24 10:02:44,0.00152070,1.64000000
2018-02-24 10:02:44,0.00152060,0.81000000
2018-02-24 10:02:44,0.00152060,14.75000000
2018-02-24 10:02:44,0.00152020,111.00000000
2018-02-24 10:02:44,0.00152000,798.09000000
2018-02-24 10:02:45,0.00152000,80.83000000
2018-02-24 10:02:45,0.00152000,97.00000000
2018-02-24 10:02:45,0.00152000,80.83000000
2018-02-24 10:02:45,0.00151950,39.79000000
2018-02-24 10:02:45,0.00151990,64.48000000
2018-02-24 10:02:45,0.00152000,312.09000000
2018-02-24 10:02:46,0.00151980,2.13000000
2018-02-24 10:02:47,0.00151980,25.94000000
2018-02-24 10:02:47,0.00152000,305.20000000
2018-02-24 10:02:47,0.00152000,2.00000000
2018-02-24 10:02:47,0.00152000,3.00000000
2018-02-24 10:02:48,0.00151900,6.00000000
2018-02-24 10:02:48,0.00151880,1.97000000
2018-02-24 10:02:48,0.00151880,1.54000000
2018-02-24 10:02:49,0.00151880,1.64000000
2018-02-24 10:02:49,0.00151770,5.26000000
2018-02-24 10:02:49,0.00151870,1.00000000
2018-02-24 10:02:50,0.00151770,3.54000000
2018-02-24 10:02:52,0.00151520,4.76000000
2018-02-24 10:02:52,0.00151510,116.34000000
2018-02-24 10:02:53,0.00151510,35.59000000
2018-02-24 10:02:53,0.00151500,80.71000000
2018-02-24 10:02:53,0.00151470,11.23000000
2018-02-24 10:02:53,0.00151430,2.31000000
2018-02-24 10:02:53,0.00151300,16.32000000
2018-02-24 10:02:53,0.00151270,9.17000000
2018-02-24 10:02:53,0.00151260,3.28000000
2018-02-24 10:02:53,0.00151270,15.01000000
2018-02-24 10:02:54,0.00151720,15.01000000
2018-02-24 10:02:54,0.00151730,4.99000000
2018-02-24 10:02:55,0.00151550,15.88000000
2018-02-24 10:02:55,0.00151540,1.01000000
2018-02-24 10:02:55,0.00151520,112.91000000
2018-02-24 10:02:55,0.00151520,13.22000000
2018-02-24 10:02:55,0.00151520,208.72000000
2018-02-24 10:02:56,0.00151520,3.70000000
2018-02-24 10:02:56,0.00151520,1.03000000
2018-02-24 10:02:56,0.00151520,107.97000000
2018-02-24 10:02:57,0.00151520,23.65000000
2018-02-24 10:02:57,0.00151330,6.60000000
2018-02-24 10:02:57,0.00151330,1.25000000
2018-02-24 10:02:57,0.00151520,11.13000000
2018-02-24 10:02:58,0.00151380,220.99000000
2018-02-24 10:02:58,0.00151260,18.10000000
2018-02-24 10:02:58,0.00151240,1.46000000
2018-02-24 10:02:58,0.00151220,26.00000000
2018-02-24 10:02:58,0.00151200,0.87000000
2018-02-24 10:02:58,0.00151520,6.53000000
2018-02-24 10:02:59,0.00151200,15.40000000
2018-02-24 10:02:59,0.00151200,1.00000000
2018-02-24 10:02:59,0.00151510,2.31000000
2018-02-24 10:02:59,0.00151510,4.25000000
2018-02-24 10:02:59,0.00151520,27.39000000
2018-02-24 10:02:59,0.00151520,22.51000000
2018-02-24 10:03:00,0.00151520,18.35000000
2018-02-24 10:03:01,0.00151510,5.64000000
2018-02-24 10:03:01,0.00151510,1.65000000
2018-02-24 10:03:01,0.00151500,8.09000000
2018-02-24 10:03:02,0.00151270,60.00000000
2018-02-24 10:03:02,0.00151210,7.36000000
2018-02-24 10:03:02,0.00151200,28.96000000
2018-02-24 10:03:02,0.00151500,19.05000000
2018-02-24 10:03:02,0.00151500,0.73000000
2018-02-24 10:03:02,0.00151500,10.12000000
2018-02-24 10:03:02,0.00151500,8.55000000
2018-02-24 10:03:02,0.00151500,11.99000000
2018-02-24 10:03:03,0.00151200,30.85000000
2018-02-24 10:03:03,0.00151010,32.98000000
2018-02-24 10:03:03,0.00151000,980.13000000
2018-02-24 10:03:03,0.00150980,5.52000000
2018-02-24 10:03:03,0.00150960,3.66000000
2018-02-24 10:03:03,0.00150950,2.85000000
2018-02-24 10:03:03,0.00150900,107.81000000
2018-02-24 10:03:03,0.00150950,3.00000000
2018-02-24 10:03:03,0.00150950,205.69000000
2018-02-24 10:03:03,0.00150980,21.76000000
2018-02-24 10:03:03,0.00150980,3.00000000
2018-02-24 10:03:03,0.00150980,3.00000000
2018-02-24 10:03:03,0.00150980,5.01000000
2018-02-24 10:03:04,0.00150980,255.33000000
2018-02-24 10:03:04,0.00150960,3.00000000
2018-02-24 10:03:04,0.00150960,5.00000000
2018-02-24 10:03:04,0.00150960,34.72000000
2018-02-24 10:03:04,0.00150960,68.28000000
2018-02-24 10:03:04,0.00150970,32.98000000
2018-02-24 10:03:04,0.00151200,168.90000000
2018-02-24 10:03:04,0.00151490,7.36000000
2018-02-24 10:03:04,0.00151500,185.47000000
2018-02-24 10:03:04,0.00151510,1.00000000
2018-02-24 10:03:05,0.00151520,0.41000000
2018-02-24 10:03:05,0.00151510,188.18000000
2018-02-24 10:03:05,0.00151010,20.00000000
2018-02-24 10:03:05,0.00151000,0.68000000
2018-02-24 10:03:05,0.00150910,1.84000000
2018-02-24 10:03:06,0.00151490,7.13000000
2018-02-24 10:03:07,0.00151490,32.87000000
2018-02-24 10:03:07,0.00151500,208.57000000
2018-02-24 10:03:08,0.00151200,17.24000000
2018-02-24 10:03:08,0.00151470,6.61000000
2018-02-24 10:03:08,0.00151480,9.15000000
2018-02-24 10:03:08,0.00151500,1780.80000000
2018-02-24 10:03:08,0.00150990,74.36000000
2018-02-24 10:03:08,0.00150980,46.29000000
2018-02-24 10:03:09,0.00151000,7.12000000
2018-02-24 10:03:09,0.00150990,0.69000000
2018-02-24 10:03:09,0.00150980,4.26000000
2018-02-24 10:03:09,0.00150930,17.47000000
2018-02-24 10:03:09,0.00150920,63.95000000
2018-02-24 10:03:09,0.00150900,91.78000000
2018-02-24 10:03:09,0.00150890,1.66000000
2018-02-24 10:03:09,0.00150880,1.49000000
2018-02-24 10:03:09,0.00150870,652.76000000
2018-02-24 10:03:09,0.00150880,66.27000000
2018-02-24 10:03:09,0.00150870,28.78000000
2018-02-24 10:03:09,0.00150870,0.69000000
2018-02-24 10:03:09,0.00150860,20.00000000
2018-02-24 10:03:10,0.00150870,7.93000000
2018-02-24 10:03:10,0.00150860,1019.93000000
2018-02-24 10:03:10,0.00150870,5.01000000
2018-02-24 10:03:10,0.00150860,63.95000000
2018-02-24 10:03:10,0.00150860,32.98000000
2018-02-24 10:03:11,0.00150860,49.55000000
2018-02-24 10:03:11,0.00150860,107.69000000
2018-02-24 10:03:11,0.00150870,221.92000000
2018-02-24 10:03:11,0.00150790,1.33000000
2018-02-24 10:03:11,0.00150720,7.30000000
2018-02-24 10:03:11,0.00150710,4.48000000
2018-02-24 10:03:11,0.00150700,51.03000000
2018-02-24 10:03:11,0.00150680,12.39000000
2018-02-24 10:03:11,0.00150670,18.36000000
2018-02-24 10:03:11,0.00150660,3.59000000
2018-02-24 10:03:11,0.00150650,2.04000000
2018-02-24 10:03:11,0.00150640,51.64000000
2018-02-24 10:03:11,0.00150630,24.64000000
2018-02-24 10:03:11,0.00150610,3.99000000
2018-02-24 10:03:11,0.00150600,17.00000000
2018-02-24 10:03:11,0.00150540,8.03000000
2018-02-24 10:03:11,0.00150500,242.81000000
2018-02-24 10:03:11,0.00150480,1.22000000
2018-02-24 10:03:11,0.00150470,22.28000000
2018-02-24 10:03:11,0.00150450,18.38000000
2018-02-24 10:03:11,0.00150420,1.33000000
2018-02-24 10:03:11,0.00150400,25.66000000
2018-02-24 10:03:11,0.00150380,1.81000000
2018-02-24 10:03:11,0.00150370,36.41000000
2018-02-24 10:03:11,0.00150350,4.47000000
2018-02-24 10:03:11,0.00150340,73.72000000
2018-02-24 10:03:11,0.00150300,65.44000000
2018-02-24 10:03:11,0.00150870,447.06000000
2018-02-24 10:03:12,0.00150860,4.24000000
2018-02-24 10:03:12,0.00150860,11.88000000
2018-02-24 10:03:12,0.00150870,64.10000000
2018-02-24 10:03:12,0.00150870,2.65000000
2018-02-24 10:03:12,0.00150870,4.77000000
2018-02-24 10:03:12,0.00150870,3.90000000
2018-02-24 10:03:12,0.00150870,380.74000000
2018-02-24 10:03:12,0.00150640,0.99000000
2018-02-24 10:03:12,0.00150640,6.19000000
2018-02-24 10:03:12,0.00150640,7.69000000
2018-02-24 10:03:12,0.00150640,6.80000000
2018-02-24 10:03:12,0.00150640,0.99000000
2018-02-24 10:03:12,0.00150640,8.08000000
2018-02-24 10:03:12,0.00150400,6.64000000
2018-02-24 10:03:13,0.00150640,10.55000000
2018-02-24 10:03:13,0.00150390,51.40000000
2018-02-24 10:03:13,0.00150320,64.21000000
2018-02-24 10:03:13,0.00150310,2.31000000
2018-02-24 10:03:13,0.00150300,104.42000000
2018-02-24 10:03:13,0.00150300,26.42000000
2018-02-24 10:03:13,0.00150300,116.44000000
2018-02-24 10:03:13,0.00150720,0.71000000
2018-02-24 10:03:13,0.00150860,90.85000000
2018-02-24 10:03:14,0.00150710,5.01000000
2018-02-24 10:03:14,0.00150710,1.22000000
2018-02-24 10:03:14,0.00150430,185.82000000
2018-02-24 10:03:14,0.00150260,66.89000000
2018-02-24 10:03:14,0.00150240,2.28000000
2018-02-24 10:03:14,0.00150710,0.89000000
2018-02-24 10:03:14,0.00150240,2.39000000
2018-02-24 10:03:15,0.00150680,4.30000000
2018-02-24 10:03:15,0.00150680,2.34000000
2018-02-24 10:03:15,0.00150690,66.89000000
2018-02-24 10:03:15,0.00150700,47.22000000
2018-02-24 10:03:15,0.00150700,16.98000000
2018-02-24 10:03:15,0.00150800,9.22000000
2018-02-24 10:03:15,0.00150800,6.78000000
2018-02-24 10:03:15,0.00150860,95.06000000
2018-02-24 10:03:15,0.00150970,2.10000000
2018-02-24 10:03:15,0.00150970,1.87000000
2018-02-24 10:03:16,0.00150710,60.90000000
2018-02-24 10:03:16,0.00150970,16.03000000
2018-02-24 10:03:16,0.00150980,13.15000000
2018-02-24 10:03:16,0.00151000,22.15000000
2018-02-24 10:03:16,0.00150960,66.26000000
2018-02-24 10:03:16,0.00151000,2.70000000
2018-02-24 10:03:17,0.00150970,2.70000000
2018-02-24 10:03:17,0.00150970,1.87000000
2018-02-24 10:03:17,0.00150440,20.00000000
2018-02-24 10:03:17,0.00150430,19.16000000
2018-02-24 10:03:17,0.00150970,344.13000000
2018-02-24 10:03:17,0.00151000,293.98000000
2018-02-24 10:03:17,0.00150450,2.00000000
2018-02-24 10:03:17,0.00150460,20.00000000
2018-02-24 10:03:17,0.00150450,4.64000000
2018-02-24 10:03:17,0.00150440,33.67000000
2018-02-24 10:03:17,0.00150430,16.74000000
2018-02-24 10:03:17,0.00150270,64.22000000
2018-02-24 10:03:17,0.00150260,7.29000000
2018-02-24 10:03:17,0.00150240,0.40000000
2018-02-24 10:03:17,0.00150210,16.51000000
2018-02-24 10:03:17,0.00150200,14.20000000
2018-02-24 10:03:18,0.00150450,7.13000000
2018-02-24 10:03:18,0.00150440,0.69000000
2018-02-24 10:03:18,0.00150200,12.23000000
2018-02-24 10:03:18,0.00150760,1.38000000
2018-02-24 10:03:19,0.00150740,1.33000000
2018-02-24 10:03:19,0.00150480,43.09000000
2018-02-24 10:03:19,0.00150480,88.43000000
2018-02-24 10:03:19,0.00150470,32.98000000
2018-02-24 10:03:19,0.00150300,8.37000000
2018-02-24 10:03:19,0.00151200,7.13000000
2018-02-24 10:03:19,0.00151210,2.87000000
2018-02-24 10:03:20,0.00150750,5.01000000
2018-02-24 10:03:20,0.00150300,25.77000000
2018-02-24 10:03:20,0.00150200,37.97000000
2018-02-24 10:03:20,0.00150200,143.53000000
2018-02-24 10:03:20,0.00150190,3.21000000
2018-02-24 10:03:20,0.00150180,5.46000000
2018-02-24 10:03:20,0.00150170,3.15000000
2018-02-24 10:03:20,0.00150150,331.95000000
2018-02-24 10:03:20,0.00150140,4.28000000
2018-02-24 10:03:20,0.00150120,2.05000000
2018-02-24 10:03:20,0.00150100,224.95000000
2018-02-24 10:03:20,0.00150070,1150.00000000
2018-02-24 10:03:20,0.00150060,7.16000000
2018-02-24 10:03:20,0.00150040,1.66000000
2018-02-24 10:03:20,0.00150030,24.13000000
2018-02-24 10:03:20,0.00150030,5.99000000
2018-02-24 10:03:20,0.00150750,12.12000000
2018-02-24 10:03:20,0.00150760,12.51000000
2018-02-24 10:03:20,0.00151210,28.27000000
2018-02-24 10:03:20,0.00151200,2.59000000
2018-02-24 10:03:20,0.00150740,3.78000000
2018-02-24 10:03:20,0.00150440,7.32000000
2018-02-24 10:03:20,0.00150770,3.15000000
2018-02-24 10:03:21,0.00151200,1.32000000
2018-02-24 10:03:21,0.00150970,15.66000000
2018-02-24 10:03:21,0.00150800,37.69000000
2018-02-24 10:03:21,0.00151200,1.26000000
2018-02-24 10:03:21,0.00151200,47.09000000
2018-02-24 10:03:21,0.00150800,79.33000000
2018-02-24 10:03:21,0.00151200,27.63000000
2018-02-24 10:03:21,0.00151200,1.65000000
2018-02-24 10:03:22,0.00151200,8.27000000
2018-02-24 10:03:22,0.00150890,1.33000000
2018-02-24 10:03:22,0.00151190,0.32000000
2018-02-24 10:03:22,0.00151190,2.10000000
2018-02-24 10:03:22,0.00150810,1.03000000
2018-02-24 10:03:22,0.00151130,0.69000000
2018-02-24 10:03:22,0.00151190,1.62000000
2018-02-24 10:03:23,0.00150820,0.01000000
2018-02-24 10:03:23,0.00151190,1.80000000
2018-02-24 10:03:23,0.00151190,3.22000000
2018-02-24 10:03:23,0.00151190,2.84000000
2018-02-24 10:03:23,0.00150830,2.78000000
2018-02-24 10:03:23,0.00151190,2.65000000
2018-02-24 10:03:23,0.00150970,3.00000000
2018-02-24 10:03:23,0.00150970,3.97000000
2018-02-24 10:03:24,0.00150970,10.93000000
2018-02-24 10:03:24,0.00150960,1.06000000
2018-02-24 10:03:24,0.00150960,1.72000000
2018-02-24 10:03:24,0.00150970,0.38000000
2018-02-24 10:03:24,0.00150970,11.82000000
2018-02-24 10:03:24,0.00150890,7.19000000
2018-02-24 10:03:24,0.00150820,8.75000000
2018-02-24 10:03:25,0.00150840,20.00000000
2018-02-24 10:03:25,0.00150830,24.90000000
2018-02-24 10:03:25,0.00150840,0.69000000
2018-02-24 10:03:25,0.00150840,3.98000000
2018-02-24 10:03:25,0.00151010,231.96000000
2018-02-24 10:03:25,0.00151010,4.78000000
2018-02-24 10:03:25,0.00151010,4.78000000
2018-02-24 10:03:25,0.00151010,3.58000000
2018-02-24 10:03:25,0.00151190,2.65000000
2018-02-24 10:03:25,0.00151010,20.00000000
2018-02-24 10:03:26,0.00151010,1.00000000
2018-02-24 10:03:27,0.00151020,2.16000000
2018-02-24 10:03:27,0.00151020,2.26000000
2018-02-24 10:03:27,0.00151020,0.25000000
2018-02-24 10:03:28,0.00151140,4.38000000
2018-02-24 10:03:28,0.00151020,5.89000000
2018-02-24 10:03:28,0.00151020,100.44000000
2018-02-24 10:03:28,0.00151010,197.82000000
2018-02-24 10:03:28,0.00150830,86.10000000
2018-02-24 10:03:28,0.00150820,108.87000000
2018-02-24 10:03:28,0.00150810,662.70000000
2018-02-24 10:03:28,0.00150800,346.98000000
2018-02-24 10:03:28,0.00151140,1.46000000
2018-02-24 10:03:28,0.00151140,10.44000000
2018-02-24 10:03:28,0.00151030,0.18000000
2018-02-24 10:03:28,0.00151130,0.69000000
2018-02-24 10:03:28,0.00151140,0.96000000
2018-02-24 10:03:28,0.00151140,1.65000000
2018-02-24 10:03:29,0.00151030,110.82000000
2018-02-24 10:03:29,0.00150800,460.91000000
2018-02-24 10:03:29,0.00151140,1.32000000
2018-02-24 10:03:29,0.00151130,3.98000000
2018-02-24 10:03:29,0.00151140,2.85000000
2018-02-24 10:03:29,0.00151140,1.65000000
2018-02-24 10:03:30,0.00150820,0.04000000
2018-02-24 10:03:30,0.00151130,20.00000000
2018-02-24 10:03:30,0.00151150,67.46000000
2018-02-24 10:03:30,0.00151190,76.74000000
2018-02-24 10:03:30,0.00151020,6.61000000
2018-02-24 10:03:30,0.00151020,5.01000000
2018-02-24 10:03:30,0.00151020,17.97000000
2018-02-24 10:03:31,0.00151020,91.32000000
2018-02-24 10:03:31,0.00151020,57.39000000
2018-02-24 10:03:31,0.00151120,64.23000000
2018-02-24 10:03:31,0.00151140,3.78000000
2018-02-24 10:03:31,0.00151190,24.60000000
2018-02-24 10:03:31,0.00150900,26.00000000
2018-02-24 10:03:31,0.00150840,19.96000000
2018-02-24 10:03:31,0.00150830,95.33000000
2018-02-24 10:03:31,0.00150820,1.38000000
2018-02-24 10:03:31,0.00150800,93.16000000
2018-02-24 10:03:32,0.00150820,2.28000000
2018-02-24 10:03:32,0.00150820,8.60000000
2018-02-24 10:03:33,0.00150820,1.80000000
2018-02-24 10:03:33,0.00150820,7.22000000
2018-02-24 10:03:33,0.00150810,0.01000000
2018-02-24 10:03:33,0.00150820,7.00000000
2018-02-24 10:03:33,0.00150810,6.62000000
2018-02-24 10:03:33,0.00150800,80.32000000
2018-02-24 10:03:33,0.00150820,22.94000000
2018-02-24 10:03:34,0.00150810,2.86000000
2018-02-24 10:03:34,0.00150820,431.16000000
2018-02-24 10:03:34,0.00150810,1.43000000
2018-02-24 10:03:34,0.00150820,3.58000000
2018-02-24 10:03:34,0.00150820,19.87000000
2018-02-24 10:03:35,0.00150800,871.86000000
2018-02-24 10:03:35,0.00150500,1.32000000
2018-02-24 10:03:35,0.00150500,7.47000000
2018-02-24 10:03:35,0.00150500,19.60000000
2018-02-24 10:03:35,0.00150500,19.61000000
2018-02-24 10:03:35,0.00150500,4.77000000
2018-02-24 10:03:35,0.00150500,3.06000000
2018-02-24 10:03:36,0.00150500,19.65000000
2018-02-24 10:03:36,0.00150400,8.32000000
2018-02-24 10:03:36,0.00150390,31.57000000
2018-02-24 10:03:36,0.00150200,179.61000000
2018-02-24 10:03:36,0.00151020,17.26000000
2018-02-24 10:03:36,0.00151020,3.06000000
2018-02-24 10:03:37,0.00151020,479.68000000
2018-02-24 10:03:38,0.00150820,8.19000000
2018-02-24 10:03:38,0.00151000,1.50000000
2018-02-24 10:03:39,0.00150990,1.50000000
2018-02-24 10:03:39,0.00150750,115.61000000
2018-02-24 10:03:40,0.00150830,6.63000000
2018-02-24 10:03:40,0.00150980,7.22000000
2018-02-24 10:03:40,0.00150990,22.64000000
2018-02-24 10:03:40,0.00150990,1.00000000
2018-02-24 10:03:40,0.00150540,30.62000000
2018-02-24 10:03:41,0.00150990,5.01000000
2018-02-24 10:03:41,0.00150900,1.99000000
2018-02-24 10:03:41,0.00150900,6.51000000
2018-02-24 10:03:41,0.00150900,5.55000000
2018-02-24 10:03:42,0.00150900,1.50000000
2018-02-24 10:03:42,0.00150900,1.46000000
2018-02-24 10:03:42,0.00150820,5.00000000
2018-02-24 10:03:42,0.00150900,2.19000000
2018-02-24 10:03:43,0.00150880,5.01000000
2018-02-24 10:03:44,0.00150880,5.64000000
2018-02-24 10:03:44,0.00150750,7.08000000
2018-02-24 10:03:44,0.00150750,7.09000000
2018-02-24 10:03:44,0.00150750,1.66000000
2018-02-24 10:03:44,0.00150750,10.65000000
2018-02-24 10:03:45,0.00150750,5.01000000
2018-02-24 10:03:45,0.00150560,8.99000000
2018-02-24 10:03:45,0.00150750,0.55000000
2018-02-24 10:03:45,0.00150900,55.80000000
2018-02-24 10:03:45,0.00151000,60.39000000
2018-02-24 10:03:47,0.00150960,3.00000000
2018-02-24 10:03:47,0.00150750,75.08000000
2018-02-24 10:03:47,0.00150960,4.20000000
2018-02-24 10:03:47,0.00150590,11.01000000
2018-02-24 10:03:47,0.00150570,2.07000000
2018-02-24 10:03:47,0.00150560,6.89000000
2018-02-24 10:03:47,0.00150570,5.28000000
2018-02-24 10:03:48,0.00150560,13.11000000
2018-02-24 10:03:48,0.00150570,0.14000000
2018-02-24 10:03:48,0.00150570,0.69000000
2018-02-24 10:03:48,0.00150570,19.89000000
2018-02-24 10:03:48,0.00150560,10.34000000
2018-02-24 10:03:48,0.00150560,19.89000000
2018-02-24 10:03:48,0.00150500,241.43000000
2018-02-24 10:03:49,0.00150560,0.39000000
2018-02-24 10:03:49,0.00150570,1.41000000
2018-02-24 10:03:49,0.00150570,3.66000000
2018-02-24 10:03:49,0.00150500,604.11000000
2018-02-24 10:03:49,0.00150450,49.05000000
2018-02-24 10:03:49,0.00150400,20.00000000
2018-02-24 10:03:49,0.00150220,337.51000000
2018-02-24 10:03:49,0.00150210,172.16000000
2018-02-24 10:03:49,0.00150200,471.39000000
2018-02-24 10:03:49,0.00150040,66.64000000
2018-02-24 10:03:49,0.00150030,524.20000000
2018-02-24 10:03:49,0.00150020,73.27000000
2018-02-24 10:03:49,0.00150010,697.43000000
2018-02-24 10:03:49,0.00150000,3311.60000000
2018-02-24 10:03:49,0.00149990,4.00000000
2018-02-24 10:03:49,0.00150000,9.43000000
2018-02-24 10:03:49,0.00150000,7.00000000
2018-02-24 10:03:49,0.00150000,0.69000000
2018-02-24 10:03:49,0.00150000,146.68000000
2018-02-24 10:03:49,0.00150000,12.37000000
2018-02-24 10:03:49,0.00150000,12.30000000
2018-02-24 10:03:49,0.00150000,4.14000000
2018-02-24 10:03:49,0.00150000,12.89000000
2018-02-24 10:03:49,0.00150000,0.69000000
2018-02-24 10:03:49,0.00150000,0.69000000
2018-02-24 10:03:49,0.00150000,1.22000000
2018-02-24 10:03:49,0.00150000,68.64000000
2018-02-24 10:03:49,0.00150000,20.00000000
2018-02-24 10:03:49,0.00150000,1.22000000
2018-02-24 10:03:49,0.00150000,34.53000000
2018-02-24 10:03:49,0.00150000,1.22000000
2018-02-24 10:03:49,0.00150000,5.01000000
2018-02-24 10:03:49,0.00150000,19.93000000
2018-02-24 10:03:49,0.00150000,65.65000000
2018-02-24 10:03:49,0.00150000,4.27000000
2018-02-24 10:03:49,0.00150000,1.22000000
2018-02-24 10:03:49,0.00149990,19.89000000
2018-02-24 10:03:49,0.00150000,196.60000000
2018-02-24 10:03:49,0.00150000,0.78000000
2018-02-24 10:03:50,0.00150000,131.00000000
2018-02-24 10:03:50,0.00150000,5.01000000
2018-02-24 10:03:50,0.00150000,19.11000000
2018-02-24 10:03:50,0.00150000,3.81000000
2018-02-24 10:03:50,0.00150000,19.94000000
2018-02-24 10:03:50,0.00150000,11.69000000
2018-02-24 10:03:50,0.00149990,4.34000000
2018-02-24 10:03:50,0.00150000,5.01000000
2018-02-24 10:03:50,0.00150000,1.99000000
2018-02-24 10:03:50,0.00150000,367.03000000
2018-02-24 10:03:50,0.00150000,170.00000000
2018-02-24 10:03:51,0.00150000,375.42000000
2018-02-24 10:03:51,0.00150000,12.62000000
2018-02-24 10:03:51,0.00150000,4.07000000
2018-02-24 10:03:52,0.00150000,305.10000000
2018-02-24 10:03:52,0.00150000,305.07000000
2018-02-24 10:03:52,0.00150000,254.24000000
2018-02-24 10:03:52,0.00150000,641.89000000
2018-02-24 10:03:52,0.00150000,10.77000000
2018-02-24 10:03:52,0.00150000,144.83000000
2018-02-24 10:03:52,0.00150000,20.00000000
2018-02-24 10:03:52,0.00150000,61.30000000
2018-02-24 10:03:52,0.00150000,305.09000000
2018-02-24 10:03:52,0.00150000,130.61000000
2018-02-24 10:03:52,0.00150000,151.41000000
2018-02-24 10:03:52,0.00150500,5.01000000
2018-02-24 10:03:53,0.00150020,1.80000000
2018-02-24 10:03:53,0.00150480,5.01000000
2018-02-24 10:03:53,0.00150470,5.00000000
2018-02-24 10:03:53,0.00150020,3.00000000
2018-02-24 10:03:54,0.00150450,16.61000000
2018-02-24 10:03:54,0.00150040,6.66000000
2018-02-24 10:03:54,0.00150030,12.20000000
2018-02-24 10:03:54,0.00150020,15.20000000
2018-02-24 10:03:54,0.00150010,64.34000000
2018-02-24 10:03:54,0.00150000,61.63000000
2018-02-24 10:03:54,0.00150040,33.58000000
2018-02-24 10:03:54,0.00150000,15.26000000
2018-02-24 10:03:54,0.00150000,98.23000000
2018-02-24 10:03:54,0.00150040,19.98000000
2018-02-24 10:03:55,0.00150040,9.46000000
2018-02-24 10:03:55,0.00150040,2.41000000
2018-02-24 10:03:55,0.00150040,99.02000000
2018-02-24 10:03:55,0.00150000,344.98000000
2018-02-24 10:03:55,0.00150430,1.00000000
2018-02-24 10:03:56,0.00150410,64.34000000
2018-02-24 10:03:56,0.00150420,56.97000000
2018-02-24 10:03:56,0.00150430,100.00000000
2018-02-24 10:03:56,0.00150440,34.53000000
2018-02-24 10:03:56,0.00150460,8.32000000
2018-02-24 10:03:56,0.00150470,29.10000000
2018-02-24 10:03:56,0.00150530,95.17000000
2018-02-24 10:03:56,0.00150570,4.02000000
2018-02-24 10:03:56,0.00150890,2.07000000
2018-02-24 10:03:56,0.00150960,312.81000000
2018-02-24 10:03:56,0.00150470,17.45000000
2018-02-24 10:03:57,0.00150960,7.34000000
2018-02-24 10:03:57,0.00150310,1.33000000
2018-02-24 10:03:57,0.00150010,86.06000000
2018-02-24 10:03:57,0.00150020,131.63000000
2018-02-24 10:03:57,0.00150010,63.20000000
2018-02-24 10:03:57,0.00150000,732.86000000
2018-02-24 10:03:57,0.00150400,34.83000000
2018-02-24 10:03:57,0.00150400,3.78000000
2018-02-24 10:03:57,0.00150210,14.06000000
2018-02-24 10:03:58,0.00150210,228.88000000
2018-02-24 10:03:58,0.00150210,1.50000000
2018-02-24 10:03:58,0.00150030,88.26000000
2018-02-24 10:03:58,0.00150030,11.74000000
2018-02-24 10:03:58,0.00150000,18.12000000
2018-02-24 10:03:58,0.00150210,12.56000000
2018-02-24 10:03:58,0.00150370,14.83000000
2018-02-24 10:03:58,0.00150370,0.10000000
2018-02-24 10:03:58,0.00150370,1.00000000
2018-02-24 10:03:58,0.00150200,1.99000000
2018-02-24 10:03:58,0.00150200,1.99000000
2018-02-24 10:03:58,0.00150010,6.37000000
2018-02-24 10:03:58,0.00150000,253.28000000
2018-02-24 10:03:59,0.00150000,347.90000000
2018-02-24 10:03:59,0.00150200,1.41000000
2018-02-24 10:03:59,0.00150200,34.38000000
2018-02-24 10:03:59,0.00150370,1.66000000
2018-02-24 10:03:59,0.00150010,2.01000000
2018-02-24 10:03:59,0.00150010,4.86000000
2018-02-24 10:03:59,0.00150010,2.86000000
2018-02-24 10:04:00,0.00150010,9.46000000
2018-02-24 10:04:00,0.00150000,270.99000000
2018-02-24 10:04:00,0.00150010,1.43000000
2018-02-24 10:04:00,0.00150010,86.08000000
2018-02-24 10:04:00,0.00150040,28.35000000
2018-02-24 10:04:00,0.00150000,179.34000000
2018-02-24 10:04:00,0.00150000,19.97000000
2018-02-24 10:04:00,0.00150000,18.21000000
2018-02-24 10:04:00,0.00150000,19.97000000
2018-02-24 10:04:01,0.00150000,382.65000000
2018-02-24 10:04:01,0.00150030,158.70000000
2018-02-24 10:04:01,0.00150030,0.70000000
2018-02-24 10:04:02,0.00150040,7.48000000
2018-02-24 10:04:02,0.00150030,225.60000000
2018-02-24 10:04:02,0.00150010,102.03000000
2018-02-24 10:04:02,0.00150000,1.64000000
2018-02-24 10:04:02,0.00150000,19.97000000
2018-02-24 10:04:02,0.00150000,19.97000000
2018-02-24 10:04:02,0.00150000,1.45000000
2018-02-24 10:04:02,0.00150000,4.69000000
2018-02-24 10:04:02,0.00150000,10.18000000
2018-02-24 10:04:02,0.00150000,2.01000000
2018-02-24 10:04:02,0.00150000,0.05000000
2018-02-24 10:04:02,0.00150030,28.03000000
2018-02-24 10:04:03,0.00150030,7.95000000
2018-02-24 10:04:03,0.00150030,18.76000000
2018-02-24 10:04:03,0.00150030,9.17000000
2018-02-24 10:04:03,0.00150320,5.16000000
2018-02-24 10:04:04,0.00150320,2.06000000
2018-02-24 10:04:04,0.00150040,13.77000000
2018-02-24 10:04:04,0.00150040,57.20000000
2018-02-24 10:04:04,0.00150040,1.75000000
2018-02-24 10:04:04,0.00150320,0.67000000
2018-02-24 10:04:04,0.00150320,5.01000000
2018-02-24 10:04:05,0.00150050,7.89000000
2018-02-24 10:04:05,0.00150040,32.11000000
2018-02-24 10:04:05,0.00150040,20.48000000
2018-02-24 10:04:05,0.00150040,11.06000000
2018-02-24 10:04:05,0.00150000,59.49000000
2018-02-24 10:04:05,0.00150000,1.11000000
2018-02-24 10:04:05,0.00150000,1.11000000
2018-02-24 10:04:05,0.00150000,4.95000000
2018-02-24 10:04:05,0.00150000,2.10000000
2018-02-24 10:04:05,0.00150000,3.84000000
2018-02-24 10:04:05,0.00150000,0.67000000
2018-02-24 10:04:05,0.00150000,57.00000000
2018-02-24 10:04:05,0.00150000,5.62000000
2018-02-24 10:04:05,0.00150000,142.68000000
2018-02-24 10:04:05,0.00150010,8.42000000
2018-02-24 10:04:05,0.00150310,7.48000000
2018-02-24 10:04:05,0.00150320,38.02000000
2018-02-24 10:04:06,0.00150310,4.16000000
2018-02-24 10:04:06,0.00150310,1.45000000
2018-02-24 10:04:06,0.00149990,25.80000000
2018-02-24 10:04:06,0.00149990,1.00000000
2018-02-24 10:04:06,0.00149990,5.01000000
2018-02-24 10:04:06,0.00149980,5.62000000
2018-02-24 10:04:06,0.00149990,16.81000000
2018-02-24 10:04:06,0.00149980,1.45000000
2018-02-24 10:04:06,0.00149990,255.00000000
2018-02-24 10:04:06,0.00150320,49.99000000
2018-02-24 10:04:07,0.00150320,0.23000000
2018-02-24 10:04:07,0.00150310,5.00000000
2018-02-24 10:04:07,0.00150000,5.00000000
2018-02-24 10:04:07,0.00150300,5.00000000
2018-02-24 10:04:09,0.00150010,12.11000000
2018-02-24 10:04:09,0.00150000,42.44000000
2018-02-24 10:04:09,0.00150000,16.41000000
2018-02-24 10:04:09,0.00149990,77.67000000
2018-02-24 10:04:09,0.00150000,4.99000000
2018-02-24 10:04:09,0.00150000,17.70000000
2018-02-24 10:04:09,0.00150000,7.30000000
2018-02-24 10:04:10,0.00149980,7.02000000
2018-02-24 10:04:10,0.00149970,24.36000000
2018-02-24 10:04:10,0.00149960,31.91000000
2018-02-24 10:04:10,0.00150000,59.38000000
2018-02-24 10:04:10,0.00150300,0.63000000
2018-02-24 10:04:11,0.00149960,0.53000000
2018-02-24 10:04:11,0.00149990,12.44000000
2018-02-24 10:04:11,0.00149960,174.65000000
2018-02-24 10:04:11,0.00149990,85.61000000
2018-02-24 10:04:11,0.00150000,54.12000000
2018-02-24 10:04:11,0.00149940,8.15000000
2018-02-24 10:04:11,0.00149940,100.00000000
2018-02-24 10:04:11,0.00149940,37.39000000
2018-02-24 10:04:11,0.00150000,62.61000000
2018-02-24 10:04:11,0.00149920,11.37000000
2018-02-24 10:04:11,0.00149940,100.00000000
2018-02-24 10:04:11,0.00149940,100.00000000
2018-02-24 10:04:11,0.00149920,15.99000000
2018-02-24 10:04:11,0.00149940,99.22000000
2018-02-24 10:04:11,0.00149960,0.78000000
2018-02-24 10:04:11,0.00149920,19.98000000
2018-02-24 10:04:11,0.00149940,8.14000000
2018-02-24 10:04:11,0.00149960,91.86000000
2018-02-24 10:04:11,0.00149920,12.21000000
2018-02-24 10:04:11,0.00149960,82.00000000
2018-02-24 10:04:11,0.00150000,18.00000000
2018-02-24 10:04:11,0.00150000,83.11000000
2018-02-24 10:04:11,0.00150040,16.89000000
2018-02-24 10:04:11,0.00149900,8.85000000
2018-02-24 10:04:12,0.00150000,3.63000000
2018-02-24 10:04:13,0.00149900,6.40000000
2018-02-24 10:04:13,0.00149960,1.33000000
2018-02-24 10:04:13,0.00149960,4.16000000
2018-02-24 10:04:13,0.00149960,8.57000000
2018-02-24 10:04:14,0.00149960,1.24000000
2018-02-24 10:04:14,0.00149990,4.52000000
2018-02-24 10:04:14,0.00149990,394.37000000
2018-02-24 10:04:14,0.00150040,19.99000000
2018-02-24 10:04:14,0.00150000,30.47000000
2018-02-24 10:04:14,0.00150030,2.01000000
2018-02-24 10:04:15,0.00150010,126.59000000
2018-02-24 10:04:15,0.00150030,7.59000000
2018-02-24 10:04:15,0.00150040,17.24000000
2018-02-24 10:04:15,0.00150290,7.30000000
2018-02-24 10:04:15,0.00150290,2.01000000
2018-02-24 10:04:15,0.00150290,19.96000000
2018-02-24 10:04:15,0.00150290,19.96000000
2018-02-24 10:04:15,0.00150290,19.96000000
2018-02-24 10:04:15,0.00150290,19.96000000
2018-02-24 10:04:15,0.00150290,19.96000000
2018-02-24 10:04:16,0.00150290,19.96000000
2018-02-24 10:04:16,0.00150290,19.96000000
2018-02-24 10:04:16,0.00150290,5.31000000
2018-02-24 10:04:16,0.00150290,0.79000000
2018-02-24 10:04:16,0.00150000,19.96000000
2018-02-24 10:04:16,0.00150010,7.45000000
2018-02-24 10:04:16,0.00150010,157.80000000
2018-02-24 10:04:16,0.00150010,34.75000000
2018-02-24 10:04:16,0.00150290,12.76000000
2018-02-24 10:04:16,0.00150300,110.29000000
2018-02-24 10:04:16,0.00150300,24.07000000
2018-02-24 10:04:16,0.00150320,6.66000000
2018-02-24 10:04:16,0.00150340,4.02000000
2018-02-24 10:04:16,0.00150380,3.33000000
2018-02-24 10:04:17,0.00150440,6.43000000
2018-02-24 10:04:17,0.00150000,43.38000000
2018-02-24 10:04:17,0.00150300,36.00000000
2018-02-24 10:04:17,0.00150030,0.80000000
2018-02-24 10:04:18,0.00150030,13.95000000
2018-02-24 10:04:19,0.00150290,7.45000000
2018-02-24 10:04:19,0.00150300,46.34000000
2018-02-24 10:04:19,0.00150300,1.66000000
2018-02-24 10:04:19,0.00150140,2.01000000
2018-02-24 10:04:19,0.00150100,97.99000000
2018-02-24 10:04:20,0.00150300,65.74000000
2018-02-24 10:04:20,0.00150150,2.01000000
2018-02-24 10:04:20,0.00150100,4.21000000
2018-02-24 10:04:20,0.00150100,33.85000000
2018-02-24 10:04:20,0.00150030,131.55000000
2018-02-24 10:04:20,0.00150250,2.01000000
2018-02-24 10:04:21,0.00150110,111.00000000
2018-02-24 10:04:21,0.00150100,1.46000000
2018-02-24 10:04:21,0.00150030,78.21000000
2018-02-24 10:04:21,0.00150030,5.00000000
2018-02-24 10:04:21,0.00150300,495.65000000
2018-02-24 10:04:22,0.00150300,17.64000000
2018-02-24 10:04:22,0.00150310,4.00000000
2018-02-24 10:04:22,0.00150030,10.83000000
2018-02-24 10:04:22,0.00150310,23.45000000
2018-02-24 10:04:22,0.00150320,19.95000000
2018-02-24 10:04:23,0.00150320,19.95000000
2018-02-24 10:04:23,0.00150320,19.95000000
2018-02-24 10:04:23,0.00150320,67.73000000
2018-02-24 10:04:23,0.00150320,19.95000000
2018-02-24 10:04:23,0.00150320,19.95000000
2018-02-24 10:04:23,0.00150320,33.29000000
2018-02-24 10:04:23,0.00150320,62.94000000
2018-02-24 10:04:24,0.00150320,10.34000000
2018-02-24 10:04:24,0.00150320,5.00000000
2018-02-24 10:04:25,0.00150460,1.13000000
2018-02-24 10:04:25,0.00150320,20.95000000
2018-02-24 10:04:25,0.00150310,96.97000000
2018-02-24 10:04:25,0.00150310,2.52000000
2018-02-24 10:04:26,0.00150310,9.00000000
2018-02-24 10:04:26,0.00150310,3.82000000
2018-02-24 10:04:26,0.00150310,5.00000000
2018-02-24 10:04:26,0.00150310,67.91000000
2018-02-24 10:04:27,0.00150440,2.53000000
2018-02-24 10:04:27,0.00150440,4.14000000
2018-02-24 10:04:27,0.00150450,9.15000000
2018-02-24 10:04:27,0.00150320,3.75000000
2018-02-24 10:04:27,0.00150450,30.80000000
2018-02-24 10:04:27,0.00150450,10.00000000
2018-02-24 10:04:27,0.00150320,14.50000000
2018-02-24 10:04:27,0.00150320,14.49000000
2018-02-24 10:04:29,0.00150450,3.32000000
2018-02-24 10:04:29,0.00150450,30.49000000
2018-02-24 10:04:29,0.00150450,3.59000000
2018-02-24 10:04:29,0.00150320,4.80000000
2018-02-24 10:04:30,0.00150320,16.66000000
2018-02-24 10:04:30,0.00150450,4.05000000
2018-02-24 10:04:30,0.00150450,1.99000000
2018-02-24 10:04:30,0.00150450,1.66000000
2018-02-24 10:04:31,0.00150450,5.68000000
2018-02-24 10:04:31,0.00150450,7.97000000
2018-02-24 10:04:31,0.00150460,0.20000000
2018-02-24 10:04:31,0.00150750,2.06000000
2018-02-24 10:04:31,0.00150440,2.00000000
2018-02-24 10:04:32,0.00150470,2.00000000
2018-02-24 10:04:32,0.00150750,0.74000000
2018-02-24 10:04:33,0.00150490,4.99000000
2018-02-24 10:04:33,0.00150700,1.66000000
2018-02-24 10:04:33,0.00150470,0.01000000
2018-02-24 10:04:33,0.00150460,6.80000000
2018-02-24 10:04:33,0.00150580,10.24000000
2018-02-24 10:04:33,0.00150580,4.98000000
2018-02-24 10:04:33,0.00150490,10.24000000
2018-02-24 10:04:33,0.00150580,5.26000000
2018-02-24 10:04:33,0.00150700,88.01000000
2018-02-24 10:04:33,0.00150700,4.05000000
2018-02-24 10:04:34,0.00150700,1.66000000
2018-02-24 10:04:34,0.00150700,1.46000000
2018-02-24 10:04:34,0.00150490,100.76000000
2018-02-24 10:04:34,0.00150460,59.68000000
2018-02-24 10:04:34,0.00150440,87.10000000
2018-02-24 10:04:34,0.00150440,5.97000000
2018-02-24 10:04:34,0.00150440,31.72000000
2018-02-24 10:04:34,0.00150440,2.79000000
2018-02-24 10:04:34,0.00150600,14.88000000
2018-02-24 10:04:34,0.00150600,1.66000000
2018-02-24 10:04:35,0.00150360,2.01000000
2018-02-24 10:04:35,0.00150340,6.65000000
2018-02-24 10:04:35,0.00150330,8.76000000
2018-02-24 10:04:35,0.00150410,2.01000000
2018-02-24 10:04:35,0.00150430,4.99000000
2018-02-24 10:04:35,0.00150600,0.37000000
2018-02-24 10:04:35,0.00150600,1.99000000
2018-02-24 10:04:35,0.00150600,5.66000000
2018-02-24 10:04:35,0.00150600,1.92000000
2018-02-24 10:04:35,0.00150600,27.31000000
2018-02-24 10:04:35,0.00150700,89.15000000
2018-02-24 10:04:36,0.00150450,1.91000000
2018-02-24 10:04:36,0.00150480,1.66000000
2018-02-24 10:04:37,0.00150450,35.99000000
2018-02-24 10:04:37,0.00150480,1.25000000
2018-02-24 10:04:37,0.00150650,5.14000000
2018-02-24 10:04:37,0.00150670,6.80000000
2018-02-24 10:04:37,0.00150670,24.92000000
2018-02-24 10:04:37,0.00150700,28.17000000
2018-02-24 10:04:37,0.00150700,1.66000000
2018-02-24 10:04:37,0.00150700,6.00000000
2018-02-24 10:04:38,0.00150480,0.77000000
2018-02-24 10:04:39,0.00150700,1.66000000
2018-02-24 10:04:40,0.00150700,42.00000000
2018-02-24 10:04:41,0.00150700,32.44000000
2018-02-24 10:04:41,0.00150700,1.66000000
2018-02-24 10:04:41,0.00150700,6.90000000
2018-02-24 10:04:42,0.00150690,84.39000000
2018-02-24 10:04:42,0.00150700,307.81000000
2018-02-24 10:04:42,0.00150700,35.71000000
2018-02-24 10:04:42,0.00150710,2.01000000
2018-02-24 10:04:42,0.00150750,81.79000000
2018-02-24 10:04:42,0.00150750,385.88000000
2018-02-24 10:04:44,0.00150750,125.28000000
2018-02-24 10:04:44,0.00150780,6.65000000
2018-02-24 10:04:44,0.00150800,1.01000000
2018-02-24 10:04:44,0.00150860,10.00000000
2018-02-24 10:04:44,0.00150960,102.74000000
2018-02-24 10:04:44,0.00151000,294.47000000
2018-02-24 10:04:45,0.00150530,8.23000000
2018-02-24 10:04:45,0.00150700,19.89000000
2018-02-24 10:04:45,0.00150700,19.89000000
2018-02-24 10:04:45,0.00150700,19.89000000
2018-02-24 10:04:46,0.00150700,19.89000000
2018-02-24 10:04:46,0.00150700,33.20000000
2018-02-24 10:04:46,0.00150700,19.89000000
2018-02-24 10:04:46,0.00150700,19.89000000
2018-02-24 10:04:46,0.00150990,10.00000000
2018-02-24 10:04:46,0.00150700,8.50000000
2018-02-24 10:04:46,0.00150700,19.89000000
2018-02-24 10:04:46,0.00150700,19.89000000
2018-02-24 10:04:46,0.00150700,19.89000000
2018-02-24 10:04:46,0.00150700,19.89000000
2018-02-24 10:04:46,0.00150700,19.89000000
2018-02-24 10:04:46,0.00150700,19.89000000
2018-02-24 10:04:46,0.00150700,19.89000000
2018-02-24 10:04:47,0.00150700,19.89000000
2018-02-24 10:04:47,0.00150990,219.75000000
2018-02-24 10:04:47,0.00151000,69.82000000
2018-02-24 10:04:47,0.00150700,19.89000000
2018-02-24 10:04:47,0.00150700,3.13000000
2018-02-24 10:04:47,0.00151000,53.84000000
2018-02-24 10:04:47,0.00150700,1.80000000
2018-02-24 10:04:47,0.00150700,15.25000000
2018-02-24 10:04:47,0.00150840,3.69000000
2018-02-24 10:04:47,0.00150990,16.65000000
2018-02-24 10:04:47,0.00150990,16.59000000
2018-02-24 10:04:47,0.00150990,19.88000000
2018-02-24 10:04:47,0.00150990,40.99000000
2018-02-24 10:04:47,0.00150840,3.59000000
2018-02-24 10:04:47,0.00150840,130.04000000
2018-02-24 10:04:47,0.00150700,3.55000000
2018-02-24 10:04:48,0.00150830,69.40000000
2018-02-24 10:04:48,0.00150840,7.28000000
2018-02-24 10:04:48,0.00151000,4.25000000
2018-02-24 10:04:48,0.00151000,114.63000000
2018-02-24 10:04:48,0.00151020,10.00000000
2018-02-24 10:04:49,0.00151010,1.77000000
2018-02-24 10:04:49,0.00151000,33.48000000
2018-02-24 10:04:50,0.00151000,230.76000000
2018-02-24 10:04:50,0.00150990,8.60000000
2018-02-24 10:04:51,0.00151010,8.76000000
2018-02-24 10:04:51,0.00151100,12.60000000
2018-02-24 10:04:51,0.00151120,13.21000000
2018-02-24 10:04:51,0.00151130,16.75000000
2018-02-24 10:04:51,0.00151140,8.15000000
2018-02-24 10:04:51,0.00151240,42.08000000
2018-02-24 10:04:51,0.00151250,15.16000000
2018-02-24 10:04:51,0.00151310,2.76000000
2018-02-24 10:04:51,0.00151320,7.30000000
2018-02-24 10:04:51,0.00151340,6.77000000
2018-02-24 10:04:51,0.00151360,9.87000000
2018-02-24 10:04:51,0.00151390,18.71000000
2018-02-24 10:04:51,0.00151100,7.62000000
2018-02-24 10:04:52,0.00151100,20.95000000
2018-02-24 10:04:52,0.00151010,33.38000000
2018-02-24 10:04:52,0.00151000,22.61000000
2018-02-24 10:04:53,0.00151000,20.00000000
2018-02-24 10:04:53,0.00151390,12.83000000
2018-02-24 10:04:53,0.00151400,22.17000000
2018-02-24 10:04:53,0.00151020,0.26000000
2018-02-24 10:04:54,0.00151390,26.16000000
2018-02-24 10:04:54,0.00151240,5.49000000
2018-02-24 10:04:54,0.00151400,3.19000000
2018-02-24 10:04:54,0.00151400,9.68000000
2018-02-24 10:04:55,0.00151120,41.40000000
2018-02-24 10:04:55,0.00151400,2.17000000
2018-02-24 10:04:55,0.00151130,0.02000000
2018-02-24 10:04:56,0.00151130,7.29000000
2018-02-24 10:04:56,0.00151400,0.80000000
2018-02-24 10:04:56,0.00151400,0.72000000
2018-02-24 10:04:57,0.00151130,595.28000000
2018-02-24 10:04:57,0.00151130,179.67000000
2018-02-24 10:04:57,0.00151030,106.62000000
2018-02-24 10:04:57,0.00151020,5.88000000
2018-02-24 10:04:57,0.00151390,7.26000000
2018-02-24 10:04:57,0.00151390,0.05000000
2018-02-24 10:04:57,0.00151400,1.80000000
2018-02-24 10:04:57,0.00151340,168.86000000
2018-02-24 10:04:57,0.00151400,65.84000000
2018-02-24 10:04:58,0.00151380,0.99000000
2018-02-24 10:04:58,0.00151380,105.15000000
2018-02-24 10:04:58,0.00151390,20.00000000
2018-02-24 10:04:58,0.00151400,161.54000000
2018-02-24 10:04:58,0.00151030,4.99000000
2018-02-24 10:04:58,0.00151060,2.01000000
2018-02-24 10:04:58,0.00151030,7.45000000
2018-02-24 10:04:58,0.00151040,5.00000000
2018-02-24 10:04:59,0.00151330,0.77000000
2018-02-24 10:04:59,0.00151390,6.62000000
2018-02-24 10:04:59,0.00151400,11.61000000
2018-02-24 10:04:59,0.00151400,16.51000000
2018-02-24 10:05:00,0.00151390,3.13000000
2018-02-24 10:05:00,0.00151050,129.63000000
2018-02-24 10:05:00,0.00151030,276.52000000
2018-02-24 10:05:00,0.00151020,391.19000000
2018-02-24 10:05:00,0.00151390,9.31000000
2018-02-24 10:05:00,0.00151400,37.48000000
2018-02-24 10:05:01,0.00151060,20.43000000
2018-02-24 10:05:01,0.00151050,1.38000000
2018-02-24 10:05:01,0.00151040,6.62000000
2018-02-24 10:05:01,0.00151020,77.08000000
2018-02-24 10:05:01,0.00151350,10.79000000
2018-02-24 10:05:01,0.00151060,1.38000000
2018-02-24 10:05:02,0.00151080,2.01000000
2018-02-24 10:05:02,0.00151060,0.69000000
2018-02-24 10:05:02,0.00151020,47.98000000
2018-02-24 10:05:02,0.00151010,2.25000000
2018-02-24 10:05:02,0.00151000,97.61000000
2018-02-24 10:05:02,0.00150990,72.46000000
2018-02-24 10:05:02,0.00151250,1.12000000
2018-02-24 10:05:02,0.00151250,30.60000000
2018-02-24 10:05:02,0.00151300,51.56000000
2018-02-24 10:05:02,0.00151040,11.00000000
2018-02-24 10:05:03,0.00151290,20.00000000
2018-02-24 10:05:03,0.00151300,60.94000000
2018-02-24 10:05:03,0.00151320,7.30000000
2018-02-24 10:05:03,0.00151330,2.01000000
2018-02-24 10:05:03,0.00151350,8.07000000
2018-02-24 10:05:03,0.00151360,70.36000000
2018-02-24 10:05:03,0.00151040,96.24000000
2018-02-24 10:05:03,0.00151010,1.26000000
2018-02-24 10:05:03,0.00151000,38.90000000
2018-02-24 10:05:03,0.00151000,19.84000000
2018-02-24 10:05:03,0.00151000,28.48000000
2018-02-24 10:05:03,0.00151000,2.71000000
2018-02-24 10:05:03,0.00151000,19.84000000
2018-02-24 10:05:03,0.00151000,57.88000000
2018-02-24 10:05:03,0.00151000,19.84000000
2018-02-24 10:05:03,0.00150990,118.25000000
2018-02-24 10:05:03,0.00150750,8.06000000
2018-02-24 10:05:03,0.00150700,11.78000000
2018-02-24 10:05:04,0.00151000,59.14000000
2018-02-24 10:05:04,0.00151030,6.74000000
2018-02-24 10:05:05,0.00150990,104.94000000
2018-02-24 10:05:05,0.00150720,0.06000000
2018-02-24 10:05:05,0.00150990,82.97000000
2018-02-24 10:05:06,0.00150990,0.99000000
2018-02-24 10:05:07,0.00150990,40.00000000
2018-02-24 10:05:07,0.00150990,5.24000000
2018-02-24 10:05:07,0.00150750,42.61000000
2018-02-24 10:05:08,0.00150990,57.12000000
2018-02-24 10:05:08,0.00150990,160.12000000
2018-02-24 10:05:08,0.00150860,20.97000000
2018-02-24 10:05:11,0.00150800,187.71000000
2018-02-24 10:05:11,0.00150990,19.84000000
2018-02-24 10:05:11,0.00150990,19.84000000
2018-02-24 10:05:11,0.00150750,172.97000000
2018-02-24 10:05:11,0.00150740,2.01000000
2018-02-24 10:05:11,0.00150700,501.01000000
2018-02-24 10:05:11,0.00150700,65.22000000
2018-02-24 10:05:11,0.00150680,6.63000000
2018-02-24 10:05:11,0.00150500,30.00000000
2018-02-24 10:05:11,0.00150470,17.43000000
2018-02-24 10:05:11,0.00150460,2.82000000
2018-02-24 10:05:12,0.00150750,9.67000000
2018-02-24 10:05:12,0.00150990,383.69000000
2018-02-24 10:05:12,0.00150750,6.75000000
2018-02-24 10:05:12,0.00150700,6.90000000
2018-02-24 10:05:12,0.00150700,5.75000000
2018-02-24 10:05:12,0.00150700,6.90000000
2018-02-24 10:05:12,0.00150700,5.75000000
2018-02-24 10:05:12,0.00150700,136.63000000
2018-02-24 10:05:13,0.00150980,12.96000000
2018-02-24 10:05:13,0.00150980,7.10000000
2018-02-24 10:05:13,0.00150750,7.25000000
2018-02-24 10:05:13,0.00150750,6.04000000
2018-02-24 10:05:13,0.00150750,20.00000000
2018-02-24 10:05:14,0.00150750,6.04000000
2018-02-24 10:05:14,0.00150750,7.25000000
2018-02-24 10:05:14,0.00150750,7.27000000
2018-02-24 10:05:14,0.00150750,2.34000000
2018-02-24 10:05:14,0.00150700,2.01000000
2018-02-24 10:05:14,0.00150750,13.73000000
2018-02-24 10:05:14,0.00150750,30.08000000
2018-02-24 10:05:14,0.00150980,19.85000000
2018-02-24 10:05:14,0.00150980,19.85000000
2018-02-24 10:05:14,0.00150750,4.25000000
2018-02-24 10:05:14,0.00150700,11.52000000
2018-02-24 10:05:14,0.00150480,17.22000000
2018-02-24 10:05:14,0.00150460,50.63000000
2018-02-24 10:05:15,0.00150500,20.00000000
2018-02-24 10:05:15,0.00150490,33.48000000
2018-02-24 10:05:15,0.00150480,13.52000000
2018-02-24 10:05:15,0.00150750,6.75000000
2018-02-24 10:05:15,0.00150960,2.77000000
2018-02-24 10:05:16,0.00150700,1.23000000
2018-02-24 10:05:17,0.00150690,19.89000000
2018-02-24 10:05:17,0.00150560,6.64000000
2018-02-24 10:05:17,0.00150490,9.99000000
2018-02-24 10:05:17,0.00150690,2.65000000
2018-02-24 10:05:17,0.00150690,28.17000000
2018-02-24 10:05:17,0.00150700,21.65000000
2018-02-24 10:05:18,0.00150570,0.10000000
2018-02-24 10:05:19,0.00150690,2.64000000
2018-02-24 10:05:19,0.00150700,81.91000000
2018-02-24 10:05:21,0.00150580,2.58000000
2018-02-24 10:05:21,0.00150690,7.35000000
2018-02-24 10:05:21,0.00150750,93.30000000
2018-02-24 10:05:21,0.00150940,6.63000000
2018-02-24 10:05:21,0.00150990,11.84000000
2018-02-24 10:05:23,0.00150750,7.95000000
2018-02-24 10:05:23,0.00150640,2.04000000
2018-02-24 10:05:24,0.00150970,19.85000000
2018-02-24 10:05:24,0.00150970,13.67000000
2018-02-24 10:05:24,0.00150970,3.26000000
2018-02-24 10:05:25,0.00150710,12.33000000
2018-02-24 10:05:25,0.00150960,4.39000000
2018-02-24 10:05:26,0.00150960,28.52000000
2018-02-24 10:05:26,0.00150710,10.02000000
2018-02-24 10:05:26,0.00150700,69.94000000
2018-02-24 10:05:26,0.00150660,6.63000000
2018-02-24 10:05:26,0.00150630,7.78000000
2018-02-24 10:05:26,0.00150580,4.65000000
2018-02-24 10:05:27,0.00150980,40.00000000
2018-02-24 10:05:27,0.00150990,500.11000000
2018-02-24 10:05:27,0.00150970,0.43000000
2018-02-24 10:05:27,0.00150970,0.43000000
2018-02-24 10:05:29,0.00150860,20.00000000
2018-02-24 10:05:29,0.00150850,128.30000000
2018-02-24 10:05:29,0.00150850,12.90000000
2018-02-24 10:05:29,0.00150970,2.98000000
2018-02-24 10:05:31,0.00150850,5.63000000
2018-02-24 10:05:32,0.00150990,3.26000000
2018-02-24 10:05:32,0.00150990,0.99000000
2018-02-24 10:05:33,0.00150880,0.01000000
2018-02-24 10:05:33,0.00150880,2.00000000
2018-02-24 10:05:33,0.00150850,1.47000000
2018-02-24 10:05:33,0.00150750,0.08000000
2018-02-24 10:05:35,0.00150750,11.69000000
2018-02-24 10:05:35,0.00150710,62.22000000
2018-02-24 10:05:36,0.00150720,22.00000000
2018-02-24 10:05:37,0.00150850,69.54000000
2018-02-24 10:05:37,0.00150710,9.68000000
2018-02-24 10:05:39,0.00150710,8.00000000
2018-02-24 10:05:41,0.00150850,0.18000000
2018-02-24 10:05:43,0.00150850,3.31000000
2018-02-24 10:05:46,0.00150770,31.95000000
2018-02-24 10:05:46,0.00150850,3.00000000
2018-02-24 10:05:47,0.00150850,50.00000000
2018-02-24 10:05:49,0.00150710,13.23000000
2018-02-24 10:05:50,0.00150850,22.72000000
2018-02-24 10:05:50,0.00150850,54.31000000
2018-02-24 10:05:50,0.00150850,40.99000000
2018-02-24 10:05:51,0.00150850,79.82000000
2018-02-24 10:05:51,0.00150850,97.52000000
2018-02-24 10:05:51,0.00150860,28.03000000
2018-02-24 10:05:53,0.00150710,54.03000000
2018-02-24 10:05:53,0.00150700,6.66000000
2018-02-24 10:05:53,0.00150660,3.84000000
2018-02-24 10:05:53,0.00150650,5.64000000
2018-02-24 10:05:53,0.00150600,0.05000000
2018-02-24 10:05:54,0.00150710,19.87000000
2018-02-24 10:05:54,0.00150710,9.36000000
2018-02-24 10:05:54,0.00150710,19.88000000
2018-02-24 10:05:54,0.00150710,19.89000000
2018-02-24 10:05:54,0.00150710,19.89000000
2018-02-24 10:05:55,0.00150710,19.89000000
2018-02-24 10:05:55,0.00150610,1.28000000
2018-02-24 10:05:55,0.00150710,19.89000000
2018-02-24 10:05:55,0.00150710,19.89000000
2018-02-24 10:05:55,0.00150710,3.04000000
2018-02-24 10:05:55,0.00150710,3.36000000
2018-02-24 10:05:56,0.00150710,3.92000000
2018-02-24 10:05:56,0.00150710,1.99000000
2018-02-24 10:05:57,0.00150600,2.00000000
2018-02-24 10:05:57,0.00150710,1.66000000
2018-02-24 10:05:58,0.00150600,42.22000000
2018-02-24 10:05:59,0.00150590,130.01000000
2018-02-24 10:05:59,0.00150500,179.22000000
2018-02-24 10:05:59,0.00150480,358.59000000
2018-02-24 10:05:59,0.00150600,2.01000000
2018-02-24 10:05:59,0.00150600,5.65000000
2018-02-24 10:05:59,0.00150600,16.77000000
2018-02-24 10:06:00,0.00150600,34.90000000
2018-02-24 10:06:00,0.00150480,74.38000000
2018-02-24 10:06:00,0.00150480,74.39000000
2018-02-24 10:06:00,0.00150480,209.92000000
2018-02-24 10:06:00,0.00150480,267.12000000
2018-02-24 10:06:00,0.00150460,7.85000000
2018-02-24 10:06:00,0.00150450,26.54000000
2018-02-24 10:06:00,0.00150440,113.90000000
2018-02-24 10:06:00,0.00150400,105.96000000
2018-02-24 10:06:01,0.00150400,5.94000000
2018-02-24 10:06:01,0.00150400,5.92000000
2018-02-24 10:06:01,0.00150400,4.26000000
2018-02-24 10:06:01,0.00150400,21.33000000
2018-02-24 10:06:01,0.00150400,241.18000000
2018-02-24 10:06:01,0.00150360,0.94000000
2018-02-24 10:06:01,0.00150310,7.38000000
2018-02-24 10:06:01,0.00150270,13.66000000
2018-02-24 10:06:02,0.00150360,3.07000000
2018-02-24 10:06:02,0.00150360,28.77000000
2018-02-24 10:06:02,0.00150600,50.56000000
2018-02-24 10:06:02,0.00150600,28.45000000
2018-02-24 10:06:03,0.00150600,100.04000000
2018-02-24 10:06:03,0.00150600,19.00000000
2018-02-24 10:06:04,0.00150600,19.92000000
2018-02-24 10:06:04,0.00150600,2.00000000
2018-02-24 10:06:05,0.00150690,2.01000000
2018-02-24 10:06:05,0.00150690,7.99000000
2018-02-24 10:06:05,0.00150600,4.87000000
2018-02-24 10:06:07,0.00150600,26.00000000
2018-02-24 10:06:07,0.00150650,159.28000000
2018-02-24 10:06:09,0.00150710,0.97000000
2018-02-24 10:06:09,0.00150600,6.90000000
2018-02-24 10:06:10,0.00150710,93.51000000
2018-02-24 10:06:10,0.00150710,196.62000000
2018-02-24 10:06:11,0.00150710,32.04000000
2018-02-24 10:06:12,0.00150710,24.77000000
2018-02-24 10:06:12,0.00150840,23.28000000
2018-02-24 10:06:12,0.00150850,158.27000000
2018-02-24 10:06:12,0.00150860,0.30000000
2018-02-24 10:06:12,0.00150880,5.68000000
2018-02-24 10:06:12,0.00150970,2.01000000
2018-02-24 10:06:12,0.00150990,135.53000000
2018-02-24 10:06:12,0.00151000,159.17000000
2018-02-24 10:06:13,0.00150720,7.16000000
2018-02-24 10:06:13,0.00150710,9.28000000
2018-02-24 10:06:15,0.00150980,7.95000000
2018-02-24 10:06:17,0.00150970,0.70000000
2018-02-24 10:06:18,0.00150970,1.74000000
2018-02-24 10:06:18,0.00150810,7.95000000
2018-02-24 10:06:18,0.00150800,9.75000000
2018-02-24 10:06:18,0.00150800,45.30000000
2018-02-24 10:06:18,0.00150970,1.66000000
2018-02-24 10:06:18,0.00150970,3.06000000
2018-02-24 10:06:18,0.00151000,23.89000000
2018-02-24 10:06:18,0.00151010,6.63000000
2018-02-24 10:06:18,0.00151300,61.82000000
2018-02-24 10:06:21,0.00151010,2.38000000
2018-02-24 10:06:21,0.00151010,193.32000000
2018-02-24 10:06:21,0.00151140,42.93000000
2018-02-24 10:06:22,0.00151290,20.00000000
2018-02-24 10:06:22,0.00151300,10.08000000
2018-02-24 10:06:22,0.00151300,8.91000000
2018-02-24 10:06:22,0.00151300,8.91000000
2018-02-24 10:06:22,0.00151300,13.97000000
2018-02-24 10:06:22,0.00151300,0.10000000
2018-02-24 10:06:23,0.00151340,1.24000000
2018-02-24 10:06:23,0.00151110,20.00000000
2018-02-24 10:06:23,0.00151100,473.83000000
2018-02-24 10:06:24,0.00150900,19.83000000
2018-02-24 10:06:25,0.00151030,5.63000000
2018-02-24 10:06:25,0.00151340,19.89000000
2018-02-24 10:06:25,0.00151370,2.07000000
2018-02-24 10:06:25,0.00151380,151.54000000
2018-02-24 10:06:26,0.00150990,7.76000000
2018-02-24 10:06:26,0.00150990,12.24000000
2018-02-24 10:06:26,0.00150980,1.49000000
2018-02-24 10:06:26,0.00150990,0.69000000
2018-02-24 10:06:26,0.00150980,11.55000000
2018-02-24 10:06:26,0.00150980,0.69000000
2018-02-24 10:06:26,0.00150970,7.35000000
2018-02-24 10:06:26,0.00150960,2.01000000
2018-02-24 10:06:26,0.00150930,8.46000000
2018-02-24 10:06:26,0.00150980,4.39000000
2018-02-24 10:06:26,0.00150980,0.69000000
2018-02-24 10:06:26,0.00150930,14.98000000
2018-02-24 10:06:26,0.00150930,5.46000000
2018-02-24 10:06:27,0.00150980,0.69000000
2018-02-24 10:06:27,0.00150980,0.69000000
2018-02-24 10:06:27,0.00150970,0.69000000
2018-02-24 10:06:27,0.00150970,27.77000000
2018-02-24 10:06:27,0.00150980,5.78000000
2018-02-24 10:06:27,0.00151200,125.07000000
2018-02-24 10:06:28,0.00151180,42.65000000
2018-02-24 10:06:28,0.00151180,4.41000000
2018-02-24 10:06:28,0.00150920,3.00000000
2018-02-24 10:06:30,0.00151170,7.35000000
2018-02-24 10:06:30,0.00151180,2.85000000
2018-02-24 10:06:30,0.00151180,16.85000000
2018-02-24 10:06:30,0.00151000,2.12000000
2018-02-24 10:06:30,0.00151170,20.44000000
2018-02-24 10:06:30,0.00151180,1.95000000
2018-02-24 10:06:31,0.00151000,2.91000000
2018-02-24 10:06:33,0.00151100,53.95000000
2018-02-24 10:06:33,0.00151000,29.67000000
2018-02-24 10:06:33,0.00151100,2.44000000
2018-02-24 10:06:34,0.00151100,3.28000000
2018-02-24 10:06:34,0.00151100,17.93000000
2018-02-24 10:06:35,0.00151100,0.20000000
2018-02-24 10:06:35,0.00151100,0.58000000
2018-02-24 10:06:35,0.00151000,100.00000000
2018-02-24 10:06:36,0.00151100,259.81000000
2018-02-24 10:06:36,0.00151180,84.55000000
2018-02-24 10:06:36,0.00151200,3.74000000
2018-02-24 10:06:36,0.00151250,151.90000000
2018-02-24 10:06:38,0.00151300,0.14000000
2018-02-24 10:06:38,0.00151180,13.97000000
2018-02-24 10:06:40,0.00151180,2.00000000
2018-02-24 10:06:40,0.00151300,0.03000000
2018-02-24 10:06:40,0.00151300,2.83000000
2018-02-24 10:06:40,0.00151310,19.80000000
2018-02-24 10:06:40,0.00151310,16.32000000
2018-02-24 10:06:40,0.00151310,4.04000000
2018-02-24 10:06:41,0.00151310,10.86000000
2018-02-24 10:06:41,0.00151370,774.17000000
2018-02-24 10:06:41,0.00151380,0.13000000
2018-02-24 10:06:41,0.00151370,41.36000000
2018-02-24 10:06:41,0.00151370,22.56000000
2018-02-24 10:06:41,0.00151370,15.25000000
2018-02-24 10:06:42,0.00151380,0.01000000
2018-02-24 10:06:42,0.00151370,2.00000000
2018-02-24 10:06:43,0.00151380,15.56000000
2018-02-24 10:06:43,0.00151370,13.32000000
2018-02-24 10:06:44,0.00151370,2.10000000
2018-02-24 10:06:44,0.00151380,46.61000000
2018-02-24 10:06:46,0.00151370,21.15000000
2018-02-24 10:06:47,0.00151380,51.02000000
2018-02-24 10:06:47,0.00151400,106.60000000
2018-02-24 10:06:49,0.00151400,67.71000000
2018-02-24 10:06:49,0.00151430,110.45000000
2018-02-24 10:06:49,0.00151370,154.74000000
2018-02-24 10:06:50,0.00151430,98.40000000
2018-02-24 10:06:50,0.00151450,33.40000000
2018-02-24 10:06:50,0.00151480,3.20000000
2018-02-24 10:06:50,0.00151370,97.01000000
2018-02-24 10:06:51,0.00151480,234.88000000
2018-02-24 10:06:51,0.00151500,101.31000000
2018-02-24 10:06:51,0.00151340,1.50000000
2018-02-24 10:06:52,0.00151500,73.53000000
2018-02-24 10:06:52,0.00151500,51.07000000
2018-02-24 10:06:52,0.00151500,361.55000000
2018-02-24 10:06:53,0.00151500,1587.59000000
2018-02-24 10:06:54,0.00151510,1.75000000
2018-02-24 10:06:54,0.00151520,26.09000000
2018-02-24 10:06:54,0.00151560,0.94000000
2018-02-24 10:06:54,0.00151610,2.85000000
2018-02-24 10:06:55,0.00151770,3.02000000
2018-02-24 10:06:55,0.00151880,2.25000000
2018-02-24 10:06:55,0.00151900,4.73000000
2018-02-24 10:06:56,0.00151560,4.39000000
2018-02-24 10:06:56,0.00151550,0.42000000
2018-02-24 10:06:57,0.00151570,6.59000000
2018-02-24 10:06:57,0.00151560,6.50000000
2018-02-24 10:06:57,0.00151590,1.98000000
2018-02-24 10:06:57,0.00151570,2.63000000
2018-02-24 10:06:57,0.00151570,13.11000000
2018-02-24 10:06:58,0.00151710,53.90000000
2018-02-24 10:06:58,0.00151600,7.17000000
2018-02-24 10:06:58,0.00151570,4.26000000
2018-02-24 10:06:58,0.00151560,7.28000000
2018-02-24 10:06:58,0.00151550,55.56000000
2018-02-24 10:06:58,0.00151500,2.16000000
2018-02-24 10:06:59,0.00151860,0.01000000
2018-02-24 10:06:59,0.00151560,31.58000000
2018-02-24 10:06:59,0.00151500,1.44000000
2018-02-24 10:07:00,0.00151510,65.23000000
2018-02-24 10:07:00,0.00151510,1.61000000
2018-02-24 10:07:02,0.00151770,7.17000000
2018-02-24 10:07:02,0.00151780,9.80000000
2018-02-24 10:07:03,0.00151510,15.00000000
2018-02-24 10:07:03,0.00151510,10.99000000
2018-02-24 10:07:03,0.00151560,73.53000000
2018-02-24 10:07:05,0.00151780,3.22000000
2018-02-24 10:07:05,0.00151780,18.42000000
2018-02-24 10:07:06,0.00151560,55.87000000
2018-02-24 10:07:08,0.00151780,26.24000000
2018-02-24 10:07:08,0.00151780,6.62000000
2018-02-24 10:07:08,0.00151780,133.85000000
2018-02-24 10:07:08,0.00151790,31.58000000
2018-02-24 10:07:08,0.00151700,3.34000000
2018-02-24 10:07:08,0.00151850,6.59000000
2018-02-24 10:07:08,0.00151870,1.98000000
2018-02-24 10:07:08,0.00151880,13.78000000
2018-02-24 10:07:08,0.00151890,4.39000000
2018-02-24 10:07:08,0.00151950,23.72000000
2018-02-24 10:07:09,0.00151720,1.98000000
2018-02-24 10:07:09,0.00151700,109.92000000
2018-02-24 10:07:10,0.00151780,1.50000000
2018-02-24 10:07:12,0.00151830,1.98000000
2018-02-24 10:07:12,0.00151890,9.18000000
2018-02-24 10:07:12,0.00151800,1.54000000
2018-02-24 10:07:12,0.00151780,254.87000000
2018-02-24 10:07:13,0.00151890,41.01000000
2018-02-24 10:07:13,0.00151890,14.16000000
2018-02-24 10:07:14,0.00151860,12.68000000
2018-02-24 10:07:14,0.00151890,163.89000000
2018-02-24 10:07:14,0.00151890,545.15000000
2018-02-24 10:07:14,0.00152000,78.51000000
2018-02-24 10:07:15,0.00152000,2.78000000
2018-02-24 10:07:15,0.00152000,492.22000000
2018-02-24 10:07:15,0.00151880,1.00000000
2018-02-24 10:07:15,0.00151890,28.83000000
2018-02-24 10:07:15,0.00152000,1.23000000
2018-02-24 10:07:16,0.00152000,14.02000000
2018-02-24 10:07:16,0.00152110,181.23000000
2018-02-24 10:07:16,0.00152000,7.51000000
2018-02-24 10:07:16,0.00152230,0.80000000
2018-02-24 10:07:16,0.00152000,1.80000000
2018-02-24 10:07:16,0.00152000,5.00000000
2018-02-24 10:07:16,0.00152230,12.49000000
2018-02-24 10:07:16,0.00152000,12.53000000
2018-02-24 10:07:16,0.00152230,6.71000000
2018-02-24 10:07:16,0.00152260,4.80000000
2018-02-24 10:07:16,0.00152280,46.87000000
2018-02-24 10:07:16,0.00152310,4.16000000
2018-02-24 10:07:16,0.00152320,3.63000000
2018-02-24 10:07:16,0.00152340,16.09000000
2018-02-24 10:07:16,0.00152350,165.79000000
2018-02-24 10:07:16,0.00152400,1.98000000
2018-02-24 10:07:16,0.00152440,205.77000000
2018-02-24 10:07:16,0.00152480,25.52000000
2018-02-24 10:07:16,0.00152500,123.68000000
2018-02-24 10:07:17,0.00152270,0.92000000
2018-02-24 10:07:17,0.00152270,18.91000000
2018-02-24 10:07:17,0.00152000,2.39000000
2018-02-24 10:07:17,0.00151960,2.61000000
2018-02-24 10:07:17,0.00152500,1.54000000
2018-02-24 10:07:17,0.00152010,15.00000000
2018-02-24 10:07:17,0.00152500,98.49000000
2018-02-24 10:07:18,0.00152500,18.98000000
2018-02-24 10:07:18,0.00152510,14.64000000
2018-02-24 10:07:18,0.00152540,3.24000000
2018-02-24 10:07:18,0.00152550,3.24000000
2018-02-24 10:07:18,0.00152560,8.22000000
2018-02-24 10:07:18,0.00152570,3.04000000
2018-02-24 10:07:18,0.00152610,43.64000000
2018-02-24 10:07:18,0.00152030,1.98000000
2018-02-24 10:07:18,0.00152020,30.32000000
2018-02-24 10:07:18,0.00152020,5.00000000
2018-02-24 10:07:18,0.00152020,18.28000000
2018-02-24 10:07:18,0.00152010,31.71000000
2018-02-24 10:07:18,0.00152480,1.98000000
2018-02-24 10:07:18,0.00152490,8.02000000
2018-02-24 10:07:18,0.00152020,1.20000000
2018-02-24 10:07:19,0.00152460,11.98000000
2018-02-24 10:07:19,0.00152470,48.60000000
2018-02-24 10:07:19,0.00152650,28.06000000
2018-02-24 10:07:19,0.00152730,5.46000000
2018-02-24 10:07:19,0.00152740,6.88000000
2018-02-24 10:07:19,0.00152770,0.73000000
2018-02-24 10:07:19,0.00152820,2.06000000
2018-02-24 10:07:19,0.00152880,3.26000000
2018-02-24 10:07:19,0.00152920,6.59000000
2018-02-24 10:07:19,0.00152930,2.99000000
2018-02-24 10:07:19,0.00152970,3.31000000
2018-02-24 10:07:19,0.00153000,520.08000000
2018-02-24 10:07:19,0.00152210,2.66000000
2018-02-24 10:07:19,0.00152210,11.96000000
2018-02-24 10:07:19,0.00152210,17.89000000
2018-02-24 10:07:20,0.00152330,1.31000000
2018-02-24 10:07:21,0.00152480,1.31000000
2018-02-24 10:07:21,0.00152520,2.61000000
2018-02-24 10:07:22,0.00152500,23.04000000
2018-02-24 10:07:22,0.00152500,5.12000000
2018-02-24 10:07:22,0.00152660,4.37000000
2018-02-24 10:07:23,0.00152990,31.71000000
2018-02-24 10:07:23,0.00153000,41.23000000
2018-02-24 10:07:23,0.00153000,17.72000000
2018-02-24 10:07:23,0.00152900,19.54000000
2018-02-24 10:07:23,0.00152900,31.54000000
2018-02-24 10:07:23,0.00152900,31.51000000
2018-02-24 10:07:23,0.00152900,31.52000000
2018-02-24 10:07:24,0.00152900,2.79000000
2018-02-24 10:07:24,0.00152900,15.00000000
2018-02-24 10:07:25,0.00152570,1.98000000
2018-02-24 10:07:25,0.00152550,100.00000000
2018-02-24 10:07:25,0.00152540,34.53000000
2018-02-24 10:07:25,0.00152530,1.54000000
2018-02-24 10:07:25,0.00152520,63.28000000
2018-02-24 10:07:25,0.00152510,6.55000000
2018-02-24 10:07:25,0.00152500,91.34000000
2018-02-24 10:07:25,0.00152850,1.98000000
2018-02-24 10:07:25,0.00152860,1.38000000
2018-02-24 10:07:25,0.00152870,0.76000000
2018-02-24 10:07:26,0.00152850,3.37000000
2018-02-24 10:07:26,0.00152540,0.69000000
2018-02-24 10:07:26,0.00152840,1.53000000
2018-02-24 10:07:26,0.00152840,53.43000000
2018-02-24 10:07:28,0.00152500,82.75000000
2018-02-24 10:07:28,0.00152500,1.98000000
2018-02-24 10:07:28,0.00152500,2.65000000
2018-02-24 10:07:28,0.00152480,2.88000000
2018-02-24 10:07:28,0.00152500,15.65000000
2018-02-24 10:07:28,0.00152480,4.27000000
2018-02-24 10:07:28,0.00152470,79.53000000
2018-02-24 10:07:28,0.00152360,1.19000000
2018-02-24 10:07:28,0.00152350,33.60000000
2018-02-24 10:07:28,0.00152340,15.46000000
2018-02-24 10:07:28,0.00152290,23.23000000
2018-02-24 10:07:28,0.00152500,5.81000000
2018-02-24 10:07:28,0.00152500,35.06000000
2018-02-24 10:07:28,0.00152490,32.50000000
2018-02-24 10:07:28,0.00152500,505.80000000
2018-02-24 10:07:29,0.00152290,15.03000000
2018-02-24 10:07:29,0.00152490,3.17000000
2018-02-24 10:07:29,0.00152320,6.56000000
2018-02-24 10:07:29,0.00152290,3.06000000
2018-02-24 10:07:29,0.00152480,1.19000000
2018-02-24 10:07:29,0.00152490,1.77000000
2018-02-24 10:07:29,0.00152490,18.19000000
2018-02-24 10:07:30,0.00152480,4.11000000
2018-02-24 10:07:30,0.00152310,9.84000000
2018-02-24 10:07:31,0.00152480,12.68000000
2018-02-24 10:07:31,0.00152480,1.96000000
2018-02-24 10:07:31,0.00152330,1.90000000
2018-02-24 10:07:31,0.00152320,9.84000000
2018-02-24 10:07:32,0.00152210,10.72000000
2018-02-24 10:07:32,0.00152180,1.98000000
2018-02-24 10:07:32,0.00152150,8.37000000
2018-02-24 10:07:32,0.00152150,3.88000000
2018-02-24 10:07:32,0.00152190,0.67000000
2018-02-24 10:07:34,0.00152200,9.85000000
2018-02-24 10:07:34,0.00152030,23.54000000
2018-02-24 10:07:34,0.00152310,14.85000000
2018-02-24 10:07:34,0.00152320,12.78000000
2018-02-24 10:07:34,0.00152400,66.76000000
2018-02-24 10:07:34,0.00152300,4.55000000
2018-02-24 10:07:34,0.00152400,11.68000000
2018-02-24 10:07:34,0.00152100,1.32000000
2018-02-24 10:07:35,0.00152100,8.00000000
2018-02-24 10:07:35,0.00152240,39.56000000
2018-02-24 10:07:35,0.00152240,19.68000000
2018-02-24 10:07:35,0.00152240,5.64000000
2018-02-24 10:07:35,0.00152400,9.36000000
2018-02-24 10:07:35,0.00152240,64.88000000
2018-02-24 10:07:35,0.00152100,1.06000000
2018-02-24 10:07:35,0.00152290,1.25000000
2018-02-24 10:07:36,0.00152320,3.12000000
2018-02-24 10:07:36,0.00152290,2.06000000
2018-02-24 10:07:36,0.00152290,1.13000000
2018-02-24 10:07:36,0.00152320,5.01000000
2018-02-24 10:07:36,0.00152290,20.00000000
2018-02-24 10:07:36,0.00152320,83.45000000
2018-02-24 10:07:36,0.00152390,100.00000000
2018-02-24 10:07:36,0.00152400,43.27000000
2018-02-24 10:07:36,0.00152300,19.68000000
2018-02-24 10:07:36,0.00152300,5.01000000
2018-02-24 10:07:37,0.00152300,19.68000000
2018-02-24 10:07:37,0.00152290,19.54000000
2018-02-24 10:07:37,0.00152290,19.68000000
2018-02-24 10:07:37,0.00152290,1.99000000
2018-02-24 10:07:37,0.00152290,161.40000000
2018-02-24 10:07:37,0.00152290,43.33000000
2018-02-24 10:07:37,0.00152300,2.10000000
2018-02-24 10:07:37,0.00152100,1.01000000
2018-02-24 10:07:38,0.00152290,50.00000000
2018-02-24 10:07:38,0.00152300,208.68000000
2018-02-24 10:07:38,0.00152310,226.27000000
2018-02-24 10:07:38,0.00152030,36.15000000
2018-02-24 10:07:38,0.00152020,4.86000000
2018-02-24 10:07:38,0.00152310,2.10000000
2018-02-24 10:07:38,0.00152310,605.29000000
2018-02-24 10:07:38,0.00152190,188.93000000
2018-02-24 10:07:38,0.00152300,2.90000000
2018-02-24 10:07:39,0.00152190,1.33000000
2018-02-24 10:07:39,0.00152190,4.99000000
2018-02-24 10:07:39,0.00152190,0.80000000
2018-02-24 10:07:39,0.00152190,6.18000000
2018-02-24 10:07:39,0.00152040,41.55000000
2018-02-24 10:07:39,0.00152040,58.45000000
2018-02-24 10:07:39,0.00152020,0.14000000
2018-02-24 10:07:39,0.00152000,63.41000000
2018-02-24 10:07:39,0.00152200,13.29000000
2018-02-24 10:07:39,0.00152200,3.78000000
2018-02-24 10:07:40,0.00152200,216.74000000
2018-02-24 10:07:40,0.00152290,4.73000000
