DATE,PRICE,VOLUME
2018-02-24 17:00:01,0.00134350,2.12000000
2018-02-24 17:00:03,0.00134360,1.56000000
2018-02-24 17:00:03,0.00134230,2.25000000
2018-02-24 17:00:03,0.00134210,0.92000000
2018-02-24 17:00:03,0.00134330,2.25000000
2018-02-24 17:00:03,0.00134360,51.44000000
2018-02-24 17:00:04,0.00134360,4.36000000
2018-02-24 17:00:04,0.00134250,2.25000000
2018-02-24 17:00:04,0.00134210,9.08000000
2018-02-24 17:00:04,0.00134150,139.75000000
2018-02-24 17:00:04,0.00134050,10.52000000
2018-02-24 17:00:04,0.00134030,713.15000000
2018-02-24 17:00:04,0.00134020,1460.71000000
2018-02-24 17:00:04,0.00134000,77.96000000
2018-02-24 17:00:04,0.00133990,54.53000000
2018-02-24 17:00:04,0.00133920,5.00000000
2018-02-24 17:00:04,0.00133900,65.93000000
2018-02-24 17:00:04,0.00133880,5.00000000
2018-02-24 17:00:04,0.00133870,9.09000000
2018-02-24 17:00:04,0.00133850,82.18000000
2018-02-24 17:00:04,0.00133780,119.42000000
2018-02-24 17:00:04,0.00133760,0.01000000
2018-02-24 17:00:04,0.00133750,52.51000000
2018-02-24 17:00:04,0.00133720,68.76000000
2018-02-24 17:00:04,0.00133700,5.00000000
2018-02-24 17:00:04,0.00133660,5.00000000
2018-02-24 17:00:04,0.00133640,61.60000000
2018-02-24 17:00:04,0.00133630,5.00000000
2018-02-24 17:00:04,0.00133620,1895.23000000
2018-02-24 17:00:04,0.00133600,2.47000000
2018-02-24 17:00:04,0.00133560,4.64000000
2018-02-24 17:00:04,0.00133550,66.86000000
2018-02-24 17:00:04,0.00133500,2380.48000000
2018-02-24 17:00:04,0.00133340,74.99000000
2018-02-24 17:00:04,0.00133300,93.78000000
2018-02-24 17:00:04,0.00133260,16.49000000
2018-02-24 17:00:04,0.00133240,3.37000000
2018-02-24 17:00:04,0.00133220,469.40000000
2018-02-24 17:00:04,0.00133200,2547.59000000
2018-02-24 17:00:04,0.00133170,9.05000000
2018-02-24 17:00:04,0.00133100,301.35000000
2018-02-24 17:00:04,0.00133080,13.77000000
2018-02-24 17:00:04,0.00133050,7.52000000
2018-02-24 17:00:04,0.00133020,17.29000000
2018-02-24 17:00:04,0.00133010,3.07000000
2018-02-24 17:00:04,0.00133000,187.54000000
2018-02-24 17:00:04,0.00132960,2.26000000
2018-02-24 17:00:04,0.00132880,3.53000000
2018-02-24 17:00:04,0.00132840,0.76000000
2018-02-24 17:00:04,0.00132780,43.11000000
2018-02-24 17:00:04,0.00133000,225.83000000
2018-02-24 17:00:04,0.00133100,62.58000000
2018-02-24 17:00:04,0.00133100,62.58000000
2018-02-24 17:00:04,0.00133100,66.20000000
2018-02-24 17:00:04,0.00133500,3.00000000
2018-02-24 17:00:04,0.00133500,59.58000000
2018-02-24 17:00:05,0.00133830,7.47000000
2018-02-24 17:00:05,0.00133820,10.00000000
2018-02-24 17:00:05,0.00134130,2.25000000
2018-02-24 17:00:06,0.00134150,197.75000000
2018-02-24 17:00:06,0.00134000,302.33000000
2018-02-24 17:00:06,0.00133910,5.00000000
2018-02-24 17:00:06,0.00133830,5.00000000
2018-02-24 17:00:06,0.00133650,5.00000000
2018-02-24 17:00:07,0.00133460,34.60000000
2018-02-24 17:00:07,0.00133470,2.25000000
2018-02-24 17:00:07,0.00133460,40.42000000
2018-02-24 17:00:07,0.00133460,4.79000000
2018-02-24 17:00:08,0.00133980,113.76000000
2018-02-24 17:00:08,0.00133990,93.94000000
2018-02-24 17:00:08,0.00133470,152.79000000
2018-02-24 17:00:09,0.00133500,17.55000000
2018-02-24 17:00:09,0.00133500,52.51000000
2018-02-24 17:00:09,0.00133640,70.01000000
2018-02-24 17:00:09,0.00133990,176.18000000
2018-02-24 17:00:09,0.00134000,2.25000000
2018-02-24 17:00:09,0.00134010,71.65000000
2018-02-24 17:00:09,0.00134020,372.83000000
2018-02-24 17:00:09,0.00133500,493.81000000
2018-02-24 17:00:10,0.00133520,1.20000000
2018-02-24 17:00:10,0.00133540,2.26000000
2018-02-24 17:00:10,0.00133980,5.00000000
2018-02-24 17:00:10,0.00133990,9.93000000
2018-02-24 17:00:11,0.00133600,1.08000000
2018-02-24 17:00:11,0.00133990,2.42000000
2018-02-24 17:00:12,0.00133620,37.74000000
2018-02-24 17:00:12,0.00133610,7.48000000
2018-02-24 17:00:12,0.00133600,6.40000000
2018-02-24 17:00:12,0.00133550,73.76000000
2018-02-24 17:00:12,0.00133540,5.99000000
2018-02-24 17:00:12,0.00133520,4.79000000
2018-02-24 17:00:12,0.00133510,5.00000000
2018-02-24 17:00:12,0.00133500,85.48000000
2018-02-24 17:00:13,0.00133770,20.00000000
2018-02-24 17:00:13,0.00133780,7.07000000
2018-02-24 17:00:13,0.00133780,12.00000000
2018-02-24 17:00:14,0.00133780,7.03000000
2018-02-24 17:00:14,0.00133710,33.67000000
2018-02-24 17:00:15,0.00133780,0.75000000
2018-02-24 17:00:16,0.00133650,10.81000000
2018-02-24 17:00:17,0.00133650,5.18000000
2018-02-24 17:00:18,0.00133630,8.74000000
2018-02-24 17:00:18,0.00133510,5.00000000
2018-02-24 17:00:18,0.00133500,152.85000000
2018-02-24 17:00:20,0.00133640,22.42000000
2018-02-24 17:00:20,0.00133640,13.52000000
2018-02-24 17:00:20,0.00133630,3.74000000
2018-02-24 17:00:20,0.00133500,370.87000000
2018-02-24 17:00:21,0.00133500,331.17000000
2018-02-24 17:00:21,0.00133500,58.99000000
2018-02-24 17:00:21,0.00133560,72.70000000
2018-02-24 17:00:21,0.00133560,52.94000000
2018-02-24 17:00:21,0.00133520,2.25000000
2018-02-24 17:00:21,0.00133500,51.48000000
2018-02-24 17:00:22,0.00133500,6.73000000
2018-02-24 17:00:22,0.00133500,248.44000000
2018-02-24 17:00:22,0.00133610,2.25000000
2018-02-24 17:00:22,0.00133620,2.25000000
2018-02-24 17:00:22,0.00133630,1.05000000
2018-02-24 17:00:22,0.00133650,36.87000000
2018-02-24 17:00:23,0.00133650,10.00000000
2018-02-24 17:00:25,0.00133490,9.23000000
2018-02-24 17:00:25,0.00133480,5.00000000
2018-02-24 17:00:25,0.00133470,5.00000000
2018-02-24 17:00:25,0.00133370,35.94000000
2018-02-24 17:00:25,0.00133350,9.81000000
2018-02-24 17:00:25,0.00133120,18.59000000
2018-02-24 17:00:25,0.00132810,75.29000000
2018-02-24 17:00:25,0.00132780,48.96000000
2018-02-24 17:00:25,0.00132770,70.84000000
2018-02-24 17:00:25,0.00132760,6.65000000
2018-02-24 17:00:25,0.00132750,91.20000000
2018-02-24 17:00:25,0.00132660,156.73000000
2018-02-24 17:00:26,0.00133510,2.31000000
2018-02-24 17:00:27,0.00133510,8.80000000
2018-02-24 17:00:28,0.00133500,2.25000000
2018-02-24 17:00:28,0.00132670,57.39000000
2018-02-24 17:00:29,0.00133620,20.00000000
2018-02-24 17:00:29,0.00133630,2.25000000
2018-02-24 17:00:29,0.00133640,173.57000000
2018-02-24 17:00:29,0.00133620,184.73000000
2018-02-24 17:00:29,0.00133570,182.66000000
2018-02-24 17:00:30,0.00133620,4.79000000
2018-02-24 17:00:30,0.00133620,4.79000000
2018-02-24 17:00:30,0.00133620,0.36000000
2018-02-24 17:00:30,0.00133620,4.79000000
2018-02-24 17:00:31,0.00133050,14.77000000
2018-02-24 17:00:31,0.00133030,109.87000000
2018-02-24 17:00:31,0.00133020,82.26000000
2018-02-24 17:00:31,0.00133010,1.87000000
2018-02-24 17:00:31,0.00133000,0.82000000
2018-02-24 17:00:31,0.00133300,6.52000000
2018-02-24 17:00:31,0.00133300,6.52000000
2018-02-24 17:00:31,0.00133300,3.65000000
2018-02-24 17:00:31,0.00133310,6.52000000
2018-02-24 17:00:31,0.00133310,3.65000000
2018-02-24 17:00:31,0.00133110,7.51000000
2018-02-24 17:00:31,0.00133060,100.00000000
2018-02-24 17:00:31,0.00133040,5.00000000
2018-02-24 17:00:31,0.00133000,20.70000000
2018-02-24 17:00:31,0.00132730,52.64000000
2018-02-24 17:00:31,0.00133310,4.02000000
2018-02-24 17:00:31,0.00133310,4.03000000
2018-02-24 17:00:31,0.00133310,4.02000000
2018-02-24 17:00:31,0.00133310,4.03000000
2018-02-24 17:00:31,0.00133310,4.03000000
2018-02-24 17:00:31,0.00133310,4.04000000
2018-02-24 17:00:31,0.00133310,3.43000000
2018-02-24 17:00:32,0.00133000,711.13000000
2018-02-24 17:00:32,0.00133000,27.43000000
2018-02-24 17:00:32,0.00133000,22.49000000
2018-02-24 17:00:32,0.00133000,43.95000000
2018-02-24 17:00:32,0.00133000,1.30000000
2018-02-24 17:00:32,0.00133000,6.34000000
2018-02-24 17:00:32,0.00133000,7.06000000
2018-02-24 17:00:32,0.00133000,13.94000000
2018-02-24 17:00:32,0.00133000,13.94000000
2018-02-24 17:00:32,0.00132990,15.11000000
2018-02-24 17:00:32,0.00132990,4.89000000
2018-02-24 17:00:32,0.00133000,584.91000000
2018-02-24 17:00:33,0.00133300,2.20000000
2018-02-24 17:00:33,0.00133110,40.00000000
2018-02-24 17:00:33,0.00133070,5.00000000
2018-02-24 17:00:33,0.00132830,7.52000000
2018-02-24 17:00:33,0.00132750,5.00000000
2018-02-24 17:00:33,0.00132710,5.00000000
2018-02-24 17:00:33,0.00132700,116.15000000
2018-02-24 17:00:33,0.00132900,3.07000000
2018-02-24 17:00:34,0.00132700,54.26000000
2018-02-24 17:00:34,0.00133000,115.43000000
2018-02-24 17:00:34,0.00133000,111.29000000
2018-02-24 17:00:36,0.00133270,9.37000000
2018-02-24 17:00:36,0.00133260,2.31000000
2018-02-24 17:00:37,0.00133000,5.83000000
2018-02-24 17:00:38,0.00133000,2.76000000
2018-02-24 17:00:38,0.00133000,0.83000000
2018-02-24 17:00:39,0.00133000,40.00000000
2018-02-24 17:00:39,0.00133230,5.00000000
2018-02-24 17:00:40,0.00133230,97.69000000
2018-02-24 17:00:40,0.00133240,64.97000000
2018-02-24 17:00:40,0.00133220,50.00000000
2018-02-24 17:00:40,0.00133220,24.22000000
2018-02-24 17:00:40,0.00133260,10.28000000
2018-02-24 17:00:40,0.00133270,5.00000000
2018-02-24 17:00:40,0.00133290,5.00000000
2018-02-24 17:00:40,0.00133310,11.52000000
2018-02-24 17:00:41,0.00132990,3.52000000
2018-02-24 17:00:41,0.00132780,38.13000000
2018-02-24 17:00:41,0.00132770,68.15000000
2018-02-24 17:00:41,0.00132750,25.20000000
2018-02-24 17:00:41,0.00133190,33.33000000
2018-02-24 17:00:41,0.00133190,6.21000000
2018-02-24 17:00:41,0.00133190,6.98000000
2018-02-24 17:00:44,0.00133240,5.00000000
2018-02-24 17:00:44,0.00133230,6.49000000
2018-02-24 17:00:45,0.00133390,1.61000000
2018-02-24 17:00:45,0.00133410,10.24000000
2018-02-24 17:00:45,0.00133380,3.20000000
2018-02-24 17:00:45,0.00133230,82.01000000
2018-02-24 17:00:47,0.00133230,5.67000000
2018-02-24 17:00:47,0.00133230,2.83000000
2018-02-24 17:00:48,0.00133230,13.21000000
2018-02-24 17:00:48,0.00133220,13.21000000
2018-02-24 17:00:48,0.00133220,13.21000000
2018-02-24 17:00:48,0.00133220,6.08000000
2018-02-24 17:00:48,0.00133220,2.43000000
2018-02-24 17:00:48,0.00133190,13.21000000
2018-02-24 17:00:50,0.00133190,33.95000000
2018-02-24 17:00:50,0.00133140,7.51000000
2018-02-24 17:00:50,0.00132850,69.15000000
2018-02-24 17:00:51,0.00133390,11.68000000
2018-02-24 17:00:51,0.00133390,5.92000000
2018-02-24 17:00:51,0.00133390,163.13000000
2018-02-24 17:00:52,0.00133390,7.28000000
2018-02-24 17:00:55,0.00133400,25.12000000
2018-02-24 17:00:56,0.00133390,2.49000000
2018-02-24 17:00:56,0.00133390,9.53000000
2018-02-24 17:00:56,0.00133210,2.28000000
2018-02-24 17:00:56,0.00133000,46.18000000
2018-02-24 17:00:56,0.00133000,46.00000000
2018-02-24 17:00:59,0.00133180,195.51000000
2018-02-24 17:01:02,0.00133370,7.51000000
2018-02-24 17:01:02,0.00133380,10.48000000
2018-02-24 17:01:04,0.00133080,3.64000000
2018-02-24 17:01:06,0.00133180,60.17000000
2018-02-24 17:01:06,0.00133180,34.40000000
2018-02-24 17:01:08,0.00133180,44.99000000
2018-02-24 17:01:08,0.00133350,3.64000000
2018-02-24 17:01:08,0.00133360,1.36000000
2018-02-24 17:01:09,0.00133180,32.01000000
2018-02-24 17:01:09,0.00133080,3.87000000
2018-02-24 17:01:09,0.00133070,7.28000000
2018-02-24 17:01:09,0.00133050,107.01000000
2018-02-24 17:01:09,0.00133040,405.26000000
2018-02-24 17:01:09,0.00133010,5.00000000
2018-02-24 17:01:09,0.00133000,30.29000000
2018-02-24 17:01:09,0.00132880,102.14000000
2018-02-24 17:01:09,0.00132860,69.12000000
2018-02-24 17:01:09,0.00132850,87.83000000
2018-02-24 17:01:09,0.00132800,538.02000000
2018-02-24 17:01:09,0.00132780,105.33000000
2018-02-24 17:01:09,0.00132760,60.52000000
2018-02-24 17:01:09,0.00132750,705.32000000
2018-02-24 17:01:10,0.00133200,22.74000000
2018-02-24 17:01:11,0.00132850,6.67000000
2018-02-24 17:01:11,0.00132850,53.99000000
2018-02-24 17:01:11,0.00132850,12.04000000
2018-02-24 17:01:11,0.00133170,5.00000000
2018-02-24 17:01:11,0.00133180,3.20000000
2018-02-24 17:01:13,0.00133080,59.08000000
2018-02-24 17:01:14,0.00133180,2.10000000
2018-02-24 17:01:15,0.00133000,79.20000000
2018-02-24 17:01:15,0.00132830,12.52000000
2018-02-24 17:01:15,0.00132810,12.40000000
2018-02-24 17:01:18,0.00133000,47.72000000
2018-02-24 17:01:18,0.00133000,22.52000000
2018-02-24 17:01:18,0.00133000,19.81000000
2018-02-24 17:01:19,0.00133000,30.78000000
2018-02-24 17:01:19,0.00133000,22.52000000
2018-02-24 17:01:19,0.00133000,4.81000000
2018-02-24 17:01:19,0.00133000,36.80000000
2018-02-24 17:01:19,0.00133000,0.79000000
2018-02-24 17:01:19,0.00132830,5.00000000
2018-02-24 17:01:19,0.00132820,5.00000000
2018-02-24 17:01:19,0.00132810,4.93000000
2018-02-24 17:01:19,0.00132790,10.00000000
2018-02-24 17:01:19,0.00132780,8.87000000
2018-02-24 17:01:19,0.00132990,4.55000000
2018-02-24 17:01:20,0.00132990,0.01000000
2018-02-24 17:01:20,0.00133070,1.64000000
2018-02-24 17:01:20,0.00132850,2.25000000
2018-02-24 17:01:21,0.00133070,2.67000000
2018-02-24 17:01:21,0.00133070,40.61000000
2018-02-24 17:01:21,0.00133060,5.00000000
2018-02-24 17:01:21,0.00133070,10.42000000
2018-02-24 17:01:22,0.00133000,22.52000000
2018-02-24 17:01:22,0.00133000,25.39000000
2018-02-24 17:01:22,0.00133000,52.08000000
2018-02-24 17:01:22,0.00133000,0.01000000
2018-02-24 17:01:22,0.00132850,0.03000000
2018-02-24 17:01:22,0.00132820,4.10000000
2018-02-24 17:01:22,0.00132980,2.27000000
2018-02-24 17:01:22,0.00132980,0.01000000
2018-02-24 17:01:23,0.00133000,20.66000000
2018-02-24 17:01:23,0.00132980,2.27000000
2018-02-24 17:01:23,0.00132820,3.84000000
2018-02-24 17:01:23,0.00133000,22.53000000
2018-02-24 17:01:23,0.00133000,6.41000000
2018-02-24 17:01:24,0.00132870,2.28000000
2018-02-24 17:01:24,0.00132820,3.87000000
2018-02-24 17:01:24,0.00132810,8.35000000
2018-02-24 17:01:24,0.00132810,53.24000000
2018-02-24 17:01:24,0.00133000,1.02000000
2018-02-24 17:01:25,0.00132820,136.66000000
2018-02-24 17:01:25,0.00133000,0.25000000
2018-02-24 17:01:26,0.00133000,8.17000000
2018-02-24 17:01:26,0.00133000,22.53000000
2018-02-24 17:01:26,0.00133000,22.53000000
2018-02-24 17:01:26,0.00133000,3.43000000
2018-02-24 17:01:26,0.00133000,11.75000000
2018-02-24 17:01:26,0.00133000,22.53000000
2018-02-24 17:01:26,0.00132840,2.28000000
2018-02-24 17:01:26,0.00132820,0.35000000
2018-02-24 17:01:26,0.00132980,2.28000000
2018-02-24 17:01:26,0.00132820,2.27000000
2018-02-24 17:01:26,0.00133000,22.53000000
2018-02-24 17:01:26,0.00133000,19.53000000
2018-02-24 17:01:27,0.00133030,7.28000000
2018-02-24 17:01:29,0.00132980,13.08000000
2018-02-24 17:01:29,0.00133000,30.30000000
2018-02-24 17:01:30,0.00132990,22.52000000
2018-02-24 17:01:30,0.00132990,9.94000000
2018-02-24 17:01:30,0.00132990,22.52000000
2018-02-24 17:01:30,0.00132990,6.59000000
2018-02-24 17:01:31,0.00132820,0.01000000
2018-02-24 17:01:31,0.00132810,19.99000000
2018-02-24 17:01:31,0.00132900,208.07000000
2018-02-24 17:01:31,0.00132810,8.69000000
2018-02-24 17:01:32,0.00132990,2.45000000
2018-02-24 17:01:32,0.00132830,15.85000000
2018-02-24 17:01:34,0.00132990,2.55000000
2018-02-24 17:01:34,0.00133000,64.30000000
2018-02-24 17:01:36,0.00132940,5.12000000
2018-02-24 17:01:38,0.00132830,52.44000000
2018-02-24 17:01:38,0.00132820,11.63000000
2018-02-24 17:01:41,0.00132980,103.02000000
2018-02-24 17:01:41,0.00132990,228.40000000
2018-02-24 17:01:42,0.00132990,51.08000000
2018-02-24 17:01:46,0.00132990,141.67000000
2018-02-24 17:01:47,0.00133000,28.72000000
2018-02-24 17:01:49,0.00132990,48.66000000
2018-02-24 17:01:50,0.00132990,51.67000000
2018-02-24 17:01:50,0.00133000,150.98000000
2018-02-24 17:01:51,0.00132990,249.12000000
2018-02-24 17:01:51,0.00133000,320.17000000
2018-02-24 17:01:52,0.00133000,64.39000000
2018-02-24 17:01:52,0.00133020,7.68000000
2018-02-24 17:01:54,0.00132880,2.28000000
2018-02-24 17:01:54,0.00132860,104.94000000
2018-02-24 17:01:54,0.00132860,97.97000000
2018-02-24 17:01:54,0.00132850,57.29000000
2018-02-24 17:01:54,0.00132820,47.67000000
2018-02-24 17:01:54,0.00132810,133.90000000
2018-02-24 17:01:54,0.00132800,22.59000000
2018-02-24 17:01:54,0.00132790,314.83000000
2018-02-24 17:01:54,0.00132760,5.00000000
2018-02-24 17:01:54,0.00132750,320.75000000
2018-02-24 17:01:54,0.00132750,55.67000000
2018-02-24 17:01:54,0.00132720,25.00000000
2018-02-24 17:01:54,0.00132700,61.51000000
2018-02-24 17:01:55,0.00132970,2.28000000
2018-02-24 17:01:55,0.00132990,2.11000000
2018-02-24 17:01:55,0.00133020,38.68000000
2018-02-24 17:01:56,0.00132760,5.00000000
2018-02-24 17:01:56,0.00132740,7.53000000
2018-02-24 17:01:56,0.00132720,5.00000000
2018-02-24 17:01:56,0.00132710,5.00000000
2018-02-24 17:01:56,0.00132700,72.46000000
2018-02-24 17:01:56,0.00132680,5.00000000
2018-02-24 17:01:56,0.00132670,415.34000000
2018-02-24 17:01:56,0.00132660,153.90000000
2018-02-24 17:01:56,0.00132650,153.36000000
2018-02-24 17:01:56,0.00132620,4.52000000
2018-02-24 17:01:56,0.00132610,5.00000000
2018-02-24 17:01:56,0.00132600,974.22000000
2018-02-24 17:01:56,0.00132600,16.00000000
2018-02-24 17:01:56,0.00132760,3.23000000
2018-02-24 17:01:57,0.00132800,8.01000000
2018-02-24 17:01:57,0.00132800,0.91000000
2018-02-24 17:01:57,0.00132800,5.95000000
2018-02-24 17:01:57,0.00132800,8.01000000
2018-02-24 17:01:57,0.00132800,22.56000000
2018-02-24 17:01:57,0.00132800,22.55000000
2018-02-24 17:01:57,0.00132720,8.01000000
2018-02-24 17:01:57,0.00132800,22.56000000
2018-02-24 17:01:57,0.00132800,159.45000000
2018-02-24 17:01:57,0.00132800,11.16000000
2018-02-24 17:01:57,0.00132720,267.97000000
2018-02-24 17:01:58,0.00132780,66.61000000
2018-02-24 17:01:58,0.00132780,5.46000000
2018-02-24 17:01:59,0.00132760,7.53000000
2018-02-24 17:01:59,0.00132740,5.00000000
2018-02-24 17:01:59,0.00132730,46.36000000
2018-02-24 17:01:59,0.00132700,20.95000000
2018-02-24 17:01:59,0.00132600,623.51000000
2018-02-24 17:01:59,0.00132600,557.67000000
2018-02-24 17:01:59,0.00132600,60.95000000
2018-02-24 17:01:59,0.00132600,60.00000000
2018-02-24 17:01:59,0.00132600,151.35000000
2018-02-24 17:02:00,0.00132770,2.42000000
2018-02-24 17:02:00,0.00132630,31.73000000
2018-02-24 17:02:00,0.00132600,61.13000000
2018-02-24 17:02:00,0.00132560,0.83000000
2018-02-24 17:02:00,0.00132500,43.48000000
2018-02-24 17:02:00,0.00132470,3.26000000
2018-02-24 17:02:00,0.00132430,3.60000000
2018-02-24 17:02:00,0.00132350,0.98000000
2018-02-24 17:02:00,0.00132340,9.44000000
2018-02-24 17:02:00,0.00132330,3.02000000
2018-02-24 17:02:00,0.00132310,10.00000000
2018-02-24 17:02:00,0.00132300,46.26000000
2018-02-24 17:02:00,0.00132350,55.79000000
2018-02-24 17:02:00,0.00132350,55.73000000
2018-02-24 17:02:00,0.00132350,55.72000000
2018-02-24 17:02:00,0.00132350,2716.94000000
2018-02-24 17:02:00,0.00132350,55.73000000
2018-02-24 17:02:00,0.00132350,22.56000000
2018-02-24 17:02:00,0.00132350,1142.77000000
2018-02-24 17:02:00,0.00132350,22.56000000
2018-02-24 17:02:01,0.00132560,2.01000000
2018-02-24 17:02:01,0.00132510,3.01000000
2018-02-24 17:02:01,0.00132510,1.99000000
2018-02-24 17:02:01,0.00132470,5.00000000
2018-02-24 17:02:01,0.00132350,23.44000000
2018-02-24 17:02:01,0.00132310,5.00000000
2018-02-24 17:02:01,0.00132300,51.11000000
2018-02-24 17:02:01,0.00132300,22.67000000
2018-02-24 17:02:02,0.00132310,7.78000000
2018-02-24 17:02:02,0.00132310,139.24000000
2018-02-24 17:02:02,0.00132300,12.52000000
2018-02-24 17:02:02,0.00132300,2.32000000
2018-02-24 17:02:02,0.00132550,1.88000000
2018-02-24 17:02:02,0.00132300,15.40000000
2018-02-24 17:02:02,0.00132300,32.75000000
2018-02-24 17:02:02,0.00132550,0.40000000
2018-02-24 17:02:02,0.00132560,30.91000000
2018-02-24 17:02:02,0.00132880,20.19000000
2018-02-24 17:02:02,0.00132310,142.68000000
2018-02-24 17:02:02,0.00132310,22.67000000
2018-02-24 17:02:03,0.00132310,300.13000000
2018-02-24 17:02:03,0.00132320,8.34000000
2018-02-24 17:02:03,0.00132310,72.75000000
2018-02-24 17:02:03,0.00132300,450.44000000
2018-02-24 17:02:04,0.00132330,18.53000000
2018-02-24 17:02:06,0.00132530,2.22000000
2018-02-24 17:02:06,0.00132350,4.50000000
2018-02-24 17:02:06,0.00132330,5.98000000
2018-02-24 17:02:07,0.00132330,13.39000000
2018-02-24 17:02:07,0.00132300,120.52000000
2018-02-24 17:02:07,0.00132290,18.90000000
2018-02-24 17:02:08,0.00132250,3.54000000
2018-02-24 17:02:08,0.00132250,217.37000000
2018-02-24 17:02:08,0.00132290,7.67000000
2018-02-24 17:02:08,0.00132280,2.28000000
2018-02-24 17:02:08,0.00132290,1.14000000
2018-02-24 17:02:09,0.00132250,3.54000000
2018-02-24 17:02:09,0.00132230,7.25000000
2018-02-24 17:02:09,0.00132210,3.78000000
2018-02-24 17:02:09,0.00132200,30.00000000
2018-02-24 17:02:09,0.00132190,9.48000000
2018-02-24 17:02:09,0.00132070,7.70000000
2018-02-24 17:02:09,0.00132060,1.90000000
2018-02-24 17:02:09,0.00132050,9.73000000
2018-02-24 17:02:09,0.00132040,3.79000000
2018-02-24 17:02:09,0.00132030,305.08000000
2018-02-24 17:02:09,0.00132010,211.32000000
2018-02-24 17:02:09,0.00132000,1119.38000000
2018-02-24 17:02:09,0.00131980,12.70000000
2018-02-24 17:02:09,0.00131980,97.51000000
2018-02-24 17:02:09,0.00131960,7.81000000
2018-02-24 17:02:09,0.00131890,3.38000000
2018-02-24 17:02:09,0.00131940,11.57000000
2018-02-24 17:02:09,0.00132000,2.65000000
2018-02-24 17:02:09,0.00132000,9.38000000
2018-02-24 17:02:09,0.00132000,9.38000000
2018-02-24 17:02:09,0.00131890,15.78000000
2018-02-24 17:02:09,0.00131880,31.80000000
2018-02-24 17:02:09,0.00131860,106.37000000
2018-02-24 17:02:09,0.00132000,2.65000000
2018-02-24 17:02:09,0.00132000,9.39000000
2018-02-24 17:02:10,0.00131990,9.60000000
2018-02-24 17:02:10,0.00131980,0.90000000
2018-02-24 17:02:11,0.00131980,7.58000000
2018-02-24 17:02:11,0.00131980,27.07000000
2018-02-24 17:02:11,0.00131980,66.81000000
2018-02-24 17:02:12,0.00131980,289.92000000
2018-02-24 17:02:12,0.00131990,57.19000000
2018-02-24 17:02:12,0.00131990,3.87000000
2018-02-24 17:02:12,0.00131860,25.72000000
2018-02-24 17:02:12,0.00131860,19.84000000
2018-02-24 17:02:13,0.00131980,75.53000000
2018-02-24 17:02:13,0.00131840,6.07000000
2018-02-24 17:02:13,0.00131690,15.19000000
2018-02-24 17:02:13,0.00131660,3.22000000
2018-02-24 17:02:13,0.00131630,8.88000000
2018-02-24 17:02:13,0.00131660,351.78000000
2018-02-24 17:02:13,0.00131700,75.93000000
2018-02-24 17:02:13,0.00131690,8.47000000
2018-02-24 17:02:13,0.00131630,19.48000000
2018-02-24 17:02:13,0.00131570,33.45000000
2018-02-24 17:02:13,0.00131570,184.54000000
2018-02-24 17:02:14,0.00131970,14.93000000
2018-02-24 17:02:14,0.00131570,547.00000000
2018-02-24 17:02:14,0.00131960,1.44000000
2018-02-24 17:02:14,0.00131960,0.09000000
2018-02-24 17:02:15,0.00131940,74.40000000
2018-02-24 17:02:15,0.00131950,0.09000000
2018-02-24 17:02:15,0.00131860,5.15000000
2018-02-24 17:02:15,0.00131580,14.93000000
2018-02-24 17:02:15,0.00131570,354.92000000
2018-02-24 17:02:15,0.00131570,128.01000000
2018-02-24 17:02:15,0.00131630,22.91000000
2018-02-24 17:02:15,0.00131630,19.09000000
2018-02-24 17:02:15,0.00131630,22.72000000
2018-02-24 17:02:15,0.00131630,22.75000000
2018-02-24 17:02:15,0.00131630,22.91000000
2018-02-24 17:02:15,0.00131580,38.50000000
2018-02-24 17:02:15,0.00131580,37.49000000
2018-02-24 17:02:15,0.00131570,9.44000000
2018-02-24 17:02:15,0.00131500,22.72000000
2018-02-24 17:02:15,0.00131500,88.55000000
2018-02-24 17:02:15,0.00131450,5.33000000
2018-02-24 17:02:15,0.00131430,1.00000000
2018-02-24 17:02:15,0.00131370,38.52000000
2018-02-24 17:02:16,0.00131370,55.72000000
2018-02-24 17:02:16,0.00131560,3.79000000
2018-02-24 17:02:16,0.00131550,2.48000000
2018-02-24 17:02:16,0.00131560,72.20000000
2018-02-24 17:02:16,0.00131570,10.82000000
2018-02-24 17:02:17,0.00131550,7.74000000
2018-02-24 17:02:17,0.00131370,91.91000000
2018-02-24 17:02:17,0.00131360,8.53000000
2018-02-24 17:02:17,0.00131330,13.17000000
2018-02-24 17:02:17,0.00131300,5.33000000
2018-02-24 17:02:17,0.00131290,5.65000000
2018-02-24 17:02:17,0.00131280,0.84000000
2018-02-24 17:02:17,0.00131220,185.46000000
2018-02-24 17:02:17,0.00131210,3.41000000
2018-02-24 17:02:17,0.00131200,76.21000000
2018-02-24 17:02:17,0.00131190,4.17000000
2018-02-24 17:02:17,0.00131170,115.99000000
2018-02-24 17:02:17,0.00131150,8.47000000
2018-02-24 17:02:17,0.00131060,2.22000000
2018-02-24 17:02:17,0.00131020,12.12000000
2018-02-24 17:02:17,0.00131000,112.07000000
2018-02-24 17:02:17,0.00131000,100.30000000
2018-02-24 17:02:17,0.00131000,10.00000000
2018-02-24 17:02:17,0.00131000,137.05000000
2018-02-24 17:02:17,0.00131000,20.00000000
2018-02-24 17:02:17,0.00131000,26.03000000
2018-02-24 17:02:17,0.00131110,34.28000000
2018-02-24 17:02:18,0.00131360,1.67000000
2018-02-24 17:02:18,0.00131360,59.29000000
2018-02-24 17:02:18,0.00131360,0.87000000
2018-02-24 17:02:18,0.00131360,37.00000000
2018-02-24 17:02:18,0.00131300,16.98000000
2018-02-24 17:02:18,0.00131300,16.97000000
2018-02-24 17:02:19,0.00131230,16.95000000
2018-02-24 17:02:20,0.00131220,24.51000000
2018-02-24 17:02:20,0.00131220,78.50000000
2018-02-24 17:02:20,0.00131000,234.52000000
2018-02-24 17:02:20,0.00130970,23.62000000
2018-02-24 17:02:20,0.00130900,10.15000000
2018-02-24 17:02:20,0.00130870,6.72000000
2018-02-24 17:02:20,0.00130860,51.68000000
2018-02-24 17:02:20,0.00130810,3.12000000
2018-02-24 17:02:20,0.00130740,366.69000000
2018-02-24 17:02:20,0.00130850,3.25000000
2018-02-24 17:02:20,0.00130850,3.25000000
2018-02-24 17:02:20,0.00130850,8.74000000
2018-02-24 17:02:20,0.00130850,8.74000000
2018-02-24 17:02:20,0.00130850,2.71000000
2018-02-24 17:02:20,0.00130850,5.04000000
2018-02-24 17:02:20,0.00130870,103.41000000
2018-02-24 17:02:20,0.00130850,3.25000000
2018-02-24 17:02:20,0.00130740,30.82000000
2018-02-24 17:02:20,0.00130720,4.74000000
2018-02-24 17:02:20,0.00130710,15.51000000
2018-02-24 17:02:20,0.00130700,25.50000000
2018-02-24 17:02:20,0.00130690,4.74000000
2018-02-24 17:02:20,0.00130670,2.28000000
2018-02-24 17:02:20,0.00130660,9.63000000
2018-02-24 17:02:20,0.00130650,7.12000000
2018-02-24 17:02:20,0.00130640,9.48000000
2018-02-24 17:02:20,0.00130620,6.63000000
2018-02-24 17:02:20,0.00130500,108.06000000
2018-02-24 17:02:20,0.00131220,2.49000000
2018-02-24 17:02:20,0.00131230,4.60000000
2018-02-24 17:02:20,0.00131230,9.18000000
2018-02-24 17:02:20,0.00131290,19.09000000
2018-02-24 17:02:20,0.00131300,21.72000000
2018-02-24 17:02:20,0.00131080,84.77000000
2018-02-24 17:02:20,0.00131160,7.88000000
2018-02-24 17:02:20,0.00131290,7.52000000
2018-02-24 17:02:20,0.00131300,4.30000000
2018-02-24 17:02:20,0.00131300,3.76000000
2018-02-24 17:02:21,0.00131300,10.00000000
2018-02-24 17:02:21,0.00130890,17.97000000
2018-02-24 17:02:21,0.00131300,5.00000000
2018-02-24 17:02:21,0.00130890,58.42000000
2018-02-24 17:02:21,0.00130880,82.53000000
2018-02-24 17:02:21,0.00131150,1.51000000
2018-02-24 17:02:22,0.00131150,11.41000000
2018-02-24 17:02:22,0.00131160,5.00000000
2018-02-24 17:02:22,0.00131300,12.37000000
2018-02-24 17:02:22,0.00131290,22.84000000
2018-02-24 17:02:22,0.00131290,5.01000000
2018-02-24 17:02:22,0.00131280,5.01000000
2018-02-24 17:02:23,0.00131280,28.78000000
2018-02-24 17:02:23,0.00131270,5.01000000
2018-02-24 17:02:23,0.00131260,5.01000000
2018-02-24 17:02:23,0.00130920,126.22000000
2018-02-24 17:02:23,0.00130880,7.30000000
2018-02-24 17:02:23,0.00131260,10.72000000
2018-02-24 17:02:23,0.00130880,37.36000000
2018-02-24 17:02:23,0.00130820,5.72000000
2018-02-24 17:02:24,0.00131260,5.01000000
2018-02-24 17:02:24,0.00131260,5.01000000
2018-02-24 17:02:25,0.00131240,5.01000000
2018-02-24 17:02:25,0.00131240,37.59000000
2018-02-24 17:02:25,0.00131250,5.01000000
2018-02-24 17:02:25,0.00131250,131.59000000
2018-02-24 17:02:25,0.00131270,22.41000000
2018-02-24 17:02:26,0.00131260,5.01000000
2018-02-24 17:02:26,0.00131100,1.92000000
2018-02-24 17:02:26,0.00131020,36.10000000
2018-02-24 17:02:26,0.00131100,0.03000000
2018-02-24 17:02:26,0.00131100,5.01000000
2018-02-24 17:02:26,0.00131100,25.75000000
2018-02-24 17:02:26,0.00131100,5.01000000
2018-02-24 17:02:27,0.00131000,1.00000000
2018-02-24 17:02:27,0.00131000,6.97000000
2018-02-24 17:02:27,0.00131000,1.41000000
2018-02-24 17:02:27,0.00131090,3.60000000
2018-02-24 17:02:27,0.00131090,13.27000000
2018-02-24 17:02:28,0.00131090,5.01000000
2018-02-24 17:02:28,0.00130820,1.92000000
2018-02-24 17:02:28,0.00130810,12.79000000
2018-02-24 17:02:28,0.00130540,31.12000000
2018-02-24 17:02:28,0.00130540,4.42000000
2018-02-24 17:02:28,0.00131000,2.78000000
2018-02-24 17:02:28,0.00130540,113.48000000
2018-02-24 17:02:28,0.00130530,92.09000000
2018-02-24 17:02:28,0.00130510,35.18000000
2018-02-24 17:02:28,0.00130500,97.61000000
2018-02-24 17:02:28,0.00131070,5.01000000
2018-02-24 17:02:28,0.00131070,4.88000000
2018-02-24 17:02:28,0.00131060,22.86000000
2018-02-24 17:02:28,0.00131050,2.34000000
2018-02-24 17:02:28,0.00131000,5.00000000
2018-02-24 17:02:28,0.00130840,35.23000000
2018-02-24 17:02:28,0.00130840,42.27000000
2018-02-24 17:02:28,0.00130840,9.59000000
2018-02-24 17:02:28,0.00131050,1.99000000
2018-02-24 17:02:28,0.00131060,0.24000000
2018-02-24 17:02:28,0.00131060,5.01000000
2018-02-24 17:02:29,0.00130870,2.34000000
2018-02-24 17:02:29,0.00130550,23.66000000
2018-02-24 17:02:29,0.00131060,14.22000000
2018-02-24 17:02:29,0.00131060,5.00000000
2018-02-24 17:02:29,0.00131060,5.01000000
2018-02-24 17:02:29,0.00131060,3.81000000
2018-02-24 17:02:29,0.00131060,10.00000000
2018-02-24 17:02:29,0.00131060,2.61000000
2018-02-24 17:02:29,0.00131070,3.11000000
2018-02-24 17:02:29,0.00131070,1.53000000
2018-02-24 17:02:29,0.00131070,5.01000000
2018-02-24 17:02:29,0.00131000,11.33000000
2018-02-24 17:02:30,0.00131060,6.92000000
2018-02-24 17:02:30,0.00131000,68.67000000
2018-02-24 17:02:30,0.00130900,35.45000000
2018-02-24 17:02:30,0.00131060,5.01000000
2018-02-24 17:02:30,0.00131050,1.92000000
2018-02-24 17:02:30,0.00131060,3.09000000
2018-02-24 17:02:31,0.00131060,5.01000000
2018-02-24 17:02:31,0.00130990,5.01000000
2018-02-24 17:02:31,0.00130990,3.96000000
2018-02-24 17:02:32,0.00130990,5.01000000
2018-02-24 17:02:32,0.00130990,105.60000000
2018-02-24 17:02:32,0.00130990,5.01000000
2018-02-24 17:02:33,0.00130990,2.00000000
2018-02-24 17:02:33,0.00130900,33.31000000
2018-02-24 17:02:33,0.00130640,5.72000000
2018-02-24 17:02:33,0.00130630,10.08000000
2018-02-24 17:02:33,0.00130500,349.65000000
2018-02-24 17:02:33,0.00130560,54.03000000
2018-02-24 17:02:33,0.00130560,31.70000000
2018-02-24 17:02:33,0.00130560,31.02000000
2018-02-24 17:02:34,0.00130520,22.05000000
2018-02-24 17:02:35,0.00130550,1.01000000
2018-02-24 17:02:35,0.00130560,1.01000000
2018-02-24 17:02:36,0.00130560,57.34000000
2018-02-24 17:02:36,0.00130530,1.94000000
2018-02-24 17:02:36,0.00130520,100.00000000
2018-02-24 17:02:36,0.00130520,6.52000000
2018-02-24 17:02:36,0.00130520,6.52000000
2018-02-24 17:02:36,0.00130520,4.90000000
2018-02-24 17:02:36,0.00130520,22.94000000
2018-02-24 17:02:36,0.00130520,38.31000000
2018-02-24 17:02:36,0.00130500,6.52000000
2018-02-24 17:02:36,0.00130500,57.22000000
2018-02-24 17:02:36,0.00130500,757.30000000
2018-02-24 17:02:36,0.00130520,235.04000000
2018-02-24 17:02:36,0.00130820,5.58000000
2018-02-24 17:02:36,0.00130950,100.00000000
2018-02-24 17:02:36,0.00130960,18.50000000
2018-02-24 17:02:36,0.00130970,5.00000000
2018-02-24 17:02:36,0.00130980,241.09000000
2018-02-24 17:02:36,0.00131000,342.84000000
2018-02-24 17:02:36,0.00130490,50.00000000
2018-02-24 17:02:36,0.00130490,26.58000000
2018-02-24 17:02:36,0.00131010,21.48000000
2018-02-24 17:02:36,0.00130500,8.44000000
2018-02-24 17:02:37,0.00130500,14.98000000
2018-02-24 17:02:37,0.00130510,58.27000000
2018-02-24 17:02:37,0.00130510,50.00000000
2018-02-24 17:02:37,0.00130510,50.00000000
2018-02-24 17:02:38,0.00130500,25.02000000
2018-02-24 17:02:38,0.00130480,124.77000000
2018-02-24 17:02:38,0.00130410,5.00000000
2018-02-24 17:02:38,0.00130400,197.54000000
2018-02-24 17:02:38,0.00130510,15.36000000
2018-02-24 17:02:38,0.00130450,233.76000000
2018-02-24 17:02:39,0.00130500,3.86000000
2018-02-24 17:02:39,0.00130480,13.96000000
2018-02-24 17:02:39,0.00130480,1.53000000
2018-02-24 17:02:39,0.00130480,8.68000000
2018-02-24 17:02:39,0.00130510,2.75000000
2018-02-24 17:02:39,0.00130510,3.79000000
2018-02-24 17:02:40,0.00130520,6.71000000
2018-02-24 17:02:40,0.00130520,8.00000000
2018-02-24 17:02:41,0.00130510,12.05000000
2018-02-24 17:02:41,0.00130500,5.00000000
2018-02-24 17:02:41,0.00130430,88.17000000
2018-02-24 17:02:42,0.00130460,10.00000000
2018-02-24 17:02:42,0.00130520,73.22000000
2018-02-24 17:02:43,0.00130460,3.33000000
2018-02-24 17:02:43,0.00130450,42.65000000
2018-02-24 17:02:43,0.00130500,4.20000000
2018-02-24 17:02:43,0.00130500,2.76000000
2018-02-24 17:02:43,0.00130500,2.68000000
2018-02-24 17:02:43,0.00130430,187.47000000
2018-02-24 17:02:43,0.00130500,34.23000000
2018-02-24 17:02:43,0.00130500,157.53000000
2018-02-24 17:02:43,0.00130500,111.08000000
2018-02-24 17:02:43,0.00130520,46.45000000
2018-02-24 17:02:44,0.00130490,5.31000000
2018-02-24 17:02:44,0.00130490,4.44000000
2018-02-24 17:02:44,0.00130490,1.15000000
2018-02-24 17:02:44,0.00130490,0.92000000
2018-02-24 17:02:44,0.00130490,1.82000000
2018-02-24 17:02:44,0.00130490,1.63000000
2018-02-24 17:02:45,0.00130440,14.44000000
2018-02-24 17:02:45,0.00130430,30.43000000
2018-02-24 17:02:45,0.00130490,31.89000000
2018-02-24 17:02:45,0.00130500,23.76000000
2018-02-24 17:02:46,0.00130520,1.53000000
2018-02-24 17:02:46,0.00130500,2.11000000
2018-02-24 17:02:46,0.00130500,55.33000000
2018-02-24 17:02:46,0.00130520,91.67000000
2018-02-24 17:02:46,0.00130520,6.13000000
2018-02-24 17:02:47,0.00130500,14.91000000
2018-02-24 17:02:47,0.00130520,1.67000000
2018-02-24 17:02:47,0.00130530,1.30000000
2018-02-24 17:02:47,0.00130600,22.98000000
2018-02-24 17:02:47,0.00130600,9.47000000
2018-02-24 17:02:47,0.00130760,4.43000000
2018-02-24 17:02:48,0.00130600,8.50000000
2018-02-24 17:02:48,0.00130600,43.36000000
2018-02-24 17:02:48,0.00130760,2.82000000
2018-02-24 17:02:49,0.00130760,5.52000000
2018-02-24 17:02:49,0.00130760,1.56000000
2018-02-24 17:02:49,0.00130760,2.45000000
2018-02-24 17:02:49,0.00130760,2.46000000
2018-02-24 17:02:49,0.00130760,0.92000000
2018-02-24 17:02:50,0.00130760,1.55000000
2018-02-24 17:02:50,0.00130760,3.82000000
2018-02-24 17:02:50,0.00130600,114.97000000
2018-02-24 17:02:50,0.00130520,3.82000000
2018-02-24 17:02:50,0.00130520,7.47000000
2018-02-24 17:02:50,0.00130520,1.45000000
2018-02-24 17:02:50,0.00130520,1.68000000
2018-02-24 17:02:50,0.00130520,9.09000000
2018-02-24 17:02:50,0.00130520,7.23000000
2018-02-24 17:02:50,0.00130520,2.25000000
2018-02-24 17:02:50,0.00130520,1.53000000
2018-02-24 17:02:50,0.00130520,29.56000000
2018-02-24 17:02:50,0.00130520,1.85000000
2018-02-24 17:02:50,0.00130750,1.56000000
2018-02-24 17:02:50,0.00130760,2.98000000
2018-02-24 17:02:50,0.00130760,2.14000000
2018-02-24 17:02:50,0.00130760,4.47000000
2018-02-24 17:02:51,0.00130760,1.45000000
2018-02-24 17:02:51,0.00130760,1.19000000
2018-02-24 17:02:51,0.00130760,1.91000000
2018-02-24 17:02:51,0.00130760,1.87000000
2018-02-24 17:02:51,0.00130760,1.68000000
2018-02-24 17:02:51,0.00130760,0.92000000
2018-02-24 17:02:51,0.00130760,2.29000000
2018-02-24 17:02:51,0.00130760,2.26000000
2018-02-24 17:02:51,0.00130760,2.40000000
2018-02-24 17:02:52,0.00130710,97.61000000
2018-02-24 17:02:53,0.00130770,0.90000000
2018-02-24 17:02:53,0.00130770,1.87000000
2018-02-24 17:02:53,0.00130690,49.61000000
2018-02-24 17:02:53,0.00130770,3.70000000
2018-02-24 17:02:53,0.00130770,3.50000000
2018-02-24 17:02:53,0.00130770,1.56000000
2018-02-24 17:02:54,0.00130760,4.30000000
2018-02-24 17:02:54,0.00130760,1.68000000
2018-02-24 17:02:54,0.00130760,2.21000000
2018-02-24 17:02:54,0.00130760,2.01000000
2018-02-24 17:02:54,0.00130760,25.17000000
2018-02-24 17:02:54,0.00130860,6.94000000
2018-02-24 17:02:54,0.00130920,5.37000000
2018-02-24 17:02:54,0.00131090,5.00000000
2018-02-24 17:02:54,0.00131100,53.55000000
2018-02-24 17:02:54,0.00130700,34.02000000
2018-02-24 17:02:54,0.00130690,18.17000000
2018-02-24 17:02:56,0.00130850,2.67000000
2018-02-24 17:02:56,0.00130850,0.78000000
2018-02-24 17:02:56,0.00131100,0.88000000
2018-02-24 17:02:56,0.00130760,21.29000000
2018-02-24 17:02:56,0.00130710,123.50000000
2018-02-24 17:02:56,0.00131000,1.05000000
2018-02-24 17:02:56,0.00131000,7.63000000
2018-02-24 17:02:56,0.00130710,7.65000000
2018-02-24 17:02:56,0.00130700,4.07000000
2018-02-24 17:02:57,0.00130800,30.67000000
2018-02-24 17:02:57,0.00131000,3.81000000
2018-02-24 17:02:58,0.00130980,1.15000000
2018-02-24 17:02:58,0.00130800,21.71000000
2018-02-24 17:02:58,0.00130800,51.72000000
2018-02-24 17:02:58,0.00130770,6.64000000
2018-02-24 17:02:59,0.00130770,1.56000000
2018-02-24 17:02:59,0.00130770,1.63000000
2018-02-24 17:02:59,0.00130770,1.91000000
2018-02-24 17:02:59,0.00130750,5.00000000
2018-02-24 17:02:59,0.00130710,1.50000000
2018-02-24 17:02:59,0.00130710,1.91000000
2018-02-24 17:02:59,0.00130710,1.91000000
2018-02-24 17:02:59,0.00130710,1.91000000
2018-02-24 17:02:59,0.00130710,2.98000000
2018-02-24 17:02:59,0.00130710,1.43000000
2018-02-24 17:02:59,0.00130710,20.00000000
2018-02-24 17:03:00,0.00130710,1.91000000
2018-02-24 17:03:00,0.00130710,1.91000000
2018-02-24 17:03:00,0.00130710,3.82000000
2018-02-24 17:03:00,0.00130710,70.32000000
2018-02-24 17:03:00,0.00130710,11.91000000
2018-02-24 17:03:00,0.00130710,79.36000000
2018-02-24 17:03:00,0.00130710,0.92000000
2018-02-24 17:03:01,0.00130710,1.91000000
2018-02-24 17:03:01,0.00130710,1.87000000
2018-02-24 17:03:01,0.00130660,70.25000000
2018-02-24 17:03:01,0.00130600,228.82000000
2018-02-24 17:03:01,0.00130520,12.63000000
2018-02-24 17:03:01,0.00130510,2.35000000
2018-02-24 17:03:01,0.00130510,22.95000000
2018-02-24 17:03:01,0.00130510,22.95000000
2018-02-24 17:03:01,0.00130510,38.31000000
2018-02-24 17:03:01,0.00130510,70.99000000
2018-02-24 17:03:01,0.00130510,15.80000000
2018-02-24 17:03:01,0.00130510,22.95000000
2018-02-24 17:03:01,0.00130510,22.95000000
2018-02-24 17:03:01,0.00130510,6.53000000
2018-02-24 17:03:01,0.00130510,2.75000000
2018-02-24 17:03:01,0.00130510,118.90000000
2018-02-24 17:03:01,0.00130510,16.48000000
2018-02-24 17:03:01,0.00130510,22.95000000
2018-02-24 17:03:02,0.00130510,9.42000000
2018-02-24 17:03:02,0.00130510,23.72000000
2018-02-24 17:03:02,0.00130500,17.23000000
2018-02-24 17:03:02,0.00130510,56.40000000
2018-02-24 17:03:02,0.00130510,1.68000000
2018-02-24 17:03:02,0.00130500,8.76000000
2018-02-24 17:03:02,0.00130510,1.53000000
2018-02-24 17:03:03,0.00130510,1.15000000
2018-02-24 17:03:03,0.00130510,7.65000000
2018-02-24 17:03:03,0.00130510,4.12000000
2018-02-24 17:03:03,0.00130510,1.30000000
2018-02-24 17:03:04,0.00130500,32.17000000
2018-02-24 17:03:04,0.00130470,0.80000000
2018-02-24 17:03:04,0.00130510,1.87000000
2018-02-24 17:03:04,0.00130470,4.20000000
2018-02-24 17:03:04,0.00130450,0.80000000
2018-02-24 17:03:05,0.00130510,2.07000000
2018-02-24 17:03:05,0.00130450,21.16000000
2018-02-24 17:03:05,0.00130370,18.84000000
2018-02-24 17:03:05,0.00130510,56.78000000
2018-02-24 17:03:06,0.00130440,246.60000000
2018-02-24 17:03:06,0.00130500,17.00000000
2018-02-24 17:03:06,0.00130500,6.67000000
2018-02-24 17:03:06,0.00130500,163.62000000
2018-02-24 17:03:07,0.00130500,86.70000000
2018-02-24 17:03:07,0.00130500,297.15000000
2018-02-24 17:03:07,0.00130450,30.61000000
2018-02-24 17:03:07,0.00130390,2.31000000
2018-02-24 17:03:07,0.00130370,1.36000000
2018-02-24 17:03:07,0.00130350,7.67000000
2018-02-24 17:03:07,0.00130330,9.02000000
2018-02-24 17:03:07,0.00130310,181.09000000
2018-02-24 17:03:07,0.00130300,742.12000000
2018-02-24 17:03:08,0.00130490,2.31000000
2018-02-24 17:03:08,0.00130510,36.41000000
2018-02-24 17:03:08,0.00130510,2.00000000
2018-02-24 17:03:08,0.00130510,1.65000000
2018-02-24 17:03:08,0.00130340,70.66000000
2018-02-24 17:03:08,0.00130300,228.16000000
2018-02-24 17:03:08,0.00130230,332.95000000
2018-02-24 17:03:08,0.00130200,52.63000000
2018-02-24 17:03:08,0.00130180,24.25000000
2018-02-24 17:03:08,0.00130170,10.61000000
2018-02-24 17:03:08,0.00130160,1.09000000
2018-02-24 17:03:08,0.00130140,0.85000000
2018-02-24 17:03:08,0.00130110,296.00000000
2018-02-24 17:03:08,0.00130100,342.51000000
2018-02-24 17:03:08,0.00130050,1.00000000
2018-02-24 17:03:08,0.00130030,250.09000000
2018-02-24 17:03:08,0.00130010,364.82000000
2018-02-24 17:03:08,0.00130000,3509.75000000
2018-02-24 17:03:08,0.00130000,360.75000000
2018-02-24 17:03:08,0.00130000,16.76000000
2018-02-24 17:03:08,0.00130000,241.99000000
2018-02-24 17:03:08,0.00130000,39.98000000
2018-02-24 17:03:08,0.00130000,101.07000000
2018-02-24 17:03:08,0.00130230,9.31000000
2018-02-24 17:03:08,0.00130230,56.39000000
2018-02-24 17:03:08,0.00130230,2.93000000
2018-02-24 17:03:08,0.00130230,2.77000000
2018-02-24 17:03:08,0.00130230,3.37000000
2018-02-24 17:03:08,0.00130020,2.31000000
2018-02-24 17:03:08,0.00130010,100.00000000
2018-02-24 17:03:08,0.00130000,897.69000000
2018-02-24 17:03:08,0.00130000,941.46000000
2018-02-24 17:03:08,0.00130000,63.66000000
2018-02-24 17:03:08,0.00130000,51.24000000
2018-02-24 17:03:08,0.00130210,1.85000000
2018-02-24 17:03:09,0.00130210,0.46000000
2018-02-24 17:03:09,0.00130230,6.74000000
2018-02-24 17:03:09,0.00130230,8.09000000
2018-02-24 17:03:09,0.00130230,38.39000000
2018-02-24 17:03:09,0.00130220,4.91000000
2018-02-24 17:03:09,0.00130160,5.00000000
2018-02-24 17:03:09,0.00130030,7.69000000
2018-02-24 17:03:09,0.00130010,5.00000000
2018-02-24 17:03:09,0.00130000,110.31000000
2018-02-24 17:03:09,0.00130000,4.61000000
2018-02-24 17:03:10,0.00130210,2.34000000
2018-02-24 17:03:10,0.00130210,40.00000000
2018-02-24 17:03:10,0.00130210,60.58000000
2018-02-24 17:03:10,0.00130230,25.42000000
2018-02-24 17:03:12,0.00130210,2.30000000
2018-02-24 17:03:12,0.00130210,27.98000000
2018-02-24 17:03:12,0.00130010,4.91000000
2018-02-24 17:03:12,0.00130000,186.07000000
2018-02-24 17:03:12,0.00130000,580.75000000
2018-02-24 17:03:12,0.00129980,7.06000000
2018-02-24 17:03:12,0.00129930,7.70000000
2018-02-24 17:03:12,0.00129900,7.70000000
2018-02-24 17:03:12,0.00129880,7.93000000
2018-02-24 17:03:12,0.00129860,39.06000000
2018-02-24 17:03:12,0.00129850,13.19000000
2018-02-24 17:03:12,0.00129840,7.74000000
2018-02-24 17:03:12,0.00129800,36.92000000
2018-02-24 17:03:12,0.00129790,2.45000000
2018-02-24 17:03:12,0.00129880,0.90000000
2018-02-24 17:03:12,0.00129880,38.81000000
2018-02-24 17:03:12,0.00129880,23.04000000
2018-02-24 17:03:12,0.00129880,16.96000000
2018-02-24 17:03:13,0.00129790,3.95000000
2018-02-24 17:03:13,0.00129740,36.10000000
2018-02-24 17:03:13,0.00129710,4.22000000
2018-02-24 17:03:14,0.00129750,30.28000000
2018-02-24 17:03:14,0.00129710,1.12000000
2018-02-24 17:03:14,0.00129660,29.53000000
2018-02-24 17:03:14,0.00129650,1.00000000
2018-02-24 17:03:14,0.00129630,18.95000000
2018-02-24 17:03:14,0.00129610,38.57000000
2018-02-24 17:03:14,0.00129600,28.19000000
2018-02-24 17:03:14,0.00129880,23.34000000
2018-02-24 17:03:14,0.00129610,22.05000000
2018-02-24 17:03:14,0.00129880,2.30000000
2018-02-24 17:03:14,0.00129880,5.00000000
2018-02-24 17:03:15,0.00129870,7.65000000
2018-02-24 17:03:15,0.00129880,42.35000000
2018-02-24 17:03:15,0.00129860,6.24000000
2018-02-24 17:03:15,0.00129860,3.85000000
2018-02-24 17:03:15,0.00129720,3.12000000
2018-02-24 17:03:16,0.00129720,0.73000000
2018-02-24 17:03:16,0.00129620,2.18000000
2018-02-24 17:03:16,0.00129600,8.25000000
2018-02-24 17:03:16,0.00129580,1.00000000
2018-02-24 17:03:16,0.00129510,1.32000000
2018-02-24 17:03:16,0.00129500,70.90000000
2018-02-24 17:03:17,0.00129580,5.39000000
2018-02-24 17:03:17,0.00129500,5.55000000
2018-02-24 17:03:17,0.00129580,5.00000000
2018-02-24 17:03:17,0.00129580,3.41000000
2018-02-24 17:03:17,0.00129590,6.68000000
2018-02-24 17:03:18,0.00129500,5.63000000
2018-02-24 17:03:18,0.00129500,3.78000000
2018-02-24 17:03:18,0.00129460,21.75000000
2018-02-24 17:03:18,0.00129500,2.00000000
2018-02-24 17:03:18,0.00129500,36.98000000
2018-02-24 17:03:18,0.00129500,93.00000000
2018-02-24 17:03:19,0.00129460,2.44000000
2018-02-24 17:03:19,0.00129410,0.37000000
2018-02-24 17:03:19,0.00129500,4.24000000
2018-02-24 17:03:19,0.00129500,3.15000000
2018-02-24 17:03:19,0.00129500,1.19000000
2018-02-24 17:03:19,0.00129500,1.69000000
2018-02-24 17:03:19,0.00129500,4.11000000
2018-02-24 17:03:19,0.00129500,34.78000000
2018-02-24 17:03:19,0.00129500,8.75000000
2018-02-24 17:03:19,0.00129500,28.99000000
2018-02-24 17:03:19,0.00129500,34.78000000
2018-02-24 17:03:19,0.00129500,34.79000000
2018-02-24 17:03:19,0.00129500,34.79000000
2018-02-24 17:03:19,0.00129500,34.78000000
2018-02-24 17:03:19,0.00129500,2.96000000
2018-02-24 17:03:19,0.00129500,23.11000000
2018-02-24 17:03:20,0.00129460,2.46000000
2018-02-24 17:03:20,0.00129500,4.18000000
2018-02-24 17:03:20,0.00129500,8.10000000
2018-02-24 17:03:20,0.00129590,2.91000000
2018-02-24 17:03:20,0.00129860,70.66000000
2018-02-24 17:03:20,0.00129870,642.72000000
2018-02-24 17:03:20,0.00129500,28.30000000
2018-02-24 17:03:21,0.00129590,8.99000000
2018-02-24 17:03:21,0.00129610,68.19000000
2018-02-24 17:03:21,0.00129600,13.89000000
2018-02-24 17:03:21,0.00129580,302.18000000
2018-02-24 17:03:21,0.00129580,22.06000000
2018-02-24 17:03:21,0.00129600,7.24000000
2018-02-24 17:03:22,0.00129710,110.45000000
2018-02-24 17:03:22,0.00129600,63.42000000
2018-02-24 17:03:22,0.00129580,314.60000000
2018-02-24 17:03:22,0.00129500,125.03000000
2018-02-24 17:03:22,0.00129410,5.56000000
2018-02-24 17:03:22,0.00129400,5.00000000
2018-02-24 17:03:22,0.00129380,5.93000000
2018-02-24 17:03:22,0.00129330,231.96000000
2018-02-24 17:03:22,0.00129300,72.77000000
2018-02-24 17:03:22,0.00129400,2.31000000
2018-02-24 17:03:22,0.00129400,2.54000000
2018-02-24 17:03:22,0.00129400,9.45000000
2018-02-24 17:03:22,0.00129400,2.54000000
2018-02-24 17:03:22,0.00129300,48.23000000
2018-02-24 17:03:22,0.00129280,34.81000000
2018-02-24 17:03:22,0.00129260,11.85000000
2018-02-24 17:03:22,0.00129240,59.88000000
2018-02-24 17:03:22,0.00129200,18.74000000
2018-02-24 17:03:22,0.00129190,1.93000000
2018-02-24 17:03:22,0.00129100,206.21000000
2018-02-24 17:03:22,0.00129500,3.85000000
2018-02-24 17:03:23,0.00129490,1.88000000
2018-02-24 17:03:23,0.00129480,3.95000000
2018-02-24 17:03:23,0.00129470,14.66000000
2018-02-24 17:03:23,0.00129470,15.03000000
2018-02-24 17:03:23,0.00129470,38.13000000
2018-02-24 17:03:23,0.00129470,7.48000000
2018-02-24 17:03:23,0.00129480,61.97000000
2018-02-24 17:03:23,0.00129480,4.74000000
2018-02-24 17:03:24,0.00129460,2.47000000
2018-02-24 17:03:24,0.00129500,9.29000000
2018-02-24 17:03:24,0.00129500,18.39000000
2018-02-24 17:03:24,0.00129340,10.91000000
2018-02-24 17:03:24,0.00129500,1.51000000
2018-02-24 17:03:24,0.00129340,8.95000000
2018-02-24 17:03:24,0.00129500,233.32000000
2018-02-24 17:03:24,0.00129580,20.88000000
2018-02-24 17:03:24,0.00129580,7.09000000
2018-02-24 17:03:25,0.00129580,1.93000000
2018-02-24 17:03:25,0.00129580,0.08000000
2018-02-24 17:03:25,0.00129600,1.78000000
2018-02-24 17:03:25,0.00129460,2.47000000
2018-02-24 17:03:25,0.00129360,23.82000000
2018-02-24 17:03:25,0.00129600,1.67000000
2018-02-24 17:03:25,0.00129600,188.35000000
2018-02-24 17:03:26,0.00129390,77.26000000
2018-02-24 17:03:26,0.00129380,11.63000000
2018-02-24 17:03:26,0.00129840,3.06000000
2018-02-24 17:03:26,0.00129840,1.86000000
2018-02-24 17:03:26,0.00129840,12.50000000
2018-02-24 17:03:26,0.00129850,4.83000000
2018-02-24 17:03:26,0.00129850,0.17000000
2018-02-24 17:03:26,0.00129500,7.10000000
2018-02-24 17:03:26,0.00129390,7.72000000
2018-02-24 17:03:26,0.00129380,8.62000000
2018-02-24 17:03:26,0.00129370,76.63000000
2018-02-24 17:03:26,0.00129330,15.00000000
2018-02-24 17:03:26,0.00129100,144.20000000
2018-02-24 17:03:26,0.00129090,3.94000000
2018-02-24 17:03:26,0.00129070,27.98000000
2018-02-24 17:03:26,0.00129050,9.59000000
2018-02-24 17:03:26,0.00129040,1.93000000
2018-02-24 17:03:26,0.00129030,150.79000000
2018-02-24 17:03:26,0.00129010,6.18000000
2018-02-24 17:03:26,0.00129000,208.49000000
2018-02-24 17:03:26,0.00129000,114.23000000
2018-02-24 17:03:26,0.00129010,10.73000000
2018-02-24 17:03:27,0.00129490,77.26000000
2018-02-24 17:03:27,0.00129500,41.19000000
2018-02-24 17:03:27,0.00129860,5.00000000
2018-02-24 17:03:27,0.00129870,12.73000000
2018-02-24 17:03:27,0.00129500,20.00000000
2018-02-24 17:03:27,0.00129820,5.00000000
2018-02-24 17:03:27,0.00129510,66.14000000
2018-02-24 17:03:27,0.00129880,37.52000000
2018-02-24 17:03:28,0.00129520,6.52000000
2018-02-24 17:03:28,0.00129510,0.96000000
2018-02-24 17:03:29,0.00129530,11.05000000
2018-02-24 17:03:29,0.00129520,30.93000000
2018-02-24 17:03:29,0.00129780,7.72000000
2018-02-24 17:03:29,0.00129790,6.52000000
2018-02-24 17:03:29,0.00129860,5.35000000
2018-02-24 17:03:29,0.00129780,2.31000000
2018-02-24 17:03:29,0.00129780,1.16000000
2018-02-24 17:03:29,0.00129780,0.88000000
2018-02-24 17:03:29,0.00129770,1.69000000
2018-02-24 17:03:30,0.00129580,43.54000000
2018-02-24 17:03:30,0.00129530,5.00000000
2018-02-24 17:03:30,0.00129520,0.93000000
2018-02-24 17:03:30,0.00129500,103.28000000
2018-02-24 17:03:30,0.00129770,1.92000000
2018-02-24 17:03:30,0.00129770,7.70000000
2018-02-24 17:03:30,0.00129770,1.67000000
2018-02-24 17:03:30,0.00129770,23.10000000
2018-02-24 17:03:30,0.00129770,9.99000000
2018-02-24 17:03:30,0.00129770,1.93000000
2018-02-24 17:03:30,0.00129500,120.28000000
2018-02-24 17:03:30,0.00129770,6.24000000
2018-02-24 17:03:30,0.00129770,2.10000000
2018-02-24 17:03:30,0.00129590,71.82000000
2018-02-24 17:03:30,0.00129770,2.31000000
2018-02-24 17:03:30,0.00129770,1.93000000
2018-02-24 17:03:30,0.00129590,31.15000000
2018-02-24 17:03:30,0.00129770,1.78000000
2018-02-24 17:03:31,0.00129770,9.47000000
2018-02-24 17:03:31,0.00129770,2.08000000
2018-02-24 17:03:31,0.00129770,12.86000000
2018-02-24 17:03:31,0.00129780,0.65000000
2018-02-24 17:03:31,0.00129790,9.13000000
2018-02-24 17:03:31,0.00129760,0.92000000
2018-02-24 17:03:31,0.00129760,4.08000000
2018-02-24 17:03:31,0.00129790,3.62000000
2018-02-24 17:03:32,0.00129790,14.11000000
2018-02-24 17:03:32,0.00129860,0.07000000
2018-02-24 17:03:33,0.00129790,14.68000000
2018-02-24 17:03:33,0.00129790,9.50000000
2018-02-24 17:03:33,0.00129790,9.50000000
2018-02-24 17:03:33,0.00129790,12.27000000
2018-02-24 17:03:33,0.00129790,23.72000000
2018-02-24 17:03:33,0.00129790,23.11000000
2018-02-24 17:03:33,0.00129790,38.56000000
2018-02-24 17:03:33,0.00129790,16.64000000
2018-02-24 17:03:33,0.00129790,4.95000000
2018-02-24 17:03:33,0.00129790,24.51000000
2018-02-24 17:03:33,0.00129790,3.71000000
2018-02-24 17:03:34,0.00129690,259.44000000
2018-02-24 17:03:34,0.00129610,13.61000000
2018-02-24 17:03:34,0.00129770,8.04000000
2018-02-24 17:03:34,0.00129770,2.49000000
2018-02-24 17:03:34,0.00129620,5.00000000
2018-02-24 17:03:34,0.00129610,8.02000000
2018-02-24 17:03:34,0.00129770,3.68000000
2018-02-24 17:03:34,0.00129790,708.98000000
2018-02-24 17:03:35,0.00129610,5.47000000
2018-02-24 17:03:35,0.00129790,1.92000000
2018-02-24 17:03:35,0.00129610,102.71000000
2018-02-24 17:03:35,0.00129600,7.71000000
2018-02-24 17:03:35,0.00129590,69.74000000
2018-02-24 17:03:35,0.00129580,8.09000000
2018-02-24 17:03:35,0.00129510,5.00000000
2018-02-24 17:03:35,0.00129500,3.17000000
2018-02-24 17:03:35,0.00129790,11.82000000
2018-02-24 17:03:35,0.00129510,77.17000000
2018-02-24 17:03:35,0.00129500,1.46000000
2018-02-24 17:03:35,0.00129500,75.31000000
2018-02-24 17:03:35,0.00129500,52.28000000
2018-02-24 17:03:36,0.00129790,10.48000000
2018-02-24 17:03:36,0.00129790,2.54000000
2018-02-24 17:03:36,0.00129780,2.31000000
2018-02-24 17:03:36,0.00129770,6.51000000
2018-02-24 17:03:36,0.00129770,20.00000000
2018-02-24 17:03:36,0.00129620,13.66000000
2018-02-24 17:03:36,0.00129500,262.77000000
2018-02-24 17:03:36,0.00129500,5.52000000
2018-02-24 17:03:36,0.00129750,0.92000000
2018-02-24 17:03:37,0.00129750,1.87000000
2018-02-24 17:03:37,0.00129500,5.00000000
2018-02-24 17:03:38,0.00129740,2.70000000
2018-02-24 17:03:38,0.00129740,2.57000000
2018-02-24 17:03:38,0.00129740,0.85000000
2018-02-24 17:03:38,0.00129590,32.32000000
2018-02-24 17:03:38,0.00129590,3.01000000
2018-02-24 17:03:39,0.00129570,0.92000000
2018-02-24 17:03:39,0.00129500,10.26000000
2018-02-24 17:03:39,0.00129570,0.92000000
2018-02-24 17:03:40,0.00129570,2.31000000
2018-02-24 17:03:40,0.00129520,2.34000000
2018-02-24 17:03:40,0.00129500,50.00000000
2018-02-24 17:03:40,0.00129390,18.00000000
2018-02-24 17:03:40,0.00129380,5.00000000
2018-02-24 17:03:40,0.00129370,1.88000000
2018-02-24 17:03:40,0.00129370,14.73000000
2018-02-24 17:03:40,0.00129370,4.95000000
2018-02-24 17:03:40,0.00129360,23.14000000
2018-02-24 17:03:40,0.00129360,6.12000000
2018-02-24 17:03:40,0.00129370,2.50000000
2018-02-24 17:03:41,0.00129370,23.15000000
2018-02-24 17:03:41,0.00129360,7.64000000
2018-02-24 17:03:41,0.00129360,23.14000000
2018-02-24 17:03:41,0.00129360,38.65000000
2018-02-24 17:03:41,0.00129360,4.95000000
2018-02-24 17:03:41,0.00129360,2.25000000
2018-02-24 17:03:41,0.00129370,1.61000000
2018-02-24 17:03:41,0.00129370,23.14000000
2018-02-24 17:03:41,0.00129370,38.65000000
2018-02-24 17:03:41,0.00129370,23.15000000
2018-02-24 17:03:41,0.00129370,23.14000000
2018-02-24 17:03:41,0.00129370,16.79000000
2018-02-24 17:03:41,0.00129370,4.95000000
2018-02-24 17:03:41,0.00129370,8.42000000
2018-02-24 17:03:41,0.00129370,3.09000000
2018-02-24 17:03:41,0.00129370,7.17000000
2018-02-24 17:03:41,0.00129370,5.79000000
2018-02-24 17:03:41,0.00129370,2.86000000
2018-02-24 17:03:41,0.00129370,0.71000000
2018-02-24 17:03:41,0.00129550,4.33000000
2018-02-24 17:03:42,0.00129350,3.00000000
2018-02-24 17:03:42,0.00129560,1.93000000
2018-02-24 17:03:42,0.00129560,0.23000000
2018-02-24 17:03:42,0.00129560,0.18000000
2018-02-24 17:03:42,0.00129600,3.34000000
2018-02-24 17:03:42,0.00129370,5.00000000
2018-02-24 17:03:42,0.00129520,32.59000000
2018-02-24 17:03:42,0.00129590,3.31000000
2018-02-24 17:03:43,0.00129350,13.70000000
2018-02-24 17:03:43,0.00129500,4.78000000
2018-02-24 17:03:44,0.00129370,7.34000000
2018-02-24 17:03:45,0.00129360,1.18000000
2018-02-24 17:03:45,0.00129350,47.33000000
2018-02-24 17:03:45,0.00129100,52.67000000
2018-02-24 17:03:46,0.00129350,63.40000000
2018-02-24 17:03:46,0.00129100,48.25000000
2018-02-24 17:03:46,0.00129020,9.57000000
2018-02-24 17:03:46,0.00129360,34.49000000
2018-02-24 17:03:46,0.00129370,9.82000000
2018-02-24 17:03:48,0.00129360,5.90000000
2018-02-24 17:03:48,0.00129360,3.86000000
2018-02-24 17:03:48,0.00129210,123.30000000
2018-02-24 17:03:48,0.00129360,0.16000000
2018-02-24 17:03:48,0.00129370,25.25000000
2018-02-24 17:03:49,0.00129400,59.60000000
2018-02-24 17:03:49,0.00129100,7.74000000
2018-02-24 17:03:49,0.00129080,2.34000000
2018-02-24 17:03:49,0.00129060,15.45000000
2018-02-24 17:03:49,0.00129050,3.88000000
2018-02-24 17:03:49,0.00129020,3.90000000
2018-02-24 17:03:49,0.00129340,1.44000000
2018-02-24 17:03:49,0.00129340,0.90000000
2018-02-24 17:03:49,0.00129020,13.61000000
2018-02-24 17:03:49,0.00129010,230.18000000
2018-02-24 17:03:49,0.00129030,247.99000000
2018-02-24 17:03:49,0.00129010,97.92000000
2018-02-24 17:03:49,0.00129000,106.61000000
2018-02-24 17:03:49,0.00129370,4.20000000
2018-02-24 17:03:49,0.00129480,2.34000000
2018-02-24 17:03:49,0.00129500,15.13000000
2018-02-24 17:03:49,0.00129590,1.69000000
2018-02-24 17:03:49,0.00129600,73.96000000
2018-02-24 17:03:51,0.00129050,111.49000000
2018-02-24 17:03:51,0.00129040,76.83000000
2018-02-24 17:03:51,0.00129020,110.64000000
2018-02-24 17:03:51,0.00129490,3.84000000
2018-02-24 17:03:51,0.00129020,213.25000000
2018-02-24 17:03:51,0.00129000,873.81000000
2018-02-24 17:03:52,0.00129050,8.66000000
2018-02-24 17:03:52,0.00129000,442.66000000
2018-02-24 17:03:52,0.00129480,2.31000000
2018-02-24 17:03:52,0.00129480,108.53000000
2018-02-24 17:03:52,0.00129500,41.47000000
2018-02-24 17:03:52,0.00129030,40.00000000
2018-02-24 17:03:52,0.00129000,132.57000000
2018-02-24 17:03:52,0.00128990,25.91000000
2018-02-24 17:03:52,0.00128930,37.52000000
2018-02-24 17:03:52,0.00128810,18.59000000
2018-02-24 17:03:52,0.00128800,79.22000000
2018-02-24 17:03:52,0.00128790,95.82000000
2018-02-24 17:03:52,0.00128760,9.63000000
2018-02-24 17:03:52,0.00128710,11.36000000
2018-02-24 17:03:52,0.00128700,4.00000000
2018-02-24 17:03:52,0.00128680,24.82000000
2018-02-24 17:03:52,0.00128670,25.53000000
2018-02-24 17:03:52,0.00128660,60.82000000
2018-02-24 17:03:52,0.00128850,23.01000000
2018-02-24 17:03:52,0.00129480,1.70000000
2018-02-24 17:03:53,0.00129460,1.86000000
2018-02-24 17:03:53,0.00128890,110.81000000
2018-02-24 17:03:53,0.00128880,1.72000000
2018-02-24 17:03:53,0.00128850,46.00000000
2018-02-24 17:03:53,0.00128670,100.00000000
2018-02-24 17:03:53,0.00128660,146.07000000
2018-02-24 17:03:53,0.00129430,6.18000000
2018-02-24 17:03:54,0.00129420,2.01000000
2018-02-24 17:03:54,0.00129420,1.91000000
2018-02-24 17:03:54,0.00129000,1.75000000
2018-02-24 17:03:54,0.00129420,3.75000000
2018-02-24 17:03:54,0.00129000,23.22000000
2018-02-24 17:03:54,0.00129000,1.08000000
2018-02-24 17:03:55,0.00129000,45.20000000
2018-02-24 17:03:55,0.00128700,7.88000000
2018-02-24 17:03:55,0.00128690,32.30000000
2018-02-24 17:03:55,0.00128680,2.71000000
2018-02-24 17:03:55,0.00128660,57.11000000
2018-02-24 17:03:55,0.00128990,2.38000000
2018-02-24 17:03:55,0.00128990,23.23000000
2018-02-24 17:03:55,0.00128990,38.52000000
2018-02-24 17:03:55,0.00129000,143.36000000
2018-02-24 17:03:55,0.00129000,39.12000000
2018-02-24 17:03:55,0.00128990,70.66000000
2018-02-24 17:03:55,0.00129000,59.34000000
2018-02-24 17:03:55,0.00129000,89.32000000
2018-02-24 17:03:55,0.00129080,0.90000000
2018-02-24 17:03:55,0.00129070,4.35000000
2018-02-24 17:03:56,0.00128670,1.53000000
2018-02-24 17:03:56,0.00128670,35.54000000
2018-02-24 17:03:56,0.00128670,2.49000000
2018-02-24 17:03:56,0.00129050,1.93000000
2018-02-24 17:03:56,0.00129050,13.72000000
2018-02-24 17:03:56,0.00129060,7.74000000
2018-02-24 17:03:56,0.00129090,31.40000000
2018-02-24 17:03:56,0.00129390,8.66000000
2018-02-24 17:03:56,0.00129400,40.00000000
2018-02-24 17:03:57,0.00129400,50.96000000
2018-02-24 17:03:57,0.00128680,23.27000000
2018-02-24 17:03:57,0.00128680,5.92000000
2018-02-24 17:03:57,0.00129000,85.58000000
2018-02-24 17:03:57,0.00129050,39.56000000
2018-02-24 17:03:57,0.00129060,49.04000000
2018-02-24 17:03:58,0.00128990,5.00000000
2018-02-24 17:03:58,0.00129070,5.00000000
2018-02-24 17:03:58,0.00129000,34.90000000
2018-02-24 17:03:59,0.00129060,5.00000000
2018-02-24 17:04:00,0.00129000,5.52000000
2018-02-24 17:04:00,0.00128670,41.47000000
2018-02-24 17:04:00,0.00128660,11.98000000
2018-02-24 17:04:00,0.00128680,1.93000000
2018-02-24 17:04:00,0.00128680,1.92000000
2018-02-24 17:04:00,0.00128680,1.92000000
2018-02-24 17:04:00,0.00128680,1.93000000
2018-02-24 17:04:00,0.00128680,1.94000000
2018-02-24 17:04:00,0.00128680,9.23000000
2018-02-24 17:04:01,0.00129060,31.76000000
2018-02-24 17:04:01,0.00129100,18.48000000
2018-02-24 17:04:01,0.00129370,1.93000000
2018-02-24 17:04:01,0.00129370,3.86000000
2018-02-24 17:04:01,0.00129370,3.79000000
2018-02-24 17:04:01,0.00129370,2.56000000
2018-02-24 17:04:01,0.00129370,2.56000000
2018-02-24 17:04:01,0.00129370,2.91000000
2018-02-24 17:04:01,0.00129370,5.77000000
2018-02-24 17:04:01,0.00129410,5.00000000
2018-02-24 17:04:01,0.00129420,5.00000000
2018-02-24 17:04:01,0.00129430,76.91000000
2018-02-24 17:04:01,0.00129450,5.00000000
2018-02-24 17:04:01,0.00129480,5.00000000
2018-02-24 17:04:01,0.00129490,98.40000000
2018-02-24 17:04:01,0.00129500,140.13000000
2018-02-24 17:04:01,0.00129580,6.16000000
2018-02-24 17:04:01,0.00129590,15.14000000
2018-02-24 17:04:01,0.00129600,0.97000000
2018-02-24 17:04:01,0.00129000,8.02000000
2018-02-24 17:04:01,0.00129000,72.82000000
2018-02-24 17:04:02,0.00129010,154.35000000
2018-02-24 17:04:02,0.00129000,415.65000000
2018-02-24 17:04:02,0.00129000,208.08000000
2018-02-24 17:04:02,0.00129010,39.20000000
2018-02-24 17:04:02,0.00129000,120.43000000
2018-02-24 17:04:02,0.00129010,1.97000000
2018-02-24 17:04:02,0.00129010,20.58000000
2018-02-24 17:04:03,0.00129460,3.09000000
2018-02-24 17:04:03,0.00129460,31.91000000
2018-02-24 17:04:03,0.00129370,0.92000000
2018-02-24 17:04:03,0.00129410,89.61000000
2018-02-24 17:04:03,0.00129570,181.47000000
2018-02-24 17:04:03,0.00129420,5.00000000
2018-02-24 17:04:03,0.00129480,5.00000000
2018-02-24 17:04:03,0.00129560,77.51000000
2018-02-24 17:04:03,0.00129570,1.88000000
2018-02-24 17:04:04,0.00129570,2.32000000
2018-02-24 17:04:04,0.00129410,25.82000000
2018-02-24 17:04:04,0.00129410,13.38000000
2018-02-24 17:04:04,0.00129570,1.39000000
2018-02-24 17:04:04,0.00129500,5.63000000
2018-02-24 17:04:04,0.00129570,3.26000000
2018-02-24 17:04:04,0.00129500,24.77000000
2018-02-24 17:04:04,0.00129500,23.16000000
2018-02-24 17:04:04,0.00129570,1.93000000
2018-02-24 17:04:04,0.00129500,980.88000000
2018-02-24 17:04:04,0.00129570,79.75000000
2018-02-24 17:04:04,0.00129580,5.00000000
2018-02-24 17:04:05,0.00129590,5.00000000
2018-02-24 17:04:05,0.00129710,4.40000000
2018-02-24 17:04:05,0.00129710,6.17000000
2018-02-24 17:04:05,0.00129500,18.38000000
2018-02-24 17:04:05,0.00129500,33.64000000
2018-02-24 17:04:05,0.00129710,1.70000000
2018-02-24 17:04:05,0.00129710,1.93000000
2018-02-24 17:04:05,0.00129500,10.92000000
2018-02-24 17:04:06,0.00129560,1.85000000
2018-02-24 17:04:06,0.00129560,5.68000000
2018-02-24 17:04:06,0.00129700,3.57000000
2018-02-24 17:04:06,0.00129700,27.53000000
2018-02-24 17:04:06,0.00129700,1.93000000
2018-02-24 17:04:06,0.00129700,3.86000000
2018-02-24 17:04:07,0.00129500,119.72000000
2018-02-24 17:04:07,0.00129700,6.17000000
2018-02-24 17:04:07,0.00129700,1.53000000
2018-02-24 17:04:07,0.00129700,1.54000000
2018-02-24 17:04:07,0.00129700,31.35000000
2018-02-24 17:04:07,0.00129710,60.65000000
2018-02-24 17:04:07,0.00129710,1.70000000
2018-02-24 17:04:07,0.00129710,5.29000000
2018-02-24 17:04:07,0.00129700,23.13000000
2018-02-24 17:04:07,0.00129700,5.10000000
2018-02-24 17:04:07,0.00129500,18.08000000
2018-02-24 17:04:08,0.00129570,1.93000000
2018-02-24 17:04:08,0.00129570,1.32000000
2018-02-24 17:04:08,0.00129570,0.93000000
2018-02-24 17:04:08,0.00129570,3.56000000
2018-02-24 17:04:08,0.00129570,3.32000000
2018-02-24 17:04:08,0.00129500,3.17000000
2018-02-24 17:04:08,0.00129570,1.93000000
2018-02-24 17:04:08,0.00129500,9.90000000
2018-02-24 17:04:08,0.00129570,2.98000000
2018-02-24 17:04:08,0.00129570,6.58000000
2018-02-24 17:04:08,0.00129600,6.78000000
2018-02-24 17:04:08,0.00129660,12.36000000
2018-02-24 17:04:08,0.00129600,269.75000000
2018-02-24 17:04:08,0.00129500,118.55000000
2018-02-24 17:04:08,0.00129120,25.47000000
2018-02-24 17:04:08,0.00129110,32.82000000
2018-02-24 17:04:09,0.00129370,4.02000000
2018-02-24 17:04:09,0.00129370,4.63000000
2018-02-24 17:04:09,0.00129370,1.93000000
2018-02-24 17:04:09,0.00129370,5.72000000
2018-02-24 17:04:09,0.00129370,1.93000000
2018-02-24 17:04:09,0.00129370,0.32000000
2018-02-24 17:04:09,0.00129390,6.64000000
2018-02-24 17:04:09,0.00129390,10.05000000
2018-02-24 17:04:09,0.00129400,8.78000000
2018-02-24 17:04:09,0.00129130,26.35000000
2018-02-24 17:04:09,0.00129660,4.01000000
2018-02-24 17:04:10,0.00129650,20.00000000
2018-02-24 17:04:10,0.00129660,11.86000000
2018-02-24 17:04:10,0.00129680,14.33000000
2018-02-24 17:04:10,0.00129680,3.08000000
2018-02-24 17:04:10,0.00129500,8.04000000
2018-02-24 17:04:10,0.00129650,4.52000000
2018-02-24 17:04:10,0.00129500,11.66000000
2018-02-24 17:04:10,0.00129650,2.93000000
2018-02-24 17:04:10,0.00129650,0.93000000
2018-02-24 17:04:10,0.00129500,36.25000000
2018-02-24 17:04:10,0.00129170,2.34000000
2018-02-24 17:04:10,0.00129160,13.17000000
2018-02-24 17:04:10,0.00129150,8.05000000
2018-02-24 17:04:11,0.00129350,2.34000000
2018-02-24 17:04:11,0.00129650,9.59000000
2018-02-24 17:04:11,0.00129210,2.00000000
2018-02-24 17:04:11,0.00129440,2.39000000
2018-02-24 17:04:11,0.00129440,1.16000000
2018-02-24 17:04:11,0.00129440,3.85000000
2018-02-24 17:04:11,0.00129440,5.77000000
2018-02-24 17:04:11,0.00129210,9.95000000
2018-02-24 17:04:11,0.00129200,177.34000000
2018-02-24 17:04:12,0.00129650,1.70000000
2018-02-24 17:04:12,0.00129650,1.58000000
2018-02-24 17:04:12,0.00129570,2.82000000
2018-02-24 17:04:12,0.00129650,1.72000000
2018-02-24 17:04:14,0.00129610,11.41000000
2018-02-24 17:04:14,0.00129610,89.79000000
2018-02-24 17:04:14,0.00129610,34.66000000
2018-02-24 17:04:15,0.00129600,2.34000000
2018-02-24 17:04:15,0.00129570,8.93000000
2018-02-24 17:04:15,0.00129500,30.00000000
2018-02-24 17:04:15,0.00129440,5.00000000
2018-02-24 17:04:15,0.00129370,99.32000000
2018-02-24 17:04:15,0.00129610,101.20000000
2018-02-24 17:04:15,0.00129640,2.34000000
2018-02-24 17:04:15,0.00129650,8.38000000
2018-02-24 17:04:15,0.00129670,380.62000000
2018-02-24 17:04:15,0.00129670,236.98000000
2018-02-24 17:04:15,0.00129670,19.64000000
2018-02-24 17:04:16,0.00129680,2.08000000
2018-02-24 17:04:16,0.00129680,6.35000000
2018-02-24 17:04:16,0.00129670,72.06000000
2018-02-24 17:04:17,0.00129670,20.00000000
2018-02-24 17:04:18,0.00129680,1.94000000
2018-02-24 17:04:18,0.00129720,5.00000000
2018-02-24 17:04:18,0.00129740,5.00000000
2018-02-24 17:04:18,0.00129750,93.50000000
2018-02-24 17:04:18,0.00129790,2.70000000
2018-02-24 17:04:19,0.00129790,18.87000000
2018-02-24 17:04:20,0.00129710,2.34000000
2018-02-24 17:04:20,0.00129680,176.99000000
2018-02-24 17:04:20,0.00129700,45.21000000
2018-02-24 17:04:20,0.00129700,1.19000000
2018-02-24 17:04:20,0.00129700,1.60000000
2018-02-24 17:04:20,0.00129770,2.34000000
2018-02-24 17:04:20,0.00129790,2.73000000
2018-02-24 17:04:20,0.00129790,2.31000000
2018-02-24 17:04:21,0.00129790,182.62000000
2018-02-24 17:04:21,0.00129790,64.42000000
2018-02-24 17:04:21,0.00129680,1.54000000
2018-02-24 17:04:21,0.00129670,1.38000000
2018-02-24 17:04:21,0.00129790,91.28000000
2018-02-24 17:04:21,0.00129670,69.20000000
2018-02-24 17:04:22,0.00129840,6.52000000
2018-02-24 17:04:22,0.00129850,5.00000000
2018-02-24 17:04:22,0.00129860,839.26000000
2018-02-24 17:04:22,0.00129860,70.66000000
2018-02-24 17:04:22,0.00129860,5.08000000
2018-02-24 17:04:22,0.00129860,1238.54000000
2018-02-24 17:04:22,0.00129800,340.35000000
2018-02-24 17:04:22,0.00129680,7.18000000
2018-02-24 17:04:22,0.00129670,61.90000000
2018-02-24 17:04:23,0.00129880,1.40000000
2018-02-24 17:04:23,0.00129880,4.12000000
2018-02-24 17:04:23,0.00129980,24.44000000
2018-02-24 17:04:23,0.00130000,17.44000000
2018-02-24 17:04:24,0.00129840,127.92000000
2018-02-24 17:04:25,0.00129860,13.56000000
2018-02-24 17:04:25,0.00129860,5.00000000
2018-02-24 17:04:25,0.00130000,485.62000000
2018-02-24 17:04:26,0.00130010,2.08000000
2018-02-24 17:04:26,0.00130000,0.66000000
2018-02-24 17:04:26,0.00130000,101.02000000
2018-02-24 17:04:26,0.00130010,30.74000000
2018-02-24 17:04:26,0.00130120,16.05000000
2018-02-24 17:04:26,0.00130180,8.95000000
2018-02-24 17:04:27,0.00130000,61.22000000
2018-02-24 17:04:27,0.00130000,5.00000000
2018-02-24 17:04:27,0.00130000,177.34000000
2018-02-24 17:04:27,0.00130180,25.86000000
2018-02-24 17:04:27,0.00130500,12.98000000
2018-02-24 17:04:27,0.00130510,574.91000000
2018-02-24 17:04:27,0.00130510,437.67000000
2018-02-24 17:04:27,0.00130510,248.54000000
2018-02-24 17:04:27,0.00130510,121.02000000
2018-02-24 17:04:27,0.00130510,37.66000000
2018-02-24 17:04:28,0.00130070,76.90000000
2018-02-24 17:04:28,0.00130070,3.12000000
2018-02-24 17:04:28,0.00130040,143.88000000
2018-02-24 17:04:28,0.00130040,1.50000000
2018-02-24 17:04:29,0.00130060,10.00000000
2018-02-24 17:04:29,0.00130300,76.90000000
2018-02-24 17:04:29,0.00130310,9.64000000
2018-02-24 17:04:29,0.00130320,4.39000000
2018-02-24 17:04:29,0.00130470,48.52000000
2018-02-24 17:04:29,0.00130480,20.00000000
2018-02-24 17:04:29,0.00130500,5.00000000
2018-02-24 17:04:29,0.00130510,5.00000000
2018-02-24 17:04:29,0.00130520,35.15000000
2018-02-24 17:04:30,0.00130520,1.44000000
2018-02-24 17:04:30,0.00130520,5.00000000
2018-02-24 17:04:30,0.00130540,2.31000000
2018-02-24 17:04:31,0.00130550,3.38000000
2018-02-24 17:04:31,0.00130550,10.18000000
2018-02-24 17:04:31,0.00130520,5.00000000
2018-02-24 17:04:31,0.00130510,113.00000000
2018-02-24 17:04:31,0.00130510,163.28000000
2018-02-24 17:04:31,0.00130550,23.62000000
2018-02-24 17:04:32,0.00130550,2.30000000
2018-02-24 17:04:32,0.00130300,10.18000000
2018-02-24 17:04:32,0.00130550,3.66000000
2018-02-24 17:04:32,0.00130550,3.83000000
2018-02-24 17:04:32,0.00130300,2.70000000
2018-02-24 17:04:32,0.00130380,4.27000000
2018-02-24 17:04:33,0.00130380,9.13000000
2018-02-24 17:04:33,0.00130410,275.72000000
2018-02-24 17:04:33,0.00130410,6.35000000
2018-02-24 17:04:33,0.00130410,2.78000000
2018-02-24 17:04:33,0.00130540,0.28000000
2018-02-24 17:04:33,0.00130540,4.59000000
2018-02-24 17:04:33,0.00130540,0.13000000
2018-02-24 17:04:33,0.00130550,1.63000000
2018-02-24 17:04:33,0.00130550,1.91000000
2018-02-24 17:04:33,0.00130550,6.68000000
2018-02-24 17:04:33,0.00130550,1.84000000
2018-02-24 17:04:34,0.00130520,5.00000000
2018-02-24 17:04:34,0.00130520,12.95000000
2018-02-24 17:04:34,0.00130520,87.76000000
2018-02-24 17:04:34,0.00130330,2.31000000
2018-02-24 17:04:34,0.00130300,9.59000000
2018-02-24 17:04:34,0.00130180,1.37000000
2018-02-24 17:04:34,0.00130530,2.31000000
2018-02-24 17:04:34,0.00130550,3.62000000
2018-02-24 17:04:34,0.00130550,1.00000000
2018-02-24 17:04:34,0.00130540,5.00000000
2018-02-24 17:04:34,0.00130550,31.49000000
2018-02-24 17:04:34,0.00130550,6.13000000
2018-02-24 17:04:34,0.00130190,2.70000000
2018-02-24 17:04:34,0.00130550,8.50000000
2018-02-24 17:04:35,0.00130190,5.90000000
2018-02-24 17:04:35,0.00130520,6.06000000
2018-02-24 17:04:35,0.00130200,0.51000000
2018-02-24 17:04:35,0.00130550,0.81000000
2018-02-24 17:04:35,0.00130550,1.70000000
2018-02-24 17:04:35,0.00130550,30.64000000
2018-02-24 17:04:35,0.00130550,2.55000000
2018-02-24 17:04:35,0.00130550,9.19000000
2018-02-24 17:04:35,0.00130550,25.71000000
2018-02-24 17:04:35,0.00130650,0.59000000
2018-02-24 17:04:35,0.00130650,1.68000000
2018-02-24 17:04:36,0.00130240,12.18000000
2018-02-24 17:04:36,0.00130600,137.24000000
2018-02-24 17:04:36,0.00130600,5.00000000
2018-02-24 17:04:36,0.00130600,13.12000000
2018-02-24 17:04:37,0.00130600,3.31000000
2018-02-24 17:04:37,0.00130640,1.91000000
2018-02-24 17:04:37,0.00130640,1.91000000
2018-02-24 17:04:38,0.00130600,4.91000000
2018-02-24 17:04:38,0.00130600,637.03000000
2018-02-24 17:04:38,0.00130600,143.78000000
2018-02-24 17:04:38,0.00130550,1.30000000
2018-02-24 17:04:38,0.00130550,5.00000000
2018-02-24 17:04:39,0.00130640,1.91000000
2018-02-24 17:04:39,0.00130550,10.00000000
2018-02-24 17:04:39,0.00130640,3.34000000
2018-02-24 17:04:39,0.00130640,6.32000000
2018-02-24 17:04:39,0.00130640,2.53000000
2018-02-24 17:04:39,0.00130580,2.31000000
2018-02-24 17:04:39,0.00130550,102.64000000
2018-02-24 17:04:39,0.00130620,2.31000000
2018-02-24 17:04:40,0.00130640,1.58000000
2018-02-24 17:04:40,0.00130640,1.28000000
2018-02-24 17:04:40,0.00130640,2.37000000
2018-02-24 17:04:40,0.00130640,28.89000000
2018-02-24 17:04:41,0.00130600,18.75000000
2018-02-24 17:04:41,0.00130550,51.38000000
2018-02-24 17:04:41,0.00130550,5.00000000
2018-02-24 17:04:41,0.00130600,3.34000000
2018-02-24 17:04:41,0.00130550,120.63000000
2018-02-24 17:04:41,0.00130250,5.00000000
2018-02-24 17:04:41,0.00130230,7.67000000
2018-02-24 17:04:41,0.00130200,2.61000000
2018-02-24 17:04:41,0.00130190,5.00000000
2018-02-24 17:04:41,0.00130080,91.90000000
2018-02-24 17:04:41,0.00130070,50.30000000
2018-02-24 17:04:42,0.00130590,44.11000000
2018-02-24 17:04:42,0.00130590,2.36000000
2018-02-24 17:04:43,0.00130440,0.92000000
2018-02-24 17:04:43,0.00130440,9.95000000
2018-02-24 17:04:44,0.00130310,3.15000000
2018-02-24 17:04:44,0.00130440,11.84000000
2018-02-24 17:04:44,0.00130440,3.87000000
2018-02-24 17:04:44,0.00130440,0.53000000
2018-02-24 17:04:44,0.00130440,16.43000000
2018-02-24 17:04:44,0.00130490,7.67000000
2018-02-24 17:04:44,0.00130550,2.75000000
2018-02-24 17:04:44,0.00130550,1.68000000
2018-02-24 17:04:45,0.00130440,3.25000000
2018-02-24 17:04:45,0.00130240,2.31000000
2018-02-24 17:04:45,0.00130440,11.67000000
2018-02-24 17:04:45,0.00130240,2.69000000
2018-02-24 17:04:45,0.00130230,85.24000000
2018-02-24 17:04:45,0.00130200,5.00000000
2018-02-24 17:04:45,0.00130130,11.80000000
2018-02-24 17:04:45,0.00130120,46.55000000
2018-02-24 17:04:45,0.00130100,17.31000000
2018-02-24 17:04:45,0.00130090,5.00000000
2018-02-24 17:04:45,0.00130070,55.29000000
2018-02-24 17:04:45,0.00130070,97.79000000
2018-02-24 17:04:45,0.00130440,15.31000000
2018-02-24 17:04:45,0.00130080,76.87000000
2018-02-24 17:04:45,0.00130070,101.48000000
2018-02-24 17:04:45,0.00130070,58.10000000
2018-02-24 17:04:46,0.00130090,8.55000000
2018-02-24 17:04:46,0.00130080,7.68000000
2018-02-24 17:04:46,0.00130070,27.40000000
2018-02-24 17:04:46,0.00130050,5.00000000
2018-02-24 17:04:46,0.00130040,40.37000000
2018-02-24 17:04:46,0.00130030,5.00000000
2018-02-24 17:04:47,0.00130300,18.17000000
2018-02-24 17:04:47,0.00130150,148.70000000
2018-02-24 17:04:47,0.00130290,8.55000000
2018-02-24 17:04:47,0.00130300,2.58000000
2018-02-24 17:04:47,0.00130130,5.00000000
2018-02-24 17:04:47,0.00130100,5.00000000
2018-02-24 17:04:47,0.00130040,152.37000000
2018-02-24 17:04:47,0.00130300,1.76000000
2018-02-24 17:04:48,0.00130290,7.68000000
2018-02-24 17:04:48,0.00130300,54.36000000
2018-02-24 17:04:48,0.00130310,35.80000000
2018-02-24 17:04:48,0.00130390,33.38000000
2018-02-24 17:04:48,0.00130400,13.17000000
2018-02-24 17:04:48,0.00130440,418.77000000
2018-02-24 17:04:48,0.00130330,1.37000000
2018-02-24 17:04:48,0.00130440,4.21000000
2018-02-24 17:04:48,0.00130440,0.92000000
2018-02-24 17:04:49,0.00130110,76.87000000
2018-02-24 17:04:49,0.00130100,46.33000000
2018-02-24 17:04:50,0.00130130,21.35000000
2018-02-24 17:04:50,0.00130100,22.24000000
2018-02-24 17:04:50,0.00130080,5.00000000
2018-02-24 17:04:50,0.00130030,97.01000000
2018-02-24 17:04:51,0.00130350,76.87000000
2018-02-24 17:04:51,0.00130360,8.56000000
2018-02-24 17:04:51,0.00130370,33.38000000
2018-02-24 17:04:51,0.00130380,13.78000000
2018-02-24 17:04:51,0.00130400,5.00000000
2018-02-24 17:04:51,0.00130420,2.31000000
2018-02-24 17:04:51,0.00130430,0.12000000
2018-02-24 17:04:51,0.00130120,2.68000000
2018-02-24 17:04:51,0.00130110,0.82000000
2018-02-24 17:04:52,0.00130140,95.74000000
2018-02-24 17:04:52,0.00130110,5.00000000
2018-02-24 17:04:52,0.00130090,542.81000000
2018-02-24 17:04:52,0.00130090,444.98000000
2018-02-24 17:04:52,0.00130040,5.00000000
2018-02-24 17:04:52,0.00130030,55.36000000
2018-02-24 17:04:52,0.00130000,507.67000000
2018-02-24 17:04:52,0.00130120,56.39000000
2018-02-24 17:04:52,0.00130010,76.89000000
2018-02-24 17:04:52,0.00130000,499.12000000
2018-02-24 17:04:53,0.00130330,3.43000000
2018-02-24 17:04:53,0.00130130,5.00000000
2018-02-24 17:04:53,0.00130100,5.00000000
2018-02-24 17:04:53,0.00130030,82.33000000
2018-02-24 17:04:53,0.00130030,4.42000000
2018-02-24 17:04:53,0.00130330,1.92000000
2018-02-24 17:04:54,0.00130110,34.50000000
2018-02-24 17:04:54,0.00130100,122.58000000
2018-02-24 17:04:54,0.00130080,5.47000000
2018-02-24 17:04:54,0.00130030,6.08000000
2018-02-24 17:04:54,0.00130030,66.96000000
2018-02-24 17:04:54,0.00130030,0.06000000
2018-02-24 17:04:54,0.00130310,1.92000000
2018-02-24 17:04:55,0.00130310,15.34000000
2018-02-24 17:04:56,0.00130030,69.76000000
2018-02-24 17:04:56,0.00130020,5.00000000
2018-02-24 17:04:56,0.00130010,5.00000000
2018-02-24 17:04:56,0.00130000,553.89000000
2018-02-24 17:04:56,0.00129960,5.00000000
2018-02-24 17:04:56,0.00129790,9.67000000
2018-02-24 17:04:56,0.00129700,5.00000000
2018-02-24 17:04:56,0.00129690,59.85000000
2018-02-24 17:04:57,0.00130040,5.00000000
2018-02-24 17:04:57,0.00130000,14.98000000
2018-02-24 17:04:57,0.00130000,5.02000000
2018-02-24 17:04:58,0.00129730,10.81000000
2018-02-24 17:04:58,0.00129700,4.44000000
2018-02-24 17:04:58,0.00129740,12.55000000
2018-02-24 17:04:58,0.00129740,20.22000000
2018-02-24 17:04:58,0.00129740,2.30000000
2018-02-24 17:04:59,0.00129730,4.44000000
2018-02-24 17:04:59,0.00129740,9.20000000
2018-02-24 17:04:59,0.00129750,12.55000000
2018-02-24 17:04:59,0.00129800,37.87000000
2018-02-24 17:04:59,0.00129800,23.00000000
2018-02-24 17:04:59,0.00129700,23.00000000
2018-02-24 17:05:00,0.00129700,6.53000000
2018-02-24 17:05:00,0.00129790,10.01000000
2018-02-24 17:05:00,0.00129800,52.12000000
2018-02-24 17:05:00,0.00129800,1.67000000
2018-02-24 17:05:00,0.00129800,3.84000000
2018-02-24 17:05:00,0.00129780,1.54000000
2018-02-24 17:05:00,0.00129780,10.87000000
2018-02-24 17:05:00,0.00129800,850.02000000
2018-02-24 17:05:01,0.00129800,7.60000000
2018-02-24 17:05:01,0.00129800,82.00000000
2018-02-24 17:05:01,0.00129800,0.90000000
2018-02-24 17:05:01,0.00129800,38.36000000
2018-02-24 17:05:04,0.00129850,24.28000000
2018-02-24 17:05:05,0.00130250,2.30000000
2018-02-24 17:05:05,0.00130250,17.92000000
2018-02-24 17:05:05,0.00129850,52.79000000
2018-02-24 17:05:05,0.00129840,17.53000000
2018-02-24 17:05:05,0.00130260,6.49000000
2018-02-24 17:05:05,0.00130250,5.00000000
2018-02-24 17:05:05,0.00130260,0.07000000
2018-02-24 17:05:05,0.00130240,20.00000000
2018-02-24 17:05:05,0.00130250,18.43000000
2018-02-24 17:05:05,0.00130240,11.41000000
2018-02-24 17:05:05,0.00129860,7.02000000
2018-02-24 17:05:05,0.00130250,3.82000000
2018-02-24 17:05:06,0.00130230,1.92000000
2018-02-24 17:05:06,0.00130230,1.92000000
2018-02-24 17:05:06,0.00130230,1.15000000
2018-02-24 17:05:07,0.00130120,67.95000000
2018-02-24 17:05:07,0.00130240,34.76000000
2018-02-24 17:05:07,0.00130250,5.00000000
2018-02-24 17:05:07,0.00130260,22.12000000
2018-02-24 17:05:07,0.00130290,5.00000000
2018-02-24 17:05:07,0.00130300,6.68000000
2018-02-24 17:05:08,0.00129890,5.00000000
2018-02-24 17:05:08,0.00129880,47.69000000
2018-02-24 17:05:08,0.00129860,84.27000000
2018-02-24 17:05:08,0.00130000,1.73000000
2018-02-24 17:05:08,0.00129860,10.01000000
2018-02-24 17:05:09,0.00130090,8.40000000
2018-02-24 17:05:09,0.00129860,7.87000000
2018-02-24 17:05:09,0.00129850,42.23000000
2018-02-24 17:05:09,0.00129800,47.78000000
2018-02-24 17:05:09,0.00129800,11.56000000
2018-02-24 17:05:10,0.00130000,2.61000000
2018-02-24 17:05:10,0.00130000,97.10000000
2018-02-24 17:05:10,0.00130070,16.32000000
2018-02-24 17:05:11,0.00130060,0.01000000
2018-02-24 17:05:11,0.00130060,1.85000000
2018-02-24 17:05:12,0.00130060,1.92000000
2018-02-24 17:05:12,0.00130060,38.51000000
2018-02-24 17:05:12,0.00129950,161.54000000
2018-02-24 17:05:12,0.00130050,6.75000000
2018-02-24 17:05:12,0.00130050,1.92000000
2018-02-24 17:05:13,0.00130050,3.49000000
2018-02-24 17:05:13,0.00130050,2.31000000
2018-02-24 17:05:14,0.00129860,1.76000000
2018-02-24 17:05:14,0.00130000,1.92000000
2018-02-24 17:05:14,0.00129860,3.24000000
2018-02-24 17:05:14,0.00129810,5.00000000
2018-02-24 17:05:14,0.00129800,37.22000000
2018-02-24 17:05:15,0.00130000,167.88000000
2018-02-24 17:05:15,0.00130030,9.67000000
2018-02-24 17:05:15,0.00130050,177.92000000
2018-02-24 17:05:15,0.00130050,2.47000000
2018-02-24 17:05:15,0.00130040,0.77000000
2018-02-24 17:05:16,0.00130050,7.69000000
2018-02-24 17:05:17,0.00130000,3.00000000
2018-02-24 17:05:17,0.00130030,2.00000000
2018-02-24 17:05:18,0.00130030,3.00000000
2018-02-24 17:05:18,0.00130040,0.84000000
2018-02-24 17:05:18,0.00130020,7.69000000
2018-02-24 17:05:18,0.00130000,6.50000000
2018-02-24 17:05:18,0.00130000,255.27000000
2018-02-24 17:05:18,0.00129860,83.31000000
2018-02-24 17:05:18,0.00129860,12.22000000
2018-02-24 17:05:19,0.00129860,3.12000000
2018-02-24 17:05:21,0.00129960,5.86000000
2018-02-24 17:05:22,0.00129960,3.08000000
2018-02-24 17:05:22,0.00129970,6.49000000
2018-02-24 17:05:22,0.00130000,4.95000000
2018-02-24 17:05:23,0.00130000,141.83000000
2018-02-24 17:05:23,0.00129880,2.31000000
2018-02-24 17:05:23,0.00129860,123.89000000
2018-02-24 17:05:23,0.00129940,2.31000000
2018-02-24 17:05:24,0.00129990,5.42000000
2018-02-24 17:05:24,0.00130000,1.45000000
2018-02-24 17:05:24,0.00130000,5.03000000
2018-02-24 17:05:24,0.00129960,9.35000000
2018-02-24 17:05:25,0.00129960,2.34000000
2018-02-24 17:05:25,0.00129860,217.09000000
2018-02-24 17:05:28,0.00129990,70.40000000
2018-02-24 17:05:28,0.00129860,204.84000000
2018-02-24 17:05:28,0.00129850,1.44000000
2018-02-24 17:05:29,0.00130000,1.46000000
2018-02-24 17:05:29,0.00130000,3.16000000
2018-02-24 17:05:30,0.00130000,0.73000000
2018-02-24 17:05:30,0.00129880,0.07000000
2018-02-24 17:05:30,0.00130000,3.85000000
2018-02-24 17:05:30,0.00129880,2.24000000
2018-02-24 17:05:30,0.00129860,7.76000000
2018-02-24 17:05:31,0.00129980,2.31000000
2018-02-24 17:05:31,0.00130000,5.16000000
2018-02-24 17:05:31,0.00129910,25.40000000
2018-02-24 17:05:32,0.00130000,13.34000000
2018-02-24 17:05:32,0.00130000,1.92000000
2018-02-24 17:05:32,0.00130000,1.51000000
2018-02-24 17:05:32,0.00130000,49.76000000
2018-02-24 17:05:32,0.00130000,1.31000000
2018-02-24 17:05:33,0.00130000,11.77000000
2018-02-24 17:05:33,0.00130000,1.54000000
2018-02-24 17:05:33,0.00130000,13.85000000
2018-02-24 17:05:33,0.00130000,1.92000000
2018-02-24 17:05:33,0.00130000,4.57000000
2018-02-24 17:05:33,0.00130000,115.00000000
2018-02-24 17:05:33,0.00130000,7.31000000
2018-02-24 17:05:35,0.00130000,2.44000000
2018-02-24 17:05:35,0.00130000,11.11000000
2018-02-24 17:05:36,0.00130000,39.26000000
2018-02-24 17:05:36,0.00129980,89.22000000
2018-02-24 17:05:37,0.00130000,3.85000000
2018-02-24 17:05:37,0.00130000,18.69000000
2018-02-24 17:05:37,0.00130000,1.69000000
2018-02-24 17:05:37,0.00130000,4.46000000
2018-02-24 17:05:38,0.00130000,996.31000000
2018-02-24 17:05:38,0.00130000,6.73000000
2018-02-24 17:05:38,0.00130000,1.53000000
2018-02-24 17:05:38,0.00130000,2.17000000
2018-02-24 17:05:39,0.00130000,8.54000000
2018-02-24 17:05:39,0.00130000,14.62000000
2018-02-24 17:05:39,0.00129880,5.00000000
2018-02-24 17:05:39,0.00130000,1.92000000
2018-02-24 17:05:39,0.00130000,116.98000000
2018-02-24 17:05:40,0.00129880,5.00000000
2018-02-24 17:05:41,0.00130000,713.75000000
2018-02-24 17:05:42,0.00129900,2.31000000
2018-02-24 17:05:42,0.00129880,4.86000000
2018-02-24 17:05:42,0.00129980,31.72000000
2018-02-24 17:05:42,0.00130000,368.28000000
2018-02-24 17:05:43,0.00130000,1.08000000
2018-02-24 17:05:43,0.00129930,174.39000000
2018-02-24 17:05:43,0.00130000,5.26000000
2018-02-24 17:05:43,0.00130000,1.92000000
2018-02-24 17:05:43,0.00129930,5.00000000
2018-02-24 17:05:45,0.00130000,1.62000000
2018-02-24 17:05:45,0.00129930,9.58000000
2018-02-24 17:05:46,0.00130000,283.86000000
2018-02-24 17:05:46,0.00130030,102.72000000
2018-02-24 17:05:46,0.00130030,6.22000000
2018-02-24 17:05:47,0.00130030,230.13000000
2018-02-24 17:05:47,0.00130030,20.95000000
2018-02-24 17:05:47,0.00130000,49.81000000
2018-02-24 17:05:48,0.00130040,1.73000000
2018-02-24 17:05:48,0.00130040,3.66000000
2018-02-24 17:05:49,0.00130000,10.00000000
2018-02-24 17:05:50,0.00130000,5.00000000
2018-02-24 17:05:51,0.00130040,39.79000000
2018-02-24 17:05:52,0.00130000,15.75000000
2018-02-24 17:05:53,0.00130040,7.31000000
2018-02-24 17:05:53,0.00130040,4.86000000
2018-02-24 17:05:53,0.00130040,10.00000000
2018-02-24 17:05:53,0.00130040,17.43000000
2018-02-24 17:05:54,0.00130040,101.84000000
2018-02-24 17:05:54,0.00130070,7.21000000
2018-02-24 17:05:55,0.00130100,1.30000000
2018-02-24 17:05:55,0.00130100,3.70000000
2018-02-24 17:05:55,0.00130140,54.82000000
2018-02-24 17:05:56,0.00130300,52.26000000
2018-02-24 17:05:56,0.00130310,18.17000000
2018-02-24 17:05:56,0.00130320,5.00000000
2018-02-24 17:05:56,0.00130340,15.54000000
2018-02-24 17:05:56,0.00130370,24.35000000
2018-02-24 17:05:56,0.00130430,19.06000000
2018-02-24 17:05:56,0.00130440,1871.99000000
2018-02-24 17:05:56,0.00130500,5.00000000
2018-02-24 17:05:56,0.00130500,5.32000000
2018-02-24 17:05:56,0.00130540,5.00000000
2018-02-24 17:05:56,0.00130680,6.72000000
2018-02-24 17:05:56,0.00130700,23.62000000
2018-02-24 17:05:56,0.00130710,7.70000000
2018-02-24 17:05:56,0.00130800,14.63000000
2018-02-24 17:05:56,0.00130500,229.44000000
2018-02-24 17:05:56,0.00130510,76.60000000
2018-02-24 17:05:56,0.00130500,334.99000000
2018-02-24 17:05:57,0.00130510,69.37000000
2018-02-24 17:05:58,0.00130850,76.60000000
2018-02-24 17:05:58,0.00130860,87.36000000
2018-02-24 17:05:58,0.00130880,12.69000000
2018-02-24 17:05:58,0.00130520,5.00000000
2018-02-24 17:05:59,0.00130520,17.01000000
2018-02-24 17:05:59,0.00130510,6.59000000
2018-02-24 17:05:59,0.00130530,8.42000000
2018-02-24 17:05:59,0.00130500,8.59000000
2018-02-24 17:05:59,0.00130540,6.06000000
2018-02-24 17:05:59,0.00130540,22.98000000
2018-02-24 17:05:59,0.00130540,22.98000000
2018-02-24 17:05:59,0.00130560,2.31000000
2018-02-24 17:05:59,0.00130540,20.67000000
2018-02-24 17:05:59,0.00130540,3.90000000
2018-02-24 17:05:59,0.00130540,7.65000000
2018-02-24 17:05:59,0.00130840,5.00000000
2018-02-24 17:05:59,0.00130880,2.31000000
2018-02-24 17:05:59,0.00130900,24.73000000
2018-02-24 17:05:59,0.00130990,68.77000000
2018-02-24 17:05:59,0.00130520,1.85000000
2018-02-24 17:05:59,0.00130520,3.89000000
2018-02-24 17:06:00,0.00130530,3.68000000
2018-02-24 17:06:00,0.00130530,14.30000000
2018-02-24 17:06:00,0.00130540,5.00000000
2018-02-24 17:06:00,0.00130530,17.97000000
2018-02-24 17:06:00,0.00130530,5.00000000
2018-02-24 17:06:00,0.00130980,37.02000000
2018-02-24 17:06:00,0.00130530,7.93000000
2018-02-24 17:06:01,0.00130530,38.50000000
2018-02-24 17:06:01,0.00130520,5.00000000
2018-02-24 17:06:01,0.00130510,5.00000000
2018-02-24 17:06:01,0.00130500,219.00000000
2018-02-24 17:06:01,0.00130880,5.00000000
2018-02-24 17:06:01,0.00130960,1.90000000
2018-02-24 17:06:02,0.00130540,5.00000000
2018-02-24 17:06:02,0.00130530,5.00000000
2018-02-24 17:06:02,0.00130520,8.45000000
2018-02-24 17:06:02,0.00130510,28.94000000
2018-02-24 17:06:02,0.00130500,104.33000000
2018-02-24 17:06:02,0.00130900,45.81000000
2018-02-24 17:06:02,0.00130500,4.50000000
2018-02-24 17:06:02,0.00130500,233.79000000
2018-02-24 17:06:02,0.00130500,15.00000000
2018-02-24 17:06:02,0.00130890,19.23000000
2018-02-24 17:06:02,0.00130520,2.31000000
2018-02-24 17:06:02,0.00130500,36.10000000
2018-02-24 17:06:03,0.00130500,4.34000000
2018-02-24 17:06:03,0.00130520,5.00000000
2018-02-24 17:06:03,0.00130510,8.11000000
2018-02-24 17:06:03,0.00130500,128.72000000
2018-02-24 17:06:04,0.00130810,3.06000000
2018-02-24 17:06:04,0.00130500,10.00000000
2018-02-24 17:06:04,0.00130500,2.46000000
2018-02-24 17:06:04,0.00130650,4.50000000
2018-02-24 17:06:04,0.00130650,1.25000000
2018-02-24 17:06:04,0.00130650,32.49000000
2018-02-24 17:06:05,0.00130500,140.89000000
2018-02-24 17:06:05,0.00130630,79.26000000
2018-02-24 17:06:05,0.00130640,20.00000000
2018-02-24 17:06:05,0.00130650,5.75000000
2018-02-24 17:06:05,0.00130750,3.11000000
2018-02-24 17:06:05,0.00130820,9.20000000
2018-02-24 17:06:06,0.00130520,2.31000000
2018-02-24 17:06:06,0.00130510,76.61000000
2018-02-24 17:06:06,0.00130500,154.87000000
2018-02-24 17:06:06,0.00130530,4.80000000
2018-02-24 17:06:06,0.00130600,76.61000000
2018-02-24 17:06:06,0.00130610,2.31000000
2018-02-24 17:06:06,0.00130530,28.58000000
2018-02-24 17:06:06,0.00130520,9.83000000
2018-02-24 17:06:07,0.00130530,3.07000000
2018-02-24 17:06:07,0.00130800,16.36000000
2018-02-24 17:06:08,0.00130530,5.00000000
2018-02-24 17:06:08,0.00130790,4.25000000
2018-02-24 17:06:08,0.00130800,22.02000000
2018-02-24 17:06:09,0.00130810,3.82000000
2018-02-24 17:06:09,0.00130550,73.91000000
2018-02-24 17:06:09,0.00130770,2.31000000
2018-02-24 17:06:10,0.00130790,1.94000000
2018-02-24 17:06:10,0.00130800,76.60000000
2018-02-24 17:06:10,0.00130800,12.67000000
2018-02-24 17:06:10,0.00130820,5.00000000
2018-02-24 17:06:10,0.00130850,6.93000000
2018-02-24 17:06:11,0.00130870,2.31000000
2018-02-24 17:06:11,0.00130880,5.00000000
2018-02-24 17:06:11,0.00130890,19.27000000
2018-02-24 17:06:11,0.00130900,5.35000000
2018-02-24 17:06:11,0.00130970,35.89000000
2018-02-24 17:06:11,0.00130980,5.00000000
2018-02-24 17:06:11,0.00131000,125.51000000
2018-02-24 17:06:11,0.00131000,157.12000000
2018-02-24 17:06:11,0.00131000,124.22000000
2018-02-24 17:06:11,0.00131000,88.59000000
2018-02-24 17:06:12,0.00131000,3.83000000
2018-02-24 17:06:12,0.00131000,9.44000000
2018-02-24 17:06:12,0.00131000,7.72000000
2018-02-24 17:06:12,0.00131020,2.31000000
2018-02-24 17:06:13,0.00131000,2.41000000
2018-02-24 17:06:14,0.00130990,15.24000000
2018-02-24 17:06:14,0.00131000,5.00000000
2018-02-24 17:06:15,0.00131070,2.31000000
2018-02-24 17:06:15,0.00131090,1.96000000
2018-02-24 17:06:15,0.00131100,53.84000000
2018-02-24 17:06:15,0.00131180,40.41000000
2018-02-24 17:06:15,0.00131200,6.00000000
2018-02-24 17:06:15,0.00131240,9.47000000
2018-02-24 17:06:15,0.00131340,5.68000000
2018-02-24 17:06:15,0.00131420,54.31000000
2018-02-24 17:06:15,0.00131470,251.02000000
2018-02-24 17:06:15,0.00131470,100.00000000
2018-02-24 17:06:16,0.00131020,2.31000000
2018-02-24 17:06:16,0.00131030,20.00000000
2018-02-24 17:06:16,0.00131030,38.19000000
2018-02-24 17:06:16,0.00131040,7.63000000
2018-02-24 17:06:16,0.00131030,15.26000000
2018-02-24 17:06:16,0.00131040,7.63000000
2018-02-24 17:06:16,0.00131050,22.89000000
2018-02-24 17:06:16,0.00131050,51.09000000
2018-02-24 17:06:17,0.00131040,40.00000000
2018-02-24 17:06:17,0.00131030,31.13000000
2018-02-24 17:06:17,0.00131040,36.29000000
2018-02-24 17:06:17,0.00131050,53.49000000
2018-02-24 17:06:17,0.00131400,4.13000000
2018-02-24 17:06:18,0.00131100,1.00000000
2018-02-24 17:06:18,0.00131100,50.00000000
2018-02-24 17:06:18,0.00131100,2.64000000
2018-02-24 17:06:18,0.00131100,4.47000000
2018-02-24 17:06:18,0.00131090,2.64000000
2018-02-24 17:06:18,0.00131100,7.12000000
2018-02-24 17:06:18,0.00131200,4.47000000
2018-02-24 17:06:18,0.00131200,150.19000000
2018-02-24 17:06:18,0.00131050,5.00000000
2018-02-24 17:06:18,0.00131040,102.39000000
2018-02-24 17:06:18,0.00131030,21.04000000
2018-02-24 17:06:18,0.00131180,6.44000000
2018-02-24 17:06:18,0.00131180,180.79000000
2018-02-24 17:06:19,0.00131120,2.31000000
2018-02-24 17:06:19,0.00131040,4.80000000
2018-02-24 17:06:19,0.00131040,2.27000000
2018-02-24 17:06:19,0.00131040,8.23000000
2018-02-24 17:06:19,0.00131020,0.85000000
2018-02-24 17:06:19,0.00131010,2.31000000
2018-02-24 17:06:19,0.00130950,43.36000000
2018-02-24 17:06:19,0.00130890,5.00000000
2018-02-24 17:06:19,0.00130800,8.44000000
2018-02-24 17:06:19,0.00131040,2.27000000
2018-02-24 17:06:19,0.00131040,4.25000000
2018-02-24 17:06:19,0.00130800,4.48000000
2018-02-24 17:06:19,0.00130750,9.66000000
2018-02-24 17:06:19,0.00130550,8.22000000
2018-02-24 17:06:19,0.00130550,40.85000000
2018-02-24 17:06:19,0.00130550,15.18000000
2018-02-24 17:06:20,0.00130860,7.67000000
2018-02-24 17:06:20,0.00131000,76.31000000
2018-02-24 17:06:20,0.00131010,7.63000000
2018-02-24 17:06:20,0.00131020,8.75000000
2018-02-24 17:06:20,0.00131040,2.50000000
2018-02-24 17:06:20,0.00131050,2.31000000
2018-02-24 17:06:20,0.00131090,2.31000000
2018-02-24 17:06:20,0.00131100,1.93000000
2018-02-24 17:06:20,0.00131120,9.23000000
2018-02-24 17:06:20,0.00131180,6.44000000
2018-02-24 17:06:20,0.00131250,2.31000000
2018-02-24 17:06:20,0.00131270,3.10000000
2018-02-24 17:06:20,0.00131310,9.31000000
2018-02-24 17:06:20,0.00130570,5.10000000
2018-02-24 17:06:20,0.00130850,18.91000000
2018-02-24 17:06:20,0.00130850,36.96000000
2018-02-24 17:06:21,0.00130750,1.15000000
2018-02-24 17:06:21,0.00130840,3.82000000
2018-02-24 17:06:21,0.00130750,3.85000000
2018-02-24 17:06:22,0.00130730,7.64000000
2018-02-24 17:06:22,0.00130580,5.22000000
2018-02-24 17:06:22,0.00130770,2.31000000
2018-02-24 17:06:22,0.00130830,5.10000000
2018-02-24 17:06:22,0.00130840,1.18000000
2018-02-24 17:06:22,0.00130970,2.31000000
2018-02-24 17:06:22,0.00130990,9.88000000
2018-02-24 17:06:23,0.00130990,1.91000000
2018-02-24 17:06:23,0.00130570,5.00000000
2018-02-24 17:06:23,0.00130550,21.61000000
2018-02-24 17:06:23,0.00130830,2.94000000
2018-02-24 17:06:25,0.00130810,4.09000000
2018-02-24 17:06:25,0.00130560,46.12000000
2018-02-24 17:06:25,0.00130550,30.15000000
2018-02-24 17:06:25,0.00130540,371.86000000
2018-02-24 17:06:25,0.00130520,64.50000000
2018-02-24 17:06:25,0.00130510,4.85000000
2018-02-24 17:06:25,0.00130440,342.55000000
2018-02-24 17:06:25,0.00130590,2.31000000
2018-02-24 17:06:26,0.00130780,2.31000000
2018-02-24 17:06:26,0.00130800,5.33000000
2018-02-24 17:06:26,0.00130570,5.00000000
2018-02-24 17:06:26,0.00130560,5.00000000
2018-02-24 17:06:26,0.00130770,46.06000000
2018-02-24 17:06:26,0.00130790,22.95000000
2018-02-24 17:06:27,0.00130790,1.91000000
2018-02-24 17:06:27,0.00130590,5.00000000
2018-02-24 17:06:27,0.00130580,79.00000000
2018-02-24 17:06:27,0.00130440,115.38000000
2018-02-24 17:06:27,0.00130810,5.00000000
2018-02-24 17:06:27,0.00130820,33.19000000
2018-02-24 17:06:27,0.00130440,159.96000000
2018-02-24 17:06:27,0.00130440,188.62000000
2018-02-24 17:06:27,0.00130450,76.65000000
2018-02-24 17:06:27,0.00130440,112.12000000
2018-02-24 17:06:28,0.00130440,95.59000000
2018-02-24 17:06:28,0.00130600,14.35000000
2018-02-24 17:06:28,0.00130440,62.71000000
2018-02-24 17:06:28,0.00130770,1.43000000
2018-02-24 17:06:28,0.00130480,2.31000000
2018-02-24 17:06:28,0.00130460,3.11000000
2018-02-24 17:06:28,0.00130440,345.91000000
2018-02-24 17:06:29,0.00130590,5.00000000
2018-02-24 17:06:29,0.00130480,5.00000000
2018-02-24 17:06:29,0.00130470,6.13000000
2018-02-24 17:06:29,0.00130450,5.00000000
2018-02-24 17:06:29,0.00130440,335.35000000
2018-02-24 17:06:30,0.00130480,3.83000000
2018-02-24 17:06:30,0.00130440,246.95000000
2018-02-24 17:06:31,0.00130690,3.91000000
2018-02-24 17:06:31,0.00130140,29.47000000
2018-02-24 17:06:33,0.00130430,1.00000000
2018-02-24 17:06:33,0.00130430,15.33000000
2018-02-24 17:06:33,0.00130150,5.00000000
2018-02-24 17:06:33,0.00130140,27.53000000
2018-02-24 17:06:33,0.00130130,36.34000000
2018-02-24 17:06:33,0.00130080,5.00000000
2018-02-24 17:06:33,0.00130070,324.50000000
2018-02-24 17:06:34,0.00130020,12.50000000
2018-02-24 17:06:34,0.00130020,9.89000000
2018-02-24 17:06:34,0.00130020,12.50000000
2018-02-24 17:06:34,0.00130010,5.00000000
2018-02-24 17:06:34,0.00130010,5.69000000
2018-02-24 17:06:35,0.00130000,20.00000000
2018-02-24 17:06:35,0.00130010,22.88000000
2018-02-24 17:06:35,0.00130010,8.91000000
2018-02-24 17:06:35,0.00130040,1.54000000
2018-02-24 17:06:35,0.00130040,102.09000000
2018-02-24 17:06:35,0.00130000,2.31000000
2018-02-24 17:06:36,0.00130010,10.51000000
2018-02-24 17:06:36,0.00130410,2.09000000
2018-02-24 17:06:36,0.00130010,9.49000000
2018-02-24 17:06:36,0.00130000,48.62000000
2018-02-24 17:06:36,0.00130080,4.70000000
2018-02-24 17:06:37,0.00130090,28.01000000
2018-02-24 17:06:37,0.00130090,48.89000000
2018-02-24 17:06:37,0.00130080,48.91000000
2018-02-24 17:06:37,0.00130010,12.98000000
2018-02-24 17:06:37,0.00130000,28.88000000
2018-02-24 17:06:37,0.00130380,1.49000000
2018-02-24 17:06:38,0.00130000,1.05000000
2018-02-24 17:06:38,0.00130000,51.99000000
2018-02-24 17:06:38,0.00129930,226.60000000
2018-02-24 17:06:39,0.00129930,12.61000000
2018-02-24 17:06:39,0.00129930,13.18000000
2018-02-24 17:06:39,0.00129930,10.99000000
2018-02-24 17:06:39,0.00129930,13.19000000
2018-02-24 17:06:39,0.00129910,13.81000000
2018-02-24 17:06:39,0.00129930,13.19000000
2018-02-24 17:06:39,0.00129930,13.19000000
2018-02-24 17:06:39,0.00129920,13.19000000
2018-02-24 17:06:39,0.00129920,13.18000000
2018-02-24 17:06:39,0.00129920,10.99000000
2018-02-24 17:06:39,0.00129880,10.98000000
2018-02-24 17:06:39,0.00129880,13.19000000
2018-02-24 17:06:39,0.00129910,9.66000000
2018-02-24 17:06:39,0.00129920,45.73000000
2018-02-24 17:06:39,0.00129930,90.34000000
2018-02-24 17:06:41,0.00130040,5.12000000
2018-02-24 17:06:42,0.00130040,13.19000000
2018-02-24 17:06:43,0.00130040,73.90000000
2018-02-24 17:06:43,0.00130000,13.51000000
2018-02-24 17:06:43,0.00130060,1.92000000
2018-02-24 17:06:44,0.00130010,16.94000000
2018-02-24 17:06:44,0.00130060,20.29000000
2018-02-24 17:06:44,0.00130070,36.34000000
2018-02-24 17:06:45,0.00130070,62.15000000
2018-02-24 17:06:45,0.00130070,3.91000000
2018-02-24 17:06:45,0.00130070,28.20000000
2018-02-24 17:06:46,0.00130070,44.92000000
2018-02-24 17:06:46,0.00130110,6.14000000
2018-02-24 17:06:46,0.00130100,2.53000000
2018-02-24 17:06:46,0.00130100,5.70000000
2018-02-24 17:06:46,0.00130110,18.47000000
2018-02-24 17:06:46,0.00130120,67.95000000
2018-02-24 17:06:47,0.00130140,1.32000000
2018-02-24 17:06:47,0.00130140,214.93000000
2018-02-24 17:06:47,0.00130300,285.07000000
2018-02-24 17:06:47,0.00130070,98.13000000
2018-02-24 17:06:47,0.00130060,18.93000000
2018-02-24 17:06:47,0.00130010,16.94000000
2018-02-24 17:06:47,0.00130000,294.68000000
2018-02-24 17:06:47,0.00130010,23.02000000
2018-02-24 17:06:47,0.00130040,68.05000000
2018-02-24 17:06:48,0.00130040,38.12000000
2018-02-24 17:06:48,0.00130180,199.79000000
2018-02-24 17:06:48,0.00130040,1.00000000
2018-02-24 17:06:49,0.00130310,1.85000000
2018-02-24 17:06:50,0.00130040,320.51000000
2018-02-24 17:06:50,0.00130000,58.28000000
2018-02-24 17:06:50,0.00130060,2.31000000
2018-02-24 17:06:50,0.00130040,7.63000000
2018-02-24 17:06:50,0.00130040,52.00000000
2018-02-24 17:06:50,0.00130280,21.17000000
2018-02-24 17:06:50,0.00130290,2.31000000
2018-02-24 17:06:50,0.00130300,12.98000000
2018-02-24 17:06:50,0.00130310,5.00000000
2018-02-24 17:06:50,0.00130320,13.18000000
2018-02-24 17:06:50,0.00130330,22.07000000
2018-02-24 17:06:52,0.00130280,1.69000000
2018-02-24 17:06:55,0.00130280,1.69000000
2018-02-24 17:06:55,0.00130280,1.62000000
2018-02-24 17:06:56,0.00130280,50.00000000
2018-02-24 17:06:58,0.00130280,9.64000000
2018-02-24 17:06:59,0.00130290,63.64000000
2018-02-24 17:06:59,0.00130300,10.00000000
2018-02-24 17:06:59,0.00130300,119.23000000
2018-02-24 17:06:59,0.00130320,5.00000000
2018-02-24 17:06:59,0.00130330,57.91000000
2018-02-24 17:07:00,0.00130280,9.58000000
2018-02-24 17:07:02,0.00130320,0.77000000
2018-02-24 17:07:03,0.00130280,1.85000000
2018-02-24 17:07:04,0.00130280,373.98000000
2018-02-24 17:07:04,0.00130280,42.73000000
2018-02-24 17:07:04,0.00130150,9.21000000
2018-02-24 17:07:04,0.00130090,2.31000000
2018-02-24 17:07:04,0.00130070,8.87000000
2018-02-24 17:07:04,0.00130060,3.68000000
2018-02-24 17:07:04,0.00130260,2.31000000
2018-02-24 17:07:04,0.00130320,5.39000000
2018-02-24 17:07:04,0.00130330,48.26000000
2018-02-24 17:07:04,0.00130340,5.00000000
2018-02-24 17:07:04,0.00130350,5.00000000
2018-02-24 17:07:04,0.00130380,11.15000000
2018-02-24 17:07:04,0.00130400,199.39000000
2018-02-24 17:07:04,0.00130410,5.00000000
2018-02-24 17:07:04,0.00130510,25.04000000
2018-02-24 17:07:05,0.00130110,5.92000000
2018-02-24 17:07:06,0.00130320,5.00000000
2018-02-24 17:07:06,0.00130380,5.00000000
2018-02-24 17:07:06,0.00130390,5.00000000
2018-02-24 17:07:07,0.00130120,15.76000000
2018-02-24 17:07:07,0.00130480,5.92000000
2018-02-24 17:07:09,0.00130490,20.76000000
2018-02-24 17:07:09,0.00130500,1.93000000
2018-02-24 17:07:09,0.00130500,3.07000000
2018-02-24 17:07:09,0.00130580,7.69000000
2018-02-24 17:07:10,0.00130580,3.68000000
2018-02-24 17:07:11,0.00130580,8.63000000
2018-02-24 17:07:11,0.00130570,4.69000000
2018-02-24 17:07:13,0.00130660,5.00000000
2018-02-24 17:07:14,0.00130660,3.23000000
2018-02-24 17:07:18,0.00130690,1.53000000
2018-02-24 17:07:18,0.00130670,212.63000000
2018-02-24 17:07:19,0.00130660,1.18000000
2018-02-24 17:07:20,0.00130660,80.98000000
2018-02-24 17:07:20,0.00130660,0.23000000
2018-02-24 17:07:21,0.00130660,0.77000000
2018-02-24 17:07:21,0.00130660,100.30000000
2018-02-24 17:07:22,0.00130660,6.11000000
2018-02-24 17:07:24,0.00130590,2.31000000
2018-02-24 17:07:24,0.00130590,2.98000000
2018-02-24 17:07:24,0.00130590,85.90000000
2018-02-24 17:07:24,0.00130640,2.31000000
2018-02-24 17:07:24,0.00130660,227.91000000
2018-02-24 17:07:25,0.00130660,0.92000000
2018-02-24 17:07:26,0.00130660,95.27000000
2018-02-24 17:07:26,0.00130660,41.89000000
2018-02-24 17:07:26,0.00130690,14.09000000
2018-02-24 17:07:27,0.00130600,176.02000000
2018-02-24 17:07:27,0.00130590,2.31000000
2018-02-24 17:07:28,0.00130590,0.41000000
2018-02-24 17:07:28,0.00130600,74.65000000
2018-02-24 17:07:28,0.00130640,2.31000000
2018-02-24 17:07:28,0.00130690,141.58000000
2018-02-24 17:07:28,0.00130690,28.00000000
2018-02-24 17:07:28,0.00130690,1.05000000
2018-02-24 17:07:28,0.00130690,3.84000000
2018-02-24 17:07:29,0.00130700,0.64000000
2018-02-24 17:07:31,0.00130690,9.66000000
2018-02-24 17:07:32,0.00130700,2.47000000
2018-02-24 17:07:32,0.00130710,10.63000000
2018-02-24 17:07:33,0.00130710,41.46000000
2018-02-24 17:07:33,0.00130720,76.49000000
2018-02-24 17:07:33,0.00130710,82.68000000
2018-02-24 17:07:33,0.00130700,186.18000000
2018-02-24 17:07:37,0.00130700,8.14000000
