DATE,PRICE,VOLUME
2018-02-26 08:00:01,0.00121620,10.66000000
2018-02-26 08:00:01,0.00121560,78.37000000
2018-02-26 08:00:01,0.00121550,16.45000000
2018-02-26 08:00:02,0.00121610,6.85000000
2018-02-26 08:00:04,0.00121530,0.91000000
2018-02-26 08:00:04,0.00121640,127.24000000
2018-02-26 08:00:06,0.00121590,253.93000000
2018-02-26 08:00:06,0.00121660,6.09000000
2018-02-26 08:00:07,0.00121650,1.31000000
2018-02-26 08:00:07,0.00121650,2.32000000
2018-02-26 08:00:07,0.00121530,390.87000000
2018-02-26 08:00:08,0.00121400,17.57000000
2018-02-26 08:00:11,0.00121400,34.32000000
2018-02-26 08:00:16,0.00121370,0.99000000
2018-02-26 08:00:25,0.00121220,124.80000000
2018-02-26 08:00:26,0.00121210,5.34000000
2018-02-26 08:00:38,0.00121160,5.84000000
2018-02-26 08:00:38,0.00121170,260.00000000
2018-02-26 08:00:39,0.00121170,0.95000000
2018-02-26 08:00:40,0.00121170,4.89000000
2018-02-26 08:00:40,0.00121210,5.07000000
2018-02-26 08:00:42,0.00121310,15.46000000
2018-02-26 08:00:42,0.00121320,0.88000000
2018-02-26 08:00:44,0.00121370,37.50000000
2018-02-26 08:00:44,0.00121400,20.16000000
2018-02-26 08:00:44,0.00121630,42.34000000
2018-02-26 08:00:52,0.00121400,22.76000000
2018-02-26 08:00:54,0.00121660,0.14000000
2018-02-26 08:00:54,0.00121810,0.99000000
2018-02-26 08:00:54,0.00121630,24.93000000
2018-02-26 08:00:54,0.00121630,60.81000000
2018-02-26 08:00:59,0.00121500,15.31000000
2018-02-26 08:00:59,0.00121810,1.06000000
2018-02-26 08:00:59,0.00121960,6.23000000
2018-02-26 08:01:00,0.00121630,136.71000000
2018-02-26 08:01:00,0.00121520,239.82000000
2018-02-26 08:01:11,0.00121630,1.00000000
2018-02-26 08:01:11,0.00121690,36.03000000
2018-02-26 08:01:11,0.00121700,68.59000000
2018-02-26 08:01:12,0.00121420,1.00000000
2018-02-26 08:01:19,0.00121300,10.50000000
2018-02-26 08:01:19,0.00121440,7.58000000
2018-02-26 08:01:23,0.00121300,3.16000000
2018-02-26 08:01:24,0.00121440,8.69000000
2018-02-26 08:01:33,0.00121220,78.34000000
2018-02-26 08:01:33,0.00121210,566.00000000
2018-02-26 08:01:40,0.00121210,9.59000000
2018-02-26 08:01:42,0.00121210,16.00000000
2018-02-26 08:01:42,0.00121210,7.83000000
2018-02-26 08:01:55,0.00121310,19.76000000
2018-02-26 08:01:57,0.00121430,1.54000000
2018-02-26 08:01:59,0.00121220,69.96000000
2018-02-26 08:02:10,0.00121430,0.02000000
2018-02-26 08:02:10,0.00121230,8.54000000
2018-02-26 08:02:13,0.00121320,161.07000000
2018-02-26 08:02:21,0.00121430,85.97000000
2018-02-26 08:02:21,0.00121440,14.99000000
2018-02-26 08:02:21,0.00121540,3.16000000
2018-02-26 08:02:21,0.00121590,10.50000000
2018-02-26 08:02:21,0.00121600,29.10000000
2018-02-26 08:02:21,0.00121630,3.93000000
2018-02-26 08:02:21,0.00121680,47.59000000
2018-02-26 08:02:21,0.00122000,434.62000000
2018-02-26 08:02:21,0.00122000,10.12000000
2018-02-26 08:02:21,0.00122000,10.00000000
2018-02-26 08:02:21,0.00122000,130.02000000
2018-02-26 08:02:21,0.00122000,10.00000000
2018-02-26 08:02:22,0.00122000,110.00000000
2018-02-26 08:02:27,0.00121360,7.47000000
2018-02-26 08:02:28,0.00121370,4.09000000
2018-02-26 08:02:29,0.00121390,3.34000000
2018-02-26 08:02:30,0.00121500,31.94000000
2018-02-26 08:02:38,0.00121510,4.09000000
2018-02-26 08:02:41,0.00121740,7.31000000
2018-02-26 08:02:45,0.00121770,3.28000000
2018-02-26 08:02:51,0.00121640,173.26000000
2018-02-26 08:02:54,0.00121770,0.22000000
2018-02-26 08:02:54,0.00121780,19.00000000
2018-02-26 08:02:54,0.00122000,3.96000000
2018-02-26 08:02:54,0.00122050,1.00000000
2018-02-26 08:02:54,0.00122080,9.99000000
2018-02-26 08:02:54,0.00122090,30.00000000
2018-02-26 08:02:54,0.00122130,0.83000000
2018-02-26 08:02:54,0.00122180,4.70000000
2018-02-26 08:02:54,0.00122190,1.00000000
2018-02-26 08:02:54,0.00122200,123.30000000
2018-02-26 08:02:57,0.00121850,1.00000000
2018-02-26 08:02:59,0.00121650,16.44000000
2018-02-26 08:03:03,0.00121650,39.84000000
2018-02-26 08:03:03,0.00121480,4.11000000
2018-02-26 08:03:03,0.00121460,4.67000000
2018-02-26 08:03:03,0.00121440,23.99000000
2018-02-26 08:03:05,0.00121560,44.12000000
2018-02-26 08:03:08,0.00121680,1.00000000
2018-02-26 08:03:08,0.00121770,8.50000000
2018-02-26 08:03:18,0.00121740,4.11000000
2018-02-26 08:03:18,0.00121750,7.94000000
2018-02-26 08:03:19,0.00121780,8.54000000
2018-02-26 08:03:20,0.00121850,1.00000000
2018-02-26 08:03:20,0.00121760,1.00000000
2018-02-26 08:03:28,0.00121800,5.00000000
2018-02-26 08:03:30,0.00121800,28.77000000
2018-02-26 08:03:30,0.00121780,40.00000000
2018-02-26 08:03:35,0.00121800,100.00000000
2018-02-26 08:03:37,0.00121780,1.00000000
2018-02-26 08:03:40,0.00121790,8.21000000
2018-02-26 08:03:53,0.00121800,50.31000000
2018-02-26 08:03:56,0.00121800,4.77000000
2018-02-26 08:03:57,0.00121790,22.99000000
2018-02-26 08:03:57,0.00121790,18.80000000
2018-02-26 08:03:57,0.00121780,4.17000000
2018-02-26 08:03:59,0.00121800,475.72000000
2018-02-26 08:03:59,0.00122000,14.76000000
2018-02-26 08:03:59,0.00122170,42.67000000
2018-02-26 08:03:59,0.00122190,38.90000000
2018-02-26 08:04:04,0.00121990,7.06000000
2018-02-26 08:04:06,0.00121880,1.00000000
2018-02-26 08:04:06,0.00121800,1.00000000
2018-02-26 08:04:06,0.00121830,68.22000000
2018-02-26 08:04:11,0.00121880,11.54000000
2018-02-26 08:04:14,0.00121990,287.85000000
2018-02-26 08:04:14,0.00122190,97.74000000
2018-02-26 08:04:14,0.00122200,41.87000000
2018-02-26 08:04:17,0.00122200,107.21000000
2018-02-26 08:04:21,0.00122200,26.80000000
2018-02-26 08:04:22,0.00122200,0.02000000
2018-02-26 08:04:24,0.00122200,6.70000000
2018-02-26 08:04:25,0.00122200,37.40000000
2018-02-26 08:04:26,0.00122200,68.43000000
2018-02-26 08:04:26,0.00122200,370.38000000
2018-02-26 08:04:26,0.00122040,209.53000000
2018-02-26 08:04:27,0.00122200,2.86000000
2018-02-26 08:04:29,0.00122200,17.04000000
2018-02-26 08:04:29,0.00122220,26.35000000
2018-02-26 08:04:32,0.00122170,1.55000000
2018-02-26 08:04:34,0.00122170,0.98000000
2018-02-26 08:04:34,0.00122170,1.64000000
2018-02-26 08:04:34,0.00122200,10.91000000
2018-02-26 08:04:34,0.00121970,1.00000000
2018-02-26 08:04:37,0.00122010,2.06000000
2018-02-26 08:04:37,0.00122010,25.14000000
2018-02-26 08:04:39,0.00122090,1.00000000
2018-02-26 08:04:39,0.00122190,6.19000000
2018-02-26 08:04:40,0.00122090,80.40000000
2018-02-26 08:04:41,0.00122010,2.97000000
2018-02-26 08:04:50,0.00122000,67.40000000
2018-02-26 08:04:51,0.00122090,5.00000000
2018-02-26 08:04:51,0.00122090,8.18000000
2018-02-26 08:04:52,0.00122040,221.72000000
2018-02-26 08:04:54,0.00122020,0.82000000
2018-02-26 08:04:54,0.00122010,1.18000000
2018-02-26 08:04:54,0.00122090,16.99000000
2018-02-26 08:04:59,0.00122090,11.22000000
2018-02-26 08:05:02,0.00122090,9.38000000
2018-02-26 08:05:03,0.00122090,15.00000000
2018-02-26 08:05:05,0.00122090,5.15000000
2018-02-26 08:05:06,0.00122010,15.00000000
2018-02-26 08:05:06,0.00122040,7.85000000
2018-02-26 08:05:07,0.00122010,35.56000000
2018-02-26 08:05:07,0.00122010,117.12000000
2018-02-26 08:05:08,0.00122010,3.93000000
2018-02-26 08:05:11,0.00122010,26.77000000
2018-02-26 08:05:11,0.00122000,15.00000000
2018-02-26 08:05:15,0.00122000,1467.23000000
2018-02-26 08:05:15,0.00121890,11.84000000
2018-02-26 08:05:15,0.00121870,16.41000000
2018-02-26 08:05:15,0.00121840,8.20000000
2018-02-26 08:05:15,0.00121800,11.13000000
2018-02-26 08:05:15,0.00121790,2.62000000
2018-02-26 08:05:15,0.00121790,24.50000000
2018-02-26 08:05:15,0.00121760,2.05000000
2018-02-26 08:05:15,0.00121750,226.83000000
2018-02-26 08:05:16,0.00121740,1.00000000
2018-02-26 08:05:16,0.00121860,4.12000000
2018-02-26 08:05:17,0.00121860,229.78000000
2018-02-26 08:05:18,0.00121760,0.10000000
2018-02-26 08:05:19,0.00121640,15.70000000
2018-02-26 08:05:20,0.00121600,18.86000000
2018-02-26 08:05:20,0.00121590,2.08000000
2018-02-26 08:05:20,0.00121570,4.68000000
2018-02-26 08:05:20,0.00121500,17.77000000
2018-02-26 08:05:21,0.00121750,22.78000000
2018-02-26 08:05:27,0.00121590,4.11000000
2018-02-26 08:05:27,0.00121470,18.15000000
2018-02-26 08:05:27,0.00121440,123.62000000
2018-02-26 08:05:28,0.00121740,4.11000000
2018-02-26 08:05:28,0.00121750,5.09000000
2018-02-26 08:05:29,0.00121440,1.00000000
2018-02-26 08:05:33,0.00121500,104.76000000
2018-02-26 08:05:35,0.00121370,0.91000000
2018-02-26 08:05:35,0.00121370,2.25000000
2018-02-26 08:05:35,0.00121640,1.90000000
2018-02-26 08:05:36,0.00121640,1.00000000
2018-02-26 08:05:39,0.00121740,0.99000000
2018-02-26 08:05:39,0.00121500,67.24000000
2018-02-26 08:05:41,0.00121730,6.59000000
2018-02-26 08:05:41,0.00121740,15.42000000
2018-02-26 08:05:41,0.00121750,31.35000000
2018-02-26 08:05:41,0.00121860,43.20000000
2018-02-26 08:05:41,0.00122090,3.93000000
2018-02-26 08:05:41,0.00122200,70.43000000
2018-02-26 08:05:41,0.00121480,1.00000000
2018-02-26 08:05:41,0.00121440,7.70000000
2018-02-26 08:05:41,0.00121730,2.31000000
2018-02-26 08:05:43,0.00121730,4.27000000
2018-02-26 08:05:47,0.00121850,82.05000000
2018-02-26 08:05:47,0.00121850,164.03000000
2018-02-26 08:05:48,0.00121850,35.08000000
2018-02-26 08:05:49,0.00121850,5.00000000
2018-02-26 08:05:50,0.00121850,16.00000000
2018-02-26 08:05:50,0.00121850,9.03000000
2018-02-26 08:05:56,0.00121730,21.81000000
2018-02-26 08:05:58,0.00121850,1.27000000
2018-02-26 08:05:59,0.00121550,1.62000000
2018-02-26 08:06:02,0.00121840,1.62000000
2018-02-26 08:06:02,0.00121850,2.83000000
2018-02-26 08:06:04,0.00121690,116.95000000
2018-02-26 08:06:09,0.00121840,25.00000000
2018-02-26 08:06:09,0.00121560,0.14000000
2018-02-26 08:06:16,0.00121570,16.31000000
2018-02-26 08:06:16,0.00121570,190.25000000
2018-02-26 08:06:17,0.00121730,10.91000000
2018-02-26 08:06:17,0.00121730,4.11000000
2018-02-26 08:06:18,0.00121730,13.00000000
2018-02-26 08:06:22,0.00121780,257.99000000
2018-02-26 08:06:23,0.00121730,15.58000000
2018-02-26 08:06:24,0.00121840,8.81000000
2018-02-26 08:06:27,0.00121850,12.84000000
2018-02-26 08:06:27,0.00121850,1.46000000
2018-02-26 08:06:27,0.00121850,3.28000000
2018-02-26 08:06:34,0.00121920,128.86000000
2018-02-26 08:06:38,0.00122000,6.88000000
2018-02-26 08:06:40,0.00121860,1.00000000
2018-02-26 08:06:40,0.00121860,16.35000000
2018-02-26 08:06:44,0.00121850,1.23000000
2018-02-26 08:06:46,0.00121850,2.00000000
2018-02-26 08:06:46,0.00121850,70.00000000
2018-02-26 08:06:46,0.00121860,0.02000000
2018-02-26 08:06:47,0.00121860,10.62000000
2018-02-26 08:06:51,0.00121860,0.01000000
2018-02-26 08:06:51,0.00121890,57.53000000
2018-02-26 08:06:52,0.00121890,18.33000000
2018-02-26 08:06:55,0.00121850,1.00000000
2018-02-26 08:07:00,0.00121860,12.58000000
2018-02-26 08:07:01,0.00121850,32.25000000
2018-02-26 08:07:01,0.00121840,10.72000000
2018-02-26 08:07:02,0.00121840,3.12000000
2018-02-26 08:07:06,0.00121840,4.77000000
2018-02-26 08:07:06,0.00121730,30.27000000
2018-02-26 08:07:06,0.00121990,17.35000000
2018-02-26 08:07:06,0.00122000,14.65000000
2018-02-26 08:07:07,0.00121980,1.00000000
2018-02-26 08:07:07,0.00121990,47.89000000
2018-02-26 08:07:07,0.00121730,6.03000000
2018-02-26 08:07:08,0.00121730,9.97000000
2018-02-26 08:07:09,0.00121730,2.91000000
2018-02-26 08:07:09,0.00121850,141.04000000
2018-02-26 08:07:09,0.00121730,71.19000000
2018-02-26 08:07:13,0.00121730,62.86000000
2018-02-26 08:07:13,0.00121710,77.47000000
2018-02-26 08:07:13,0.00121700,6.78000000
2018-02-26 08:07:13,0.00121670,4.11000000
2018-02-26 08:07:13,0.00121600,1.53000000
2018-02-26 08:07:13,0.00121580,32.64000000
2018-02-26 08:07:13,0.00121530,8.19000000
2018-02-26 08:07:13,0.00121370,414.06000000
2018-02-26 08:07:13,0.00121350,14.82000000
2018-02-26 08:07:13,0.00121340,15.26000000
2018-02-26 08:07:13,0.00121200,37.96000000
2018-02-26 08:07:13,0.00121020,93.13000000
2018-02-26 08:07:13,0.00121730,66.38000000
2018-02-26 08:07:17,0.00121720,9.13000000
2018-02-26 08:07:26,0.00121570,11.91000000
2018-02-26 08:07:27,0.00121690,4.11000000
2018-02-26 08:07:27,0.00121700,7.32000000
2018-02-26 08:07:27,0.00121720,54.54000000
2018-02-26 08:07:27,0.00121730,33.89000000
2018-02-26 08:07:39,0.00121610,153.22000000
2018-02-26 08:07:43,0.00121720,0.03000000
2018-02-26 08:07:45,0.00121720,24.31000000
2018-02-26 08:07:51,0.00121600,24.09000000
2018-02-26 08:07:53,0.00121720,43.38000000
2018-02-26 08:07:57,0.00121500,9.13000000
2018-02-26 08:07:59,0.00121720,26.51000000
2018-02-26 08:08:02,0.00121720,13.02000000
2018-02-26 08:08:05,0.00121730,16.52000000
2018-02-26 08:08:05,0.00121730,7.90000000
2018-02-26 08:08:17,0.00121730,5.76000000
2018-02-26 08:08:17,0.00121730,309.13000000
2018-02-26 08:08:22,0.00121840,36.27000000
2018-02-26 08:08:26,0.00121970,8.88000000
2018-02-26 08:08:30,0.00121970,4.00000000
2018-02-26 08:08:33,0.00121840,48.54000000
2018-02-26 08:08:33,0.00121730,102.46000000
2018-02-26 08:08:37,0.00121840,177.59000000
2018-02-26 08:08:39,0.00121730,3.71000000
2018-02-26 08:08:45,0.00121750,225.51000000
2018-02-26 08:08:45,0.00121730,1368.79000000
2018-02-26 08:08:45,0.00121720,222.39000000
2018-02-26 08:08:45,0.00121660,4.11000000
2018-02-26 08:08:45,0.00121500,17.97000000
2018-02-26 08:08:47,0.00121400,1.00000000
2018-02-26 08:08:47,0.00121500,1.00000000
2018-02-26 08:08:47,0.00121500,6.33000000
2018-02-26 08:08:47,0.00121400,10.00000000
2018-02-26 08:08:51,0.00121420,48.18000000
2018-02-26 08:08:52,0.00121500,26.99000000
2018-02-26 08:08:52,0.00121500,26.99000000
2018-02-26 08:08:52,0.00121500,3.68000000
2018-02-26 08:08:52,0.00121500,8.19000000
2018-02-26 08:08:52,0.00121500,420.92000000
2018-02-26 08:08:52,0.00121350,8.19000000
2018-02-26 08:08:54,0.00121500,1.81000000
2018-02-26 08:08:54,0.00121410,16.47000000
2018-02-26 08:08:54,0.00121400,31.72000000
2018-02-26 08:08:57,0.00121520,1.00000000
2018-02-26 08:08:59,0.00121620,20.58000000
2018-02-26 08:09:04,0.00121830,1.00000000
2018-02-26 08:09:05,0.00121820,189.50000000
2018-02-26 08:09:10,0.00121730,2.68000000
2018-02-26 08:09:16,0.00121790,60.37000000
2018-02-26 08:09:17,0.00121730,6.09000000
2018-02-26 08:09:17,0.00121410,4.11000000
2018-02-26 08:09:17,0.00121400,6.02000000
2018-02-26 08:09:19,0.00121640,8.82000000
2018-02-26 08:09:24,0.00121630,4.11000000
2018-02-26 08:09:30,0.00121450,1.00000000
2018-02-26 08:09:30,0.00121450,5.33000000
2018-02-26 08:09:30,0.00121410,1.00000000
2018-02-26 08:09:31,0.00121410,4.00000000
2018-02-26 08:09:31,0.00121400,232.83000000
2018-02-26 08:09:31,0.00121400,139.53000000
2018-02-26 08:09:32,0.00121510,201.68000000
2018-02-26 08:09:43,0.00121500,2.14000000
2018-02-26 08:09:43,0.00121330,4.42000000
2018-02-26 08:09:43,0.00121320,4.12000000
2018-02-26 08:09:43,0.00121280,5.78000000
2018-02-26 08:09:47,0.00121460,1.24000000
2018-02-26 08:09:47,0.00121280,4.43000000
2018-02-26 08:09:47,0.00121250,559.29000000
2018-02-26 08:09:47,0.00121250,7.23000000
2018-02-26 08:09:47,0.00121250,7.23000000
2018-02-26 08:09:47,0.00121250,6.03000000
2018-02-26 08:09:47,0.00121250,6.12000000
2018-02-26 08:09:47,0.00121010,7.23000000
2018-02-26 08:09:47,0.00121250,7.23000000
2018-02-26 08:09:47,0.00121250,4.09000000
2018-02-26 08:09:47,0.00121120,3.68000000
2018-02-26 08:09:47,0.00121120,3.68000000
2018-02-26 08:09:47,0.00121120,65.19000000
2018-02-26 08:09:49,0.00121240,2.05000000
2018-02-26 08:09:53,0.00121130,4.12000000
2018-02-26 08:09:53,0.00121120,7.36000000
2018-02-26 08:09:53,0.00121120,13.67000000
2018-02-26 08:09:54,0.00121040,21.00000000
2018-02-26 08:09:59,0.00121120,213.87000000
2018-02-26 08:10:01,0.00121040,222.40000000
2018-02-26 08:10:02,0.00121040,22.43000000
2018-02-26 08:10:02,0.00121040,25.62000000
2018-02-26 08:10:03,0.00121100,1.25000000
2018-02-26 08:10:07,0.00121100,19.59000000
2018-02-26 08:10:07,0.00121110,4.12000000
2018-02-26 08:10:07,0.00121120,45.34000000
2018-02-26 08:10:09,0.00121060,12.91000000
2018-02-26 08:10:12,0.00121220,13.78000000
2018-02-26 08:10:14,0.00121160,84.73000000
2018-02-26 08:10:19,0.00121080,1.24000000
2018-02-26 08:10:19,0.00121070,40.62000000
2018-02-26 08:10:22,0.00121090,4.64000000
2018-02-26 08:10:24,0.00121240,32.64000000
2018-02-26 08:10:24,0.00121250,60.59000000
2018-02-26 08:10:24,0.00121250,215.85000000
2018-02-26 08:10:24,0.00121250,685.47000000
2018-02-26 08:10:24,0.00121250,296.86000000
2018-02-26 08:10:24,0.00121280,8.85000000
2018-02-26 08:10:26,0.00121520,1.00000000
2018-02-26 08:10:26,0.00121620,6.02000000
2018-02-26 08:10:26,0.00121730,72.64000000
2018-02-26 08:10:26,0.00121800,39.07000000
2018-02-26 08:10:26,0.00121990,99.78000000
2018-02-26 08:10:26,0.00122000,14.94000000
2018-02-26 08:10:29,0.00121900,1.56000000
2018-02-26 08:10:29,0.00121900,0.24000000
2018-02-26 08:10:31,0.00121650,1.00000000
2018-02-26 08:10:35,0.00121620,226.05000000
2018-02-26 08:10:44,0.00121650,4.75000000
2018-02-26 08:10:47,0.00121650,15.07000000
2018-02-26 08:10:53,0.00121720,96.91000000
2018-02-26 08:11:02,0.00121720,11.32000000
2018-02-26 08:11:05,0.00121730,238.23000000
2018-02-26 08:11:23,0.00121730,6.26000000
2018-02-26 08:11:26,0.00121740,1.86000000
2018-02-26 08:11:26,0.00121800,14.63000000
2018-02-26 08:11:26,0.00121980,1.26000000
2018-02-26 08:11:26,0.00121730,1.86000000
2018-02-26 08:11:29,0.00121980,4.43000000
2018-02-26 08:11:30,0.00121980,1.46000000
2018-02-26 08:11:30,0.00121730,7.63000000
2018-02-26 08:11:34,0.00121850,250.14000000
2018-02-26 08:11:38,0.00121750,26.99000000
2018-02-26 08:11:39,0.00121750,8.54000000
2018-02-26 08:11:39,0.00121730,73.35000000
2018-02-26 08:11:39,0.00121720,24.02000000
2018-02-26 08:11:39,0.00121670,4.13000000
2018-02-26 08:11:39,0.00121650,41.25000000
2018-02-26 08:11:39,0.00121620,95.99000000
2018-02-26 08:11:39,0.00121170,20.36000000
2018-02-26 08:11:39,0.00121120,82.56000000
2018-02-26 08:11:39,0.00121110,229.91000000
2018-02-26 08:11:39,0.00121100,66.75000000
2018-02-26 08:11:45,0.00121900,121.01000000
2018-02-26 08:11:45,0.00121850,168.24000000
2018-02-26 08:11:52,0.00121860,36.94000000
2018-02-26 08:12:01,0.00121660,104.04000000
2018-02-26 08:12:04,0.00121530,1.00000000
2018-02-26 08:12:04,0.00121430,4.00000000
2018-02-26 08:12:07,0.00121560,4.13000000
2018-02-26 08:12:07,0.00121570,1.00000000
2018-02-26 08:12:07,0.00121670,62.04000000
2018-02-26 08:12:07,0.00121850,1.31000000
2018-02-26 08:12:07,0.00121900,121.01000000
2018-02-26 08:12:07,0.00121900,5.45000000
2018-02-26 08:12:13,0.00121970,9.00000000
2018-02-26 08:12:20,0.00121960,1.22000000
2018-02-26 08:12:20,0.00121980,9.91000000
2018-02-26 08:12:20,0.00121980,23.15000000
2018-02-26 08:12:21,0.00121820,18.32000000
2018-02-26 08:12:27,0.00121760,1.00000000
2018-02-26 08:12:32,0.00121660,2.99000000
2018-02-26 08:12:33,0.00121660,16.81000000
2018-02-26 08:12:33,0.00121550,3.53000000
2018-02-26 08:12:37,0.00121560,3.90000000
2018-02-26 08:12:37,0.00121560,4.68000000
2018-02-26 08:12:37,0.00121560,3.90000000
2018-02-26 08:12:37,0.00121560,4.68000000
2018-02-26 08:12:37,0.00121560,52.31000000
2018-02-26 08:12:37,0.00121460,0.95000000
2018-02-26 08:12:37,0.00121460,0.05000000
2018-02-26 08:12:37,0.00121560,42.66000000
2018-02-26 08:12:43,0.00121560,10.00000000
2018-02-26 08:12:44,0.00121810,0.50000000
2018-02-26 08:12:46,0.00121810,3.03000000
2018-02-26 08:12:46,0.00121820,39.00000000
2018-02-26 08:12:46,0.00121900,132.47000000
2018-02-26 08:12:46,0.00121970,0.84000000
2018-02-26 08:12:46,0.00122000,120.71000000
2018-02-26 08:12:46,0.00122150,6.39000000
2018-02-26 08:12:46,0.00122190,36.18000000
2018-02-26 08:12:46,0.00122200,331.95000000
2018-02-26 08:12:53,0.00121890,16.40000000
2018-02-26 08:12:53,0.00121880,4.11000000
2018-02-26 08:12:53,0.00121690,1.07000000
2018-02-26 08:12:53,0.00121580,57.02000000
2018-02-26 08:12:53,0.00121560,102.13000000
2018-02-26 08:12:53,0.00121430,151.41000000
2018-02-26 08:12:53,0.00121270,18.96000000
2018-02-26 08:12:53,0.00121230,157.49000000
2018-02-26 08:12:53,0.00121200,161.31000000
2018-02-26 08:12:53,0.00121840,1.00000000
2018-02-26 08:12:53,0.00121740,25.41000000
2018-02-26 08:12:57,0.00121740,1.00000000
2018-02-26 08:13:00,0.00121980,1.00000000
2018-02-26 08:13:00,0.00122080,2.00000000
2018-02-26 08:13:03,0.00121780,1.00000000
2018-02-26 08:13:03,0.00121560,9.15000000
2018-02-26 08:13:04,0.00122060,0.50000000
2018-02-26 08:13:05,0.00121900,120.22000000
2018-02-26 08:13:06,0.00122150,66.00000000
2018-02-26 08:13:07,0.00122150,0.45000000
2018-02-26 08:13:07,0.00122160,0.05000000
2018-02-26 08:13:11,0.00122140,4.11000000
2018-02-26 08:13:11,0.00122160,48.58000000
2018-02-26 08:13:11,0.00122160,1.00000000
2018-02-26 08:13:11,0.00122160,46.21000000
2018-02-26 08:13:12,0.00122190,16.12000000
2018-02-26 08:13:15,0.00122160,1.00000000
2018-02-26 08:13:15,0.00122160,219.14000000
2018-02-26 08:13:18,0.00122170,0.01000000
2018-02-26 08:13:18,0.00121770,1.00000000
2018-02-26 08:13:19,0.00121910,34.50000000
2018-02-26 08:13:21,0.00121760,1.84000000
2018-02-26 08:13:31,0.00121810,1.50000000
2018-02-26 08:13:38,0.00121910,1.00000000
2018-02-26 08:13:38,0.00121870,0.54000000
2018-02-26 08:13:38,0.00121960,128.30000000
2018-02-26 08:13:45,0.00121770,15.88000000
2018-02-26 08:13:53,0.00121960,1.00000000
2018-02-26 08:13:53,0.00122060,16.42000000
2018-02-26 08:13:53,0.00122170,16.80000000
2018-02-26 08:13:59,0.00121930,42.59000000
2018-02-26 08:14:00,0.00121960,13.00000000
2018-02-26 08:14:04,0.00121960,54.38000000
2018-02-26 08:14:16,0.00122000,58.04000000
2018-02-26 08:14:19,0.00121980,136.21000000
2018-02-26 08:14:24,0.00121970,8.88000000
2018-02-26 08:14:25,0.00121970,1.51000000
2018-02-26 08:14:26,0.00121970,15.90000000
2018-02-26 08:14:37,0.00122000,2.68000000
2018-02-26 08:14:40,0.00121980,50.49000000
2018-02-26 08:14:48,0.00122000,98.68000000
2018-02-26 08:14:48,0.00122000,7.20000000
2018-02-26 08:14:48,0.00122000,6.00000000
2018-02-26 08:14:56,0.00121980,144.30000000
2018-02-26 08:14:58,0.00122000,4.56000000
2018-02-26 08:15:03,0.00122000,37.65000000
2018-02-26 08:15:04,0.00122010,4.09000000
2018-02-26 08:15:04,0.00122000,21.72000000
2018-02-26 08:15:08,0.00121990,58.58000000
2018-02-26 08:15:08,0.00121980,4.06000000
2018-02-26 08:15:09,0.00122000,7.23000000
2018-02-26 08:15:09,0.00122000,75.90000000
2018-02-26 08:15:09,0.00122170,10.28000000
2018-02-26 08:15:09,0.00122200,282.68000000
2018-02-26 08:15:10,0.00121980,54.71000000
2018-02-26 08:15:12,0.00122200,37.72000000
2018-02-26 08:15:12,0.00122220,40.96000000
2018-02-26 08:15:12,0.00122250,8.16000000
2018-02-26 08:15:12,0.00122270,4.97000000
2018-02-26 08:15:12,0.00122260,127.51000000
2018-02-26 08:15:13,0.00122270,18.50000000
2018-02-26 08:15:13,0.00122300,4.26000000
2018-02-26 08:15:14,0.00122300,0.74000000
2018-02-26 08:15:14,0.00122320,4.95000000
2018-02-26 08:15:15,0.00122320,1.90000000
2018-02-26 08:15:20,0.00122320,8.16000000
2018-02-26 08:15:20,0.00122320,32.35000000
2018-02-26 08:15:20,0.00122320,8.16000000
2018-02-26 08:15:24,0.00122230,152.39000000
2018-02-26 08:15:24,0.00122120,1.00000000
2018-02-26 08:15:27,0.00122050,1.07000000
2018-02-26 08:15:29,0.00122260,0.82000000
2018-02-26 08:15:29,0.00122120,1.00000000
2018-02-26 08:15:31,0.00122260,1.18000000
2018-02-26 08:15:31,0.00122260,5.79000000
2018-02-26 08:15:31,0.00122120,1.00000000
2018-02-26 08:15:31,0.00122010,16.39000000
2018-02-26 08:15:31,0.00122000,62.35000000
2018-02-26 08:15:32,0.00121970,12.27000000
2018-02-26 08:15:33,0.00121960,181.75000000
2018-02-26 08:15:33,0.00121950,4.10000000
2018-02-26 08:15:34,0.00122120,16.35000000
2018-02-26 08:15:35,0.00121880,1.00000000
2018-02-26 08:15:35,0.00122020,1.00000000
2018-02-26 08:15:36,0.00122120,24.60000000
2018-02-26 08:15:36,0.00121880,5.48000000
2018-02-26 08:15:39,0.00121840,4.10000000
2018-02-26 08:15:40,0.00121910,5.48000000
2018-02-26 08:15:40,0.00121920,61.19000000
2018-02-26 08:15:40,0.00121840,0.57000000
2018-02-26 08:15:40,0.00121830,1.45000000
2018-02-26 08:15:41,0.00121920,5.48000000
2018-02-26 08:15:42,0.00121800,5.62000000
2018-02-26 08:15:42,0.00122010,3.36000000
2018-02-26 08:15:43,0.00122010,3.36000000
2018-02-26 08:15:43,0.00122010,0.29000000
2018-02-26 08:15:43,0.00122020,2.51000000
2018-02-26 08:15:43,0.00122020,10.00000000
2018-02-26 08:15:45,0.00121900,9.60000000
2018-02-26 08:15:46,0.00122120,5.52000000
2018-02-26 08:15:47,0.00121900,10.70000000
2018-02-26 08:15:48,0.00121900,26.62000000
2018-02-26 08:15:48,0.00121870,8.63000000
2018-02-26 08:15:48,0.00121780,67.41000000
2018-02-26 08:15:48,0.00121690,61.31000000
2018-02-26 08:15:50,0.00122020,1.00000000
2018-02-26 08:15:50,0.00122110,6.56000000
2018-02-26 08:15:51,0.00122040,1.00000000
2018-02-26 08:15:51,0.00121940,159.47000000
2018-02-26 08:15:51,0.00121940,1.00000000
2018-02-26 08:15:52,0.00122010,1.00000000
2018-02-26 08:15:52,0.00121800,1.00000000
2018-02-26 08:15:52,0.00121710,3.10000000
2018-02-26 08:15:53,0.00122110,0.83000000
2018-02-26 08:15:56,0.00121900,7.26000000
2018-02-26 08:15:56,0.00121860,1.65000000
2018-02-26 08:15:56,0.00121710,64.11000000
2018-02-26 08:15:56,0.00121700,8.60000000
2018-02-26 08:15:56,0.00121690,42.97000000
2018-02-26 08:15:56,0.00121580,46.33000000
2018-02-26 08:15:57,0.00121900,5.74000000
2018-02-26 08:15:57,0.00122000,18.00000000
2018-02-26 08:15:57,0.00122110,5.12000000
2018-02-26 08:15:57,0.00122120,1.65000000
2018-02-26 08:15:57,0.00122200,15.88000000
2018-02-26 08:15:57,0.00122300,1.40000000
2018-02-26 08:15:57,0.00122320,7.53000000
2018-02-26 08:15:57,0.00122360,1.64000000
2018-02-26 08:15:57,0.00122370,523.63000000
2018-02-26 08:15:57,0.00122400,42.19000000
2018-02-26 08:15:57,0.00122410,38.48000000
2018-02-26 08:15:57,0.00122490,3.67000000
2018-02-26 08:15:57,0.00122500,275.07000000
2018-02-26 08:15:57,0.00122600,31.26000000
2018-02-26 08:15:57,0.00122610,5.31000000
2018-02-26 08:15:57,0.00122730,5.67000000
2018-02-26 08:15:57,0.00122760,1.85000000
2018-02-26 08:15:57,0.00122800,102.84000000
2018-02-26 08:15:57,0.00122810,378.40000000
2018-02-26 08:15:57,0.00122820,3.61000000
2018-02-26 08:15:57,0.00122910,10.82000000
2018-02-26 08:15:57,0.00122940,28.80000000
2018-02-26 08:15:57,0.00122960,25.41000000
2018-02-26 08:15:57,0.00123000,297.77000000
2018-02-26 08:15:57,0.00123040,4.67000000
2018-02-26 08:15:57,0.00123120,40.68000000
2018-02-26 08:15:57,0.00123210,122.91000000
2018-02-26 08:15:57,0.00123000,56.17000000
2018-02-26 08:15:57,0.00123000,0.01000000
2018-02-26 08:15:57,0.00122860,0.99000000
2018-02-26 08:15:57,0.00123100,4.75000000
2018-02-26 08:15:58,0.00122300,7.75000000
2018-02-26 08:15:59,0.00122030,1.05000000
2018-02-26 08:16:03,0.00122680,1.05000000
2018-02-26 08:16:03,0.00122770,0.89000000
2018-02-26 08:16:05,0.00122430,1.00000000
2018-02-26 08:16:05,0.00122360,3.57000000
2018-02-26 08:16:06,0.00122370,20.00000000
2018-02-26 08:16:06,0.00122360,0.51000000
2018-02-26 08:16:06,0.00122340,5.80000000
2018-02-26 08:16:06,0.00122230,51.66000000
2018-02-26 08:16:06,0.00122000,1.00000000
2018-02-26 08:16:06,0.00122000,0.99000000
2018-02-26 08:16:06,0.00122000,1.00000000
2018-02-26 08:16:06,0.00122000,0.99000000
2018-02-26 08:16:06,0.00122000,6.03000000
2018-02-26 08:16:06,0.00121920,1.00000000
2018-02-26 08:16:06,0.00122000,7.24000000
2018-02-26 08:16:06,0.00122000,8.92000000
2018-02-26 08:16:06,0.00122000,7.24000000
2018-02-26 08:16:06,0.00122000,3.83000000
2018-02-26 08:16:06,0.00122000,4.60000000
2018-02-26 08:16:06,0.00122000,4.61000000
2018-02-26 08:16:06,0.00122000,0.93000000
2018-02-26 08:16:06,0.00122000,2.47000000
2018-02-26 08:16:06,0.00122000,145.90000000
2018-02-26 08:16:08,0.00122180,4.10000000
2018-02-26 08:16:08,0.00122190,159.59000000
2018-02-26 08:16:08,0.00122260,5.80000000
2018-02-26 08:16:09,0.00122160,74.75000000
2018-02-26 08:16:10,0.00122020,3.52000000
2018-02-26 08:16:10,0.00122200,3.52000000
2018-02-26 08:16:10,0.00122290,5.26000000
2018-02-26 08:16:10,0.00122300,8.92000000
2018-02-26 08:16:10,0.00122310,0.99000000
2018-02-26 08:16:10,0.00122320,0.99000000
2018-02-26 08:16:11,0.00122200,6.29000000
2018-02-26 08:16:11,0.00122330,67.35000000
2018-02-26 08:16:11,0.00121940,3.75000000
2018-02-26 08:16:11,0.00121840,8.73000000
2018-02-26 08:16:12,0.00122500,3.75000000
2018-02-26 08:16:14,0.00122210,0.02000000
2018-02-26 08:16:14,0.00122210,1.16000000
2018-02-26 08:16:14,0.00122110,4.02000000
2018-02-26 08:16:17,0.00122270,1.18000000
2018-02-26 08:16:19,0.00122360,1.00000000
2018-02-26 08:16:19,0.00122260,1.00000000
2018-02-26 08:16:22,0.00122380,1.00000000
2018-02-26 08:16:23,0.00122370,1.00000000
2018-02-26 08:16:24,0.00122420,4.02000000
2018-02-26 08:16:24,0.00122420,164.54000000
2018-02-26 08:16:24,0.00122320,1.00000000
2018-02-26 08:16:28,0.00122150,1.00000000
2018-02-26 08:16:28,0.00122320,1.00000000
2018-02-26 08:16:30,0.00122160,2.89000000
2018-02-26 08:16:30,0.00122160,9.24000000
2018-02-26 08:16:33,0.00122120,4.24000000
2018-02-26 08:16:33,0.00122320,44.38000000
2018-02-26 08:16:35,0.00122110,4.08000000
2018-02-26 08:16:36,0.00122290,4.43000000
2018-02-26 08:16:37,0.00122130,4.12000000
2018-02-26 08:16:38,0.00122290,1.37000000
2018-02-26 08:16:39,0.00122030,40.97000000
2018-02-26 08:16:39,0.00122100,1.69000000
2018-02-26 08:16:39,0.00122040,1.23000000
2018-02-26 08:16:40,0.00122040,1.08000000
2018-02-26 08:16:40,0.00122040,0.45000000
2018-02-26 08:16:40,0.00122290,3.75000000
2018-02-26 08:16:40,0.00122270,6.41000000
2018-02-26 08:16:41,0.00122280,3.75000000
2018-02-26 08:16:41,0.00122280,1.33000000
2018-02-26 08:16:41,0.00122330,81.51000000
2018-02-26 08:16:41,0.00122330,1.33000000
2018-02-26 08:16:44,0.00122270,1.67000000
2018-02-26 08:16:46,0.00122330,75.00000000
2018-02-26 08:16:46,0.00122330,31.23000000
2018-02-26 08:16:51,0.00122300,3.17000000
2018-02-26 08:16:51,0.00122400,12.97000000
2018-02-26 08:16:53,0.00122380,3.17000000
2018-02-26 08:16:53,0.00122280,2.06000000
2018-02-26 08:16:53,0.00122280,1.40000000
2018-02-26 08:16:53,0.00122020,0.92000000
2018-02-26 08:16:53,0.00122280,1.28000000
2018-02-26 08:16:54,0.00122380,13.20000000
2018-02-26 08:16:54,0.00122390,22.27000000
2018-02-26 08:16:54,0.00122400,33.32000000
2018-02-26 08:16:55,0.00122420,4.02000000
2018-02-26 08:16:56,0.00122120,21.62000000
2018-02-26 08:16:56,0.00122130,36.40000000
2018-02-26 08:16:56,0.00122130,21.36000000
2018-02-26 08:16:58,0.00122200,18.86000000
2018-02-26 08:16:59,0.00122150,1.89000000
2018-02-26 08:16:59,0.00122150,2.20000000
2018-02-26 08:16:59,0.00122140,3.60000000
2018-02-26 08:17:01,0.00122380,21.34000000
2018-02-26 08:17:01,0.00122480,1.00000000
2018-02-26 08:17:02,0.00122430,176.47000000
2018-02-26 08:17:07,0.00122430,40.97000000
2018-02-26 08:17:08,0.00122400,6.45000000
2018-02-26 08:17:08,0.00122460,5.01000000
2018-02-26 08:17:08,0.00122470,56.76000000
2018-02-26 08:17:10,0.00122400,4.39000000
2018-02-26 08:17:15,0.00122440,2.40000000
2018-02-26 08:17:15,0.00122340,1.40000000
2018-02-26 08:17:16,0.00122340,2.05000000
2018-02-26 08:17:17,0.00122590,2.40000000
2018-02-26 08:17:17,0.00122690,3.60000000
2018-02-26 08:17:17,0.00122700,0.94000000
2018-02-26 08:17:21,0.00122630,90.75000000
2018-02-26 08:17:21,0.00122590,69.49000000
2018-02-26 08:17:23,0.00122590,40.00000000
2018-02-26 08:17:23,0.00122680,1.40000000
2018-02-26 08:17:23,0.00122690,2.05000000
2018-02-26 08:17:23,0.00122700,4.68000000
2018-02-26 08:17:23,0.00122700,1.52000000
2018-02-26 08:17:23,0.00122700,26.47000000
2018-02-26 08:17:28,0.00122390,4.11000000
2018-02-26 08:17:29,0.00122380,16.31000000
2018-02-26 08:17:29,0.00122210,0.20000000
2018-02-26 08:17:30,0.00122470,2.00000000
2018-02-26 08:17:33,0.00122680,0.20000000
2018-02-26 08:17:34,0.00122570,5.03000000
2018-02-26 08:17:34,0.00122470,3.14000000
2018-02-26 08:17:35,0.00122680,10.00000000
2018-02-26 08:17:35,0.00122680,6.14000000
2018-02-26 08:17:35,0.00122690,8.06000000
2018-02-26 08:17:36,0.00122490,3.47000000
2018-02-26 08:17:39,0.00122680,4.08000000
2018-02-26 08:17:39,0.00122680,6.79000000
2018-02-26 08:17:40,0.00122680,2.01000000
2018-02-26 08:17:40,0.00122490,24.21000000
2018-02-26 08:17:40,0.00122490,2.01000000
2018-02-26 08:17:41,0.00122470,0.20000000
2018-02-26 08:17:41,0.00122690,1.63000000
2018-02-26 08:17:42,0.00122690,13.84000000
2018-02-26 08:17:42,0.00122470,8.87000000
2018-02-26 08:17:42,0.00122440,1.13000000
2018-02-26 08:17:44,0.00122690,0.05000000
2018-02-26 08:17:45,0.00122410,15.20000000
2018-02-26 08:17:45,0.00122400,28.42000000
2018-02-26 08:17:47,0.00122390,9.18000000
2018-02-26 08:17:47,0.00122390,5.61000000
2018-02-26 08:17:47,0.00122330,192.04000000
2018-02-26 08:17:48,0.00122590,0.15000000
2018-02-26 08:17:49,0.00122330,9.47000000
2018-02-26 08:17:50,0.00122330,4.92000000
2018-02-26 08:17:51,0.00122330,4.04000000
2018-02-26 08:17:52,0.00122360,12.04000000
2018-02-26 08:17:52,0.00122360,11.30000000
2018-02-26 08:17:52,0.00122360,17.12000000
2018-02-26 08:17:52,0.00122360,25.68000000
2018-02-26 08:17:54,0.00122360,6.15000000
2018-02-26 08:17:54,0.00122360,16.75000000
2018-02-26 08:17:55,0.00122470,98.83000000
2018-02-26 08:17:58,0.00122330,3.28000000
2018-02-26 08:17:58,0.00122330,9.00000000
2018-02-26 08:17:59,0.00122330,1.21000000
2018-02-26 08:18:01,0.00122590,1.22000000
2018-02-26 08:18:01,0.00122330,4.76000000
2018-02-26 08:18:01,0.00122330,1.00000000
2018-02-26 08:18:01,0.00122330,0.99000000
2018-02-26 08:18:04,0.00122330,14.50000000
2018-02-26 08:18:05,0.00122330,74.86000000
2018-02-26 08:18:06,0.00122580,0.91000000
2018-02-26 08:18:06,0.00122570,14.91000000
2018-02-26 08:18:06,0.00122580,54.58000000
2018-02-26 08:18:06,0.00122600,5.08000000
2018-02-26 08:18:06,0.00122330,6.60000000
2018-02-26 08:18:07,0.00122430,1.00000000
2018-02-26 08:18:07,0.00122330,1.00000000
2018-02-26 08:18:07,0.00122430,15.00000000
2018-02-26 08:18:08,0.00122430,1.08000000
2018-02-26 08:18:08,0.00122430,8.83000000
2018-02-26 08:18:08,0.00122330,7.93000000
2018-02-26 08:18:08,0.00122330,8.83000000
2018-02-26 08:18:08,0.00122450,0.93000000
2018-02-26 08:18:08,0.00122580,9.91000000
2018-02-26 08:18:09,0.00122450,12.18000000
2018-02-26 08:18:09,0.00122430,0.02000000
2018-02-26 08:18:09,0.00122430,1.48000000
2018-02-26 08:18:09,0.00122430,14.83000000
2018-02-26 08:18:09,0.00122330,10.46000000
2018-02-26 08:18:09,0.00122450,13.11000000
2018-02-26 08:18:11,0.00122650,20.00000000
2018-02-26 08:18:11,0.00122660,16.33000000
2018-02-26 08:18:13,0.00122690,376.00000000
2018-02-26 08:18:13,0.00122700,25.05000000
2018-02-26 08:18:14,0.00122900,19.26000000
2018-02-26 08:18:19,0.00122700,4.85000000
2018-02-26 08:18:19,0.00122700,13.94000000
2018-02-26 08:18:21,0.00123000,3.25000000
2018-02-26 08:18:21,0.00122540,40.00000000
2018-02-26 08:18:21,0.00122530,4.08000000
2018-02-26 08:18:23,0.00122540,8.93000000
2018-02-26 08:18:23,0.00122490,4.88000000
2018-02-26 08:18:24,0.00122550,16.31000000
2018-02-26 08:18:24,0.00122470,20.00000000
2018-02-26 08:18:24,0.00122480,0.01000000
2018-02-26 08:18:27,0.00122960,4.07000000
2018-02-26 08:18:27,0.00122530,1.81000000
2018-02-26 08:18:30,0.00122720,106.92000000
2018-02-26 08:18:30,0.00122540,24.07000000
2018-02-26 08:18:30,0.00122530,12.24000000
2018-02-26 08:18:32,0.00122400,36.93000000
2018-02-26 08:18:34,0.00122400,4.67000000
2018-02-26 08:18:35,0.00122400,2.09000000
2018-02-26 08:18:36,0.00122400,20.00000000
2018-02-26 08:18:36,0.00122400,4.88000000
2018-02-26 08:18:37,0.00122400,25.29000000
2018-02-26 08:18:40,0.00122330,1.53000000
2018-02-26 08:18:41,0.00122420,4.08000000
2018-02-26 08:18:41,0.00122430,3.93000000
2018-02-26 08:18:42,0.00122460,21.20000000
2018-02-26 08:18:44,0.00122530,82.05000000
2018-02-26 08:18:44,0.00122530,181.34000000
2018-02-26 08:18:45,0.00122520,8.93000000
2018-02-26 08:18:48,0.00122430,3.56000000
2018-02-26 08:18:52,0.00122440,0.01000000
2018-02-26 08:18:59,0.00122570,1.00000000
2018-02-26 08:18:59,0.00122570,114.01000000
2018-02-26 08:19:02,0.00122520,122.71000000
2018-02-26 08:19:02,0.00122570,1.00000000
2018-02-26 08:19:07,0.00122700,2.13000000
2018-02-26 08:19:07,0.00122710,16.31000000
2018-02-26 08:19:07,0.00122720,42.68000000
2018-02-26 08:19:07,0.00122740,18.36000000
2018-02-26 08:19:07,0.00122740,67.00000000
2018-02-26 08:19:07,0.00122740,2.00000000
2018-02-26 08:19:09,0.00122740,8.21000000
2018-02-26 08:19:09,0.00122740,15.04000000
2018-02-26 08:19:09,0.00122750,14.96000000
2018-02-26 08:19:10,0.00122750,233.11000000
2018-02-26 08:19:10,0.00122750,7.25000000
2018-02-26 08:19:10,0.00122750,268.46000000
2018-02-26 08:19:10,0.00122780,6.93000000
2018-02-26 08:19:14,0.00122980,0.98000000
2018-02-26 08:19:14,0.00122760,29.29000000
2018-02-26 08:19:16,0.00122600,8.04000000
2018-02-26 08:19:16,0.00122600,6.76000000
2018-02-26 08:19:18,0.00122630,1.51000000
2018-02-26 08:19:18,0.00122620,8.92000000
2018-02-26 08:19:18,0.00122610,21.50000000
2018-02-26 08:19:19,0.00122950,8.92000000
2018-02-26 08:19:19,0.00122960,40.00000000
2018-02-26 08:19:19,0.00122970,14.80000000
2018-02-26 08:19:19,0.00122980,1.00000000
2018-02-26 08:19:21,0.00122980,82.97000000
2018-02-26 08:19:22,0.00122990,261.62000000
2018-02-26 08:19:22,0.00123000,49.97000000
2018-02-26 08:19:22,0.00123000,20.00000000
2018-02-26 08:19:24,0.00123000,52.00000000
2018-02-26 08:19:24,0.00122980,1.06000000
2018-02-26 08:19:26,0.00122980,20.00000000
2018-02-26 08:19:26,0.00122990,1.51000000
2018-02-26 08:19:26,0.00123000,60.22000000
2018-02-26 08:19:26,0.00122590,4.12000000
2018-02-26 08:19:27,0.00122600,8.95000000
2018-02-26 08:19:27,0.00122590,22.49000000
2018-02-26 08:19:27,0.00122590,3.21000000
2018-02-26 08:19:27,0.00122590,10.18000000
2018-02-26 08:19:27,0.00122580,1.98000000
2018-02-26 08:19:27,0.00122570,0.99000000
2018-02-26 08:19:28,0.00122910,1.78000000
2018-02-26 08:19:28,0.00122700,2.07000000
2018-02-26 08:19:28,0.00122700,2.06000000
2018-02-26 08:19:28,0.00122700,1.25000000
2018-02-26 08:19:28,0.00122700,4.10000000
2018-02-26 08:19:28,0.00122900,20.00000000
2018-02-26 08:19:28,0.00122910,7.17000000
2018-02-26 08:19:28,0.00122920,1.98000000
2018-02-26 08:19:28,0.00122940,4.09000000
2018-02-26 08:19:28,0.00122950,4.08000000
2018-02-26 08:19:29,0.00122980,3.74000000
2018-02-26 08:19:29,0.00122980,186.62000000
2018-02-26 08:19:29,0.00122980,4.35000000
2018-02-26 08:19:29,0.00122980,32.44000000
2018-02-26 08:19:29,0.00122980,2.48000000
2018-02-26 08:19:29,0.00122980,2.88000000
2018-02-26 08:19:29,0.00122980,2.06000000
2018-02-26 08:19:29,0.00122980,1.00000000
2018-02-26 08:19:30,0.00122980,8.34000000
2018-02-26 08:19:30,0.00122980,3.35000000
2018-02-26 08:19:30,0.00122980,8.13000000
2018-02-26 08:19:30,0.00122980,4.91000000
2018-02-26 08:19:30,0.00122980,3.31000000
2018-02-26 08:19:30,0.00122980,2.09000000
2018-02-26 08:19:30,0.00122980,3.16000000
2018-02-26 08:19:30,0.00122710,2.58000000
2018-02-26 08:19:31,0.00122720,6.76000000
2018-02-26 08:19:32,0.00122980,10.00000000
2018-02-26 08:19:33,0.00122730,21.60000000
2018-02-26 08:19:33,0.00122850,123.09000000
2018-02-26 08:19:33,0.00122740,4.86000000
2018-02-26 08:19:36,0.00122920,9.45000000
2018-02-26 08:19:36,0.00122920,6.81000000
2018-02-26 08:19:37,0.00122720,7.40000000
2018-02-26 08:19:38,0.00122960,5.85000000
2018-02-26 08:19:38,0.00122970,21.60000000
2018-02-26 08:19:39,0.00122720,23.86000000
2018-02-26 08:19:40,0.00122720,26.68000000
2018-02-26 08:19:40,0.00122980,4.58000000
2018-02-26 08:19:40,0.00122990,9.34000000
2018-02-26 08:19:40,0.00123000,230.37000000
2018-02-26 08:19:40,0.00123000,24.36000000
2018-02-26 08:19:41,0.00123000,8.07000000
2018-02-26 08:19:42,0.00123000,5.66000000
2018-02-26 08:19:43,0.00123100,10.00000000
2018-02-26 08:19:45,0.00123000,96.67000000
2018-02-26 08:19:46,0.00123000,4.20000000
2018-02-26 08:19:47,0.00123000,849.90000000
2018-02-26 08:19:49,0.00123000,3.54000000
2018-02-26 08:19:51,0.00123040,37.19000000
2018-02-26 08:19:53,0.00123100,10.03000000
2018-02-26 08:19:53,0.00123150,90.00000000
2018-02-26 08:19:53,0.00123250,89.99000000
2018-02-26 08:20:02,0.00123250,1.63000000
2018-02-26 08:20:05,0.00123280,20.20000000
2018-02-26 08:20:05,0.00123280,110.80000000
2018-02-26 08:20:06,0.00123280,2.03000000
2018-02-26 08:20:08,0.00123280,18.17000000
2018-02-26 08:20:08,0.00123310,0.82000000
2018-02-26 08:20:08,0.00123430,1.65000000
2018-02-26 08:20:08,0.00123440,16.00000000
2018-02-26 08:20:08,0.00123450,72.53000000
2018-02-26 08:20:08,0.00123470,14.93000000
2018-02-26 08:20:09,0.00123270,7.09000000
2018-02-26 08:20:09,0.00123250,34.11000000
2018-02-26 08:20:11,0.00123280,39.52000000
2018-02-26 08:20:11,0.00123470,14.33000000
2018-02-26 08:20:11,0.00123490,14.21000000
2018-02-26 08:20:11,0.00123500,13.14000000
2018-02-26 08:20:12,0.00123280,5.70000000
2018-02-26 08:20:12,0.00123280,27.00000000
2018-02-26 08:20:14,0.00123500,220.16000000
2018-02-26 08:20:14,0.00123500,123.87000000
2018-02-26 08:20:18,0.00123500,6.62000000
2018-02-26 08:20:19,0.00123390,45.28000000
2018-02-26 08:20:21,0.00123500,1.66000000
2018-02-26 08:20:27,0.00123490,32.28000000
2018-02-26 08:20:28,0.00123490,44.94000000
2018-02-26 08:20:28,0.00123500,29.06000000
2018-02-26 08:20:28,0.00123300,30.83000000
2018-02-26 08:20:28,0.00123290,54.80000000
2018-02-26 08:20:28,0.00123280,1.09000000
2018-02-26 08:20:29,0.00123500,2.78000000
2018-02-26 08:20:29,0.00123500,68.22000000
2018-02-26 08:20:30,0.00123410,139.09000000
2018-02-26 08:20:31,0.00123500,1.01000000
2018-02-26 08:20:32,0.00123350,8.69000000
2018-02-26 08:20:36,0.00123330,16.24000000
2018-02-26 08:20:36,0.00123300,277.74000000
2018-02-26 08:20:36,0.00123280,228.69000000
2018-02-26 08:20:36,0.00123220,4.56000000
2018-02-26 08:20:36,0.00123210,77.64000000
2018-02-26 08:20:36,0.00123200,15.80000000
2018-02-26 08:20:37,0.00123350,31.13000000
2018-02-26 08:20:37,0.00123350,33.00000000
2018-02-26 08:20:37,0.00123350,1.73000000
2018-02-26 08:20:38,0.00123340,77.64000000
2018-02-26 08:20:38,0.00123350,248.60000000
2018-02-26 08:20:38,0.00123500,333.48000000
2018-02-26 08:20:39,0.00123500,60.36000000
2018-02-26 08:20:43,0.00123400,10.00000000
2018-02-26 08:20:44,0.00123500,454.97000000
2018-02-26 08:20:46,0.00123400,17.12000000
2018-02-26 08:20:46,0.00123500,17.21000000
2018-02-26 08:20:46,0.00123400,2.86000000
2018-02-26 08:20:47,0.00123410,6.47000000
2018-02-26 08:20:48,0.00123450,7.73000000
2018-02-26 08:20:51,0.00123420,53.37000000
2018-02-26 08:20:54,0.00123450,7.74000000
2018-02-26 08:20:54,0.00123440,23.39000000
2018-02-26 08:20:56,0.00123500,153.00000000
2018-02-26 08:20:57,0.00123500,2.89000000
2018-02-26 08:20:58,0.00123500,18.39000000
2018-02-26 08:21:01,0.00123500,0.62000000
2018-02-26 08:21:02,0.00123470,147.17000000
2018-02-26 08:21:04,0.00123500,18.20000000
2018-02-26 08:21:04,0.00123460,0.82000000
2018-02-26 08:21:04,0.00123450,373.69000000
2018-02-26 08:21:04,0.00123440,55.96000000
2018-02-26 08:21:04,0.00123400,267.61000000
2018-02-26 08:21:05,0.00123330,16.91000000
2018-02-26 08:21:05,0.00123500,0.16000000
2018-02-26 08:21:07,0.00123280,4.56000000
2018-02-26 08:21:07,0.00123280,8.66000000
2018-02-26 08:21:09,0.00123190,2.05000000
2018-02-26 08:21:09,0.00123190,2.02000000
2018-02-26 08:21:10,0.00123100,5.60000000
2018-02-26 08:21:12,0.00123010,0.99000000
2018-02-26 08:21:12,0.00123010,1.81000000
2018-02-26 08:21:12,0.00123010,7.85000000
2018-02-26 08:21:12,0.00123010,1.19000000
2018-02-26 08:21:12,0.00123010,10.64000000
2018-02-26 08:21:12,0.00123010,4.12000000
2018-02-26 08:21:12,0.00123010,1.73000000
2018-02-26 08:21:12,0.00123010,2.47000000
2018-02-26 08:21:13,0.00123010,6.46000000
2018-02-26 08:21:13,0.00123010,8.04000000
2018-02-26 08:21:13,0.00123010,2.08000000
2018-02-26 08:21:13,0.00123010,13.14000000
2018-02-26 08:21:13,0.00123010,17.09000000
2018-02-26 08:21:15,0.00123000,8.00000000
2018-02-26 08:21:15,0.00123000,5.68000000
2018-02-26 08:21:16,0.00123000,0.93000000
2018-02-26 08:21:16,0.00123090,5.27000000
2018-02-26 08:21:16,0.00123090,4.12000000
2018-02-26 08:21:16,0.00123090,2.08000000
2018-02-26 08:21:16,0.00123090,49.98000000
2018-02-26 08:21:16,0.00123000,2.90000000
2018-02-26 08:21:16,0.00123000,4.13000000
2018-02-26 08:21:16,0.00123000,1.81000000
2018-02-26 08:21:16,0.00123000,51.10000000
2018-02-26 08:21:16,0.00123000,3.34000000
2018-02-26 08:21:17,0.00123000,0.83000000
2018-02-26 08:21:17,0.00123010,8.11000000
2018-02-26 08:21:17,0.00123000,0.99000000
2018-02-26 08:21:17,0.00123010,16.03000000
2018-02-26 08:21:17,0.00123010,15.32000000
2018-02-26 08:21:17,0.00123010,8.11000000
2018-02-26 08:21:17,0.00123000,8.11000000
2018-02-26 08:21:17,0.00123000,4.80000000
2018-02-26 08:21:18,0.00123000,16.35000000
2018-02-26 08:21:18,0.00123000,2.37000000
2018-02-26 08:21:19,0.00123000,2.17000000
2018-02-26 08:21:19,0.00123000,2.47000000
2018-02-26 08:21:19,0.00123010,25.48000000
2018-02-26 08:21:19,0.00123000,197.36000000
2018-02-26 08:21:19,0.00123000,6.56000000
2018-02-26 08:21:19,0.00123010,103.95000000
2018-02-26 08:21:19,0.00123080,81.68000000
2018-02-26 08:21:19,0.00123090,11.47000000
2018-02-26 08:21:19,0.00123200,393.73000000
2018-02-26 08:21:20,0.00123000,8.84000000
2018-02-26 08:21:21,0.00123010,8.06000000
2018-02-26 08:21:21,0.00123010,1.73000000
2018-02-26 08:21:21,0.00123010,9.32000000
2018-02-26 08:21:21,0.00123010,7.34000000
2018-02-26 08:21:21,0.00123010,30.76000000
2018-02-26 08:21:21,0.00123010,16.09000000
2018-02-26 08:21:22,0.00123000,2.06000000
2018-02-26 08:21:22,0.00123190,17.62000000
2018-02-26 08:21:22,0.00123000,6.12000000
2018-02-26 08:21:22,0.00123000,4.76000000
2018-02-26 08:21:23,0.00123000,42.63000000
2018-02-26 08:21:23,0.00123000,25.44000000
2018-02-26 08:21:23,0.00123010,2.47000000
2018-02-26 08:21:23,0.00123010,3.54000000
2018-02-26 08:21:24,0.00123010,1.11000000
2018-02-26 08:21:24,0.00123000,0.45000000
2018-02-26 08:21:24,0.00123000,12.26000000
2018-02-26 08:21:24,0.00123000,4.10000000
2018-02-26 08:21:24,0.00123000,3.36000000
2018-02-26 08:21:25,0.00123000,5.36000000
2018-02-26 08:21:25,0.00123000,3.44000000
2018-02-26 08:21:25,0.00123000,28.24000000
2018-02-26 08:21:25,0.00123000,4.00000000
2018-02-26 08:21:26,0.00123000,7.37000000
2018-02-26 08:21:27,0.00123000,2.88000000
2018-02-26 08:21:27,0.00123000,6.40000000
2018-02-26 08:21:28,0.00123000,1.23000000
2018-02-26 08:21:28,0.00123000,2.02000000
2018-02-26 08:21:28,0.00123000,4.04000000
2018-02-26 08:21:29,0.00123000,3.50000000
2018-02-26 08:21:29,0.00123000,2.06000000
2018-02-26 08:21:30,0.00123000,22.16000000
2018-02-26 08:21:30,0.00123000,35.52000000
2018-02-26 08:21:30,0.00123000,4.06000000
2018-02-26 08:21:31,0.00123000,46.54000000
2018-02-26 08:21:31,0.00123120,155.26000000
2018-02-26 08:21:32,0.00123000,7.74000000
2018-02-26 08:21:34,0.00123010,3.29000000
2018-02-26 08:21:34,0.00123010,3.54000000
2018-02-26 08:21:35,0.00123010,5.40000000
2018-02-26 08:21:35,0.00123000,2.76000000
2018-02-26 08:21:35,0.00123000,6.88000000
2018-02-26 08:21:36,0.00123000,12.23000000
2018-02-26 08:21:37,0.00123210,2.46000000
2018-02-26 08:21:38,0.00123210,3.00000000
2018-02-26 08:21:38,0.00123000,7.96000000
2018-02-26 08:21:39,0.00123000,2.09000000
2018-02-26 08:21:39,0.00123000,7.16000000
2018-02-26 08:21:40,0.00123000,4.80000000
2018-02-26 08:21:40,0.00123000,41.68000000
2018-02-26 08:21:41,0.00123000,74.34000000
2018-02-26 08:21:46,0.00123210,12.00000000
2018-02-26 08:21:52,0.00123100,69.54000000
2018-02-26 08:21:57,0.00123100,39.32000000
2018-02-26 08:22:02,0.00123190,38.22000000
2018-02-26 08:22:02,0.00123200,29.80000000
2018-02-26 08:22:02,0.00123210,15.76000000
2018-02-26 08:22:03,0.00123220,17.78000000
2018-02-26 08:22:04,0.00123210,163.35000000
2018-02-26 08:22:04,0.00123260,17.13000000
2018-02-26 08:22:04,0.00123180,4.55000000
2018-02-26 08:22:05,0.00123260,52.34000000
2018-02-26 08:22:05,0.00123270,4.56000000
2018-02-26 08:22:05,0.00123280,15.35000000
2018-02-26 08:22:07,0.00123180,2.06000000
2018-02-26 08:22:07,0.00123180,12.05000000
2018-02-26 08:22:10,0.00123400,8.99000000
2018-02-26 08:22:12,0.00123210,708.68000000
2018-02-26 08:22:12,0.00123190,77.96000000
2018-02-26 08:22:12,0.00123180,1242.41000000
2018-02-26 08:22:12,0.00123150,16.24000000
2018-02-26 08:22:12,0.00123100,36.50000000
2018-02-26 08:22:12,0.00123010,12.24000000
2018-02-26 08:22:12,0.00123000,1683.07000000
2018-02-26 08:22:12,0.00123000,5.00000000
2018-02-26 08:22:12,0.00123000,69.59000000
2018-02-26 08:22:12,0.00123000,78.81000000
2018-02-26 08:22:12,0.00122980,22.89000000
2018-02-26 08:22:13,0.00123000,31.06000000
2018-02-26 08:22:16,0.00123000,2.43000000
2018-02-26 08:22:17,0.00122920,3.72000000
2018-02-26 08:22:21,0.00122950,77.63000000
2018-02-26 08:22:21,0.00122920,20.68000000
2018-02-26 08:22:22,0.00122820,4.64000000
2018-02-26 08:22:24,0.00122760,1.65000000
2018-02-26 08:22:24,0.00122910,4.06000000
2018-02-26 08:22:24,0.00122920,68.94000000
2018-02-26 08:22:24,0.00122760,1.12000000
2018-02-26 08:22:25,0.00122660,2.04000000
2018-02-26 08:22:26,0.00122760,0.98000000
2018-02-26 08:22:26,0.00122590,1.84000000
2018-02-26 08:22:27,0.00122700,5.76000000
2018-02-26 08:22:28,0.00122760,16.49000000
2018-02-26 08:22:28,0.00122700,2.65000000
2018-02-26 08:22:30,0.00122700,11.59000000
2018-02-26 08:22:30,0.00122590,132.97000000
2018-02-26 08:22:30,0.00122590,75.36000000
2018-02-26 08:22:34,0.00122760,2.04000000
2018-02-26 08:22:35,0.00122760,0.52000000
2018-02-26 08:22:35,0.00122610,8.32000000
2018-02-26 08:22:35,0.00122760,10.00000000
2018-02-26 08:22:36,0.00122610,17.13000000
2018-02-26 08:22:36,0.00122610,1.82000000
2018-02-26 08:22:36,0.00122610,81.96000000
2018-02-26 08:22:37,0.00122610,5.74000000
2018-02-26 08:22:37,0.00122610,0.87000000
2018-02-26 08:22:40,0.00122670,171.25000000
2018-02-26 08:22:40,0.00122620,1.73000000
2018-02-26 08:22:43,0.00122620,2.34000000
2018-02-26 08:22:43,0.00122600,4.07000000
2018-02-26 08:22:43,0.00122590,4.07000000
2018-02-26 08:22:43,0.00122570,344.33000000
2018-02-26 08:22:43,0.00122560,91.32000000
2018-02-26 08:22:43,0.00122550,89.35000000
2018-02-26 08:22:49,0.00122630,7.26000000
2018-02-26 08:22:50,0.00122630,1.66000000
2018-02-26 08:22:54,0.00122670,85.53000000
2018-02-26 08:23:03,0.00122620,7.15000000
2018-02-26 08:23:06,0.00122640,179.34000000
2018-02-26 08:23:06,0.00122670,0.15000000
2018-02-26 08:23:10,0.00122670,28.13000000
2018-02-26 08:23:16,0.00122700,8.15000000
2018-02-26 08:23:17,0.00122710,1.49000000
2018-02-26 08:23:18,0.00122700,8.07000000
2018-02-26 08:23:19,0.00122700,13.02000000
2018-02-26 08:23:19,0.00122700,3.15000000
2018-02-26 08:23:19,0.00122670,9.44000000
2018-02-26 08:23:25,0.00122670,29.66000000
2018-02-26 08:23:26,0.00122710,4.98000000
2018-02-26 08:23:26,0.00122760,11.12000000
2018-02-26 08:23:26,0.00122780,26.23000000
2018-02-26 08:23:26,0.00122910,4.59000000
2018-02-26 08:23:38,0.00122910,96.65000000
2018-02-26 08:23:38,0.00122980,242.11000000
2018-02-26 08:23:38,0.00123000,767.27000000
2018-02-26 08:23:40,0.00122840,7.90000000
2018-02-26 08:23:40,0.00123000,430.38000000
2018-02-26 08:23:42,0.00123000,64.56000000
2018-02-26 08:23:46,0.00123000,259.87000000
2018-02-26 08:23:48,0.00123000,642.84000000
2018-02-26 08:23:49,0.00123000,252.14000000
2018-02-26 08:23:53,0.00123170,1.46000000
2018-02-26 08:23:53,0.00123000,53.67000000
2018-02-26 08:23:57,0.00123080,101.71000000
2018-02-26 08:24:00,0.00123170,2.45000000
2018-02-26 08:24:00,0.00123200,8.14000000
2018-02-26 08:24:00,0.00123240,77.96000000
2018-02-26 08:24:00,0.00123240,27.78000000
2018-02-26 08:24:02,0.00123250,3.25000000
2018-02-26 08:24:03,0.00123250,2.03000000
2018-02-26 08:24:05,0.00123250,14.38000000
2018-02-26 08:24:08,0.00123380,1.22000000
2018-02-26 08:24:09,0.00123380,17.60000000
2018-02-26 08:24:09,0.00123380,1.16000000
2018-02-26 08:24:14,0.00123380,0.34000000
2018-02-26 08:24:15,0.00123380,2.78000000
2018-02-26 08:24:15,0.00123390,15.99000000
2018-02-26 08:24:16,0.00123400,5.74000000
2018-02-26 08:24:16,0.00123380,2.00000000
2018-02-26 08:24:18,0.00123400,2.84000000
2018-02-26 08:24:18,0.00123380,4.67000000
2018-02-26 08:24:20,0.00123400,2.62000000
2018-02-26 08:24:22,0.00123400,9.20000000
2018-02-26 08:24:22,0.00123500,4.99000000
2018-02-26 08:24:22,0.00123580,30.07000000
2018-02-26 08:24:24,0.00123580,9.41000000
2018-02-26 08:24:28,0.00123410,10.21000000
2018-02-26 08:24:30,0.00123420,14.88000000
2018-02-26 08:24:30,0.00123420,20.56000000
2018-02-26 08:24:30,0.00123420,8.04000000
2018-02-26 08:24:31,0.00123420,12.59000000
2018-02-26 08:24:32,0.00123580,3.00000000
2018-02-26 08:24:32,0.00123600,2.09000000
2018-02-26 08:24:33,0.00123600,3.10000000
2018-02-26 08:24:33,0.00123600,161.15000000
2018-02-26 08:24:34,0.00123600,56.07000000
2018-02-26 08:24:34,0.00123610,10.21000000
2018-02-26 08:24:34,0.00123620,2.77000000
2018-02-26 08:24:34,0.00123630,5.76000000
2018-02-26 08:24:34,0.00123660,27.88000000
2018-02-26 08:24:34,0.00123670,14.38000000
2018-02-26 08:24:34,0.00123750,31.00000000
2018-02-26 08:24:36,0.00123670,109.80000000
2018-02-26 08:24:42,0.00123750,18.69000000
2018-02-26 08:24:43,0.00123630,3.29000000
2018-02-26 08:24:44,0.00123750,73.02000000
2018-02-26 08:24:44,0.00123800,10.66000000
2018-02-26 08:24:45,0.00123640,0.34000000
2018-02-26 08:24:48,0.00123800,2.83000000
2018-02-26 08:24:50,0.00123800,9.56000000
2018-02-26 08:24:52,0.00123800,13.23000000
2018-02-26 08:24:52,0.00123650,77.62000000
2018-02-26 08:24:52,0.00123640,168.93000000
2018-02-26 08:24:52,0.00123630,184.15000000
2018-02-26 08:24:52,0.00123600,433.97000000
2018-02-26 08:24:52,0.00123550,4.08000000
2018-02-26 08:24:52,0.00123490,140.00000000
2018-02-26 08:24:52,0.00123420,240.63000000
2018-02-26 08:24:52,0.00123400,961.39000000
2018-02-26 08:24:52,0.00123380,33.64000000
2018-02-26 08:24:52,0.00123250,26.01000000
2018-02-26 08:24:52,0.00123470,16.19000000
2018-02-26 08:24:52,0.00123460,7.89000000
2018-02-26 08:24:53,0.00123470,8.91000000
2018-02-26 08:24:53,0.00123460,16.19000000
2018-02-26 08:24:54,0.00123120,6.09000000
2018-02-26 08:24:54,0.00123110,0.56000000
2018-02-26 08:24:54,0.00123110,10.00000000
2018-02-26 08:24:55,0.00123120,0.82000000
2018-02-26 08:24:55,0.00123130,1.65000000
2018-02-26 08:24:55,0.00123130,2.05000000
2018-02-26 08:24:56,0.00123130,5.74000000
2018-02-26 08:24:56,0.00123120,1.30000000
2018-02-26 08:24:56,0.00123130,1.80000000
2018-02-26 08:24:56,0.00123130,2.02000000
2018-02-26 08:24:56,0.00123750,18.35000000
2018-02-26 08:24:56,0.00123760,108.18000000
2018-02-26 08:24:56,0.00123770,16.19000000
2018-02-26 08:24:56,0.00123790,4.05000000
2018-02-26 08:24:56,0.00123860,488.99000000
2018-02-26 08:24:56,0.00123130,3.28000000
2018-02-26 08:24:57,0.00123140,16.12000000
2018-02-26 08:24:57,0.00123140,6.21000000
2018-02-26 08:24:57,0.00123130,1.83000000
2018-02-26 08:24:57,0.00123140,1.31000000
2018-02-26 08:24:57,0.00123140,38.69000000
2018-02-26 08:24:57,0.00123120,3.97000000
2018-02-26 08:24:57,0.00123140,3.68000000
2018-02-26 08:24:58,0.00123140,7.04000000
2018-02-26 08:24:58,0.00123150,2.03000000
2018-02-26 08:24:58,0.00123140,7.81000000
2018-02-26 08:24:59,0.00123140,1.64000000
2018-02-26 08:24:59,0.00123140,16.05000000
2018-02-26 08:25:00,0.00123140,2.06000000
2018-02-26 08:25:04,0.00123200,222.47000000
2018-02-26 08:25:05,0.00123450,3.09000000
2018-02-26 08:25:05,0.00123320,117.88000000
2018-02-26 08:25:05,0.00123210,3.36000000
2018-02-26 08:25:07,0.00123440,28.95000000
2018-02-26 08:25:07,0.00123450,3.25000000
2018-02-26 08:25:07,0.00123480,8.93000000
2018-02-26 08:25:07,0.00123490,16.24000000
2018-02-26 08:25:07,0.00123500,24.47000000
2018-02-26 08:25:07,0.00123610,4.08000000
2018-02-26 08:25:07,0.00123640,106.29000000
2018-02-26 08:25:07,0.00123640,14.46000000
2018-02-26 08:25:07,0.00123700,2.11000000
2018-02-26 08:25:07,0.00123860,11.43000000
2018-02-26 08:25:11,0.00123690,1.29000000
2018-02-26 08:25:12,0.00123290,28.96000000
2018-02-26 08:25:12,0.00123280,16.22000000
2018-02-26 08:25:12,0.00123230,12.12000000
2018-02-26 08:25:12,0.00123200,165.18000000
2018-02-26 08:25:15,0.00123640,0.17000000
2018-02-26 08:25:18,0.00123250,0.85000000
2018-02-26 08:25:18,0.00123210,4.05000000
2018-02-26 08:25:18,0.00123200,139.79000000
2018-02-26 08:25:18,0.00123200,14.17000000
2018-02-26 08:25:22,0.00123360,31.98000000
2018-02-26 08:25:25,0.00123210,4.82000000
2018-02-26 08:25:31,0.00123340,2.55000000
2018-02-26 08:25:31,0.00123330,8.09000000
2018-02-26 08:25:31,0.00123330,8.09000000
2018-02-26 08:25:31,0.00123330,2.82000000
2018-02-26 08:25:35,0.00123250,125.79000000
2018-02-26 08:25:38,0.00123310,13.34000000
2018-02-26 08:25:40,0.00123310,11.56000000
2018-02-26 08:25:47,0.00123310,115.28000000
2018-02-26 08:25:49,0.00123310,16.23000000
2018-02-26 08:25:54,0.00123310,8.11000000
2018-02-26 08:25:55,0.00123320,6.52000000
2018-02-26 08:25:55,0.00123320,1.00000000
2018-02-26 08:25:56,0.00123320,0.56000000
2018-02-26 08:25:56,0.00123310,98.51000000
2018-02-26 08:26:03,0.00123220,15.18000000
2018-02-26 08:26:03,0.00123210,154.44000000
2018-02-26 08:26:03,0.00123200,534.83000000
2018-02-26 08:26:05,0.00123260,133.88000000
2018-02-26 08:26:07,0.00123200,67.01000000
2018-02-26 08:26:07,0.00123200,24.00000000
2018-02-26 08:26:11,0.00123200,430.38000000
2018-02-26 08:26:13,0.00123200,156.23000000
2018-02-26 08:26:15,0.00123310,62.25000000
2018-02-26 08:26:16,0.00123200,273.12000000
2018-02-26 08:26:16,0.00123140,40.60000000
2018-02-26 08:26:17,0.00123100,28.37000000
2018-02-26 08:26:17,0.00123080,17.98000000
2018-02-26 08:26:18,0.00123200,157.79000000
2018-02-26 08:26:18,0.00123200,3.00000000
2018-02-26 08:26:19,0.00123060,2.76000000
2018-02-26 08:26:21,0.00123000,2.06000000
2018-02-26 08:26:21,0.00123060,2.00000000
2018-02-26 08:26:21,0.00123200,112.33000000
2018-02-26 08:26:21,0.00123240,2.04000000
2018-02-26 08:26:23,0.00123200,28.37000000
2018-02-26 08:26:24,0.00123200,117.13000000
2018-02-26 08:26:27,0.00123250,48.16000000
2018-02-26 08:26:27,0.00123200,558.84000000
2018-02-26 08:26:28,0.00123310,16.17000000
2018-02-26 08:26:28,0.00123340,4.83000000
2018-02-26 08:26:30,0.00123310,1.32000000
2018-02-26 08:26:31,0.00123310,67.50000000
2018-02-26 08:26:38,0.00123200,7.62000000
2018-02-26 08:26:38,0.00123300,5.60000000
2018-02-26 08:26:43,0.00123230,141.96000000
2018-02-26 08:26:45,0.00123210,0.98000000
2018-02-26 08:26:45,0.00123200,115.64000000
2018-02-26 08:26:48,0.00123100,30.21000000
2018-02-26 08:26:51,0.00123150,6.00000000
2018-02-26 08:26:51,0.00123200,3.91000000
2018-02-26 08:26:51,0.00123280,0.37000000
2018-02-26 08:26:59,0.00123160,2.99000000
2018-02-26 08:27:00,0.00123070,6.96000000
2018-02-26 08:27:04,0.00123210,56.24000000
2018-02-26 08:27:04,0.00123200,67.16000000
2018-02-26 08:27:07,0.00123230,3.00000000
2018-02-26 08:27:10,0.00123200,174.78000000
2018-02-26 08:27:14,0.00123170,3.95000000
2018-02-26 08:27:14,0.00123070,24.95000000
2018-02-26 08:27:16,0.00123170,0.79000000
2018-02-26 08:27:16,0.00123280,0.80000000
2018-02-26 08:27:16,0.00123280,8.06000000
2018-02-26 08:27:16,0.00123280,12.50000000
2018-02-26 08:27:16,0.00123280,9.18000000
2018-02-26 08:27:16,0.00123280,8.06000000
2018-02-26 08:27:17,0.00123280,6.76000000
2018-02-26 08:27:22,0.00123080,11.40000000
2018-02-26 08:27:24,0.00123270,17.60000000
2018-02-26 08:27:24,0.00123280,9.40000000
2018-02-26 08:27:26,0.00123170,11.85000000
2018-02-26 08:27:26,0.00123170,138.20000000
2018-02-26 08:27:36,0.00123170,2.73000000
2018-02-26 08:27:38,0.00123220,64.33000000
2018-02-26 08:27:45,0.00123170,10.53000000
2018-02-26 08:27:45,0.00123100,25.10000000
2018-02-26 08:27:46,0.00123100,3.37000000
2018-02-26 08:27:46,0.00123080,102.75000000
2018-02-26 08:27:46,0.00123080,33.72000000
2018-02-26 08:27:46,0.00123070,56.59000000
2018-02-26 08:27:46,0.00123070,346.72000000
2018-02-26 08:27:46,0.00123070,13.43000000
2018-02-26 08:27:46,0.00123060,6.62000000
2018-02-26 08:27:47,0.00123050,1.00000000
2018-02-26 08:27:47,0.00123000,13.02000000
2018-02-26 08:27:47,0.00122970,4.06000000
2018-02-26 08:27:47,0.00122980,51.31000000
2018-02-26 08:27:48,0.00123020,2.86000000
2018-02-26 08:27:48,0.00122940,2.03000000
2018-02-26 08:27:51,0.00122810,27.95000000
2018-02-26 08:27:51,0.00122800,26.92000000
2018-02-26 08:27:51,0.00122760,9.69000000
2018-02-26 08:27:56,0.00122920,158.14000000
2018-02-26 08:27:56,0.00122760,5.71000000
2018-02-26 08:27:56,0.00122680,1.16000000
2018-02-26 08:27:57,0.00122680,23.49000000
2018-02-26 08:27:57,0.00122570,344.34000000
2018-02-26 08:27:57,0.00122570,1.90000000
2018-02-26 08:27:57,0.00122570,1.90000000
2018-02-26 08:27:57,0.00122570,1.90000000
2018-02-26 08:27:57,0.00122570,1.17000000
2018-02-26 08:27:59,0.00123050,0.51000000
2018-02-26 08:28:08,0.00122780,72.24000000
2018-02-26 08:28:17,0.00122880,20.00000000
2018-02-26 08:28:17,0.00122890,16.21000000
2018-02-26 08:28:17,0.00122910,8.95000000
2018-02-26 08:28:17,0.00123240,11.40000000
2018-02-26 08:28:17,0.00123250,31.91000000
2018-02-26 08:28:17,0.00123280,119.80000000
2018-02-26 08:28:19,0.00122870,4.06000000
2018-02-26 08:28:20,0.00123270,3.24000000
2018-02-26 08:28:25,0.00123050,0.98000000
2018-02-26 08:28:27,0.00123050,12.33000000
2018-02-26 08:28:29,0.00122890,32.55000000
2018-02-26 08:28:30,0.00123050,84.73000000
2018-02-26 08:28:36,0.00123240,5.60000000
2018-02-26 08:28:45,0.00123010,8.84000000
2018-02-26 08:28:45,0.00123110,199.16000000
2018-02-26 08:28:46,0.00123240,8.11000000
2018-02-26 08:28:50,0.00123000,124.23000000
2018-02-26 08:28:52,0.00123240,138.20000000
2018-02-26 08:28:56,0.00123000,150.57000000
2018-02-26 08:28:58,0.00122930,16.26000000
2018-02-26 08:28:59,0.00123000,19.86000000
2018-02-26 08:28:59,0.00122920,4.07000000
2018-02-26 08:29:01,0.00123050,250.00000000
2018-02-26 08:29:03,0.00123000,9.41000000
2018-02-26 08:29:05,0.00123000,18.50000000
2018-02-26 08:29:06,0.00122940,46.91000000
2018-02-26 08:29:07,0.00123000,6.83000000
2018-02-26 08:29:07,0.00123210,16.26000000
2018-02-26 08:29:07,0.00123230,6.91000000
2018-02-26 08:29:10,0.00123000,42.05000000
2018-02-26 08:29:11,0.00123000,23.03000000
2018-02-26 08:29:11,0.00123000,8.08000000
2018-02-26 08:29:11,0.00123000,1.00000000
2018-02-26 08:29:11,0.00123000,42.30000000
2018-02-26 08:29:11,0.00122920,8.08000000
2018-02-26 08:29:15,0.00122970,8.08000000
2018-02-26 08:29:16,0.00122980,4.07000000
2018-02-26 08:29:16,0.00122990,1.02000000
2018-02-26 08:29:16,0.00123000,73.90000000
2018-02-26 08:29:16,0.00123190,3.00000000
2018-02-26 08:29:16,0.00123200,40.00000000
2018-02-26 08:29:16,0.00123230,39.13000000
2018-02-26 08:29:16,0.00123240,153.37000000
2018-02-26 08:29:17,0.00122920,7.22000000
2018-02-26 08:29:17,0.00122920,7.22000000
2018-02-26 08:29:17,0.00122920,6.02000000
2018-02-26 08:29:17,0.00122920,29.63000000
2018-02-26 08:29:17,0.00122920,7.22000000
2018-02-26 08:29:20,0.00122930,4.82000000
2018-02-26 08:29:27,0.00123070,4.32000000
2018-02-26 08:29:27,0.00123070,209.21000000
2018-02-26 08:29:28,0.00123070,4.32000000
2018-02-26 08:29:36,0.00122940,96.92000000
2018-02-26 08:29:36,0.00122930,11.44000000
2018-02-26 08:29:36,0.00122920,64.10000000
2018-02-26 08:29:36,0.00122890,168.53000000
2018-02-26 08:29:36,0.00122850,138.07000000
2018-02-26 08:29:40,0.00123140,16.26000000
2018-02-26 08:29:40,0.00123150,65.75000000
2018-02-26 08:29:42,0.00123240,137.55000000
2018-02-26 08:29:42,0.00123240,234.93000000
2018-02-26 08:29:42,0.00123000,30.40000000
2018-02-26 08:29:42,0.00123000,175.15000000
2018-02-26 08:29:43,0.00123120,61.28000000
2018-02-26 08:29:49,0.00123250,43.83000000
2018-02-26 08:29:50,0.00123270,2.77000000
2018-02-26 08:29:50,0.00123270,2.77000000
2018-02-26 08:29:50,0.00123270,2.78000000
2018-02-26 08:29:50,0.00123240,2.77000000
2018-02-26 08:29:50,0.00123270,8.00000000
2018-02-26 08:29:50,0.00123270,1.00000000
2018-02-26 08:29:54,0.00123270,159.51000000
2018-02-26 08:29:54,0.00123300,1.00000000
2018-02-26 08:29:56,0.00123300,394.88000000
2018-02-26 08:29:58,0.00123370,227.89000000
2018-02-26 08:29:59,0.00123460,3.97000000
2018-02-26 08:30:03,0.00123460,0.97000000
2018-02-26 08:30:03,0.00123460,2.42000000
2018-02-26 08:30:04,0.00123300,0.68000000
2018-02-26 08:30:04,0.00123300,9.50000000
2018-02-26 08:30:10,0.00123460,2.43000000
2018-02-26 08:30:11,0.00123310,4.05000000
2018-02-26 08:30:11,0.00123300,107.70000000
2018-02-26 08:30:11,0.00123270,245.69000000
2018-02-26 08:30:11,0.00123240,143.67000000
2018-02-26 08:30:11,0.00123150,14.08000000
2018-02-26 08:30:11,0.00123460,2.02000000
2018-02-26 08:30:12,0.00123450,0.51000000
2018-02-26 08:30:12,0.00123450,19.49000000
2018-02-26 08:30:12,0.00123460,26.93000000
2018-02-26 08:30:15,0.00123080,2.00000000
2018-02-26 08:30:15,0.00123460,14.60000000
2018-02-26 08:30:16,0.00123280,75.64000000
2018-02-26 08:30:17,0.00123120,46.93000000
2018-02-26 08:30:17,0.00123110,3.49000000
2018-02-26 08:30:17,0.00123450,1.13000000
2018-02-26 08:30:21,0.00123410,38.87000000
2018-02-26 08:30:21,0.00123420,12.99000000
2018-02-26 08:30:21,0.00123450,83.03000000
2018-02-26 08:30:21,0.00123460,1138.95000000
2018-02-26 08:30:21,0.00123490,39.37000000
2018-02-26 08:30:21,0.00123500,30.21000000
2018-02-26 08:30:22,0.00123520,20.00000000
2018-02-26 08:30:23,0.00123500,58.17000000
2018-02-26 08:30:24,0.00123500,37.46000000
2018-02-26 08:30:24,0.00123500,100.30000000
2018-02-26 08:30:24,0.00123500,2.03000000
2018-02-26 08:30:26,0.00123520,1.51000000
2018-02-26 08:30:27,0.00123500,4.08000000
2018-02-26 08:30:28,0.00123500,1500.81000000
2018-02-26 08:30:29,0.00123500,41.25000000
2018-02-26 08:30:30,0.00123300,241.93000000
2018-02-26 08:30:32,0.00123500,12.56000000
2018-02-26 08:30:36,0.00123170,21.05000000
2018-02-26 08:30:36,0.00123170,7.90000000
2018-02-26 08:30:36,0.00123160,4.40000000
2018-02-26 08:30:44,0.00123180,7.30000000
2018-02-26 08:30:47,0.00123380,28.00000000
2018-02-26 08:30:47,0.00123180,9.19000000
2018-02-26 08:30:50,0.00123290,89.68000000
2018-02-26 08:30:52,0.00123180,7.96000000
2018-02-26 08:31:01,0.00123220,58.25000000
2018-02-26 08:31:01,0.00123180,13.75000000
2018-02-26 08:31:05,0.00123200,256.30000000
2018-02-26 08:31:07,0.00123180,47.29000000
2018-02-26 08:31:07,0.00123170,39.05000000
2018-02-26 08:31:07,0.00123160,20.75000000
2018-02-26 08:31:07,0.00123150,30.29000000
2018-02-26 08:31:07,0.00123100,362.62000000
2018-02-26 08:31:09,0.00123240,0.02000000
2018-02-26 08:31:09,0.00123100,337.02000000
2018-02-26 08:31:09,0.00123000,171.29000000
2018-02-26 08:31:13,0.00123240,6.15000000
2018-02-26 08:31:13,0.00123240,6.20000000
2018-02-26 08:31:13,0.00123240,2.89000000
2018-02-26 08:31:13,0.00123010,6.20000000
2018-02-26 08:31:16,0.00123240,9.76000000
2018-02-26 08:31:19,0.00123220,1.00000000
2018-02-26 08:31:22,0.00123050,11.12000000
2018-02-26 08:31:22,0.00123100,104.05000000
2018-02-26 08:31:22,0.00123220,76.00000000
2018-02-26 08:31:36,0.00123040,270.66000000
2018-02-26 08:31:42,0.00123000,173.18000000
2018-02-26 08:31:42,0.00123000,46.98000000
2018-02-26 08:31:42,0.00123090,3.93000000
2018-02-26 08:31:42,0.00123180,43.82000000
2018-02-26 08:31:45,0.00123180,28.00000000
2018-02-26 08:31:46,0.00123240,1.00000000
2018-02-26 08:31:47,0.00123180,567.05000000
2018-02-26 08:31:48,0.00123020,50.95000000
2018-02-26 08:31:48,0.00123020,29.32000000
2018-02-26 08:31:49,0.00123020,17.53000000
2018-02-26 08:31:50,0.00123180,10.00000000
2018-02-26 08:31:52,0.00123180,316.55000000
2018-02-26 08:31:54,0.00123120,118.41000000
2018-02-26 08:32:05,0.00123110,1.69000000
2018-02-26 08:32:05,0.00123120,55.36000000
2018-02-26 08:32:10,0.00123120,121.12000000
2018-02-26 08:32:11,0.00123120,36.00000000
2018-02-26 08:32:12,0.00123160,285.02000000
2018-02-26 08:32:14,0.00123250,1.06000000
2018-02-26 08:32:14,0.00123310,4.05000000
2018-02-26 08:32:14,0.00123370,6.49000000
2018-02-26 08:32:16,0.00123130,8.10000000
2018-02-26 08:32:27,0.00123140,7.57000000
2018-02-26 08:32:27,0.00123130,75.07000000
2018-02-26 08:32:27,0.00123120,109.52000000
2018-02-26 08:32:27,0.00123080,85.30000000
2018-02-26 08:32:28,0.00123130,3.55000000
2018-02-26 08:32:32,0.00123130,7.35000000
2018-02-26 08:32:34,0.00123000,1.05000000
2018-02-26 08:32:34,0.00122920,2.03000000
2018-02-26 08:32:34,0.00122850,29.43000000
2018-02-26 08:32:34,0.00123060,132.77000000
2018-02-26 08:32:34,0.00123000,82.65000000
2018-02-26 08:32:36,0.00123120,3.75000000
2018-02-26 08:32:37,0.00122860,2.06000000
2018-02-26 08:32:38,0.00122860,1.90000000
2018-02-26 08:32:43,0.00123090,4.06000000
2018-02-26 08:32:43,0.00123100,8.15000000
2018-02-26 08:32:43,0.00123130,31.43000000
2018-02-26 08:32:45,0.00123110,299.38000000
2018-02-26 08:32:45,0.00123130,1.67000000
2018-02-26 08:32:46,0.00123100,4.06000000
2018-02-26 08:32:47,0.00123130,13.01000000
2018-02-26 08:32:48,0.00123100,1.75000000
2018-02-26 08:32:53,0.00123000,0.97000000
2018-02-26 08:32:53,0.00123000,7.33000000
2018-02-26 08:32:54,0.00123000,6.03000000
2018-02-26 08:32:54,0.00123000,6.03000000
2018-02-26 08:32:55,0.00123000,13.82000000
2018-02-26 08:32:55,0.00123000,13.82000000
2018-02-26 08:32:55,0.00123000,12.30000000
2018-02-26 08:32:55,0.00123130,1.48000000
2018-02-26 08:32:57,0.00123000,147.14000000
2018-02-26 08:33:02,0.00123070,0.96000000
2018-02-26 08:33:05,0.00123070,129.16000000
2018-02-26 08:33:08,0.00123070,18.00000000
2018-02-26 08:33:12,0.00122970,313.43000000
2018-02-26 08:33:20,0.00123070,2.49000000
2018-02-26 08:33:23,0.00123060,15.00000000
2018-02-26 08:33:26,0.00123060,24.38000000
2018-02-26 08:33:29,0.00122960,161.18000000
2018-02-26 08:33:31,0.00122970,66.44000000
2018-02-26 08:33:33,0.00122890,3.90000000
2018-02-26 08:33:33,0.00122880,145.62000000
2018-02-26 08:33:33,0.00122850,63.43000000
2018-02-26 08:33:34,0.00122970,10.00000000
2018-02-26 08:33:35,0.00122970,69.96000000
2018-02-26 08:33:43,0.00122770,3.47000000
2018-02-26 08:33:47,0.00122880,8.93000000
2018-02-26 08:33:48,0.00123000,16.01000000
2018-02-26 08:33:48,0.00123030,10.99000000
2018-02-26 08:33:58,0.00122790,77.00000000
2018-02-26 08:33:58,0.00122780,5.70000000
2018-02-26 08:33:58,0.00122770,5.55000000
2018-02-26 08:33:58,0.00122690,4.07000000
2018-02-26 08:33:58,0.00122620,113.52000000
2018-02-26 08:33:58,0.00122600,24.39000000
2018-02-26 08:33:58,0.00122580,300.00000000
2018-02-26 08:33:58,0.00122580,8.11000000
2018-02-26 08:33:58,0.00122580,10.74000000
2018-02-26 08:33:59,0.00123000,26.70000000
2018-02-26 08:33:59,0.00123030,768.11000000
2018-02-26 08:34:00,0.00123040,9.85000000
2018-02-26 08:34:00,0.00123050,5.28000000
2018-02-26 08:34:00,0.00123060,0.22000000
2018-02-26 08:34:04,0.00123030,17.20000000
2018-02-26 08:34:06,0.00123050,49.97000000
2018-02-26 08:34:06,0.00123060,0.40000000
2018-02-26 08:34:06,0.00123070,147.50000000
2018-02-26 08:34:08,0.00123030,4.07000000
2018-02-26 08:34:10,0.00123030,11.06000000
2018-02-26 08:34:12,0.00123040,70.33000000
2018-02-26 08:34:12,0.00123070,87.07000000
2018-02-26 08:34:14,0.00123030,30.85000000
2018-02-26 08:34:14,0.00122900,23.30000000
2018-02-26 08:34:22,0.00123030,0.15000000
2018-02-26 08:34:27,0.00122790,2.00000000
2018-02-26 08:34:27,0.00122780,10.58000000
2018-02-26 08:34:27,0.00122770,3.76000000
2018-02-26 08:34:27,0.00122720,4.07000000
2018-02-26 08:34:27,0.00122600,5.00000000
2018-02-26 08:34:27,0.00122580,37.65000000
2018-02-26 08:34:30,0.00122590,28.99000000
2018-02-26 08:34:30,0.00122580,0.35000000
2018-02-26 08:34:30,0.00122520,9.79000000
2018-02-26 08:34:30,0.00122510,14.18000000
2018-02-26 08:34:30,0.00122500,126.32000000
2018-02-26 08:34:30,0.00122500,41.73000000
2018-02-26 08:34:30,0.00122500,41.68000000
2018-02-26 08:34:30,0.00122500,228.57000000
2018-02-26 08:34:34,0.00122740,22.61000000
2018-02-26 08:34:34,0.00122740,167.30000000
2018-02-26 08:34:36,0.00122740,0.15000000
2018-02-26 08:34:39,0.00122740,22.46000000
2018-02-26 08:34:39,0.00122500,65.68000000
2018-02-26 08:34:39,0.00122500,72.00000000
2018-02-26 08:34:39,0.00122500,21.29000000
2018-02-26 08:34:39,0.00122910,8.99000000
2018-02-26 08:34:39,0.00122920,20.00000000
2018-02-26 08:34:39,0.00122930,4.07000000
2018-02-26 08:34:39,0.00122970,16.28000000
2018-02-26 08:34:39,0.00123030,22.94000000
2018-02-26 08:34:40,0.00122480,54.78000000
2018-02-26 08:34:40,0.00122470,1.63000000
2018-02-26 08:34:40,0.00122450,7.59000000
2018-02-26 08:34:45,0.00122520,16.32000000
2018-02-26 08:34:45,0.00122510,1.58000000
2018-02-26 08:34:45,0.00122510,1.57000000
2018-02-26 08:34:45,0.00122510,8.14000000
2018-02-26 08:34:45,0.00122510,1.58000000
2018-02-26 08:34:45,0.00122510,8.14000000
2018-02-26 08:34:45,0.00122510,8.14000000
2018-02-26 08:34:45,0.00122510,7.96000000
2018-02-26 08:34:45,0.00122450,8.14000000
2018-02-26 08:34:46,0.00122450,20.00000000
2018-02-26 08:34:47,0.00122470,37.66000000
2018-02-26 08:34:48,0.00122450,14.27000000
2018-02-26 08:34:51,0.00122450,9.58000000
2018-02-26 08:34:51,0.00122450,1.00000000
2018-02-26 08:34:51,0.00122450,0.91000000
2018-02-26 08:34:51,0.00122470,7.15000000
2018-02-26 08:34:53,0.00122470,4.37000000
2018-02-26 08:34:54,0.00122470,1.09000000
2018-02-26 08:34:54,0.00122510,1.01000000
2018-02-26 08:34:54,0.00122510,16.00000000
2018-02-26 08:34:54,0.00122510,16.00000000
2018-02-26 08:34:54,0.00122470,0.87000000
2018-02-26 08:34:54,0.00122450,1.00000000
2018-02-26 08:34:54,0.00122400,10.59000000
2018-02-26 08:34:54,0.00122380,4.09000000
2018-02-26 08:34:54,0.00122350,1.00000000
2018-02-26 08:34:54,0.00122310,40.25000000
2018-02-26 08:34:54,0.00122230,4.91000000
2018-02-26 08:34:54,0.00122160,4.09000000
2018-02-26 08:34:54,0.00122120,125.67000000
2018-02-26 08:34:54,0.00122110,0.82000000
2018-02-26 08:34:54,0.00122100,22.76000000
2018-02-26 08:34:54,0.00122070,7.46000000
2018-02-26 08:34:54,0.00122030,316.59000000
2018-02-26 08:34:54,0.00122230,6.36000000
2018-02-26 08:34:54,0.00122230,6.31000000
2018-02-26 08:34:54,0.00122230,6.36000000
2018-02-26 08:34:54,0.00122230,1.23000000
2018-02-26 08:34:54,0.00122230,1.24000000
2018-02-26 08:34:55,0.00122230,28.61000000
2018-02-26 08:34:55,0.00122230,28.61000000
2018-02-26 08:34:55,0.00122230,28.61000000
2018-02-26 08:34:55,0.00122230,67.64000000
2018-02-26 08:34:55,0.00122270,16.32000000
2018-02-26 08:34:59,0.00122280,204.27000000
2018-02-26 08:35:07,0.00122190,2.77000000
2018-02-26 08:35:07,0.00122190,7.01000000
2018-02-26 08:35:08,0.00122190,6.58000000
2018-02-26 08:35:08,0.00122180,26.85000000
2018-02-26 08:35:08,0.00122150,4.09000000
2018-02-26 08:35:08,0.00122090,14.19000000
2018-02-26 08:35:08,0.00122060,2.74000000
2018-02-26 08:35:08,0.00122050,403.98000000
2018-02-26 08:35:14,0.00122050,0.83000000
2018-02-26 08:35:17,0.00122390,25.38000000
2018-02-26 08:35:17,0.00122400,29.55000000
2018-02-26 08:35:17,0.00122430,33.62000000
2018-02-26 08:35:17,0.00122520,2.25000000
2018-02-26 08:35:17,0.00122680,0.90000000
2018-02-26 08:35:17,0.00122730,52.68000000
2018-02-26 08:35:17,0.00122740,5.00000000
2018-02-26 08:35:17,0.00122920,4.10000000
2018-02-26 08:35:17,0.00122960,8.19000000
2018-02-26 08:35:17,0.00122990,4.09000000
2018-02-26 08:35:17,0.00123000,101.83000000
2018-02-26 08:35:17,0.00123020,40.56000000
2018-02-26 08:35:17,0.00123030,141.37000000
2018-02-26 08:35:20,0.00122170,99.97000000
2018-02-26 08:35:20,0.00122160,161.46000000
2018-02-26 08:35:20,0.00122150,6.12000000
2018-02-26 08:35:20,0.00122140,18.41000000
2018-02-26 08:35:20,0.00122050,89.67000000
2018-02-26 08:35:20,0.00122010,2.62000000
2018-02-26 08:35:20,0.00122000,194.79000000
2018-02-26 08:35:21,0.00122200,52.02000000
2018-02-26 08:35:24,0.00122370,100.00000000
2018-02-26 08:35:24,0.00122380,16.37000000
2018-02-26 08:35:32,0.00122510,218.63000000
2018-02-26 08:35:37,0.00122380,123.98000000
2018-02-26 08:35:37,0.00122400,127.25000000
2018-02-26 08:35:41,0.00122510,4.29000000
2018-02-26 08:35:43,0.00122390,66.07000000
2018-02-26 08:35:45,0.00122290,12.90000000
2018-02-26 08:35:46,0.00122370,124.14000000
2018-02-26 08:35:50,0.00122290,143.26000000
2018-02-26 08:35:57,0.00122390,232.68000000
2018-02-26 08:35:58,0.00122500,15.00000000
2018-02-26 08:36:06,0.00122500,29.39000000
2018-02-26 08:36:08,0.00122300,3.99000000
2018-02-26 08:36:10,0.00122300,34.83000000
2018-02-26 08:36:13,0.00122290,2.00000000
2018-02-26 08:36:15,0.00122240,80.43000000
2018-02-26 08:36:20,0.00122290,17.21000000
2018-02-26 08:36:20,0.00122300,33.15000000
2018-02-26 08:36:23,0.00122200,31.35000000
2018-02-26 08:36:24,0.00122200,43.51000000
2018-02-26 08:36:25,0.00122220,4.09000000
2018-02-26 08:36:25,0.00122200,13.76000000
2018-02-26 08:36:25,0.00122160,4.09000000
2018-02-26 08:36:25,0.00122060,28.06000000
2018-02-26 08:36:27,0.00122060,46.92000000
2018-02-26 08:36:27,0.00122050,29.41000000
2018-02-26 08:36:30,0.00122380,0.95000000
2018-02-26 08:36:30,0.00122380,3.93000000
2018-02-26 08:36:31,0.00122200,247.04000000
2018-02-26 08:36:35,0.00122320,20.00000000
2018-02-26 08:36:35,0.00122330,11.47000000
2018-02-26 08:36:35,0.00122340,46.92000000
2018-02-26 08:36:36,0.00122320,8.06000000
2018-02-26 08:36:37,0.00122470,20.07000000
2018-02-26 08:36:37,0.00122470,4.02000000
2018-02-26 08:36:37,0.00122480,5.11000000
2018-02-26 08:36:37,0.00122490,8.14000000
2018-02-26 08:36:37,0.00122490,3.12000000
2018-02-26 08:36:37,0.00122490,3.12000000
2018-02-26 08:36:37,0.00122110,4.01000000
2018-02-26 08:36:37,0.00122110,3.12000000
2018-02-26 08:36:37,0.00122490,106.00000000
2018-02-26 08:36:38,0.00122150,17.19000000
2018-02-26 08:36:40,0.00122470,1.42000000
2018-02-26 08:36:46,0.00122470,40.82000000
2018-02-26 08:36:46,0.00122340,53.97000000
2018-02-26 08:36:48,0.00122350,4.23000000
2018-02-26 08:36:48,0.00122340,8.32000000
2018-02-26 08:36:49,0.00122340,2.74000000
2018-02-26 08:36:52,0.00122340,5.51000000
2018-02-26 08:36:57,0.00122340,1.01000000
2018-02-26 08:36:58,0.00122340,23.24000000
2018-02-26 08:36:58,0.00122270,10.00000000
2018-02-26 08:36:58,0.00122220,2.07000000
2018-02-26 08:36:58,0.00122090,4.09000000
2018-02-26 08:36:58,0.00122080,12.60000000
2018-02-26 08:37:01,0.00122370,1.85000000
2018-02-26 08:37:02,0.00122250,261.40000000
2018-02-26 08:37:07,0.00122140,4.09000000
2018-02-26 08:37:07,0.00122120,4.09000000
2018-02-26 08:37:07,0.00122110,4.09000000
2018-02-26 08:37:07,0.00122080,5.73000000
2018-02-26 08:37:09,0.00122250,0.51000000
2018-02-26 08:37:15,0.00122190,1.00000000
2018-02-26 08:37:15,0.00122190,0.94000000
2018-02-26 08:37:15,0.00122190,107.21000000
2018-02-26 08:37:18,0.00122240,3.70000000
2018-02-26 08:37:25,0.00122240,4.83000000
2018-02-26 08:37:25,0.00122250,104.34000000
2018-02-26 08:37:27,0.00122390,2.03000000
2018-02-26 08:37:30,0.00122280,275.77000000
2018-02-26 08:37:31,0.00122200,47.75000000
2018-02-26 08:37:32,0.00122450,7.17000000
2018-02-26 08:37:32,0.00122460,1.00000000
2018-02-26 08:37:34,0.00122470,1.00000000
2018-02-26 08:37:34,0.00122480,3.77000000
2018-02-26 08:37:35,0.00122200,16.36000000
2018-02-26 08:37:35,0.00122190,107.64000000
2018-02-26 08:37:40,0.00122470,16.36000000
2018-02-26 08:37:41,0.00122480,15.13000000
2018-02-26 08:37:46,0.00122490,180.15000000
2018-02-26 08:37:47,0.00122470,81.01000000
2018-02-26 08:37:49,0.00122470,5.01000000
2018-02-26 08:37:49,0.00122470,1.00000000
2018-02-26 08:37:52,0.00122480,123.52000000
2018-02-26 08:38:01,0.00122470,18.47000000
2018-02-26 08:38:13,0.00122470,60.31000000
2018-02-26 08:38:14,0.00122480,2.53000000
2018-02-26 08:38:15,0.00122480,29.68000000
2018-02-26 08:38:15,0.00122490,383.63000000
2018-02-26 08:38:18,0.00122510,8.16000000
2018-02-26 08:38:18,0.00122510,13.69000000
2018-02-26 08:38:18,0.00122500,16.32000000
2018-02-26 08:38:18,0.00122470,26.03000000
2018-02-26 08:38:18,0.00122520,3.70000000
2018-02-26 08:38:18,0.00122470,14.53000000
2018-02-26 08:38:18,0.00122460,13.70000000
2018-02-26 08:38:18,0.00122100,192.91000000
2018-02-26 08:38:22,0.00122730,2.12000000
2018-02-26 08:38:23,0.00122430,137.88000000
2018-02-26 08:38:27,0.00122190,1.56000000
2018-02-26 08:38:29,0.00122680,0.81000000
2018-02-26 08:38:31,0.00122500,336.96000000
2018-02-26 08:38:31,0.00122490,0.26000000
2018-02-26 08:38:32,0.00122480,14.20000000
2018-02-26 08:38:33,0.00122470,18.93000000
2018-02-26 08:38:36,0.00122640,0.04000000
2018-02-26 08:38:38,0.00122490,304.17000000
2018-02-26 08:38:46,0.00122600,4.09000000
2018-02-26 08:38:55,0.00122610,1.56000000
2018-02-26 08:38:57,0.00122520,151.92000000
2018-02-26 08:39:14,0.00122560,2.86000000
2018-02-26 08:39:14,0.00122560,315.68000000
2018-02-26 08:39:16,0.00122520,1.17000000
2018-02-26 08:39:17,0.00122520,1.43000000
2018-02-26 08:39:25,0.00122560,2.86000000
2018-02-26 08:39:25,0.00122470,166.29000000
2018-02-26 08:39:27,0.00122400,5.88000000
2018-02-26 08:39:27,0.00122640,0.83000000
2018-02-26 08:39:37,0.00122590,14.04000000
2018-02-26 08:39:47,0.00122600,5.84000000
2018-02-26 08:39:50,0.00122620,180.65000000
2018-02-26 08:39:54,0.00122600,1.80000000
2018-02-26 08:39:54,0.00122520,40.12000000
2018-02-26 08:39:56,0.00122520,10.00000000
2018-02-26 08:40:09,0.00122570,28.40000000
2018-02-26 08:40:17,0.00122570,15.09000000
2018-02-26 08:40:17,0.00122520,72.73000000
2018-02-26 08:40:17,0.00122480,3.79000000
2018-02-26 08:40:26,0.00122500,27.20000000
2018-02-26 08:40:26,0.00122480,6.21000000
2018-02-26 08:40:26,0.00122390,1.00000000
2018-02-26 08:40:26,0.00122360,81.73000000
2018-02-26 08:40:26,0.00122290,4.08000000
2018-02-26 08:40:26,0.00122140,199.31000000
2018-02-26 08:40:26,0.00122110,48.32000000
2018-02-26 08:40:26,0.00122100,81.67000000
2018-02-26 08:40:29,0.00122350,195.01000000
2018-02-26 08:40:42,0.00122460,42.76000000
2018-02-26 08:40:45,0.00122590,4.07000000
2018-02-26 08:40:45,0.00122590,0.01000000
2018-02-26 08:40:45,0.00122600,212.35000000
2018-02-26 08:40:54,0.00122350,19.48000000
2018-02-26 08:40:55,0.00122470,209.38000000
2018-02-26 08:41:08,0.00122540,6.00000000
2018-02-26 08:41:10,0.00122530,15.22000000
2018-02-26 08:41:13,0.00122530,56.81000000
2018-02-26 08:41:16,0.00122550,5.76000000
2018-02-26 08:41:19,0.00122590,2.04000000
2018-02-26 08:41:24,0.00122560,223.42000000
2018-02-26 08:41:27,0.00122590,0.39000000
2018-02-26 08:41:27,0.00122600,151.41000000
2018-02-26 08:41:27,0.00122600,190.90000000
2018-02-26 08:41:28,0.00122610,12.00000000
2018-02-26 08:41:28,0.00122640,8.14000000
2018-02-26 08:41:28,0.00122700,17.95000000
2018-02-26 08:41:30,0.00122770,16.90000000
2018-02-26 08:41:36,0.00122840,58.42000000
2018-02-26 08:41:36,0.00122920,11.46000000
2018-02-26 08:41:36,0.00123000,22.17000000
2018-02-26 08:41:36,0.00123030,856.69000000
2018-02-26 08:41:36,0.00123030,1.00000000
2018-02-26 08:41:36,0.00123030,5.15000000
2018-02-26 08:41:38,0.00123050,71.17000000
2018-02-26 08:41:40,0.00123080,91.83000000
2018-02-26 08:41:40,0.00123090,4.91000000
2018-02-26 08:41:40,0.00123130,75.97000000
2018-02-26 08:41:40,0.00123170,155.38000000
2018-02-26 08:41:41,0.00123170,172.71000000
2018-02-26 08:41:42,0.00123030,1.57000000
2018-02-26 08:41:42,0.00123260,4.79000000
2018-02-26 08:41:43,0.00123030,71.58000000
2018-02-26 08:41:44,0.00123030,19.56000000
2018-02-26 08:41:55,0.00123140,237.78000000
2018-02-26 08:42:00,0.00123030,67.74000000
2018-02-26 08:42:02,0.00123140,92.21000000
2018-02-26 08:42:02,0.00123030,201.28000000
2018-02-26 08:42:08,0.00123030,0.16000000
2018-02-26 08:42:09,0.00123030,145.12000000
2018-02-26 08:42:09,0.00123110,85.53000000
2018-02-26 08:42:13,0.00123200,700.23000000
2018-02-26 08:42:18,0.00123240,1.96000000
2018-02-26 08:42:25,0.00123130,252.15000000
2018-02-26 08:42:29,0.00123210,35.73000000
2018-02-26 08:42:30,0.00123070,10.00000000
2018-02-26 08:42:30,0.00123050,7.34000000
2018-02-26 08:42:35,0.00123210,4.85000000
2018-02-26 08:42:35,0.00123230,0.93000000
2018-02-26 08:42:35,0.00123260,5.00000000
2018-02-26 08:42:35,0.00123390,14.75000000
2018-02-26 08:42:35,0.00123400,34.54000000
2018-02-26 08:42:35,0.00123430,5.51000000
2018-02-26 08:42:35,0.00123440,325.78000000
2018-02-26 08:42:36,0.00123440,3.69000000
2018-02-26 08:42:38,0.00123440,1.20000000
2018-02-26 08:42:38,0.00123440,4.12000000
2018-02-26 08:42:39,0.00123440,4.01000000
2018-02-26 08:42:41,0.00123440,0.51000000
2018-02-26 08:42:44,0.00123440,123.65000000
2018-02-26 08:42:45,0.00123450,12.65000000
2018-02-26 08:42:49,0.00123440,59.66000000
2018-02-26 08:42:53,0.00123120,2.49000000
2018-02-26 08:42:53,0.00123440,35.00000000
2018-02-26 08:42:53,0.00123440,0.11000000
2018-02-26 08:42:57,0.00123430,2.49000000
2018-02-26 08:42:57,0.00123440,26.75000000
2018-02-26 08:42:59,0.00123280,266.51000000
2018-02-26 08:43:05,0.00123430,4.41000000
2018-02-26 08:43:10,0.00123220,2.00000000
2018-02-26 08:43:13,0.00123290,77.32000000
2018-02-26 08:43:13,0.00123300,36.94000000
2018-02-26 08:43:13,0.00123200,50.00000000
2018-02-26 08:43:16,0.00123280,8.06000000
2018-02-26 08:43:16,0.00123300,4.90000000
2018-02-26 08:43:18,0.00123280,3.12000000
2018-02-26 08:43:23,0.00123280,6.69000000
2018-02-26 08:43:46,0.00123290,2.00000000
2018-02-26 08:43:46,0.00123300,26.43000000
2018-02-26 08:43:47,0.00123300,59.74000000
2018-02-26 08:43:58,0.00123360,294.92000000
2018-02-26 08:43:59,0.00123440,132.72000000
2018-02-26 08:43:59,0.00123450,22.95000000
2018-02-26 08:43:59,0.00123470,40.77000000
2018-02-26 08:43:59,0.00123500,308.10000000
2018-02-26 08:43:59,0.00123520,24.60000000
2018-02-26 08:43:59,0.00123580,20.18000000
2018-02-26 08:43:59,0.00123600,4.00000000
2018-02-26 08:43:59,0.00123620,18.64000000
2018-02-26 08:43:59,0.00123630,1.86000000
2018-02-26 08:43:59,0.00123650,1.00000000
2018-02-26 08:43:59,0.00123680,2.03000000
2018-02-26 08:43:59,0.00123700,5.97000000
2018-02-26 08:44:00,0.00123450,3.61000000
2018-02-26 08:44:00,0.00123700,6.99000000
2018-02-26 08:44:00,0.00123820,1.63000000
2018-02-26 08:44:00,0.00123830,29.50000000
2018-02-26 08:44:00,0.00123840,238.64000000
2018-02-26 08:44:00,0.00123350,16.21000000
2018-02-26 08:44:00,0.00123340,4.79000000
2018-02-26 08:44:01,0.00123890,14.17000000
2018-02-26 08:44:01,0.00123900,117.12000000
2018-02-26 08:44:01,0.00123910,10.39000000
2018-02-26 08:44:01,0.00123880,19.76000000
2018-02-26 08:44:01,0.00123910,14.23000000
2018-02-26 08:44:01,0.00123920,2.76000000
2018-02-26 08:44:02,0.00123880,4.79000000
2018-02-26 08:44:02,0.00123930,2.20000000
2018-02-26 08:44:02,0.00123400,15.00000000
2018-02-26 08:44:05,0.00123410,25.48000000
2018-02-26 08:44:05,0.00123410,41.94000000
2018-02-26 08:44:05,0.00123360,6.06000000
2018-02-26 08:44:05,0.00123300,214.86000000
2018-02-26 08:44:08,0.00123880,16.21000000
2018-02-26 08:44:08,0.00123890,28.96000000
2018-02-26 08:44:11,0.00123460,4.12000000
2018-02-26 08:44:16,0.00123540,14.68000000
2018-02-26 08:44:16,0.00123570,2.03000000
2018-02-26 08:44:16,0.00123730,142.67000000
2018-02-26 08:44:17,0.00123580,1.42000000
2018-02-26 08:44:18,0.00123590,2.00000000
2018-02-26 08:44:19,0.00123870,18.80000000
2018-02-26 08:44:19,0.00123880,2.03000000
2018-02-26 08:44:20,0.00123860,17.00000000
2018-02-26 08:44:20,0.00123880,25.79000000
2018-02-26 08:44:21,0.00123880,8.07000000
2018-02-26 08:44:21,0.00123880,11.93000000
2018-02-26 08:44:21,0.00123880,17.55000000
2018-02-26 08:44:21,0.00123880,0.71000000
2018-02-26 08:44:21,0.00123600,16.18000000
2018-02-26 08:44:21,0.00123590,8.99000000
2018-02-26 08:44:22,0.00123590,519.17000000
2018-02-26 08:44:25,0.00123600,2.00000000
2018-02-26 08:44:25,0.00123460,4.25000000
2018-02-26 08:44:25,0.00123340,2.45000000
2018-02-26 08:44:27,0.00123610,2.45000000
2018-02-26 08:44:29,0.00123600,25.25000000
2018-02-26 08:44:30,0.00123600,4.01000000
2018-02-26 08:44:34,0.00123790,1.00000000
2018-02-26 08:44:36,0.00123610,77.88000000
2018-02-26 08:44:36,0.00123600,367.88000000
2018-02-26 08:44:36,0.00123690,309.28000000
2018-02-26 08:44:36,0.00123600,0.07000000
2018-02-26 08:44:37,0.00123770,77.88000000
2018-02-26 08:44:37,0.00123780,27.45000000
2018-02-26 08:44:37,0.00123830,132.89000000
2018-02-26 08:44:37,0.00123840,0.84000000
2018-02-26 08:44:37,0.00123850,16.18000000
2018-02-26 08:44:37,0.00123880,9.37000000
2018-02-26 08:44:40,0.00123920,83.19000000
2018-02-26 08:44:40,0.00123920,124.93000000
2018-02-26 08:44:40,0.00123920,187.03000000
2018-02-26 08:44:40,0.00123920,86.98000000
2018-02-26 08:44:40,0.00123930,127.31000000
2018-02-26 08:44:40,0.00123930,184.33000000
2018-02-26 08:44:40,0.00123930,118.19000000
2018-02-26 08:44:41,0.00123880,3.29000000
2018-02-26 08:44:41,0.00123950,1.00000000
2018-02-26 08:44:44,0.00123970,4.16000000
2018-02-26 08:44:44,0.00123980,19.84000000
2018-02-26 08:44:45,0.00123900,1.62000000
2018-02-26 08:44:45,0.00123880,17.06000000
2018-02-26 08:44:46,0.00123980,26.80000000
2018-02-26 08:44:48,0.00123880,5.77000000
2018-02-26 08:44:49,0.00123880,22.69000000
2018-02-26 08:44:50,0.00123800,5.00000000
2018-02-26 08:44:51,0.00123890,4.03000000
2018-02-26 08:44:51,0.00123800,72.61000000
2018-02-26 08:44:51,0.00123790,132.37000000
2018-02-26 08:44:51,0.00123790,201.01000000
2018-02-26 08:44:52,0.00123840,157.03000000
2018-02-26 08:44:54,0.00123690,4.79000000
2018-02-26 08:44:54,0.00123690,2.78000000
2018-02-26 08:44:54,0.00123700,16.16000000
2018-02-26 08:44:54,0.00123690,37.68000000
2018-02-26 08:44:54,0.00123710,18.29000000
2018-02-26 08:44:54,0.00123710,0.98000000
2018-02-26 08:44:55,0.00123710,17.34000000
2018-02-26 08:44:55,0.00123710,23.80000000
2018-02-26 08:44:55,0.00123710,2.10000000
2018-02-26 08:44:55,0.00123710,7.96000000
2018-02-26 08:44:55,0.00123710,4.00000000
2018-02-26 08:44:55,0.00123710,6.35000000
2018-02-26 08:44:56,0.00123730,4.04000000
2018-02-26 08:44:56,0.00123700,4.02000000
2018-02-26 08:44:57,0.00123700,0.07000000
2018-02-26 08:44:57,0.00123670,4.09000000
2018-02-26 08:44:57,0.00123950,59.76000000
2018-02-26 08:44:57,0.00123710,1.92000000
2018-02-26 08:44:57,0.00123710,18.03000000
2018-02-26 08:44:57,0.00123950,140.00000000
2018-02-26 08:44:57,0.00123710,27.20000000
2018-02-26 08:44:57,0.00123710,2.42000000
2018-02-26 08:44:58,0.00123710,7.88000000
2018-02-26 08:44:58,0.00123950,3.92000000
2018-02-26 08:44:58,0.00123960,16.16000000
2018-02-26 08:44:58,0.00123980,715.95000000
2018-02-26 08:44:58,0.00123720,19.48000000
2018-02-26 08:44:58,0.00123720,20.24000000
2018-02-26 08:44:59,0.00123720,19.12000000
2018-02-26 08:45:00,0.00123920,50.00000000
2018-02-26 08:45:00,0.00123920,4.80000000
2018-02-26 08:45:00,0.00123930,2.62000000
2018-02-26 08:45:01,0.00123900,193.00000000
2018-02-26 08:45:01,0.00123740,22.56000000
2018-02-26 08:45:02,0.00123890,22.56000000
2018-02-26 08:45:02,0.00123730,16.88000000
2018-02-26 08:45:04,0.00123740,8.00000000
2018-02-26 08:45:04,0.00123740,1.92000000
2018-02-26 08:45:06,0.00123910,5.51000000
2018-02-26 08:45:06,0.00123920,16.88000000
2018-02-26 08:45:07,0.00123900,8.00000000
2018-02-26 08:45:07,0.00123970,7.55000000
2018-02-26 08:45:08,0.00123970,97.00000000
2018-02-26 08:45:09,0.00123970,207.32000000
2018-02-26 08:45:09,0.00123980,429.26000000
2018-02-26 08:45:09,0.00123990,326.63000000
2018-02-26 08:45:09,0.00124000,70.77000000
2018-02-26 08:45:11,0.00123970,46.23000000
2018-02-26 08:45:11,0.00123980,283.63000000
2018-02-26 08:45:12,0.00124000,26.25000000
2018-02-26 08:45:12,0.00123970,8.92000000
2018-02-26 08:45:12,0.00124000,1183.89000000
2018-02-26 08:45:13,0.00124000,57.97000000
2018-02-26 08:45:17,0.00124000,37.39000000
2018-02-26 08:45:19,0.00124050,1.00000000
2018-02-26 08:45:19,0.00124080,1.64000000
2018-02-26 08:45:19,0.00124100,134.00000000
2018-02-26 08:45:19,0.00124200,35.30000000
2018-02-26 08:45:19,0.00124220,2.04000000
2018-02-26 08:45:19,0.00124250,138.75000000
2018-02-26 08:45:19,0.00124060,1.30000000
2018-02-26 08:45:19,0.00124060,1.68000000
2018-02-26 08:45:22,0.00124290,2.98000000
2018-02-26 08:45:25,0.00124300,4.63000000
2018-02-26 08:45:25,0.00124310,1.25000000
2018-02-26 08:45:25,0.00124320,2.30000000
2018-02-26 08:45:25,0.00124350,68.81000000
2018-02-26 08:45:25,0.00124380,3.78000000
2018-02-26 08:45:25,0.00124390,2.44000000
2018-02-26 08:45:25,0.00124400,163.70000000
2018-02-26 08:45:25,0.00124490,5.16000000
2018-02-26 08:45:27,0.00124300,37.46000000
2018-02-26 08:45:30,0.00124300,1.61000000
2018-02-26 08:45:30,0.00124300,4.03000000
2018-02-26 08:45:30,0.00124330,0.83000000
2018-02-26 08:45:31,0.00124400,66.81000000
2018-02-26 08:45:32,0.00124340,7.94000000
2018-02-26 08:45:32,0.00124340,15.75000000
2018-02-26 08:45:35,0.00124480,53.28000000
2018-02-26 08:45:35,0.00124500,131.72000000
2018-02-26 08:45:35,0.00124500,66.13000000
2018-02-26 08:45:35,0.00124500,712.93000000
2018-02-26 08:45:37,0.00124490,23.69000000
2018-02-26 08:45:38,0.00124490,0.46000000
2018-02-26 08:45:38,0.00124400,1.52000000
2018-02-26 08:45:39,0.00124400,6.14000000
2018-02-26 08:45:39,0.00124340,37.25000000
2018-02-26 08:45:39,0.00124300,10.12000000
2018-02-26 08:45:39,0.00124180,4.04000000
2018-02-26 08:45:39,0.00124350,18.14000000
2018-02-26 08:45:40,0.00124110,2.03000000
2018-02-26 08:45:41,0.00124120,7.84000000
2018-02-26 08:45:41,0.00124120,8.16000000
2018-02-26 08:45:41,0.00124110,1.32000000
2018-02-26 08:45:41,0.00124110,7.84000000
2018-02-26 08:45:41,0.00124110,3.13000000
2018-02-26 08:45:41,0.00124110,47.87000000
2018-02-26 08:45:41,0.00124110,8.05000000
2018-02-26 08:45:41,0.00124110,8.05000000
2018-02-26 08:45:41,0.00124110,8.05000000
2018-02-26 08:45:41,0.00124120,2.00000000
2018-02-26 08:45:41,0.00124110,36.63000000
2018-02-26 08:45:41,0.00124110,4.70000000
2018-02-26 08:45:42,0.00124110,8.32000000
2018-02-26 08:45:42,0.00124110,21.75000000
2018-02-26 08:45:42,0.00124100,747.28000000
2018-02-26 08:45:43,0.00124110,4.26000000
2018-02-26 08:45:43,0.00124270,10.00000000
2018-02-26 08:45:43,0.00124090,18.12000000
2018-02-26 08:45:43,0.00124030,60.00000000
2018-02-26 08:45:43,0.00124000,30.15000000
2018-02-26 08:45:44,0.00124180,17.16000000
2018-02-26 08:45:44,0.00124180,57.79000000
2018-02-26 08:45:44,0.00123900,2.44000000
2018-02-26 08:45:44,0.00123900,1.80000000
2018-02-26 08:45:44,0.00123900,4.74000000
2018-02-26 08:45:44,0.00123890,11.47000000
2018-02-26 08:45:44,0.00123890,6.50000000
2018-02-26 08:45:45,0.00124230,6.80000000
2018-02-26 08:45:45,0.00123890,91.28000000
2018-02-26 08:45:45,0.00123890,9.44000000
2018-02-26 08:45:45,0.00124040,63.75000000
2018-02-26 08:45:45,0.00124050,240.34000000
2018-02-26 08:45:45,0.00124030,35.42000000
2018-02-26 08:45:45,0.00123890,19.22000000
2018-02-26 08:45:46,0.00123890,6.12000000
2018-02-26 08:45:46,0.00123890,2.06000000
2018-02-26 08:45:46,0.00123890,7.96000000
2018-02-26 08:45:46,0.00123890,7.96000000
2018-02-26 08:45:46,0.00123890,6.58000000
2018-02-26 08:45:46,0.00123890,4.76000000
2018-02-26 08:45:46,0.00123890,7.96000000
2018-02-26 08:45:46,0.00123890,4.29000000
2018-02-26 08:45:46,0.00123890,31.84000000
2018-02-26 08:45:46,0.00123890,7.88000000
2018-02-26 08:45:46,0.00123890,1.24000000
2018-02-26 08:45:47,0.00123890,12.06000000
2018-02-26 08:45:47,0.00123890,33.06000000
2018-02-26 08:45:47,0.00123840,7.00000000
2018-02-26 08:45:47,0.00123820,2.75000000
2018-02-26 08:45:47,0.00123810,4.03000000
2018-02-26 08:45:47,0.00123810,533.07000000
2018-02-26 08:45:48,0.00123740,12.06000000
2018-02-26 08:45:49,0.00123740,4.10000000
2018-02-26 08:45:50,0.00123740,10.48000000
2018-02-26 08:45:50,0.00123800,0.80000000
2018-02-26 08:45:51,0.00123790,2.00000000
2018-02-26 08:45:51,0.00123800,3.24000000
2018-02-26 08:45:51,0.00123810,27.47000000
2018-02-26 08:45:51,0.00123890,4.51000000
2018-02-26 08:45:52,0.00124000,29.26000000
2018-02-26 08:45:52,0.00123890,30.03000000
2018-02-26 08:45:52,0.00123600,1.80000000
2018-02-26 08:45:53,0.00123610,0.98000000
2018-02-26 08:45:54,0.00123630,7.96000000
2018-02-26 08:45:55,0.00123630,2.00000000
2018-02-26 08:45:55,0.00123630,4.84000000
2018-02-26 08:45:55,0.00123630,49.84000000
2018-02-26 08:45:55,0.00123630,15.26000000
2018-02-26 08:45:55,0.00123620,2.00000000
2018-02-26 08:45:57,0.00123540,10.00000000
2018-02-26 08:45:58,0.00123580,2.57000000
2018-02-26 08:45:59,0.00123440,5.08000000
2018-02-26 08:46:00,0.00123600,2.46000000
2018-02-26 08:46:00,0.00123600,45.19000000
2018-02-26 08:46:01,0.00123450,4.05000000
2018-02-26 08:46:01,0.00123440,4.22000000
2018-02-26 08:46:02,0.00123540,6.13000000
2018-02-26 08:46:02,0.00123430,12.12000000
2018-02-26 08:46:04,0.00123810,2.65000000
2018-02-26 08:46:05,0.00123600,87.27000000
2018-02-26 08:46:06,0.00123430,18.86000000
2018-02-26 08:46:09,0.00123680,80.88000000
2018-02-26 08:46:09,0.00123690,9.30000000
2018-02-26 08:46:09,0.00123730,29.57000000
2018-02-26 08:46:09,0.00123750,8.08000000
2018-02-26 08:46:09,0.00123820,6.46000000
2018-02-26 08:46:09,0.00123870,8.04000000
2018-02-26 08:46:09,0.00123890,8.98000000
2018-02-26 08:46:09,0.00123890,62.39000000
2018-02-26 08:46:09,0.00123450,3.28000000
2018-02-26 08:46:10,0.00123460,8.09000000
2018-02-26 08:46:10,0.00123450,3.64000000
2018-02-26 08:46:10,0.00123440,12.30000000
2018-02-26 08:46:10,0.00123690,2.00000000
2018-02-26 08:46:10,0.00123700,6.92000000
2018-02-26 08:46:10,0.00123700,2.93000000
2018-02-26 08:46:11,0.00123700,7.36000000
2018-02-26 08:46:11,0.00123700,2.38000000
2018-02-26 08:46:11,0.00123460,103.33000000
2018-02-26 08:46:11,0.00123460,0.99000000
2018-02-26 08:46:11,0.00123470,1.58000000
2018-02-26 08:46:12,0.00123470,55.93000000
2018-02-26 08:46:13,0.00123480,2.00000000
2018-02-26 08:46:16,0.00123470,48.52000000
2018-02-26 08:46:18,0.00123550,324.54000000
2018-02-26 08:46:18,0.00123470,26.78000000
2018-02-26 08:46:19,0.00123470,5.48000000
2018-02-26 08:46:20,0.00123640,0.97000000
2018-02-26 08:46:21,0.00123620,56.54000000
2018-02-26 08:46:21,0.00123630,97.85000000
2018-02-26 08:46:21,0.00123650,4.05000000
2018-02-26 08:46:22,0.00123630,2.00000000
2018-02-26 08:46:22,0.00123500,240.12000000
2018-02-26 08:46:22,0.00123500,6.50000000
2018-02-26 08:46:25,0.00123510,2.00000000
2018-02-26 08:46:26,0.00123650,1.00000000
2018-02-26 08:46:26,0.00123650,7.73000000
2018-02-26 08:46:26,0.00123650,6.72000000
2018-02-26 08:46:29,0.00123500,3.11000000
2018-02-26 08:46:29,0.00123500,3.79000000
2018-02-26 08:46:32,0.00123500,15.20000000
2018-02-26 08:46:35,0.00123560,107.72000000
2018-02-26 08:46:39,0.00123500,100.00000000
2018-02-26 08:46:45,0.00123510,154.95000000
2018-02-26 08:46:45,0.00123630,6.47000000
2018-02-26 08:46:45,0.00123640,2.00000000
2018-02-26 08:46:45,0.00123650,0.53000000
2018-02-26 08:46:46,0.00123510,201.16000000
2018-02-26 08:46:47,0.00123560,344.54000000
2018-02-26 08:46:49,0.00123620,4.04000000
2018-02-26 08:46:51,0.00123650,7.22000000
2018-02-26 08:46:53,0.00123650,1.82000000
2018-02-26 08:46:57,0.00123630,0.81000000
2018-02-26 08:46:57,0.00123620,1.69000000
2018-02-26 08:47:03,0.00123650,108.82000000
2018-02-26 08:47:03,0.00123660,127.72000000
2018-02-26 08:47:08,0.00123890,7.49000000
2018-02-26 08:47:08,0.00123900,12.62000000
2018-02-26 08:47:08,0.00124000,29.95000000
2018-02-26 08:47:08,0.00124050,63.75000000
2018-02-26 08:47:08,0.00124200,100.24000000
2018-02-26 08:47:08,0.00124220,2.00000000
2018-02-26 08:47:08,0.00124290,4.31000000
2018-02-26 08:47:08,0.00124340,28.43000000
2018-02-26 08:47:08,0.00124380,85.21000000
2018-02-26 08:47:09,0.00124360,2.69000000
2018-02-26 08:47:10,0.00123690,5.85000000
2018-02-26 08:47:13,0.00123790,8.09000000
2018-02-26 08:47:17,0.00123790,4.05000000
2018-02-26 08:47:17,0.00123780,80.74000000
2018-02-26 08:47:17,0.00123740,16.16000000
2018-02-26 08:47:17,0.00123650,2.94000000
2018-02-26 08:47:18,0.00123650,2.00000000
2018-02-26 08:47:20,0.00123630,13.16000000
2018-02-26 08:47:24,0.00123610,4.17000000
2018-02-26 08:47:24,0.00123600,2.00000000
2018-02-26 08:47:25,0.00123600,13.48000000
2018-02-26 08:47:27,0.00123610,36.70000000
2018-02-26 08:47:28,0.00123600,4.05000000
2018-02-26 08:47:29,0.00123610,35.71000000
2018-02-26 08:47:29,0.00123660,22.79000000
2018-02-26 08:47:39,0.00123720,27.99000000
2018-02-26 08:47:41,0.00123820,148.18000000
2018-02-26 08:47:44,0.00123920,5.73000000
2018-02-26 08:47:44,0.00123920,43.44000000
2018-02-26 08:47:44,0.00123930,27.99000000
2018-02-26 08:47:45,0.00123930,52.69000000
2018-02-26 08:47:45,0.00123870,4.04000000
2018-02-26 08:47:46,0.00123930,2.00000000
2018-02-26 08:47:47,0.00123990,80.68000000
2018-02-26 08:47:47,0.00124000,50.83000000
2018-02-26 08:47:48,0.00123990,16.16000000
2018-02-26 08:47:48,0.00124000,33.84000000
2018-02-26 08:47:54,0.00123930,1.61000000
2018-02-26 08:47:54,0.00123930,116.02000000
2018-02-26 08:47:54,0.00123750,15.92000000
2018-02-26 08:47:54,0.00123990,2.00000000
2018-02-26 08:47:54,0.00124000,1.82000000
2018-02-26 08:47:55,0.00124000,700.95000000
2018-02-26 08:47:56,0.00124000,61.12000000
2018-02-26 08:47:56,0.00123930,2.00000000
2018-02-26 08:47:57,0.00123840,385.45000000
2018-02-26 08:48:02,0.00123770,15.92000000
2018-02-26 08:48:04,0.00123770,100.00000000
2018-02-26 08:48:06,0.00123770,4.04000000
2018-02-26 08:48:12,0.00123770,22.84000000
2018-02-26 08:48:12,0.00123770,1.46000000
2018-02-26 08:48:23,0.00123770,23.78000000
2018-02-26 08:48:30,0.00123770,47.61000000
2018-02-26 08:48:30,0.00123740,16.16000000
2018-02-26 08:48:30,0.00123700,37.28000000
2018-02-26 08:48:30,0.00123690,13.72000000
2018-02-26 08:48:30,0.00123640,50.00000000
2018-02-26 08:48:30,0.00123630,51.20000000
2018-02-26 08:48:30,0.00123600,100.04000000
2018-02-26 08:48:30,0.00123530,77.43000000
