DATE,PRICE,VOLUME
2018-02-27 19:00:00,0.00143500,5.00000000
2018-02-27 19:00:01,0.00143500,4.12000000
2018-02-27 19:00:01,0.00143500,0.58000000
2018-02-27 19:00:01,0.00143400,0.26000000
2018-02-27 19:00:01,0.00143690,14.89000000
2018-02-27 19:00:02,0.00143690,12.00000000
2018-02-27 19:00:02,0.00143680,8.77000000
2018-02-27 19:00:02,0.00143400,15.00000000
2018-02-27 19:00:02,0.00143400,5.00000000
2018-02-27 19:00:03,0.00143440,4.92000000
2018-02-27 19:00:04,0.00143440,1.51000000
2018-02-27 19:00:05,0.00143670,18.55000000
2018-02-27 19:00:05,0.00143680,3.69000000
2018-02-27 19:00:06,0.00143550,13.51000000
2018-02-27 19:00:06,0.00143550,224.58000000
2018-02-27 19:00:06,0.00143440,1.77000000
2018-02-27 19:00:07,0.00143440,1.76000000
2018-02-27 19:00:07,0.00143410,1.06000000
2018-02-27 19:00:07,0.00143400,87.73000000
2018-02-27 19:00:07,0.00143550,0.84000000
2018-02-27 19:00:08,0.00143550,12.67000000
2018-02-27 19:00:08,0.00143680,2.11000000
2018-02-27 19:00:08,0.00143710,17.00000000
2018-02-27 19:00:08,0.00143720,26.16000000
2018-02-27 19:00:08,0.00143750,565.06000000
2018-02-27 19:00:08,0.00143750,6.51000000
2018-02-27 19:00:08,0.00143750,449.64000000
2018-02-27 19:00:08,0.00143400,1.76000000
2018-02-27 19:00:08,0.00143400,29.00000000
2018-02-27 19:00:08,0.00143400,5.00000000
2018-02-27 19:00:08,0.00143400,29.28000000
2018-02-27 19:00:09,0.00143420,1.76000000
2018-02-27 19:00:09,0.00143420,5.00000000
2018-02-27 19:00:09,0.00143420,1.25000000
2018-02-27 19:00:09,0.00143420,1.76000000
2018-02-27 19:00:11,0.00143450,5.00000000
2018-02-27 19:00:13,0.00143470,5.00000000
2018-02-27 19:00:13,0.00143460,1.50000000
2018-02-27 19:00:14,0.00143740,3.48000000
2018-02-27 19:00:15,0.00143490,2.10000000
2018-02-27 19:00:15,0.00143490,4.90000000
2018-02-27 19:00:15,0.00143470,2.10000000
2018-02-27 19:00:17,0.00143710,2.09000000
2018-02-27 19:00:18,0.00143470,2.29000000
2018-02-27 19:00:18,0.00143460,5.50000000
2018-02-27 19:00:18,0.00143450,12.21000000
2018-02-27 19:00:20,0.00143450,8.70000000
2018-02-27 19:00:20,0.00143440,22.57000000
2018-02-27 19:00:22,0.00143450,34.49000000
2018-02-27 19:00:22,0.00143440,233.74000000
2018-02-27 19:00:22,0.00143410,10.00000000
2018-02-27 19:00:22,0.00143400,210.40000000
2018-02-27 19:00:22,0.00143250,3.83000000
2018-02-27 19:00:22,0.00143240,16.99000000
2018-02-27 19:00:22,0.00143230,7.69000000
2018-02-27 19:00:22,0.00143210,21.91000000
2018-02-27 19:00:22,0.00143440,124.41000000
2018-02-27 19:00:24,0.00143490,9.20000000
2018-02-27 19:00:24,0.00143500,57.32000000
2018-02-27 19:00:25,0.00143440,1.77000000
2018-02-27 19:00:26,0.00143440,1.76000000
2018-02-27 19:00:28,0.00143440,221.81000000
2018-02-27 19:00:29,0.00143440,59.97000000
2018-02-27 19:00:29,0.00143210,105.38000000
2018-02-27 19:00:29,0.00143200,401.80000000
2018-02-27 19:00:30,0.00143200,1039.24000000
2018-02-27 19:00:30,0.00143200,52.90000000
2018-02-27 19:00:32,0.00143200,56.39000000
2018-02-27 19:00:32,0.00143200,50.00000000
2018-02-27 19:00:32,0.00143170,10.53000000
2018-02-27 19:00:33,0.00143170,0.85000000
2018-02-27 19:00:33,0.00143190,2.23000000
2018-02-27 19:00:33,0.00143170,1.76000000
2018-02-27 19:00:33,0.00143170,1.90000000
2018-02-27 19:00:34,0.00143170,1.77000000
2018-02-27 19:00:34,0.00143170,1.77000000
2018-02-27 19:00:34,0.00143170,1.06000000
2018-02-27 19:00:35,0.00143190,18.76000000
2018-02-27 19:00:35,0.00143170,1.76000000
2018-02-27 19:00:35,0.00143170,4.88000000
2018-02-27 19:00:35,0.00143170,9.40000000
2018-02-27 19:00:35,0.00143170,1.77000000
2018-02-27 19:00:35,0.00143170,3.68000000
2018-02-27 19:00:35,0.00143170,14.87000000
2018-02-27 19:00:35,0.00143170,4.45000000
2018-02-27 19:00:35,0.00143170,1.41000000
2018-02-27 19:00:36,0.00143170,3.67000000
2018-02-27 19:00:36,0.00143190,0.01000000
2018-02-27 19:00:36,0.00143200,4.99000000
2018-02-27 19:00:37,0.00143200,2.66000000
2018-02-27 19:00:37,0.00143200,30.39000000
2018-02-27 19:00:38,0.00143170,30.97000000
2018-02-27 19:00:38,0.00143170,0.70000000
2018-02-27 19:00:40,0.00143170,0.77000000
2018-02-27 19:00:40,0.00143170,0.77000000
2018-02-27 19:00:40,0.00143170,52.27000000
2018-02-27 19:00:41,0.00143170,43.86000000
2018-02-27 19:00:42,0.00143160,0.98000000
2018-02-27 19:00:42,0.00143130,17.16000000
2018-02-27 19:00:42,0.00143110,29.36000000
2018-02-27 19:00:42,0.00143080,10.00000000
2018-02-27 19:00:42,0.00143020,9.97000000
2018-02-27 19:00:42,0.00143010,58.88000000
2018-02-27 19:00:42,0.00143000,59.53000000
2018-02-27 19:00:42,0.00143170,0.02000000
2018-02-27 19:00:44,0.00143010,3.49000000
2018-02-27 19:00:44,0.00143000,7.11000000
2018-02-27 19:00:44,0.00143080,10.72000000
2018-02-27 19:00:45,0.00143000,1.70000000
2018-02-27 19:00:45,0.00143000,154.72000000
2018-02-27 19:00:45,0.00143000,2.12000000
2018-02-27 19:00:45,0.00143000,9.00000000
2018-02-27 19:00:46,0.00143000,358.72000000
2018-02-27 19:00:46,0.00143000,133.41000000
2018-02-27 19:00:46,0.00142970,0.91000000
2018-02-27 19:00:48,0.00142970,1.70000000
2018-02-27 19:00:48,0.00142970,1.79000000
2018-02-27 19:00:48,0.00142930,9.01000000
2018-02-27 19:00:51,0.00142990,2.12000000
2018-02-27 19:00:51,0.00142990,1.87000000
2018-02-27 19:00:51,0.00142970,2.12000000
2018-02-27 19:00:52,0.00142970,3.49000000
2018-02-27 19:00:52,0.00142930,135.47000000
2018-02-27 19:00:55,0.00142990,6.54000000
2018-02-27 19:00:55,0.00142990,3.10000000
2018-02-27 19:00:57,0.00142990,34.04000000
2018-02-27 19:00:57,0.00143000,16.36000000
2018-02-27 19:00:59,0.00142930,12.18000000
2018-02-27 19:00:59,0.00142960,135.13000000
2018-02-27 19:01:00,0.00142930,75.43000000
2018-02-27 19:01:00,0.00143000,18.00000000
2018-02-27 19:01:00,0.00142930,1.77000000
2018-02-27 19:01:04,0.00143000,1.77000000
2018-02-27 19:01:04,0.00143000,99.46000000
2018-02-27 19:01:05,0.00143000,18.19000000
2018-02-27 19:01:05,0.00142930,55.53000000
2018-02-27 19:01:07,0.00143030,5.93000000
2018-02-27 19:01:07,0.00143120,1.90000000
2018-02-27 19:01:08,0.00143000,0.76000000
2018-02-27 19:01:09,0.00143000,8.32000000
2018-02-27 19:01:13,0.00142960,21.45000000
2018-02-27 19:01:14,0.00143000,10.81000000
2018-02-27 19:01:14,0.00143000,10.81000000
2018-02-27 19:01:14,0.00143000,1.72000000
2018-02-27 19:01:14,0.00143000,6.97000000
2018-02-27 19:01:14,0.00142930,6.97000000
2018-02-27 19:01:15,0.00143000,6.18000000
2018-02-27 19:01:16,0.00143000,5.59000000
2018-02-27 19:01:16,0.00143000,3.85000000
2018-02-27 19:01:16,0.00142940,2.95000000
2018-02-27 19:01:16,0.00142930,3.32000000
2018-02-27 19:01:18,0.00143000,465.61000000
2018-02-27 19:01:20,0.00143000,313.03000000
2018-02-27 19:01:20,0.00143120,109.18000000
2018-02-27 19:01:23,0.00143120,1.20000000
2018-02-27 19:01:24,0.00143120,1.00000000
2018-02-27 19:01:28,0.00143120,32.21000000
2018-02-27 19:01:29,0.00143120,43.82000000
2018-02-27 19:01:30,0.00143120,30.85000000
2018-02-27 19:01:31,0.00143130,20.00000000
2018-02-27 19:01:32,0.00143120,66.52000000
2018-02-27 19:01:32,0.00143120,1.67000000
2018-02-27 19:01:32,0.00143120,77.56000000
2018-02-27 19:01:33,0.00143120,9.00000000
2018-02-27 19:01:34,0.00143120,13.27000000
2018-02-27 19:01:35,0.00143110,9.68000000
2018-02-27 19:01:36,0.00143110,13.34000000
2018-02-27 19:01:36,0.00143120,25.62000000
2018-02-27 19:01:37,0.00143010,3.36000000
2018-02-27 19:01:37,0.00143000,264.29000000
2018-02-27 19:01:43,0.00143000,21.11000000
2018-02-27 19:01:45,0.00143110,6.19000000
2018-02-27 19:01:47,0.00143000,75.73000000
2018-02-27 19:01:51,0.00142930,14.00000000
2018-02-27 19:01:53,0.00142960,31.93000000
2018-02-27 19:01:53,0.00143000,0.84000000
2018-02-27 19:01:53,0.00142930,7.85000000
2018-02-27 19:02:00,0.00142930,1.06000000
2018-02-27 19:02:06,0.00142940,156.34000000
2018-02-27 19:02:09,0.00143000,95.01000000
2018-02-27 19:02:18,0.00142930,2.95000000
2018-02-27 19:02:18,0.00142920,20.43000000
2018-02-27 19:02:18,0.00142840,24.40000000
2018-02-27 19:02:18,0.00142710,7.73000000
2018-02-27 19:02:18,0.00142600,3.38000000
2018-02-27 19:02:18,0.00142770,58.17000000
2018-02-27 19:02:18,0.00142600,6.23000000
2018-02-27 19:02:19,0.00142930,0.80000000
2018-02-27 19:02:19,0.00142930,5.94000000
2018-02-27 19:02:19,0.00142760,36.72000000
2018-02-27 19:02:21,0.00142990,6.99000000
2018-02-27 19:02:22,0.00142940,26.15000000
2018-02-27 19:02:22,0.00142760,5.94000000
2018-02-27 19:02:22,0.00142630,7.10000000
2018-02-27 19:02:22,0.00142600,26.23000000
2018-02-27 19:02:22,0.00142910,6.72000000
2018-02-27 19:02:25,0.00142610,1.77000000
2018-02-27 19:02:25,0.00142610,8.95000000
2018-02-27 19:02:25,0.00142600,94.56000000
2018-02-27 19:02:25,0.00142590,48.04000000
2018-02-27 19:02:25,0.00142520,0.71000000
2018-02-27 19:02:25,0.00142500,77.15000000
2018-02-27 19:02:33,0.00142720,167.07000000
2018-02-27 19:02:37,0.00142720,1.64000000
2018-02-27 19:02:43,0.00142700,9.48000000
2018-02-27 19:02:48,0.00142520,49.11000000
2018-02-27 19:02:52,0.00142600,53.38000000
2018-02-27 19:02:53,0.00142690,6.24000000
2018-02-27 19:03:00,0.00142530,80.98000000
2018-02-27 19:03:01,0.00142690,7.18000000
2018-02-27 19:03:02,0.00142690,50.66000000
2018-02-27 19:03:04,0.00142690,8.11000000
2018-02-27 19:03:04,0.00142690,77.55000000
2018-02-27 19:03:05,0.00142690,9.85000000
2018-02-27 19:03:05,0.00142690,16.31000000
2018-02-27 19:03:06,0.00142700,103.62000000
2018-02-27 19:03:08,0.00142700,215.06000000
2018-02-27 19:03:13,0.00142800,0.89000000
2018-02-27 19:03:15,0.00142800,2.80000000
2018-02-27 19:03:20,0.00142720,6.29000000
2018-02-27 19:03:20,0.00142800,54.48000000
2018-02-27 19:03:24,0.00142800,225.35000000
2018-02-27 19:03:27,0.00142840,64.11000000
2018-02-27 19:03:28,0.00142890,20.91000000
2018-02-27 19:03:30,0.00142890,36.59000000
2018-02-27 19:03:30,0.00142900,10.00000000
2018-02-27 19:03:30,0.00142800,0.05000000
2018-02-27 19:03:31,0.00142800,2.87000000
2018-02-27 19:03:33,0.00142900,2.33000000
2018-02-27 19:03:35,0.00142900,37.39000000
2018-02-27 19:03:35,0.00142900,104.05000000
2018-02-27 19:03:37,0.00142810,0.77000000
2018-02-27 19:03:38,0.00142810,17.05000000
2018-02-27 19:03:46,0.00142850,188.52000000
2018-02-27 19:03:52,0.00142810,122.20000000
2018-02-27 19:03:59,0.00142880,3.97000000
2018-02-27 19:04:00,0.00142810,37.89000000
2018-02-27 19:04:00,0.00142880,47.62000000
2018-02-27 19:04:01,0.00142890,74.83000000
2018-02-27 19:04:02,0.00142900,3.36000000
2018-02-27 19:04:02,0.00142910,5.38000000
2018-02-27 19:04:02,0.00142940,18.15000000
2018-02-27 19:04:11,0.00142850,62.18000000
2018-02-27 19:04:11,0.00142810,896.14000000
2018-02-27 19:04:11,0.00142800,300.60000000
2018-02-27 19:04:11,0.00142800,119.58000000
2018-02-27 19:04:12,0.00142890,6.29000000
2018-02-27 19:04:12,0.00142900,48.98000000
2018-02-27 19:04:14,0.00142720,7.10000000
2018-02-27 19:04:14,0.00142700,10.40000000
2018-02-27 19:04:14,0.00142690,579.58000000
2018-02-27 19:04:14,0.00142670,199.24000000
2018-02-27 19:04:15,0.00142690,37.27000000
2018-02-27 19:04:15,0.00142690,1.38000000
2018-02-27 19:04:16,0.00142690,2.10000000
2018-02-27 19:04:22,0.00142690,4.00000000
2018-02-27 19:04:25,0.00142660,22.49000000
2018-02-27 19:04:25,0.00142660,1.34000000
2018-02-27 19:04:26,0.00142580,85.32000000
2018-02-27 19:04:33,0.00142520,10.65000000
2018-02-27 19:04:34,0.00142580,18.71000000
2018-02-27 19:04:37,0.00142580,0.01000000
2018-02-27 19:04:37,0.00142520,38.01000000
2018-02-27 19:04:37,0.00142570,209.73000000
2018-02-27 19:04:38,0.00142660,4.35000000
2018-02-27 19:04:39,0.00142660,17.52000000
2018-02-27 19:04:40,0.00142660,2.10000000
2018-02-27 19:04:40,0.00142660,3.90000000
2018-02-27 19:04:40,0.00142580,28.40000000
2018-02-27 19:04:44,0.00142580,148.65000000
2018-02-27 19:04:45,0.00142580,7.15000000
2018-02-27 19:04:45,0.00142580,11.82000000
2018-02-27 19:04:51,0.00142610,96.04000000
2018-02-27 19:04:52,0.00142580,471.93000000
2018-02-27 19:04:54,0.00142660,271.78000000
2018-02-27 19:04:54,0.00142660,102.01000000
2018-02-27 19:04:54,0.00142580,39.29000000
2018-02-27 19:05:00,0.00142810,1.68000000
2018-02-27 19:05:00,0.00142600,7.10000000
2018-02-27 19:05:00,0.00142580,43.51000000
2018-02-27 19:05:01,0.00142790,2.80000000
2018-02-27 19:05:01,0.00142580,6.47000000
2018-02-27 19:05:01,0.00142580,2.15000000
2018-02-27 19:05:08,0.00142690,220.45000000
2018-02-27 19:05:11,0.00142790,4.30000000
2018-02-27 19:05:11,0.00142800,5.00000000
2018-02-27 19:05:11,0.00142810,3.67000000
2018-02-27 19:05:11,0.00142870,7.10000000
2018-02-27 19:05:11,0.00142940,19.93000000
2018-02-27 19:05:14,0.00142640,21.03000000
2018-02-27 19:05:14,0.00142630,10.72000000
2018-02-27 19:05:14,0.00142610,76.28000000
2018-02-27 19:05:14,0.00142580,177.28000000
2018-02-27 19:05:20,0.00142660,106.77000000
2018-02-27 19:05:22,0.00142650,0.05000000
2018-02-27 19:05:25,0.00142680,5.00000000
2018-02-27 19:05:28,0.00142920,0.12000000
2018-02-27 19:05:29,0.00142680,3.24000000
2018-02-27 19:05:29,0.00142920,4.90000000
2018-02-27 19:05:30,0.00142680,375.18000000
2018-02-27 19:05:35,0.00142800,231.18000000
2018-02-27 19:05:40,0.00142910,0.01000000
2018-02-27 19:05:40,0.00142800,12.13000000
2018-02-27 19:05:40,0.00142800,10.34000000
2018-02-27 19:05:43,0.00142800,112.04000000
2018-02-27 19:05:43,0.00142720,7.10000000
2018-02-27 19:05:43,0.00142700,7.10000000
2018-02-27 19:05:43,0.00142680,155.14000000
2018-02-27 19:05:44,0.00142890,1.00000000
2018-02-27 19:05:45,0.00142800,1.00000000
2018-02-27 19:05:45,0.00142680,199.00000000
2018-02-27 19:05:49,0.00142790,117.49000000
2018-02-27 19:05:49,0.00142890,0.04000000
2018-02-27 19:05:50,0.00142890,6.06000000
2018-02-27 19:05:50,0.00142900,40.06000000
2018-02-27 19:05:53,0.00142890,10.25000000
2018-02-27 19:05:56,0.00142890,9.37000000
2018-02-27 19:05:58,0.00142890,2.64000000
2018-02-27 19:06:00,0.00142900,0.01000000
2018-02-27 19:06:03,0.00142900,0.01000000
2018-02-27 19:06:07,0.00142890,2.30000000
2018-02-27 19:06:10,0.00142800,9.26000000
2018-02-27 19:06:10,0.00142800,2.33000000
2018-02-27 19:06:10,0.00142720,7.10000000
2018-02-27 19:06:10,0.00142700,76.75000000
2018-02-27 19:06:10,0.00142680,61.22000000
2018-02-27 19:06:10,0.00142660,10.00000000
2018-02-27 19:06:10,0.00142600,307.43000000
2018-02-27 19:06:10,0.00142590,22.58000000
2018-02-27 19:06:10,0.00142580,512.59000000
2018-02-27 19:06:12,0.00142580,8.49000000
2018-02-27 19:06:13,0.00142580,147.32000000
2018-02-27 19:06:13,0.00142510,21.40000000
2018-02-27 19:06:13,0.00142500,464.41000000
2018-02-27 19:06:14,0.00142860,21.03000000
2018-02-27 19:06:14,0.00142870,7.10000000
2018-02-27 19:06:14,0.00142900,0.01000000
2018-02-27 19:06:17,0.00142900,0.02000000
2018-02-27 19:06:20,0.00142890,266.02000000
2018-02-27 19:06:21,0.00142870,20.00000000
2018-02-27 19:06:21,0.00142880,49.98000000
2018-02-27 19:06:23,0.00142880,26.46000000
2018-02-27 19:06:23,0.00142890,12.73000000
2018-02-27 19:06:27,0.00142890,3.57000000
2018-02-27 19:06:27,0.00142880,19.59000000
2018-02-27 19:06:27,0.00142610,41.03000000
2018-02-27 19:06:27,0.00142600,43.94000000
2018-02-27 19:06:27,0.00142530,106.48000000
2018-02-27 19:06:29,0.00142880,3.92000000
2018-02-27 19:06:30,0.00142860,2.16000000
2018-02-27 19:06:36,0.00142880,0.02000000
2018-02-27 19:06:37,0.00142730,14.53000000
2018-02-27 19:06:37,0.00142610,6.08000000
2018-02-27 19:06:37,0.00142600,7.10000000
2018-02-27 19:06:37,0.00142590,5.36000000
2018-02-27 19:06:37,0.00142570,1.46000000
2018-02-27 19:06:40,0.00142850,13.24000000
2018-02-27 19:06:42,0.00142850,0.02000000
2018-02-27 19:06:43,0.00142850,7.75000000
2018-02-27 19:06:43,0.00142860,7.10000000
2018-02-27 19:06:44,0.00142860,3.78000000
2018-02-27 19:06:44,0.00142850,65.65000000
2018-02-27 19:06:46,0.00142850,0.01000000
2018-02-27 19:06:49,0.00142850,259.06000000
2018-02-27 19:06:49,0.00142570,0.94000000
2018-02-27 19:06:50,0.00142700,138.94000000
2018-02-27 19:06:52,0.00142850,0.03000000
2018-02-27 19:06:55,0.00142850,0.02000000
2018-02-27 19:06:59,0.00142610,0.03000000
2018-02-27 19:07:02,0.00142700,16.00000000
2018-02-27 19:07:03,0.00142610,5.07000000
2018-02-27 19:07:05,0.00142700,80.46000000
2018-02-27 19:07:05,0.00142830,10.38000000
2018-02-27 19:07:05,0.00142850,868.59000000
2018-02-27 19:07:08,0.00142850,0.03000000
2018-02-27 19:07:08,0.00142610,1.68000000
2018-02-27 19:07:09,0.00142720,25.02000000
2018-02-27 19:07:11,0.00142610,0.32000000
2018-02-27 19:07:11,0.00142590,7.10000000
2018-02-27 19:07:11,0.00142580,2.80000000
2018-02-27 19:07:11,0.00142570,4.70000000
2018-02-27 19:07:11,0.00142560,123.72000000
2018-02-27 19:07:11,0.00142530,246.14000000
2018-02-27 19:07:11,0.00142500,215.22000000
2018-02-27 19:07:12,0.00142500,391.26000000
2018-02-27 19:07:12,0.00142380,1.06000000
2018-02-27 19:07:12,0.00142350,5.00000000
2018-02-27 19:07:12,0.00142310,87.84000000
2018-02-27 19:07:12,0.00142300,142.41000000
2018-02-27 19:07:12,0.00142290,163.31000000
2018-02-27 19:07:12,0.00142260,8.13000000
2018-02-27 19:07:12,0.00142820,0.01000000
2018-02-27 19:07:14,0.00142800,0.01000000
2018-02-27 19:07:21,0.00142380,1.85000000
2018-02-27 19:07:22,0.00142720,0.01000000
2018-02-27 19:07:22,0.00142720,21.01000000
2018-02-27 19:07:22,0.00142800,1.29000000
2018-02-27 19:07:22,0.00142830,14.20000000
2018-02-27 19:07:22,0.00142840,42.65000000
2018-02-27 19:07:25,0.00142400,10.00000000
2018-02-27 19:07:27,0.00142530,149.43000000
2018-02-27 19:07:30,0.00142670,0.01000000
2018-02-27 19:07:34,0.00142600,2.00000000
2018-02-27 19:07:35,0.00142600,0.01000000
2018-02-27 19:07:40,0.00142600,0.04000000
2018-02-27 19:07:41,0.00142600,4.08000000
2018-02-27 19:07:42,0.00142580,35.75000000
2018-02-27 19:07:46,0.00142570,15.00000000
2018-02-27 19:07:48,0.00142500,5.00000000
2018-02-27 19:07:48,0.00142420,20.71000000
2018-02-27 19:07:48,0.00142580,0.01000000
2018-02-27 19:07:48,0.00142580,12.51000000
2018-02-27 19:07:48,0.00142580,1.21000000
2018-02-27 19:07:48,0.00142590,5.80000000
2018-02-27 19:07:49,0.00142520,10.57000000
2018-02-27 19:07:49,0.00142520,4.41000000
2018-02-27 19:07:49,0.00142520,0.02000000
2018-02-27 19:07:49,0.00142590,4.99000000
2018-02-27 19:07:52,0.00142500,4.50000000
2018-02-27 19:07:52,0.00142500,4.50000000
2018-02-27 19:07:53,0.00142500,39.33000000
2018-02-27 19:07:53,0.00142520,16.87000000
2018-02-27 19:07:55,0.00142580,2.75000000
2018-02-27 19:07:55,0.00142590,19.11000000
2018-02-27 19:07:55,0.00142600,172.84000000
2018-02-27 19:07:55,0.00142580,45.70000000
2018-02-27 19:07:56,0.00142570,7.01000000
2018-02-27 19:07:57,0.00142570,2.10000000
2018-02-27 19:08:00,0.00142570,0.01000000
2018-02-27 19:08:00,0.00142490,160.16000000
2018-02-27 19:08:02,0.00142560,17.94000000
2018-02-27 19:08:02,0.00142560,0.01000000
2018-02-27 19:08:02,0.00142570,14.16000000
2018-02-27 19:08:02,0.00142570,198.64000000
2018-02-27 19:08:04,0.00142560,6.62000000
2018-02-27 19:08:04,0.00142560,2.00000000
2018-02-27 19:08:04,0.00142560,73.79000000
2018-02-27 19:08:05,0.00142560,13.35000000
2018-02-27 19:08:05,0.00142560,1.38000000
2018-02-27 19:08:05,0.00142430,2.04000000
2018-02-27 19:08:05,0.00142480,5.01000000
2018-02-27 19:08:06,0.00142480,3.99000000
2018-02-27 19:08:06,0.00142560,50.96000000
2018-02-27 19:08:06,0.00142560,2.91000000
2018-02-27 19:08:06,0.00142560,12.74000000
2018-02-27 19:08:08,0.00142440,4.52000000
2018-02-27 19:08:08,0.00142560,1.27000000
2018-02-27 19:08:09,0.00142560,83.04000000
2018-02-27 19:08:09,0.00142560,24.71000000
2018-02-27 19:08:09,0.00142560,0.01000000
2018-02-27 19:08:09,0.00142570,4.49000000
2018-02-27 19:08:09,0.00142520,3.48000000
2018-02-27 19:08:10,0.00142570,0.01000000
2018-02-27 19:08:10,0.00142570,52.46000000
2018-02-27 19:08:11,0.00142570,0.02000000
2018-02-27 19:08:11,0.00142580,2.82000000
2018-02-27 19:08:11,0.00142580,0.88000000
2018-02-27 19:08:12,0.00142570,46.47000000
2018-02-27 19:08:13,0.00142580,1.27000000
2018-02-27 19:08:14,0.00142580,0.01000000
2018-02-27 19:08:22,0.00142560,2.94000000
2018-02-27 19:08:23,0.00142560,0.10000000
2018-02-27 19:08:25,0.00142550,15.64000000
2018-02-27 19:08:25,0.00142430,3.18000000
2018-02-27 19:08:25,0.00142420,203.06000000
2018-02-27 19:08:25,0.00142400,1.42000000
2018-02-27 19:08:25,0.00142380,5.38000000
2018-02-27 19:08:25,0.00142370,79.64000000
2018-02-27 19:08:25,0.00142350,144.04000000
2018-02-27 19:08:26,0.00142440,3.51000000
2018-02-27 19:08:26,0.00142420,58.16000000
2018-02-27 19:08:27,0.00142420,7.00000000
2018-02-27 19:08:29,0.00142420,0.02000000
2018-02-27 19:08:29,0.00142540,0.01000000
2018-02-27 19:08:30,0.00142540,0.96000000
2018-02-27 19:08:30,0.00142440,170.88000000
2018-02-27 19:08:31,0.00142540,24.22000000
2018-02-27 19:08:31,0.00142540,1.05000000
2018-02-27 19:08:32,0.00142540,0.01000000
2018-02-27 19:08:33,0.00142540,47.63000000
2018-02-27 19:08:33,0.00142560,279.80000000
2018-02-27 19:08:33,0.00142380,2.16000000
2018-02-27 19:08:37,0.00142360,2.96000000
2018-02-27 19:08:37,0.00142350,17.58000000
2018-02-27 19:08:39,0.00142350,2.62000000
2018-02-27 19:08:44,0.00142560,162.20000000
2018-02-27 19:08:45,0.00142370,7.10000000
2018-02-27 19:08:45,0.00142350,155.75000000
2018-02-27 19:08:45,0.00142540,5.83000000
2018-02-27 19:08:47,0.00142540,1.27000000
2018-02-27 19:08:47,0.00142560,25.57000000
2018-02-27 19:08:47,0.00142440,57.20000000
2018-02-27 19:08:51,0.00142400,11.89000000
2018-02-27 19:08:51,0.00142560,40.35000000
2018-02-27 19:08:55,0.00142400,13.40000000
2018-02-27 19:08:59,0.00142400,1.75000000
2018-02-27 19:09:01,0.00142400,5.26000000
2018-02-27 19:09:01,0.00142400,5.61000000
2018-02-27 19:09:02,0.00142350,62.11000000
2018-02-27 19:09:02,0.00142350,32.52000000
2018-02-27 19:09:02,0.00142270,62.11000000
2018-02-27 19:09:02,0.00142270,18.81000000
2018-02-27 19:09:02,0.00142260,106.80000000
2018-02-27 19:09:02,0.00142260,7.02000000
2018-02-27 19:09:02,0.00142260,7.02000000
2018-02-27 19:09:02,0.00142400,3.51000000
2018-02-27 19:09:02,0.00142400,0.44000000
2018-02-27 19:09:05,0.00142400,16.15000000
2018-02-27 19:09:07,0.00142400,8.62000000
2018-02-27 19:09:07,0.00142320,9.55000000
2018-02-27 19:09:07,0.00142320,172.06000000
2018-02-27 19:09:13,0.00142320,9.55000000
2018-02-27 19:09:13,0.00142260,15.45000000
2018-02-27 19:09:17,0.00142260,18.06000000
2018-02-27 19:09:17,0.00142250,20.41000000
2018-02-27 19:09:21,0.00142320,0.02000000
2018-02-27 19:09:21,0.00142320,0.15000000
2018-02-27 19:09:22,0.00142320,1.55000000
2018-02-27 19:09:23,0.00142320,0.01000000
2018-02-27 19:09:26,0.00142280,4.86000000
2018-02-27 19:09:29,0.00142290,67.92000000
2018-02-27 19:09:31,0.00142320,0.01000000
2018-02-27 19:09:33,0.00142320,0.01000000
2018-02-27 19:09:35,0.00142320,3.93000000
2018-02-27 19:09:35,0.00142320,0.01000000
2018-02-27 19:09:39,0.00142320,11.00000000
2018-02-27 19:09:43,0.00142320,24.64000000
2018-02-27 19:09:43,0.00142320,0.01000000
2018-02-27 19:09:43,0.00142300,6.30000000
2018-02-27 19:09:43,0.00142280,3.70000000
2018-02-27 19:09:44,0.00142280,17.54000000
2018-02-27 19:09:44,0.00142280,0.99000000
2018-02-27 19:09:44,0.00142280,4.95000000
2018-02-27 19:09:46,0.00142280,0.01000000
2018-02-27 19:09:47,0.00142200,32.05000000
2018-02-27 19:09:47,0.00142140,8.52000000
2018-02-27 19:09:47,0.00142110,7.56000000
2018-02-27 19:09:48,0.00142190,7.01000000
2018-02-27 19:09:48,0.00142190,26.48000000
2018-02-27 19:09:48,0.00142190,7.01000000
2018-02-27 19:09:48,0.00142190,17.93000000
2018-02-27 19:09:49,0.00142190,72.35000000
2018-02-27 19:09:49,0.00142190,61.55000000
2018-02-27 19:09:49,0.00142190,104.68000000
2018-02-27 19:09:54,0.00142280,0.01000000
2018-02-27 19:09:57,0.00142300,1.77000000
2018-02-27 19:09:57,0.00142300,0.01000000
2018-02-27 19:09:58,0.00142200,16.67000000
2018-02-27 19:09:58,0.00142190,26.10000000
2018-02-27 19:09:58,0.00142110,4.32000000
2018-02-27 19:09:58,0.00142280,1.00000000
2018-02-27 19:10:01,0.00142280,0.01000000
2018-02-27 19:10:05,0.00142210,4.99000000
2018-02-27 19:10:07,0.00142180,78.41000000
2018-02-27 19:10:08,0.00142160,10.00000000
2018-02-27 19:10:08,0.00142140,121.20000000
2018-02-27 19:10:08,0.00142110,151.16000000
2018-02-27 19:10:08,0.00142100,17.19000000
2018-02-27 19:10:08,0.00142090,32.58000000
2018-02-27 19:10:08,0.00142210,13.29000000
2018-02-27 19:10:09,0.00142210,0.03000000
2018-02-27 19:10:11,0.00142180,17.24000000
2018-02-27 19:10:11,0.00142210,200.07000000
2018-02-27 19:10:11,0.00142210,17.58000000
2018-02-27 19:10:11,0.00142210,0.01000000
2018-02-27 19:10:13,0.00142210,0.01000000
2018-02-27 19:10:14,0.00142210,45.88000000
2018-02-27 19:10:15,0.00142140,90.90000000
2018-02-27 19:10:15,0.00142100,9.10000000
2018-02-27 19:10:15,0.00142210,7.61000000
2018-02-27 19:10:15,0.00142210,0.01000000
2018-02-27 19:10:15,0.00142100,20.47000000
2018-02-27 19:10:15,0.00142090,203.74000000
2018-02-27 19:10:22,0.00142090,77.61000000
2018-02-27 19:10:22,0.00142200,0.01000000
2018-02-27 19:10:24,0.00142200,0.01000000
2018-02-27 19:10:26,0.00142200,0.01000000
2018-02-27 19:10:27,0.00142140,202.82000000
2018-02-27 19:10:28,0.00142200,1.00000000
2018-02-27 19:10:28,0.00142200,1.00000000
2018-02-27 19:10:28,0.00142100,1.00000000
2018-02-27 19:10:28,0.00142100,4.00000000
2018-02-27 19:10:28,0.00142090,237.52000000
2018-02-27 19:10:28,0.00142080,3.52000000
2018-02-27 19:10:28,0.00142070,40.00000000
2018-02-27 19:10:28,0.00142060,10.00000000
2018-02-27 19:10:29,0.00142060,1.27000000
2018-02-27 19:10:30,0.00142020,299.91000000
2018-02-27 19:10:32,0.00142020,50.57000000
2018-02-27 19:10:32,0.00142020,141.36000000
2018-02-27 19:10:34,0.00142060,1.00000000
2018-02-27 19:10:34,0.00142060,344.01000000
2018-02-27 19:10:34,0.00142090,23.72000000
2018-02-27 19:10:34,0.00142200,428.40000000
2018-02-27 19:10:34,0.00142020,107.95000000
2018-02-27 19:10:34,0.00142010,59.82000000
2018-02-27 19:10:34,0.00142000,285.21000000
2018-02-27 19:10:35,0.00142000,65.86000000
2018-02-27 19:10:35,0.00142000,5.00000000
2018-02-27 19:10:36,0.00142000,997.98000000
2018-02-27 19:10:36,0.00142000,255.42000000
2018-02-27 19:10:37,0.00142000,772.05000000
2018-02-27 19:10:37,0.00142000,1245.63000000
2018-02-27 19:10:37,0.00142000,1285.06000000
2018-02-27 19:10:37,0.00142200,26.39000000
2018-02-27 19:10:37,0.00142000,181.54000000
2018-02-27 19:10:38,0.00141980,1.13000000
2018-02-27 19:10:39,0.00141970,7.04000000
2018-02-27 19:10:39,0.00141950,3.52000000
2018-02-27 19:10:39,0.00141920,5.00000000
2018-02-27 19:10:40,0.00141970,3.52000000
2018-02-27 19:10:40,0.00141980,93.23000000
2018-02-27 19:10:41,0.00141970,20.00000000
2018-02-27 19:10:41,0.00141910,0.71000000
2018-02-27 19:10:41,0.00141900,20.14000000
2018-02-27 19:10:41,0.00141850,100.03000000
2018-02-27 19:10:41,0.00141840,49.06000000
2018-02-27 19:10:41,0.00141840,20.00000000
2018-02-27 19:10:41,0.00141830,93.75000000
2018-02-27 19:10:42,0.00141910,3.52000000
2018-02-27 19:10:42,0.00141810,7.77000000
2018-02-27 19:10:42,0.00141800,0.71000000
2018-02-27 19:10:43,0.00141980,10.00000000
2018-02-27 19:10:44,0.00141770,6.35000000
2018-02-27 19:10:48,0.00141850,0.71000000
2018-02-27 19:10:48,0.00141850,88.42000000
2018-02-27 19:10:50,0.00141970,1.48000000
2018-02-27 19:10:51,0.00141970,4.75000000
2018-02-27 19:10:52,0.00141970,0.01000000
2018-02-27 19:10:52,0.00141850,0.71000000
2018-02-27 19:10:52,0.00141740,0.29000000
2018-02-27 19:10:53,0.00141980,48.18000000
2018-02-27 19:10:53,0.00141980,7.01000000
2018-02-27 19:10:53,0.00141980,21.00000000
2018-02-27 19:10:53,0.00141980,4.78000000
2018-02-27 19:10:54,0.00141980,0.01000000
2018-02-27 19:10:55,0.00141740,1.27000000
2018-02-27 19:10:56,0.00141740,22.67000000
2018-02-27 19:10:56,0.00141740,0.01000000
2018-02-27 19:10:58,0.00141740,7.06000000
2018-02-27 19:10:59,0.00141740,4.33000000
2018-02-27 19:11:01,0.00141700,22.79000000
2018-02-27 19:11:02,0.00141740,27.28000000
2018-02-27 19:11:02,0.00141740,1.49000000
2018-02-27 19:11:02,0.00141740,10.00000000
2018-02-27 19:11:03,0.00141740,4.94000000
2018-02-27 19:11:03,0.00141700,19.79000000
2018-02-27 19:11:04,0.00141600,170.84000000
2018-02-27 19:11:06,0.00141600,0.01000000
2018-02-27 19:11:06,0.00141590,7.15000000
2018-02-27 19:11:06,0.00141590,4.80000000
2018-02-27 19:11:07,0.00141590,2.30000000
2018-02-27 19:11:07,0.00141600,1.32000000
2018-02-27 19:11:07,0.00141590,213.54000000
2018-02-27 19:11:08,0.00141600,0.01000000
2018-02-27 19:11:10,0.00141580,0.92000000
2018-02-27 19:11:10,0.00141570,23.85000000
2018-02-27 19:11:10,0.00141600,0.01000000
2018-02-27 19:11:11,0.00141580,2.11000000
2018-02-27 19:11:12,0.00141580,0.01000000
2018-02-27 19:11:13,0.00141570,30.86000000
2018-02-27 19:11:15,0.00141570,66.32000000
2018-02-27 19:11:17,0.00141570,0.01000000
2018-02-27 19:11:17,0.00141570,2.12000000
2018-02-27 19:11:17,0.00141580,22.56000000
2018-02-27 19:11:17,0.00141580,2.16000000
2018-02-27 19:11:19,0.00141570,0.01000000
2018-02-27 19:11:21,0.00141550,17.79000000
2018-02-27 19:11:22,0.00141550,0.02000000
2018-02-27 19:11:23,0.00141550,1.00000000
2018-02-27 19:11:23,0.00141550,7.37000000
2018-02-27 19:11:24,0.00141540,0.91000000
2018-02-27 19:11:24,0.00141530,56.47000000
2018-02-27 19:11:24,0.00141520,4.11000000
2018-02-27 19:11:24,0.00141500,111.45000000
2018-02-27 19:11:25,0.00141500,23.96000000
2018-02-27 19:11:25,0.00141500,0.01000000
2018-02-27 19:11:27,0.00141570,7.45000000
2018-02-27 19:11:27,0.00141500,33.48000000
2018-02-27 19:11:27,0.00141570,2.89000000
2018-02-27 19:11:28,0.00141530,99.86000000
2018-02-27 19:11:29,0.00141500,0.64000000
2018-02-27 19:11:30,0.00141560,22.81000000
2018-02-27 19:11:30,0.00141500,29.46000000
2018-02-27 19:11:30,0.00141570,0.01000000
2018-02-27 19:11:31,0.00141570,95.90000000
2018-02-27 19:11:31,0.00141580,1.27000000
2018-02-27 19:11:31,0.00141570,0.01000000
2018-02-27 19:11:31,0.00141500,13.22000000
2018-02-27 19:11:32,0.00141580,0.01000000
2018-02-27 19:11:32,0.00141580,1.00000000
2018-02-27 19:11:35,0.00141580,3.53000000
2018-02-27 19:11:37,0.00141510,55.66000000
2018-02-27 19:11:37,0.00141500,45.55000000
2018-02-27 19:11:37,0.00141580,0.46000000
2018-02-27 19:11:37,0.00141600,408.63000000
2018-02-27 19:11:37,0.00141520,123.05000000
2018-02-27 19:11:37,0.00141500,497.85000000
2018-02-27 19:11:41,0.00141570,0.01000000
2018-02-27 19:11:44,0.00141540,224.27000000
2018-02-27 19:11:44,0.00141570,0.05000000
2018-02-27 19:11:46,0.00141570,0.01000000
2018-02-27 19:11:47,0.00141520,1.76000000
2018-02-27 19:11:48,0.00141520,263.94000000
2018-02-27 19:11:48,0.00141500,81.65000000
2018-02-27 19:11:51,0.00141500,10.00000000
2018-02-27 19:11:52,0.00141570,0.01000000
2018-02-27 19:11:52,0.00141500,79.41000000
2018-02-27 19:11:52,0.00141490,2.43000000
2018-02-27 19:11:52,0.00141450,60.26000000
2018-02-27 19:11:52,0.00141440,1.49000000
2018-02-27 19:11:52,0.00141330,3.00000000
2018-02-27 19:11:52,0.00141290,14.46000000
2018-02-27 19:11:52,0.00141280,5.00000000
2018-02-27 19:11:52,0.00141260,635.72000000
2018-02-27 19:11:52,0.00141260,2.21000000
2018-02-27 19:11:52,0.00141260,2.21000000
2018-02-27 19:11:52,0.00141260,5.58000000
2018-02-27 19:11:52,0.00141570,1.28000000
2018-02-27 19:11:53,0.00141560,13.20000000
2018-02-27 19:11:53,0.00141560,0.01000000
2018-02-27 19:11:55,0.00141260,0.97000000
2018-02-27 19:11:56,0.00141560,0.01000000
2018-02-27 19:12:00,0.00141550,0.85000000
2018-02-27 19:12:02,0.00141500,6.47000000
2018-02-27 19:12:03,0.00141500,5.00000000
2018-02-27 19:12:04,0.00141500,2.12000000
2018-02-27 19:12:05,0.00141370,110.58000000
2018-02-27 19:12:05,0.00141500,0.01000000
2018-02-27 19:12:06,0.00141260,4.41000000
2018-02-27 19:12:06,0.00141250,10.81000000
2018-02-27 19:12:07,0.00141500,0.01000000
2018-02-27 19:12:09,0.00141500,0.01000000
2018-02-27 19:12:11,0.00141500,0.01000000
2018-02-27 19:12:16,0.00141500,75.28000000
2018-02-27 19:12:16,0.00141500,0.01000000
2018-02-27 19:12:18,0.00141440,234.99000000
2018-02-27 19:12:19,0.00141500,0.01000000
2018-02-27 19:12:19,0.00141500,354.63000000
2018-02-27 19:12:21,0.00141500,310.17000000
2018-02-27 19:12:22,0.00141500,2.20000000
2018-02-27 19:12:22,0.00141500,109.22000000
2018-02-27 19:12:23,0.00141500,118.22000000
2018-02-27 19:12:23,0.00141500,200.00000000
2018-02-27 19:12:24,0.00141400,2.63000000
2018-02-27 19:12:30,0.00141500,0.01000000
2018-02-27 19:12:33,0.00141460,121.31000000
2018-02-27 19:12:34,0.00141500,0.01000000
2018-02-27 19:12:35,0.00141500,1.77000000
2018-02-27 19:12:35,0.00141500,36.95000000
2018-02-27 19:12:35,0.00141570,275.62000000
2018-02-27 19:12:39,0.00141580,0.01000000
2018-02-27 19:12:40,0.00141570,132.08000000
2018-02-27 19:12:41,0.00141570,325.07000000
2018-02-27 19:12:44,0.00141440,11.72000000
2018-02-27 19:12:44,0.00141400,61.46000000
2018-02-27 19:12:44,0.00141500,1.80000000
2018-02-27 19:12:44,0.00141500,1.34000000
2018-02-27 19:12:45,0.00141500,7.51000000
2018-02-27 19:12:46,0.00141500,1.28000000
2018-02-27 19:12:47,0.00141500,1.06000000
2018-02-27 19:12:48,0.00141500,19.86000000
2018-02-27 19:12:49,0.00141500,27.07000000
2018-02-27 19:12:49,0.00141500,1.41000000
2018-02-27 19:12:50,0.00141410,18.63000000
2018-02-27 19:12:50,0.00141500,370.24000000
2018-02-27 19:12:51,0.00141500,0.01000000
2018-02-27 19:12:51,0.00141460,7.62000000
2018-02-27 19:12:54,0.00141460,15.75000000
2018-02-27 19:12:54,0.00141460,15.75000000
2018-02-27 19:12:54,0.00141460,0.01000000
2018-02-27 19:12:56,0.00141440,51.38000000
2018-02-27 19:12:57,0.00141460,18.49000000
2018-02-27 19:12:59,0.00141490,0.01000000
2018-02-27 19:13:01,0.00141490,0.01000000
2018-02-27 19:13:02,0.00141460,49.85000000
2018-02-27 19:13:03,0.00141440,82.16000000
2018-02-27 19:13:04,0.00141420,1.25000000
2018-02-27 19:13:05,0.00141420,4.61000000
2018-02-27 19:13:05,0.00141410,11.12000000
2018-02-27 19:13:05,0.00141400,172.87000000
2018-02-27 19:13:05,0.00141390,15.00000000
2018-02-27 19:13:05,0.00141300,77.45000000
2018-02-27 19:13:05,0.00141450,3.52000000
2018-02-27 19:13:05,0.00141460,469.43000000
2018-02-27 19:13:06,0.00141450,15.00000000
2018-02-27 19:13:06,0.00141460,20.34000000
2018-02-27 19:13:07,0.00141360,15.00000000
2018-02-27 19:13:07,0.00141300,272.02000000
2018-02-27 19:13:07,0.00141300,3.53000000
2018-02-27 19:13:07,0.00141300,22.07000000
2018-02-27 19:13:07,0.00141300,33.38000000
2018-02-27 19:13:07,0.00141300,8.08000000
2018-02-27 19:13:08,0.00141300,0.01000000
2018-02-27 19:13:08,0.00141460,223.25000000
2018-02-27 19:13:09,0.00141360,9.00000000
2018-02-27 19:13:09,0.00141260,95.08000000
2018-02-27 19:13:09,0.00141250,153.38000000
2018-02-27 19:13:09,0.00141220,14.48000000
2018-02-27 19:13:10,0.00141350,131.79000000
2018-02-27 19:13:10,0.00141300,2.27000000
2018-02-27 19:13:11,0.00141300,0.01000000
2018-02-27 19:13:12,0.00141300,0.96000000
2018-02-27 19:13:14,0.00141460,10.46000000
2018-02-27 19:13:14,0.00141460,0.01000000
2018-02-27 19:13:14,0.00141460,5.66000000
2018-02-27 19:13:15,0.00141360,27.96000000
2018-02-27 19:13:16,0.00141300,28.70000000
2018-02-27 19:13:16,0.00141460,225.02000000
2018-02-27 19:13:16,0.00141490,133.35000000
2018-02-27 19:13:16,0.00141500,418.25000000
2018-02-27 19:13:19,0.00141440,9.00000000
2018-02-27 19:13:19,0.00141320,142.84000000
2018-02-27 19:13:19,0.00141270,5.87000000
2018-02-27 19:13:19,0.00141260,32.64000000
2018-02-27 19:13:20,0.00141260,25.00000000
2018-02-27 19:13:22,0.00141500,2.09000000
2018-02-27 19:13:23,0.00141490,1.77000000
2018-02-27 19:13:23,0.00141440,19.59000000
2018-02-27 19:13:23,0.00141280,5.41000000
2018-02-27 19:13:24,0.00141490,0.01000000
2018-02-27 19:13:25,0.00141490,0.19000000
2018-02-27 19:13:27,0.00141490,0.01000000
2018-02-27 19:13:29,0.00141390,18.11000000
2018-02-27 19:13:30,0.00141490,0.01000000
2018-02-27 19:13:31,0.00141490,31.50000000
2018-02-27 19:13:33,0.00141320,5.00000000
2018-02-27 19:13:34,0.00141400,97.79000000
2018-02-27 19:13:34,0.00141490,16.77000000
2018-02-27 19:13:39,0.00141320,2.10000000
2018-02-27 19:13:39,0.00141300,93.91000000
2018-02-27 19:13:39,0.00141280,519.28000000
2018-02-27 19:13:41,0.00141440,1.62000000
2018-02-27 19:13:41,0.00141450,142.52000000
2018-02-27 19:13:42,0.00141440,0.01000000
2018-02-27 19:13:43,0.00141310,66.17000000
2018-02-27 19:13:44,0.00141330,4.38000000
2018-02-27 19:13:44,0.00141460,2.97000000
2018-02-27 19:13:46,0.00141320,10.00000000
2018-02-27 19:13:46,0.00141310,41.15000000
2018-02-27 19:13:49,0.00141460,1.77000000
2018-02-27 19:13:55,0.00141380,28.83000000
2018-02-27 19:13:58,0.00141460,49.12000000
2018-02-27 19:13:59,0.00141310,24.55000000
2018-02-27 19:14:00,0.00141310,471.41000000
2018-02-27 19:14:00,0.00141290,278.25000000
2018-02-27 19:14:03,0.00141290,1.20000000
2018-02-27 19:14:04,0.00141290,2.12000000
2018-02-27 19:14:04,0.00141290,14.16000000
2018-02-27 19:14:05,0.00141290,7.07000000
2018-02-27 19:14:05,0.00141380,54.57000000
2018-02-27 19:14:05,0.00141390,22.68000000
2018-02-27 19:14:05,0.00141400,15.68000000
2018-02-27 19:14:05,0.00141280,0.74000000
2018-02-27 19:14:05,0.00141220,133.35000000
2018-02-27 19:14:06,0.00141220,381.35000000
2018-02-27 19:14:08,0.00141340,153.24000000
2018-02-27 19:14:09,0.00141400,7.07000000
2018-02-27 19:14:09,0.00141290,431.35000000
2018-02-27 19:14:09,0.00141280,5.18000000
2018-02-27 19:14:09,0.00141210,26.00000000
2018-02-27 19:14:09,0.00141200,12.86000000
2018-02-27 19:14:09,0.00141170,47.13000000
2018-02-27 19:14:09,0.00141100,38.48000000
2018-02-27 19:14:13,0.00141390,6.00000000
2018-02-27 19:14:13,0.00141390,10.31000000
2018-02-27 19:14:15,0.00141110,0.85000000
2018-02-27 19:14:16,0.00141390,0.85000000
2018-02-27 19:14:18,0.00141110,155.50000000
2018-02-27 19:14:19,0.00141110,1.50000000
2018-02-27 19:14:19,0.00141100,22.23000000
2018-02-27 19:14:19,0.00141110,5.04000000
2018-02-27 19:14:19,0.00141100,70.84000000
2018-02-27 19:14:19,0.00141110,1.00000000
2018-02-27 19:14:20,0.00141110,1.13000000
2018-02-27 19:14:20,0.00141110,0.66000000
2018-02-27 19:14:20,0.00141100,577.41000000
2018-02-27 19:14:20,0.00141090,24.10000000
2018-02-27 19:14:20,0.00141010,259.49000000
2018-02-27 19:14:21,0.00141010,44.13000000
2018-02-27 19:14:21,0.00141000,78.51000000
2018-02-27 19:14:21,0.00141000,8.12000000
2018-02-27 19:14:21,0.00141100,7.10000000
2018-02-27 19:14:22,0.00141100,78.85000000
2018-02-27 19:14:22,0.00141000,90.03000000
2018-02-27 19:14:23,0.00141110,39.52000000
2018-02-27 19:14:24,0.00141110,11.34000000
2018-02-27 19:14:24,0.00141290,9.69000000
2018-02-27 19:14:24,0.00141300,34.41000000
2018-02-27 19:14:25,0.00141270,2.12000000
2018-02-27 19:14:26,0.00141130,39.56000000
2018-02-27 19:14:27,0.00141270,9.88000000
2018-02-27 19:14:27,0.00141300,10.12000000
2018-02-27 19:14:27,0.00141300,0.84000000
2018-02-27 19:14:28,0.00141300,0.71000000
2018-02-27 19:14:29,0.00141300,50.23000000
2018-02-27 19:14:30,0.00141300,1.24000000
2018-02-27 19:14:30,0.00141300,16.93000000
2018-02-27 19:14:31,0.00141300,5.49000000
2018-02-27 19:14:31,0.00141390,7.07000000
2018-02-27 19:14:34,0.00141390,0.85000000
2018-02-27 19:14:34,0.00141300,1.46000000
2018-02-27 19:14:35,0.00141300,4.18000000
2018-02-27 19:14:35,0.00141030,20.99000000
2018-02-27 19:14:37,0.00141300,0.85000000
2018-02-27 19:14:40,0.00141300,0.01000000
2018-02-27 19:14:40,0.00141050,7.10000000
2018-02-27 19:14:40,0.00141020,13.36000000
2018-02-27 19:14:41,0.00141030,15.98000000
2018-02-27 19:14:41,0.00141270,2.37000000
2018-02-27 19:14:41,0.00141270,0.01000000
2018-02-27 19:14:44,0.00141270,6.36000000
2018-02-27 19:14:44,0.00141020,7.91000000
2018-02-27 19:14:44,0.00141010,15.91000000
2018-02-27 19:14:45,0.00141270,5.38000000
2018-02-27 19:14:45,0.00141270,1.74000000
2018-02-27 19:14:46,0.00141270,0.10000000
2018-02-27 19:14:46,0.00141040,2.86000000
2018-02-27 19:14:46,0.00141040,161.11000000
2018-02-27 19:14:46,0.00141070,2.89000000
2018-02-27 19:14:48,0.00141070,2.14000000
2018-02-27 19:14:48,0.00141040,2.59000000
2018-02-27 19:14:48,0.00141080,0.76000000
2018-02-27 19:14:48,0.00141080,0.53000000
2018-02-27 19:14:48,0.00141280,0.17000000
2018-02-27 19:14:50,0.00141280,3.20000000
2018-02-27 19:14:50,0.00141280,0.01000000
2018-02-27 19:14:52,0.00141070,38.24000000
2018-02-27 19:14:52,0.00141060,2.38000000
2018-02-27 19:14:52,0.00141040,0.27000000
2018-02-27 19:14:52,0.00141040,0.01000000
2018-02-27 19:14:52,0.00141040,1.72000000
2018-02-27 19:14:52,0.00141040,2.86000000
2018-02-27 19:14:53,0.00141040,4.08000000
2018-02-27 19:14:53,0.00141040,0.02000000
2018-02-27 19:14:53,0.00141280,2.86000000
2018-02-27 19:14:56,0.00141030,41.82000000
2018-02-27 19:14:56,0.00141010,38.18000000
2018-02-27 19:14:59,0.00141140,50.28000000
2018-02-27 19:15:03,0.00141250,1.54000000
2018-02-27 19:15:03,0.00141250,0.01000000
2018-02-27 19:15:04,0.00141250,770.19000000
2018-02-27 19:15:05,0.00141250,3.83000000
2018-02-27 19:15:05,0.00141280,0.01000000
2018-02-27 19:15:08,0.00141280,0.01000000
2018-02-27 19:15:08,0.00141280,0.84000000
2018-02-27 19:15:09,0.00141290,6.02000000
2018-02-27 19:15:10,0.00141290,0.01000000
2018-02-27 19:15:10,0.00141290,1.56000000
2018-02-27 19:15:10,0.00141280,11.74000000
2018-02-27 19:15:10,0.00141250,12.74000000
2018-02-27 19:15:10,0.00141260,84.14000000
2018-02-27 19:15:11,0.00141290,0.01000000
2018-02-27 19:15:13,0.00141290,0.31000000
2018-02-27 19:15:13,0.00141290,72.62000000
2018-02-27 19:15:13,0.00141250,17.32000000
2018-02-27 19:15:15,0.00141300,1.91000000
2018-02-27 19:15:15,0.00141250,20.20000000
2018-02-27 19:15:16,0.00141300,3.47000000
2018-02-27 19:15:16,0.00141300,10.62000000
2018-02-27 19:15:16,0.00141300,2.12000000
2018-02-27 19:15:17,0.00141250,6.61000000
2018-02-27 19:15:18,0.00141290,1.77000000
2018-02-27 19:15:18,0.00141290,1.77000000
2018-02-27 19:15:18,0.00141290,1154.08000000
2018-02-27 19:15:18,0.00141300,223.79000000
2018-02-27 19:15:18,0.00141390,1022.55000000
2018-02-27 19:15:18,0.00141390,172.52000000
2018-02-27 19:15:19,0.00141400,9.00000000
2018-02-27 19:15:19,0.00141390,5.18000000
2018-02-27 19:15:20,0.00141400,3.68000000
2018-02-27 19:15:21,0.00141400,1.77000000
2018-02-27 19:15:21,0.00141400,1.41000000
2018-02-27 19:15:21,0.00141390,5.73000000
2018-02-27 19:15:21,0.00141400,72.48000000
2018-02-27 19:15:21,0.00141400,3.54000000
2018-02-27 19:15:22,0.00141400,1.06000000
2018-02-27 19:15:22,0.00141400,0.01000000
2018-02-27 19:15:24,0.00141400,8.47000000
2018-02-27 19:15:24,0.00141400,21.91000000
2018-02-27 19:15:26,0.00141400,1.77000000
2018-02-27 19:15:26,0.00141400,1.20000000
2018-02-27 19:15:26,0.00141400,3.54000000
2018-02-27 19:15:27,0.00141400,0.71000000
2018-02-27 19:15:29,0.00141400,0.01000000
2018-02-27 19:15:30,0.00141400,9.41000000
2018-02-27 19:15:30,0.00141400,32.21000000
2018-02-27 19:15:32,0.00141400,34.03000000
2018-02-27 19:15:32,0.00141400,4.24000000
2018-02-27 19:15:33,0.00141400,1.77000000
2018-02-27 19:15:33,0.00141400,1.06000000
2018-02-27 19:15:35,0.00141400,1.39000000
2018-02-27 19:15:36,0.00141400,1.49000000
2018-02-27 19:15:38,0.00141400,4.95000000
2018-02-27 19:15:38,0.00141390,490.84000000
2018-02-27 19:15:39,0.00141390,10.08000000
2018-02-27 19:15:39,0.00141390,1.27000000
2018-02-27 19:15:39,0.00141390,289.73000000
2018-02-27 19:15:40,0.00141340,93.68000000
2018-02-27 19:15:40,0.00141390,32.04000000
2018-02-27 19:15:41,0.00141390,169.78000000
2018-02-27 19:15:42,0.00141390,0.01000000
2018-02-27 19:15:43,0.00141390,3.62000000
2018-02-27 19:15:43,0.00141390,28.48000000
2018-02-27 19:15:45,0.00141390,18.15000000
2018-02-27 19:15:45,0.00141390,29.48000000
2018-02-27 19:15:46,0.00141390,0.40000000
2018-02-27 19:15:47,0.00141390,1.63000000
2018-02-27 19:15:47,0.00141390,0.80000000
2018-02-27 19:15:48,0.00141390,84.94000000
2018-02-27 19:15:48,0.00141400,128.72000000
2018-02-27 19:15:49,0.00141400,0.01000000
2018-02-27 19:15:50,0.00141400,18.65000000
2018-02-27 19:15:51,0.00141390,70.24000000
2018-02-27 19:15:51,0.00141400,54.17000000
2018-02-27 19:15:52,0.00141400,227.13000000
2018-02-27 19:15:56,0.00141390,1.46000000
2018-02-27 19:15:56,0.00141400,0.01000000
2018-02-27 19:15:57,0.00141390,3.00000000
2018-02-27 19:15:58,0.00141400,41.00000000
2018-02-27 19:15:59,0.00141400,88.29000000
2018-02-27 19:15:59,0.00141390,122.47000000
2018-02-27 19:15:59,0.00141300,21.03000000
2018-02-27 19:15:59,0.00141250,472.49000000
2018-02-27 19:15:59,0.00141250,7.33000000
2018-02-27 19:16:02,0.00141400,0.01000000
2018-02-27 19:16:04,0.00141400,0.01000000
2018-02-27 19:16:05,0.00141400,5.00000000
2018-02-27 19:16:05,0.00141400,14.14000000
2018-02-27 19:16:06,0.00141400,14.63000000
2018-02-27 19:16:08,0.00141320,103.44000000
2018-02-27 19:16:10,0.00141390,8.12000000
2018-02-27 19:16:12,0.00141390,0.01000000
2018-02-27 19:16:15,0.00141390,0.01000000
2018-02-27 19:16:18,0.00141390,23.55000000
2018-02-27 19:16:18,0.00141300,5.00000000
2018-02-27 19:16:18,0.00141270,44.53000000
2018-02-27 19:16:20,0.00141390,39.69000000
2018-02-27 19:16:20,0.00141390,20.54000000
2018-02-27 19:16:21,0.00141390,0.01000000
2018-02-27 19:16:21,0.00141360,34.49000000
2018-02-27 19:16:24,0.00141390,0.01000000
2018-02-27 19:16:27,0.00141390,2.12000000
2018-02-27 19:16:32,0.00141390,21.26000000
2018-02-27 19:16:35,0.00141390,6.08000000
2018-02-27 19:16:35,0.00141380,66.63000000
2018-02-27 19:16:35,0.00141390,34.05000000
2018-02-27 19:16:36,0.00141380,6.26000000
2018-02-27 19:16:38,0.00141390,1.00000000
2018-02-27 19:16:39,0.00141380,7.41000000
2018-02-27 19:16:40,0.00141380,15.94000000
2018-02-27 19:16:45,0.00141380,1.00000000
2018-02-27 19:16:45,0.00141390,69.76000000
2018-02-27 19:16:48,0.00141400,1.77000000
2018-02-27 19:16:49,0.00141390,1.92000000
2018-02-27 19:16:51,0.00141390,0.87000000
2018-02-27 19:16:52,0.00141400,55.70000000
2018-02-27 19:16:53,0.00141400,72.87000000
2018-02-27 19:16:58,0.00141400,6.83000000
2018-02-27 19:17:06,0.00141390,97.00000000
2018-02-27 19:17:10,0.00141400,54.12000000
2018-02-27 19:17:12,0.00141390,23.28000000
2018-02-27 19:17:14,0.00141400,15.43000000
2018-02-27 19:17:15,0.00141400,0.01000000
2018-02-27 19:17:16,0.00141400,120.60000000
2018-02-27 19:17:16,0.00141400,10.00000000
2018-02-27 19:17:17,0.00141400,12.67000000
2018-02-27 19:17:18,0.00141390,26.44000000
2018-02-27 19:17:18,0.00141400,622.48000000
2018-02-27 19:17:18,0.00141400,875.13000000
2018-02-27 19:17:18,0.00141470,56.85000000
2018-02-27 19:17:18,0.00141490,22.42000000
2018-02-27 19:17:18,0.00141500,155.49000000
2018-02-27 19:17:18,0.00141530,150.10000000
2018-02-27 19:17:18,0.00141540,12446.20000000
2018-02-27 19:17:18,0.00141570,5.84000000
2018-02-27 19:17:18,0.00141580,14.82000000
2018-02-27 19:17:18,0.00141600,91.57000000
2018-02-27 19:17:18,0.00141890,11.99000000
2018-02-27 19:17:18,0.00141970,52.89000000
2018-02-27 19:17:18,0.00142000,71.33000000
2018-02-27 19:17:19,0.00142000,1.28000000
2018-02-27 19:17:19,0.00142010,3.89000000
2018-02-27 19:17:19,0.00142160,2.13000000
2018-02-27 19:17:20,0.00141990,21.85000000
2018-02-27 19:17:20,0.00142280,42.33000000
2018-02-27 19:17:20,0.00142290,476.16000000
2018-02-27 19:17:20,0.00142350,40.14000000
2018-02-27 19:17:21,0.00141570,9.00000000
2018-02-27 19:17:21,0.00142380,3.53000000
2018-02-27 19:17:22,0.00142260,45.28000000
2018-02-27 19:17:24,0.00142400,0.01000000
2018-02-27 19:17:26,0.00142390,0.01000000
2018-02-27 19:17:28,0.00142390,0.01000000
2018-02-27 19:17:29,0.00142390,8.98000000
2018-02-27 19:17:29,0.00142400,169.46000000
2018-02-27 19:17:29,0.00142400,24.00000000
2018-02-27 19:17:29,0.00142420,20.00000000
2018-02-27 19:17:30,0.00142400,120.60000000
2018-02-27 19:17:31,0.00142420,7.16000000
2018-02-27 19:17:32,0.00142410,19.51000000
2018-02-27 19:17:32,0.00142400,257.45000000
2018-02-27 19:17:33,0.00142420,0.93000000
2018-02-27 19:17:35,0.00142400,21.42000000
2018-02-27 19:17:39,0.00142420,0.01000000
2018-02-27 19:17:41,0.00142450,16.86000000
2018-02-27 19:17:41,0.00142450,0.01000000
2018-02-27 19:17:42,0.00142450,79.97000000
2018-02-27 19:17:43,0.00142410,16.08000000
2018-02-27 19:17:45,0.00142450,43.59000000
2018-02-27 19:17:47,0.00142420,36.00000000
2018-02-27 19:17:48,0.00142550,1.19000000
2018-02-27 19:17:49,0.00142550,0.01000000
2018-02-27 19:17:51,0.00142550,1.62000000
2018-02-27 19:17:51,0.00142480,132.72000000
2018-02-27 19:17:51,0.00142560,0.01000000
2018-02-27 19:17:52,0.00142560,35.19000000
2018-02-27 19:17:52,0.00142570,7.04000000
2018-02-27 19:17:52,0.00142580,17.36000000
2018-02-27 19:17:56,0.00142580,22.05000000
2018-02-27 19:17:58,0.00142600,0.01000000
2018-02-27 19:17:58,0.00142600,10.24000000
2018-02-27 19:18:00,0.00142600,90.39000000
2018-02-27 19:18:00,0.00142550,12.18000000
2018-02-27 19:18:01,0.00142550,16.30000000
2018-02-27 19:18:01,0.00142600,59.56000000
2018-02-27 19:18:01,0.00142670,147.71000000
2018-02-27 19:18:01,0.00142700,17.38000000
2018-02-27 19:18:01,0.00142710,1.49000000
2018-02-27 19:18:01,0.00142760,6.35000000
2018-02-27 19:18:01,0.00142770,655.28000000
2018-02-27 19:18:01,0.00142800,111.33000000
2018-02-27 19:18:01,0.00142850,329.74000000
2018-02-27 19:18:01,0.00142860,5.07000000
2018-02-27 19:18:01,0.00142880,5.36000000
2018-02-27 19:18:01,0.00142890,72.13000000
2018-02-27 19:18:01,0.00142900,12.23000000
2018-02-27 19:18:01,0.00142920,45.32000000
2018-02-27 19:18:01,0.00142940,3.52000000
2018-02-27 19:18:01,0.00142960,7.04000000
2018-02-27 19:18:01,0.00142970,1.82000000
2018-02-27 19:18:01,0.00143000,24.52000000
2018-02-27 19:18:01,0.00143070,1.82000000
2018-02-27 19:18:01,0.00143080,3.52000000
2018-02-27 19:18:01,0.00143100,74.56000000
2018-02-27 19:18:01,0.00143110,94.91000000
2018-02-27 19:18:01,0.00143170,6.75000000
2018-02-27 19:18:01,0.00143200,104.23000000
2018-02-27 19:18:01,0.00143230,5.00000000
2018-02-27 19:18:01,0.00143240,31.84000000
2018-02-27 19:18:01,0.00143280,608.50000000
2018-02-27 19:18:02,0.00142590,2.12000000
2018-02-27 19:18:02,0.00142600,15.00000000
2018-02-27 19:18:04,0.00142660,1.19000000
2018-02-27 19:18:04,0.00142700,6.09000000
2018-02-27 19:18:05,0.00142980,29.06000000
2018-02-27 19:18:05,0.00142720,20.52000000
2018-02-27 19:18:07,0.00143270,21.00000000
2018-02-27 19:18:07,0.00142760,5.00000000
2018-02-27 19:18:09,0.00142780,5.00000000
2018-02-27 19:18:10,0.00143270,0.42000000
2018-02-27 19:18:10,0.00142810,34.67000000
2018-02-27 19:18:11,0.00142830,0.40000000
2018-02-27 19:18:11,0.00142830,6.00000000
2018-02-27 19:18:13,0.00143130,1.75000000
2018-02-27 19:18:13,0.00142860,7.00000000
2018-02-27 19:18:14,0.00142810,2.98000000
2018-02-27 19:18:14,0.00142810,2.98000000
2018-02-27 19:18:14,0.00143070,14.90000000
2018-02-27 19:18:16,0.00142810,12.66000000
2018-02-27 19:18:16,0.00142810,15.02000000
2018-02-27 19:18:16,0.00142800,7.10000000
2018-02-27 19:18:16,0.00142780,15.51000000
2018-02-27 19:18:16,0.00142760,25.47000000
2018-02-27 19:18:17,0.00142830,2.04000000
2018-02-27 19:18:18,0.00142890,15.50000000
2018-02-27 19:18:18,0.00142890,47.94000000
2018-02-27 19:18:19,0.00142830,5.06000000
2018-02-27 19:18:19,0.00142760,12.28000000
2018-02-27 19:18:19,0.00142740,39.98000000
2018-02-27 19:18:19,0.00142740,38.35000000
2018-02-27 19:18:19,0.00142760,6.99000000
2018-02-27 19:18:19,0.00142820,7.00000000
2018-02-27 19:18:19,0.00142820,1.63000000
2018-02-27 19:18:19,0.00142450,7.00000000
2018-02-27 19:18:19,0.00142450,7.00000000
2018-02-27 19:18:21,0.00142470,40.00000000
2018-02-27 19:18:21,0.00142750,12.35000000
2018-02-27 19:18:21,0.00142760,1.27000000
2018-02-27 19:18:21,0.00142790,15.74000000
2018-02-27 19:18:21,0.00143020,7.10000000
2018-02-27 19:18:21,0.00143150,12.00000000
2018-02-27 19:18:21,0.00143170,7.02000000
2018-02-27 19:18:21,0.00143210,12.02000000
2018-02-27 19:18:21,0.00142820,7.10000000
2018-02-27 19:18:21,0.00143210,72.56000000
2018-02-27 19:18:22,0.00142550,1.91000000
2018-02-27 19:18:22,0.00142550,2.12000000
2018-02-27 19:18:22,0.00142550,0.84000000
2018-02-27 19:18:23,0.00142550,0.85000000
2018-02-27 19:18:23,0.00142750,1.75000000
2018-02-27 19:18:24,0.00142550,1.49000000
2018-02-27 19:18:24,0.00142550,1.77000000
2018-02-27 19:18:24,0.00142550,2.12000000
2018-02-27 19:18:24,0.00142640,10.45000000
2018-02-27 19:18:24,0.00142640,131.81000000
2018-02-27 19:18:24,0.00142550,1.56000000
2018-02-27 19:18:25,0.00142550,0.85000000
2018-02-27 19:18:25,0.00142550,3.47000000
2018-02-27 19:18:26,0.00142550,1.77000000
2018-02-27 19:18:26,0.00142550,1.20000000
2018-02-27 19:18:27,0.00142550,0.75000000
2018-02-27 19:18:28,0.00142550,5.65000000
2018-02-27 19:18:28,0.00142550,37.31000000
2018-02-27 19:18:28,0.00142470,21.05000000
2018-02-27 19:18:28,0.00142450,62.83000000
2018-02-27 19:18:37,0.00142450,131.91000000
2018-02-27 19:18:38,0.00142450,5.00000000
2018-02-27 19:18:39,0.00142420,35.27000000
2018-02-27 19:18:40,0.00142430,1.20000000
2018-02-27 19:18:40,0.00142440,7.00000000
2018-02-27 19:18:40,0.00142440,4.54000000
2018-02-27 19:18:40,0.00142440,22.17000000
2018-02-27 19:18:40,0.00142420,120.38000000
2018-02-27 19:18:41,0.00142430,3.46000000
2018-02-27 19:18:41,0.00142420,27.61000000
2018-02-27 19:18:42,0.00142450,3.61000000
2018-02-27 19:18:42,0.00142440,0.01000000
2018-02-27 19:18:42,0.00142440,43.70000000
2018-02-27 19:18:42,0.00142450,366.57000000
2018-02-27 19:18:43,0.00142520,1.49000000
2018-02-27 19:18:43,0.00142530,3.97000000
2018-02-27 19:18:43,0.00142450,1.77000000
2018-02-27 19:18:45,0.00142540,207.27000000
2018-02-27 19:18:45,0.00142550,113.31000000
2018-02-27 19:18:45,0.00142550,13.50000000
2018-02-27 19:18:47,0.00142640,2.49000000
2018-02-27 19:18:48,0.00142640,7.96000000
2018-02-27 19:18:49,0.00142750,0.01000000
2018-02-27 19:18:50,0.00142730,29.43000000
2018-02-27 19:18:52,0.00142750,24.00000000
2018-02-27 19:18:52,0.00142750,23.31000000
2018-02-27 19:18:52,0.00143000,9.19000000
2018-02-27 19:18:55,0.00142680,0.50000000
2018-02-27 19:18:56,0.00142700,5.00000000
2018-02-27 19:18:56,0.00142980,21.05000000
2018-02-27 19:18:56,0.00142990,38.98000000
2018-02-27 19:18:58,0.00143000,0.01000000
2018-02-27 19:18:58,0.00143000,0.79000000
2018-02-27 19:19:02,0.00142950,5.00000000
2018-02-27 19:19:02,0.00142960,45.00000000
2018-02-27 19:19:02,0.00142850,152.02000000
2018-02-27 19:19:05,0.00142960,1.40000000
2018-02-27 19:19:07,0.00142980,0.03000000
2018-02-27 19:19:08,0.00142940,5.61000000
2018-02-27 19:19:08,0.00142980,40.20000000
2018-02-27 19:19:13,0.00142960,5.62000000
2018-02-27 19:19:13,0.00142980,4.38000000
2018-02-27 19:19:14,0.00142980,1.00000000
2018-02-27 19:19:14,0.00142960,10.00000000
2018-02-27 19:19:14,0.00142960,2.93000000
2018-02-27 19:19:14,0.00142960,25.12000000
2018-02-27 19:19:15,0.00142960,14.06000000
2018-02-27 19:19:16,0.00142960,11.75000000
2018-02-27 19:19:16,0.00142960,0.01000000
2018-02-27 19:19:17,0.00142790,5.77000000
2018-02-27 19:19:17,0.00142980,44.78000000
2018-02-27 19:19:17,0.00143000,96.01000000
2018-02-27 19:19:17,0.00142810,7.10000000
2018-02-27 19:19:19,0.00142960,7.10000000
2018-02-27 19:19:19,0.00142980,7.00000000
2018-02-27 19:19:19,0.00142980,48.57000000
2018-02-27 19:19:19,0.00142980,59.60000000
2018-02-27 19:19:20,0.00142980,17.82000000
2018-02-27 19:19:20,0.00142980,101.24000000
2018-02-27 19:19:20,0.00142870,48.57000000
2018-02-27 19:19:20,0.00142790,1.05000000
2018-02-27 19:19:21,0.00143000,5.49000000
2018-02-27 19:19:22,0.00142900,8.23000000
2018-02-27 19:19:22,0.00142980,35.30000000
2018-02-27 19:19:22,0.00143000,113.00000000
2018-02-27 19:19:22,0.00143000,1.70000000
2018-02-27 19:19:23,0.00142810,2.95000000
2018-02-27 19:19:24,0.00142980,21.61000000
2018-02-27 19:19:27,0.00142810,7.97000000
2018-02-27 19:19:27,0.00142790,0.28000000
2018-02-27 19:19:27,0.00142770,12.57000000
2018-02-27 19:19:27,0.00142760,2.24000000
2018-02-27 19:19:27,0.00142760,2.24000000
2018-02-27 19:19:28,0.00142760,20.01000000
2018-02-27 19:19:28,0.00142750,6.74000000
2018-02-27 19:19:29,0.00142770,1.45000000
2018-02-27 19:19:30,0.00142770,97.00000000
2018-02-27 19:19:31,0.00142800,17.53000000
2018-02-27 19:19:31,0.00142800,144.25000000
2018-02-27 19:19:34,0.00142590,0.79000000
2018-02-27 19:19:35,0.00142710,1.39000000
2018-02-27 19:19:35,0.00142580,28.06000000
2018-02-27 19:19:35,0.00142800,17.53000000
2018-02-27 19:19:37,0.00142800,1.89000000
2018-02-27 19:19:37,0.00142800,9.20000000
2018-02-27 19:19:37,0.00142590,1.89000000
2018-02-27 19:19:37,0.00142590,9.20000000
2018-02-27 19:19:37,0.00142590,7.00000000
2018-02-27 19:19:38,0.00142800,9.18000000
2018-02-27 19:19:38,0.00142810,5.54000000
2018-02-27 19:19:40,0.00142630,4.82000000
2018-02-27 19:19:41,0.00142630,2.12000000
2018-02-27 19:19:42,0.00142630,3.35000000
2018-02-27 19:19:46,0.00142650,63.15000000
2018-02-27 19:19:46,0.00142640,21.03000000
2018-02-27 19:19:46,0.00142590,19.98000000
2018-02-27 19:19:47,0.00142600,58.33000000
2018-02-27 19:19:47,0.00142590,7.95000000
2018-02-27 19:19:47,0.00142620,73.44000000
2018-02-27 19:19:47,0.00142630,204.24000000
2018-02-27 19:19:48,0.00142910,18.09000000
2018-02-27 19:19:48,0.00142920,21.03000000
2018-02-27 19:19:48,0.00142600,66.97000000
2018-02-27 19:19:49,0.00142760,66.97000000
2018-02-27 19:19:49,0.00142770,0.86000000
2018-02-27 19:19:50,0.00142940,7.10000000
2018-02-27 19:19:50,0.00142960,1.00000000
2018-02-27 19:19:51,0.00142960,6.10000000
2018-02-27 19:19:52,0.00142640,10.72000000
2018-02-27 19:19:52,0.00142620,2.87000000
2018-02-27 19:19:53,0.00142900,32.00000000
2018-02-27 19:19:53,0.00142620,11.16000000
2018-02-27 19:19:53,0.00142620,7.56000000
2018-02-27 19:19:58,0.00142680,171.54000000
2018-02-27 19:19:58,0.00142620,12.68000000
2018-02-27 19:19:59,0.00142620,13.24000000
2018-02-27 19:20:03,0.00142620,5.53000000
2018-02-27 19:20:03,0.00142620,1.00000000
2018-02-27 19:20:04,0.00142640,11.33000000
2018-02-27 19:20:04,0.00142620,18.90000000
2018-02-27 19:20:08,0.00142640,30.90000000
2018-02-27 19:20:09,0.00142680,1.27000000
2018-02-27 19:20:09,0.00142700,3.25000000
2018-02-27 19:20:11,0.00142740,47.51000000
2018-02-27 19:20:11,0.00142750,4.29000000
2018-02-27 19:20:15,0.00142680,68.09000000
2018-02-27 19:20:22,0.00142740,3.17000000
2018-02-27 19:20:29,0.00142690,181.30000000
2018-02-27 19:20:30,0.00142650,29.26000000
2018-02-27 19:20:38,0.00142740,0.02000000
2018-02-27 19:20:42,0.00142700,77.63000000
2018-02-27 19:20:45,0.00142680,73.12000000
2018-02-27 19:20:45,0.00142650,34.91000000
2018-02-27 19:20:45,0.00142640,11.92000000
2018-02-27 19:20:46,0.00142700,17.20000000
2018-02-27 19:20:46,0.00142700,14.28000000
2018-02-27 19:20:46,0.00142730,80.40000000
2018-02-27 19:20:48,0.00142700,25.47000000
2018-02-27 19:20:49,0.00142730,1.04000000
2018-02-27 19:20:49,0.00142730,1.26000000
2018-02-27 19:20:49,0.00142730,2.07000000
2018-02-27 19:20:51,0.00142700,93.23000000
2018-02-27 19:20:53,0.00142700,42.15000000
2018-02-27 19:20:54,0.00142700,41.64000000
2018-02-27 19:20:54,0.00142730,15.73000000
2018-02-27 19:20:54,0.00142720,190.84000000
2018-02-27 19:20:56,0.00142730,120.00000000
2018-02-27 19:21:00,0.00142730,79.24000000
2018-02-27 19:21:00,0.00142740,82.70000000
2018-02-27 19:21:00,0.00142750,2.81000000
2018-02-27 19:21:08,0.00142720,4.08000000
2018-02-27 19:21:08,0.00142700,11.42000000
2018-02-27 19:21:09,0.00142700,9.96000000
2018-02-27 19:21:09,0.00142730,0.99000000
2018-02-27 19:21:09,0.00142780,1.32000000
2018-02-27 19:21:10,0.00142700,36.28000000
2018-02-27 19:21:11,0.00142690,87.39000000
2018-02-27 19:21:12,0.00142700,73.30000000
2018-02-27 19:21:13,0.00142680,15.26000000
2018-02-27 19:21:13,0.00142650,1.48000000
2018-02-27 19:21:13,0.00142640,1.07000000
2018-02-27 19:21:13,0.00142620,14.19000000
2018-02-27 19:21:14,0.00142700,367.20000000
2018-02-27 19:21:15,0.00142750,1.41000000
2018-02-27 19:21:18,0.00142750,4.08000000
2018-02-27 19:21:18,0.00142750,2.47000000
2018-02-27 19:21:19,0.00142750,1.24000000
2018-02-27 19:21:20,0.00142750,65.91000000
2018-02-27 19:21:22,0.00142750,150.40000000
2018-02-27 19:21:22,0.00142780,29.07000000
2018-02-27 19:21:25,0.00142750,553.65000000
2018-02-27 19:21:25,0.00142700,47.73000000
2018-02-27 19:21:25,0.00142620,65.89000000
2018-02-27 19:21:25,0.00142610,21.03000000
2018-02-27 19:21:25,0.00142600,58.96000000
2018-02-27 19:21:25,0.00142590,248.65000000
2018-02-27 19:21:25,0.00142580,42.46000000
2018-02-27 19:21:25,0.00142550,1.02000000
2018-02-27 19:21:25,0.00142500,279.96000000
2018-02-27 19:21:30,0.00142640,1.26000000
2018-02-27 19:21:30,0.00142540,5.57000000
2018-02-27 19:21:30,0.00142520,5.61000000
2018-02-27 19:21:30,0.00142510,12.37000000
2018-02-27 19:21:30,0.00142640,199.34000000
2018-02-27 19:21:32,0.00142640,1.26000000
2018-02-27 19:21:32,0.00142520,16.53000000
2018-02-27 19:21:32,0.00142500,167.06000000
2018-02-27 19:21:33,0.00142500,166.87000000
2018-02-27 19:21:33,0.00142740,41.50000000
2018-02-27 19:21:33,0.00142500,200.30000000
2018-02-27 19:21:34,0.00142500,54.45000000
2018-02-27 19:21:34,0.00142500,15.70000000
2018-02-27 19:21:35,0.00142500,5.91000000
2018-02-27 19:21:35,0.00142500,3.45000000
2018-02-27 19:21:35,0.00142450,87.96000000
2018-02-27 19:21:35,0.00142420,53.07000000
2018-02-27 19:21:35,0.00142400,45.25000000
2018-02-27 19:21:35,0.00142350,89.56000000
2018-02-27 19:21:35,0.00142340,0.91000000
2018-02-27 19:21:35,0.00142260,76.89000000
2018-02-27 19:21:35,0.00142500,1.95000000
2018-02-27 19:21:35,0.00142500,8.68000000
2018-02-27 19:21:35,0.00142500,10.35000000
2018-02-27 19:21:37,0.00142500,1.13000000
2018-02-27 19:21:38,0.00142500,30.05000000
2018-02-27 19:21:38,0.00142500,17.23000000
2018-02-27 19:21:39,0.00142500,1.19000000
2018-02-27 19:21:39,0.00142500,3.56000000
2018-02-27 19:21:39,0.00142500,2.99000000
2018-02-27 19:21:40,0.00142500,1.13000000
2018-02-27 19:21:40,0.00142500,3.51000000
2018-02-27 19:21:40,0.00142300,1.55000000
2018-02-27 19:21:42,0.00142500,1.13000000
2018-02-27 19:21:42,0.00142320,7.02000000
2018-02-27 19:21:42,0.00142300,1.44000000
2018-02-27 19:21:42,0.00142500,3.31000000
2018-02-27 19:21:44,0.00142480,1.13000000
2018-02-27 19:21:48,0.00142370,97.15000000
2018-02-27 19:21:49,0.00142370,2.27000000
2018-02-27 19:21:52,0.00142400,2.01000000
2018-02-27 19:21:54,0.00142370,0.01000000
2018-02-27 19:21:54,0.00142370,32.47000000
2018-02-27 19:21:55,0.00142370,62.40000000
2018-02-27 19:21:57,0.00142280,2.31000000
2018-02-27 19:21:57,0.00142260,3.85000000
2018-02-27 19:21:57,0.00142220,2.11000000
2018-02-27 19:21:57,0.00142180,2.11000000
2018-02-27 19:21:57,0.00142040,12.06000000
2018-02-27 19:21:58,0.00142280,13.42000000
2018-02-27 19:21:58,0.00142370,156.53000000
2018-02-27 19:22:01,0.00142360,21.03000000
2018-02-27 19:22:01,0.00142370,28.39000000
2018-02-27 19:22:02,0.00142370,48.60000000
2018-02-27 19:22:02,0.00142400,178.24000000
2018-02-27 19:22:02,0.00142480,8.47000000
2018-02-27 19:22:03,0.00142090,21.03000000
2018-02-27 19:22:04,0.00142110,3.25000000
2018-02-27 19:22:04,0.00142120,21.10000000
2018-02-27 19:22:04,0.00142100,17.88000000
2018-02-27 19:22:04,0.00142040,54.68000000
2018-02-27 19:22:06,0.00142270,20.00000000
2018-02-27 19:22:06,0.00142280,190.36000000
2018-02-27 19:22:08,0.00142270,3.00000000
2018-02-27 19:22:09,0.00142060,1.26000000
2018-02-27 19:22:09,0.00142060,2.33000000
2018-02-27 19:22:10,0.00142060,2.91000000
2018-02-27 19:22:12,0.00142270,2.20000000
2018-02-27 19:22:19,0.00142270,140.74000000
2018-02-27 19:22:19,0.00142270,1.36000000
2018-02-27 19:22:22,0.00142260,3.37000000
2018-02-27 19:22:24,0.00142160,106.91000000
2018-02-27 19:22:25,0.00142150,14.09000000
2018-02-27 19:22:25,0.00142250,1.27000000
2018-02-27 19:22:26,0.00142270,14.01000000
2018-02-27 19:22:34,0.00142250,14.62000000
2018-02-27 19:22:35,0.00142250,19.68000000
2018-02-27 19:22:37,0.00142260,4.89000000
2018-02-27 19:22:38,0.00142250,16.82000000
2018-02-27 19:22:48,0.00142260,1.52000000
2018-02-27 19:22:48,0.00142250,362.05000000
2018-02-27 19:22:49,0.00142250,61.73000000
2018-02-27 19:22:50,0.00142150,116.67000000
2018-02-27 19:22:53,0.00142240,19.39000000
2018-02-27 19:22:53,0.00142250,45.13000000
2018-02-27 19:22:53,0.00142080,6.94000000
2018-02-27 19:22:53,0.00142080,6.94000000
2018-02-27 19:22:53,0.00142080,1.19000000
2018-02-27 19:22:53,0.00142080,3.47000000
2018-02-27 19:22:54,0.00142250,0.02000000
2018-02-27 19:22:55,0.00142080,5.24000000
2018-02-27 19:23:00,0.00142080,5.00000000
2018-02-27 19:23:01,0.00142080,13.37000000
2018-02-27 19:23:01,0.00142080,210.51000000
2018-02-27 19:23:01,0.00142080,109.53000000
2018-02-27 19:23:01,0.00142070,5.00000000
2018-02-27 19:23:02,0.00142070,253.54000000
2018-02-27 19:23:02,0.00142000,46.46000000
2018-02-27 19:23:02,0.00142080,29.82000000
2018-02-27 19:23:04,0.00142000,5.00000000
2018-02-27 19:23:05,0.00142000,55.01000000
2018-02-27 19:23:05,0.00141990,4.99000000
2018-02-27 19:23:05,0.00142030,13.22000000
2018-02-27 19:23:06,0.00141990,3.07000000
2018-02-27 19:23:06,0.00141900,0.89000000
2018-02-27 19:23:08,0.00141900,5.00000000
2018-02-27 19:23:09,0.00141900,10.00000000
2018-02-27 19:23:10,0.00142080,1.00000000
2018-02-27 19:23:10,0.00141900,5.00000000
2018-02-27 19:23:11,0.00141900,20.00000000
2018-02-27 19:23:12,0.00141900,5.00000000
2018-02-27 19:23:14,0.00142000,108.18000000
2018-02-27 19:23:14,0.00141900,5.00000000
2018-02-27 19:23:15,0.00141930,5.00000000
2018-02-27 19:23:16,0.00141930,15.58000000
2018-02-27 19:23:16,0.00141930,5.00000000
2018-02-27 19:23:17,0.00141930,117.34000000
2018-02-27 19:23:18,0.00141930,1.75000000
2018-02-27 19:23:18,0.00142000,126.43000000
2018-02-27 19:23:18,0.00141930,5.00000000
2018-02-27 19:23:19,0.00141940,20.00000000
2018-02-27 19:23:20,0.00141940,5.00000000
2018-02-27 19:23:21,0.00141940,35.37000000
2018-02-27 19:23:21,0.00142230,1.48000000
2018-02-27 19:23:23,0.00141940,10.00000000
2018-02-27 19:23:23,0.00141950,3.01000000
2018-02-27 19:23:24,0.00141960,1.04000000
2018-02-27 19:23:25,0.00141990,219.23000000
2018-02-27 19:23:25,0.00141950,284.47000000
2018-02-27 19:23:25,0.00141940,314.34000000
2018-02-27 19:23:25,0.00141940,5.00000000
2018-02-27 19:23:26,0.00142190,17.92000000
2018-02-27 19:23:26,0.00142030,63.97000000
2018-02-27 19:23:26,0.00141940,71.41000000
2018-02-27 19:23:26,0.00141950,57.59000000
2018-02-27 19:23:27,0.00141950,210.51000000
2018-02-27 19:23:27,0.00142000,32.75000000
2018-02-27 19:23:27,0.00141950,22.60000000
2018-02-27 19:23:27,0.00141940,50.64000000
2018-02-27 19:23:27,0.00141900,7.76000000
2018-02-27 19:23:27,0.00141960,5.00000000
2018-02-27 19:23:27,0.00141960,5.03000000
2018-02-27 19:23:29,0.00141960,5.00000000
2018-02-27 19:23:30,0.00141960,20.00000000
2018-02-27 19:23:31,0.00141960,5.00000000
2018-02-27 19:23:33,0.00142200,4.36000000
2018-02-27 19:23:33,0.00141960,4.59000000
2018-02-27 19:23:34,0.00141990,5.67000000
2018-02-27 19:23:34,0.00142000,23.50000000
2018-02-27 19:23:34,0.00141960,10.71000000
2018-02-27 19:23:34,0.00141950,122.29000000
2018-02-27 19:23:35,0.00141940,5.00000000
2018-02-27 19:23:36,0.00141940,10.00000000
2018-02-27 19:23:36,0.00142070,22.77000000
2018-02-27 19:23:37,0.00141940,5.61000000
2018-02-27 19:23:37,0.00141900,29.77000000
2018-02-27 19:23:37,0.00141910,7.79000000
2018-02-27 19:23:38,0.00141900,5.00000000
2018-02-27 19:23:39,0.00142140,7.79000000
2018-02-27 19:23:40,0.00141960,2.00000000
2018-02-27 19:23:40,0.00141900,18.00000000
2018-02-27 19:23:40,0.00142100,1.28000000
2018-02-27 19:23:40,0.00142130,11.18000000
2018-02-27 19:23:40,0.00141900,5.00000000
2018-02-27 19:23:42,0.00141900,65.79000000
2018-02-27 19:23:42,0.00141920,2.13000000
2018-02-27 19:23:44,0.00141920,1.49000000
2018-02-27 19:23:44,0.00141920,3.48000000
2018-02-27 19:23:44,0.00141900,31.90000000
2018-02-27 19:23:45,0.00141900,16.00000000
2018-02-27 19:23:46,0.00141920,2.13000000
2018-02-27 19:23:48,0.00141920,4.97000000
2018-02-27 19:23:48,0.00141900,30.40000000
2018-02-27 19:23:48,0.00142060,5.74000000
2018-02-27 19:23:49,0.00141900,5.00000000
2018-02-27 19:23:49,0.00141920,10.00000000
2018-02-27 19:23:50,0.00141920,12.27000000
2018-02-27 19:23:50,0.00141900,23.10000000
2018-02-27 19:23:50,0.00141900,20.00000000
2018-02-27 19:23:50,0.00141900,139.53000000
2018-02-27 19:23:50,0.00141900,1100.54000000
2018-02-27 19:23:51,0.00141900,135.97000000
2018-02-27 19:23:52,0.00141760,0.91000000
2018-02-27 19:23:52,0.00141700,34.46000000
2018-02-27 19:23:55,0.00141700,20.39000000
2018-02-27 19:23:55,0.00141690,103.83000000
2018-02-27 19:23:55,0.00141690,210.51000000
2018-02-27 19:23:55,0.00141690,35.37000000
2018-02-27 19:23:56,0.00141890,3.32000000
2018-02-27 19:23:56,0.00141900,26.39000000
2018-02-27 19:23:57,0.00141900,5.00000000
2018-02-27 19:23:58,0.00141690,35.37000000
2018-02-27 19:24:00,0.00141690,35.37000000
2018-02-27 19:24:01,0.00141900,84.00000000
2018-02-27 19:24:03,0.00141700,12.00000000
2018-02-27 19:24:03,0.00141690,23.37000000
2018-02-27 19:24:04,0.00141690,1.00000000
2018-02-27 19:24:05,0.00141790,32.52000000
2018-02-27 19:24:07,0.00141690,35.37000000
2018-02-27 19:24:07,0.00141890,7.02000000
2018-02-27 19:24:07,0.00141900,3.18000000
2018-02-27 19:24:09,0.00141690,35.37000000
2018-02-27 19:24:11,0.00141700,35.37000000
2018-02-27 19:24:14,0.00141700,18.91000000
2018-02-27 19:24:15,0.00141700,45.72000000
2018-02-27 19:24:15,0.00141690,16.79000000
2018-02-27 19:24:16,0.00141840,5.64000000
2018-02-27 19:24:16,0.00141850,10.07000000
2018-02-27 19:24:16,0.00141900,131.29000000
2018-02-27 19:24:23,0.00141690,110.38000000
2018-02-27 19:24:23,0.00141900,10.61000000
2018-02-27 19:24:26,0.00141800,145.73000000
2018-02-27 19:24:27,0.00141900,8.70000000
2018-02-27 19:24:29,0.00141900,81.15000000
2018-02-27 19:24:32,0.00141900,1.00000000
2018-02-27 19:24:32,0.00141900,0.73000000
2018-02-27 19:24:35,0.00141900,3.15000000
2018-02-27 19:24:36,0.00141900,22.42000000
2018-02-27 19:24:37,0.00141900,62.85000000
2018-02-27 19:24:39,0.00141710,2.33000000
2018-02-27 19:24:41,0.00141900,2.48000000
2018-02-27 19:24:41,0.00141900,1.12000000
2018-02-27 19:24:42,0.00141900,150.40000000
2018-02-27 19:24:43,0.00141960,5.33000000
2018-02-27 19:24:43,0.00141940,42.28000000
2018-02-27 19:24:48,0.00141930,20.00000000
2018-02-27 19:24:48,0.00141960,3.52000000
2018-02-27 19:24:49,0.00141960,0.26000000
2018-02-27 19:24:49,0.00141930,6.73000000
2018-02-27 19:24:50,0.00141900,3.28000000
2018-02-27 19:24:51,0.00141900,25.40000000
2018-02-27 19:24:52,0.00141960,6.00000000
2018-02-27 19:24:56,0.00141900,97.00000000
2018-02-27 19:24:58,0.00141900,10.00000000
2018-02-27 19:24:58,0.00141900,20.00000000
2018-02-27 19:25:00,0.00141930,5.49000000
2018-02-27 19:25:00,0.00141960,105.89000000
2018-02-27 19:25:00,0.00141970,24.59000000
2018-02-27 19:25:02,0.00141970,111.38000000
2018-02-27 19:25:02,0.00141970,8.66000000
2018-02-27 19:25:03,0.00141980,155.49000000
2018-02-27 19:25:04,0.00141970,2.43000000
2018-02-27 19:25:04,0.00141990,0.01000000
2018-02-27 19:25:07,0.00141990,1.76000000
2018-02-27 19:25:07,0.00141970,20.00000000
2018-02-27 19:25:07,0.00141990,3.73000000
2018-02-27 19:25:08,0.00141990,1.73000000
2018-02-27 19:25:08,0.00141990,1.76000000
2018-02-27 19:25:08,0.00141970,17.11000000
2018-02-27 19:25:09,0.00141980,1.12000000
2018-02-27 19:25:09,0.00141980,1.21000000
2018-02-27 19:25:09,0.00141990,10.63000000
2018-02-27 19:25:09,0.00142000,68.94000000
2018-02-27 19:25:09,0.00141970,6.07000000
2018-02-27 19:25:11,0.00141970,1.57000000
2018-02-27 19:25:15,0.00141970,30.17000000
2018-02-27 19:25:18,0.00141960,20.00000000
2018-02-27 19:25:18,0.00141970,52.04000000
2018-02-27 19:25:19,0.00141960,150.34000000
2018-02-27 19:25:23,0.00142000,2.44000000
2018-02-27 19:25:23,0.00142060,94.26000000
2018-02-27 19:25:23,0.00142130,14.20000000
2018-02-27 19:25:23,0.00142200,163.99000000
2018-02-27 19:25:23,0.00142270,3.62000000
2018-02-27 19:25:23,0.00142280,20.00000000
2018-02-27 19:25:23,0.00142360,63.97000000
2018-02-27 19:25:23,0.00142400,6.80000000
2018-02-27 19:25:23,0.00142450,29.61000000
2018-02-27 19:25:24,0.00142010,70.39000000
2018-02-27 19:25:24,0.00142000,13.53000000
2018-02-27 19:25:24,0.00141970,15.00000000
2018-02-27 19:25:24,0.00141960,133.27000000
2018-02-27 19:25:25,0.00142030,21.12000000
2018-02-27 19:25:25,0.00142020,27.85000000
2018-02-27 19:25:25,0.00141970,120.81000000
2018-02-27 19:25:26,0.00142020,19.38000000
2018-02-27 19:25:26,0.00142000,0.62000000
2018-02-27 19:25:26,0.00142030,70.39000000
2018-02-27 19:25:26,0.00142040,1.22000000
2018-02-27 19:25:26,0.00142100,15.00000000
2018-02-27 19:25:28,0.00142010,0.67000000
2018-02-27 19:25:35,0.00142150,165.25000000
2018-02-27 19:25:35,0.00142300,9.00000000
2018-02-27 19:25:36,0.00142030,7.10000000
2018-02-27 19:25:37,0.00142030,1.90000000
2018-02-27 19:25:40,0.00142110,5.50000000
2018-02-27 19:25:42,0.00142100,7.85000000
2018-02-27 19:25:45,0.00142280,7.10000000
2018-02-27 19:25:45,0.00142300,12.12000000
2018-02-27 19:25:45,0.00142370,19.38000000
2018-02-27 19:25:45,0.00142480,75.82000000
2018-02-27 19:25:45,0.00142470,9.00000000
2018-02-27 19:25:46,0.00142300,1.00000000
2018-02-27 19:25:46,0.00142300,0.71000000
2018-02-27 19:25:46,0.00142310,9.00000000
2018-02-27 19:25:46,0.00142300,3.00000000
2018-02-27 19:25:46,0.00142300,9.00000000
2018-02-27 19:25:46,0.00142470,11.00000000
2018-02-27 19:25:46,0.00142480,6.59000000
2018-02-27 19:25:46,0.00142300,9.00000000
2018-02-27 19:25:46,0.00142300,27.04000000
2018-02-27 19:25:47,0.00142310,7.10000000
2018-02-27 19:25:47,0.00142480,9.00000000
2018-02-27 19:25:48,0.00142300,60.25000000
2018-02-27 19:25:48,0.00142480,5.87000000
2018-02-27 19:25:49,0.00142070,9.00000000
2018-02-27 19:25:49,0.00142100,7.10000000
2018-02-27 19:25:49,0.00142070,42.90000000
2018-02-27 19:25:52,0.00142300,2.31000000
2018-02-27 19:25:53,0.00142300,9.00000000
2018-02-27 19:25:54,0.00142300,5.35000000
2018-02-27 19:25:54,0.00142350,21.11000000
2018-02-27 19:25:54,0.00142400,15.34000000
2018-02-27 19:25:56,0.00142400,112.00000000
2018-02-27 19:25:56,0.00142410,61.80000000
2018-02-27 19:26:00,0.00142400,0.35000000
2018-02-27 19:26:00,0.00142140,50.00000000
2018-02-27 19:26:01,0.00142280,77.25000000
2018-02-27 19:26:01,0.00142280,22.40000000
2018-02-27 19:26:01,0.00142420,19.38000000
2018-02-27 19:26:01,0.00142460,7.10000000
2018-02-27 19:26:01,0.00142470,15.72000000
2018-02-27 19:26:01,0.00142140,9.00000000
2018-02-27 19:26:02,0.00142410,12.27000000
2018-02-27 19:26:03,0.00142410,65.04000000
2018-02-27 19:26:03,0.00142140,9.39000000
2018-02-27 19:26:03,0.00142140,8.00000000
2018-02-27 19:26:06,0.00142470,0.66000000
2018-02-27 19:26:07,0.00142470,2.67000000
2018-02-27 19:26:07,0.00142470,6.33000000
2018-02-27 19:26:08,0.00142210,9.00000000
2018-02-27 19:26:08,0.00142480,0.10000000
2018-02-27 19:26:09,0.00142480,9.00000000
2018-02-27 19:26:09,0.00142230,7.10000000
2018-02-27 19:26:09,0.00142200,7.10000000
2018-02-27 19:26:09,0.00142170,21.10000000
2018-02-27 19:26:09,0.00142150,7.04000000
2018-02-27 19:26:09,0.00142140,2.92000000
2018-02-27 19:26:10,0.00142140,29.20000000
2018-02-27 19:26:10,0.00142070,7.23000000
2018-02-27 19:26:10,0.00142070,0.74000000
2018-02-27 19:26:11,0.00142060,9.67000000
2018-02-27 19:26:11,0.00142070,8.26000000
2018-02-27 19:26:14,0.00142110,70.36000000
2018-02-27 19:26:15,0.00142230,175.01000000
2018-02-27 19:26:17,0.00142100,8.00000000
2018-02-27 19:26:18,0.00142360,70.36000000
2018-02-27 19:26:18,0.00142370,28.41000000
2018-02-27 19:26:18,0.00142380,21.10000000
2018-02-27 19:26:18,0.00142380,6.91000000
2018-02-27 19:26:19,0.00142380,0.01000000
2018-02-27 19:26:19,0.00142110,3.41000000
2018-02-27 19:26:20,0.00142230,31.68000000
2018-02-27 19:26:21,0.00142230,10.49000000
2018-02-27 19:26:27,0.00142310,71.34000000
2018-02-27 19:26:30,0.00142230,11.00000000
2018-02-27 19:26:31,0.00142300,3.41000000
2018-02-27 19:26:31,0.00142310,1.59000000
2018-02-27 19:26:36,0.00142300,14.95000000
2018-02-27 19:26:36,0.00142230,2.10000000
2018-02-27 19:26:37,0.00142300,50.34000000
2018-02-27 19:26:38,0.00142300,34.71000000
2018-02-27 19:26:38,0.00142300,4.79000000
2018-02-27 19:26:39,0.00142310,12.58000000
2018-02-27 19:26:41,0.00142310,0.31000000
2018-02-27 19:26:44,0.00142300,41.00000000
2018-02-27 19:26:44,0.00142300,0.36000000
2018-02-27 19:26:44,0.00142240,23.64000000
2018-02-27 19:26:44,0.00142240,45.21000000
2018-02-27 19:26:46,0.00142310,28.29000000
2018-02-27 19:26:46,0.00142420,19.38000000
2018-02-27 19:26:46,0.00142440,32.33000000
2018-02-27 19:26:48,0.00142330,184.55000000
2018-02-27 19:26:51,0.00142300,48.44000000
2018-02-27 19:26:51,0.00142260,7.10000000
2018-02-27 19:26:51,0.00142250,10.00000000
2018-02-27 19:26:54,0.00142240,3.51000000
2018-02-27 19:26:54,0.00142230,336.49000000
2018-02-27 19:26:56,0.00142250,113.57000000
2018-02-27 19:26:57,0.00142230,12.00000000
2018-02-27 19:26:58,0.00142250,15.00000000
2018-02-27 19:26:59,0.00142230,38.29000000
2018-02-27 19:27:01,0.00142250,6.83000000
2018-02-27 19:27:03,0.00142230,553.14000000
2018-02-27 19:27:03,0.00142230,96.86000000
2018-02-27 19:27:04,0.00142230,6.86000000
2018-02-27 19:27:05,0.00142230,3.14000000
2018-02-27 19:27:07,0.00142160,81.10000000
2018-02-27 19:27:09,0.00142230,75.70000000
2018-02-27 19:27:09,0.00142230,96.94000000
2018-02-27 19:27:13,0.00142100,8.00000000
2018-02-27 19:27:16,0.00142100,36.09000000
2018-02-27 19:27:25,0.00142020,1.20000000
2018-02-27 19:27:27,0.00142020,10.00000000
2018-02-27 19:27:28,0.00142080,194.31000000
2018-02-27 19:27:36,0.00142160,8.67000000
2018-02-27 19:27:36,0.00142230,30.97000000
2018-02-27 19:27:36,0.00142250,8.59000000
2018-02-27 19:27:39,0.00142030,26.67000000
2018-02-27 19:27:39,0.00142020,57.33000000
2018-02-27 19:27:42,0.00142020,0.45000000
2018-02-27 19:27:42,0.00142000,43.55000000
2018-02-27 19:27:42,0.00142000,0.27000000
2018-02-27 19:27:42,0.00141980,10.73000000
2018-02-27 19:27:46,0.00142120,10.73000000
2018-02-27 19:27:46,0.00142130,15.00000000
2018-02-27 19:27:46,0.00142200,74.27000000
2018-02-27 19:27:46,0.00142040,90.86000000
2018-02-27 19:27:47,0.00142100,15.00000000
2018-02-27 19:27:48,0.00142200,8.97000000
2018-02-27 19:27:49,0.00142100,15.00000000
2018-02-27 19:27:49,0.00141980,59.29000000
2018-02-27 19:27:49,0.00141970,87.55000000
2018-02-27 19:27:49,0.00142200,2.97000000
2018-02-27 19:27:52,0.00141980,54.00000000
2018-02-27 19:27:52,0.00141970,37.52000000
2018-02-27 19:27:55,0.00141970,8.00000000
2018-02-27 19:28:00,0.00142100,13.01000000
2018-02-27 19:28:00,0.00141970,62.00000000
2018-02-27 19:28:00,0.00141960,375.89000000
2018-02-27 19:28:03,0.00142070,204.07000000
2018-02-27 19:28:05,0.00141960,25.60000000
2018-02-27 19:28:06,0.00141960,8.71000000
2018-02-27 19:28:09,0.00141910,21.14000000
2018-02-27 19:28:09,0.00141900,17.03000000
2018-02-27 19:28:09,0.00141800,22.73000000
2018-02-27 19:28:09,0.00141720,2.02000000
2018-02-27 19:28:12,0.00142050,32.93000000
2018-02-27 19:28:13,0.00141840,3.52000000
2018-02-27 19:28:13,0.00141800,28.48000000
2018-02-27 19:28:14,0.00141940,100.62000000
2018-02-27 19:28:20,0.00142010,20.00000000
2018-02-27 19:28:29,0.00141990,2.72000000
2018-02-27 19:28:32,0.00141990,5.75000000
2018-02-27 19:28:33,0.00141970,213.83000000
2018-02-27 19:28:34,0.00141990,0.01000000
2018-02-27 19:28:34,0.00142000,0.56000000
2018-02-27 19:28:35,0.00141960,5.00000000
2018-02-27 19:28:35,0.00141970,5.00000000
2018-02-27 19:28:39,0.00142000,17.55000000
2018-02-27 19:28:39,0.00141990,6.04000000
2018-02-27 19:28:39,0.00141990,1.06000000
2018-02-27 19:28:39,0.00142000,30.75000000
2018-02-27 19:28:41,0.00142000,3.52000000
2018-02-27 19:28:42,0.00142000,7.58000000
2018-02-27 19:28:48,0.00141970,110.38000000
2018-02-27 19:28:51,0.00141960,248.26000000
2018-02-27 19:28:55,0.00142000,32.00000000
2018-02-27 19:29:00,0.00141990,3.51000000
2018-02-27 19:29:00,0.00142000,3.88000000
2018-02-27 19:29:01,0.00141970,5.32000000
2018-02-27 19:29:04,0.00141970,1.86000000
2018-02-27 19:29:06,0.00141970,13.44000000
2018-02-27 19:29:06,0.00141970,139.89000000
2018-02-27 19:29:06,0.00142000,89.43000000
2018-02-27 19:29:06,0.00142010,25.68000000
2018-02-27 19:29:07,0.00141970,6.93000000
2018-02-27 19:29:09,0.00141960,32.23000000
2018-02-27 19:29:09,0.00141960,169.23000000
2018-02-27 19:29:10,0.00141990,5.00000000
2018-02-27 19:29:11,0.00141960,3.14000000
2018-02-27 19:29:11,0.00141960,159.01000000
2018-02-27 19:29:14,0.00141970,33.24000000
2018-02-27 19:29:15,0.00141970,11.70000000
2018-02-27 19:29:17,0.00141970,224.03000000
2018-02-27 19:29:17,0.00141970,221.45000000
2018-02-27 19:29:17,0.00141990,9.20000000
2018-02-27 19:29:17,0.00142010,12.81000000
2018-02-27 19:29:19,0.00142000,119.92000000
2018-02-27 19:29:25,0.00141960,5.93000000
2018-02-27 19:29:25,0.00142000,2.26000000
2018-02-27 19:29:27,0.00141970,4.92000000
2018-02-27 19:29:31,0.00141970,1.47000000
2018-02-27 19:29:32,0.00141970,77.96000000
2018-02-27 19:29:33,0.00141970,39.89000000
2018-02-27 19:29:35,0.00141960,212.45000000
2018-02-27 19:29:40,0.00141960,6.94000000
2018-02-27 19:29:40,0.00141960,10.00000000
2018-02-27 19:29:44,0.00141960,7.34000000
2018-02-27 19:29:46,0.00141960,1.00000000
2018-02-27 19:29:47,0.00141970,35.33000000
2018-02-27 19:29:48,0.00141970,132.43000000
2018-02-27 19:29:48,0.00141990,128.03000000
2018-02-27 19:29:48,0.00142000,16.43000000
2018-02-27 19:29:54,0.00142060,6.75000000
2018-02-27 19:29:56,0.00142040,129.68000000
2018-02-27 19:30:00,0.00142030,212.45000000
2018-02-27 19:30:00,0.00142030,302.95000000
2018-02-27 19:30:00,0.00142050,0.01000000
2018-02-27 19:30:00,0.00142030,24.00000000
2018-02-27 19:30:04,0.00142050,1.04000000
2018-02-27 19:30:04,0.00142060,52.54000000
2018-02-27 19:30:04,0.00142070,21.14000000
2018-02-27 19:30:04,0.00142200,24.28000000
2018-02-27 19:30:06,0.00142040,0.80000000
2018-02-27 19:30:06,0.00142040,27.89000000
2018-02-27 19:30:08,0.00142200,12.08000000
2018-02-27 19:30:08,0.00142250,42.62000000
2018-02-27 19:30:11,0.00142140,26.24000000
2018-02-27 19:30:14,0.00142240,0.84000000
2018-02-27 19:30:17,0.00142240,13.60000000
2018-02-27 19:30:19,0.00142070,8.00000000
2018-02-27 19:30:20,0.00142220,3.44000000
2018-02-27 19:30:21,0.00142070,41.83000000
2018-02-27 19:30:21,0.00142050,5.15000000
2018-02-27 19:30:21,0.00142030,57.25000000
2018-02-27 19:30:22,0.00142030,1.09000000
2018-02-27 19:30:23,0.00142050,7.10000000
2018-02-27 19:30:23,0.00142030,5.35000000
2018-02-27 19:30:25,0.00142110,139.44000000
2018-02-27 19:30:32,0.00142190,10.81000000
2018-02-27 19:30:32,0.00142200,7.10000000
2018-02-27 19:30:32,0.00142230,0.43000000
2018-02-27 19:30:33,0.00142110,10.00000000
2018-02-27 19:30:33,0.00142110,14.88000000
2018-02-27 19:30:34,0.00142230,3.52000000
2018-02-27 19:30:36,0.00142110,28.71000000
2018-02-27 19:30:39,0.00142230,3.15000000
2018-02-27 19:30:41,0.00142240,35.99000000
2018-02-27 19:30:42,0.00142270,16.25000000
2018-02-27 19:30:42,0.00142320,22.22000000
2018-02-27 19:30:42,0.00142460,28.94000000
2018-02-27 19:30:42,0.00142480,79.97000000
2018-02-27 19:30:42,0.00142490,152.62000000
2018-02-27 19:30:47,0.00142320,8.00000000
2018-02-27 19:30:49,0.00142380,15.00000000
2018-02-27 19:30:49,0.00142320,2.60000000
2018-02-27 19:30:55,0.00142320,24.00000000
2018-02-27 19:30:57,0.00142320,5.00000000
2018-02-27 19:30:57,0.00142420,15.00000000
2018-02-27 19:30:57,0.00142480,57.80000000
2018-02-27 19:30:57,0.00142490,2.20000000
2018-02-27 19:30:58,0.00142340,7.95000000
2018-02-27 19:30:58,0.00142340,0.02000000
2018-02-27 19:30:58,0.00142330,8.98000000
2018-02-27 19:31:01,0.00142390,8.00000000
2018-02-27 19:31:02,0.00142430,149.20000000
2018-02-27 19:31:05,0.00142390,2.23000000
2018-02-27 19:31:05,0.00142390,10.00000000
2018-02-27 19:31:07,0.00142390,3.50000000
2018-02-27 19:31:08,0.00142390,15.29000000
2018-02-27 19:31:08,0.00142390,1.12000000
2018-02-27 19:31:09,0.00142440,8.50000000
2018-02-27 19:31:12,0.00142390,4.00000000
2018-02-27 19:31:14,0.00142390,19.88000000
2018-02-27 19:31:14,0.00142320,4.12000000
2018-02-27 19:31:15,0.00142430,23.91000000
2018-02-27 19:31:16,0.00142390,4.00000000
2018-02-27 19:31:18,0.00142390,122.83000000
2018-02-27 19:31:19,0.00142340,4.00000000
2018-02-27 19:31:21,0.00142380,45.75000000
2018-02-27 19:31:21,0.00142340,0.26000000
2018-02-27 19:31:23,0.00142340,4.00000000
2018-02-27 19:31:23,0.00142340,27.16000000
2018-02-27 19:31:23,0.00142320,32.84000000
2018-02-27 19:31:28,0.00142430,3.99000000
2018-02-27 19:31:28,0.00142400,8.00000000
2018-02-27 19:31:30,0.00142400,16.49000000
2018-02-27 19:31:30,0.00142320,63.41000000
2018-02-27 19:31:33,0.00142330,6.92000000
2018-02-27 19:31:35,0.00142330,0.31000000
2018-02-27 19:31:40,0.00142400,313.37000000
2018-02-27 19:31:40,0.00142390,0.71000000
2018-02-27 19:31:40,0.00142330,18.29000000
2018-02-27 19:31:41,0.00142330,4.00000000
2018-02-27 19:31:44,0.00142390,4.00000000
2018-02-27 19:31:44,0.00142430,4.00000000
2018-02-27 19:31:47,0.00142390,4.00000000
2018-02-27 19:31:49,0.00142390,212.32000000
2018-02-27 19:31:50,0.00142390,6.76000000
2018-02-27 19:31:50,0.00142390,9.80000000
2018-02-27 19:31:51,0.00142400,4.00000000
2018-02-27 19:31:52,0.00142400,24.00000000
2018-02-27 19:31:52,0.00142430,10.72000000
2018-02-27 19:31:52,0.00142440,25.47000000
2018-02-27 19:31:52,0.00142490,67.50000000
2018-02-27 19:31:52,0.00142490,99.20000000
2018-02-27 19:31:52,0.00142500,325.79000000
2018-02-27 19:31:52,0.00142500,169.86000000
2018-02-27 19:31:52,0.00142500,30.82000000
2018-02-27 19:31:52,0.00142400,25.76000000
2018-02-27 19:31:54,0.00142420,4.00000000
2018-02-27 19:31:54,0.00142500,148.92000000
2018-02-27 19:31:54,0.00142430,7.10000000
2018-02-27 19:31:54,0.00142420,55.19000000
2018-02-27 19:31:54,0.00142410,33.00000000
2018-02-27 19:31:54,0.00142400,679.76000000
2018-02-27 19:31:54,0.00142390,269.91000000
2018-02-27 19:31:54,0.00142330,1.37000000
2018-02-27 19:31:54,0.00142320,1078.11000000
2018-02-27 19:31:54,0.00142310,21.08000000
2018-02-27 19:31:54,0.00142230,301.14000000
2018-02-27 19:31:55,0.00142500,30.00000000
2018-02-27 19:31:56,0.00142500,3.00000000
2018-02-27 19:31:56,0.00142240,4.00000000
2018-02-27 19:31:59,0.00142230,336.93000000
2018-02-27 19:31:59,0.00142220,1.00000000
2018-02-27 19:31:59,0.00142120,59.72000000
2018-02-27 19:31:59,0.00142110,214.01000000
2018-02-27 19:32:02,0.00142120,63.28000000
2018-02-27 19:32:02,0.00142110,162.17000000
2018-02-27 19:32:03,0.00142110,0.01000000
2018-02-27 19:32:04,0.00142110,4.00000000
2018-02-27 19:32:06,0.00142110,24.00000000
2018-02-27 19:32:06,0.00142110,152.92000000
2018-02-27 19:32:06,0.00142110,1.00000000
2018-02-27 19:32:09,0.00142110,68.23000000
2018-02-27 19:32:10,0.00142110,38.23000000
2018-02-27 19:32:11,0.00142210,328.88000000
2018-02-27 19:32:14,0.00142170,4.00000000
2018-02-27 19:32:16,0.00142180,4.00000000
2018-02-27 19:32:16,0.00142110,212.32000000
2018-02-27 19:32:18,0.00142180,0.01000000
2018-02-27 19:32:20,0.00142180,0.75000000
2018-02-27 19:32:23,0.00142110,100.00000000
2018-02-27 19:32:24,0.00142110,12.74000000
2018-02-27 19:32:24,0.00142180,2.95000000
2018-02-27 19:32:25,0.00142110,24.00000000
2018-02-27 19:32:28,0.00142180,10.10000000
2018-02-27 19:32:28,0.00142330,55.28000000
2018-02-27 19:32:28,0.00142390,592.22000000
2018-02-27 19:32:29,0.00142250,164.44000000
2018-02-27 19:32:34,0.00142390,24.40000000
2018-02-27 19:32:39,0.00142140,7.10000000
2018-02-27 19:32:39,0.00142110,0.90000000
2018-02-27 19:32:41,0.00142240,344.39000000
2018-02-27 19:32:43,0.00142330,6.00000000
2018-02-27 19:32:43,0.00142160,7.10000000
2018-02-27 19:32:47,0.00142140,6.18000000
2018-02-27 19:32:54,0.00142140,0.57000000
2018-02-27 19:32:54,0.00142110,4.39000000
2018-02-27 19:32:55,0.00142110,8.00000000
2018-02-27 19:32:55,0.00142110,4.85000000
2018-02-27 19:32:56,0.00142210,179.95000000
2018-02-27 19:33:05,0.00142210,3.88000000
2018-02-27 19:33:05,0.00142110,9.31000000
2018-02-27 19:33:08,0.00142210,30.00000000
2018-02-27 19:33:09,0.00142130,4.99000000
2018-02-27 19:33:09,0.00142320,18.34000000
2018-02-27 19:33:11,0.00142130,8.00000000
2018-02-27 19:33:12,0.00142210,43.18000000
2018-02-27 19:33:13,0.00142160,15.51000000
2018-02-27 19:33:16,0.00142130,65.30000000
2018-02-27 19:33:16,0.00142110,175.15000000
2018-02-27 19:33:16,0.00142210,5.00000000
2018-02-27 19:33:19,0.00142110,3.88000000
2018-02-27 19:33:21,0.00142210,34.00000000
2018-02-27 19:33:26,0.00142130,8.00000000
2018-02-27 19:33:29,0.00142160,195.47000000
2018-02-27 19:33:36,0.00142130,2.80000000
2018-02-27 19:33:36,0.00142110,108.13000000
2018-02-27 19:33:37,0.00142110,212.32000000
2018-02-27 19:33:42,0.00142110,8.00000000
2018-02-27 19:33:43,0.00142150,31.02000000
2018-02-27 19:33:46,0.00142110,300.00000000
2018-02-27 19:33:47,0.00142110,225.50000000
2018-02-27 19:33:50,0.00142130,25.00000000
2018-02-27 19:33:50,0.00142200,2.56000000
2018-02-27 19:33:50,0.00142200,57.92000000
2018-02-27 19:33:50,0.00142210,82.45000000
2018-02-27 19:33:50,0.00142310,35.21000000
2018-02-27 19:33:50,0.00142320,190.16000000
2018-02-27 19:33:50,0.00142370,14.20000000
2018-02-27 19:33:50,0.00142390,201.27000000
2018-02-27 19:33:50,0.00142500,2.56000000
2018-02-27 19:33:50,0.00142500,56.63000000
2018-02-27 19:33:50,0.00142580,7.10000000
2018-02-27 19:33:50,0.00142600,95.46000000
2018-02-27 19:33:50,0.00142740,18.45000000
2018-02-27 19:33:50,0.00142800,104.99000000
2018-02-27 19:33:52,0.00142650,1.26000000
2018-02-27 19:33:54,0.00142470,210.98000000
2018-02-27 19:33:57,0.00142330,8.00000000
2018-02-27 19:33:57,0.00142360,91.39000000
2018-02-27 19:33:57,0.00142350,7.10000000
2018-02-27 19:33:57,0.00142310,7.95000000
2018-02-27 19:33:57,0.00142280,6.10000000
2018-02-27 19:33:57,0.00142250,58.14000000
2018-02-27 19:33:58,0.00142250,21.03000000
2018-02-27 19:33:58,0.00142240,64.00000000
2018-02-27 19:34:02,0.00142240,14.32000000
2018-02-27 19:34:02,0.00142250,33.75000000
2018-02-27 19:34:04,0.00142240,1.13000000
2018-02-27 19:34:04,0.00142240,7.02000000
2018-02-27 19:34:05,0.00142240,91.85000000
2018-02-27 19:34:06,0.00142250,70.26000000
2018-02-27 19:34:08,0.00142420,46.19000000
2018-02-27 19:34:12,0.00142300,7.57000000
2018-02-27 19:34:12,0.00142290,0.43000000
2018-02-27 19:34:20,0.00142290,6.67000000
2018-02-27 19:34:20,0.00142250,18.43000000
2018-02-27 19:34:21,0.00142420,24.07000000
2018-02-27 19:34:21,0.00142420,18.43000000
2018-02-27 19:34:23,0.00142420,122.00000000
2018-02-27 19:34:23,0.00142420,0.64000000
2018-02-27 19:34:23,0.00142250,3.82000000
2018-02-27 19:34:24,0.00142260,4.00000000
2018-02-27 19:34:25,0.00142420,3.82000000
2018-02-27 19:34:25,0.00142430,6.16000000
2018-02-27 19:34:26,0.00142430,0.20000000
2018-02-27 19:34:27,0.00142260,8.00000000
2018-02-27 19:34:28,0.00142340,226.15000000
2018-02-27 19:34:28,0.00142430,2.48000000
2018-02-27 19:34:31,0.00142420,0.83000000
2018-02-27 19:34:31,0.00142420,9.87000000
2018-02-27 19:34:32,0.00142420,11.45000000
2018-02-27 19:34:32,0.00142260,46.82000000
2018-02-27 19:34:39,0.00142300,61.70000000
2018-02-27 19:34:39,0.00142340,2.03000000
2018-02-27 19:34:39,0.00142410,58.82000000
2018-02-27 19:34:41,0.00142420,34.10000000
2018-02-27 19:34:42,0.00142410,8.00000000
2018-02-27 19:34:42,0.00142410,1.36000000
2018-02-27 19:34:42,0.00142340,2.42000000
2018-02-27 19:34:44,0.00142340,4.00000000
2018-02-27 19:34:47,0.00142340,4.00000000
2018-02-27 19:34:51,0.00142340,4.00000000
2018-02-27 19:34:52,0.00142420,1.70000000
2018-02-27 19:34:54,0.00142340,4.00000000
2018-02-27 19:34:56,0.00142340,4.00000000
2018-02-27 19:34:56,0.00142340,8.00000000
2018-02-27 19:34:58,0.00142340,4.00000000
2018-02-27 19:34:59,0.00142340,28.76000000
2018-02-27 19:34:59,0.00142370,241.66000000
2018-02-27 19:35:01,0.00142350,4.00000000
2018-02-27 19:35:05,0.00142350,5.30000000
2018-02-27 19:35:05,0.00142370,3.45000000
2018-02-27 19:35:06,0.00142370,3.36000000
2018-02-27 19:35:06,0.00142420,14.34000000
2018-02-27 19:35:06,0.00142350,4.50000000
2018-02-27 19:35:10,0.00142420,0.02000000
2018-02-27 19:35:12,0.00142360,8.00000000
2018-02-27 19:35:12,0.00142420,6.62000000
2018-02-27 19:35:12,0.00142430,37.35000000
2018-02-27 19:35:12,0.00142470,50.00000000
2018-02-27 19:35:13,0.00142560,7.10000000
2018-02-27 19:35:13,0.00142580,2.30000000
2018-02-27 19:35:13,0.00142590,56.01000000
2018-02-27 19:35:13,0.00142600,145.55000000
2018-02-27 19:35:13,0.00142470,18.89000000
2018-02-27 19:35:13,0.00142470,58.33000000
2018-02-27 19:35:14,0.00142470,18.89000000
2018-02-27 19:35:14,0.00142600,62.35000000
2018-02-27 19:35:14,0.00142630,54.09000000
2018-02-27 19:35:14,0.00142630,1260.64000000
2018-02-27 19:35:19,0.00142630,8.74000000
2018-02-27 19:35:19,0.00142630,29.04000000
2018-02-27 19:35:20,0.00142600,1.32000000
2018-02-27 19:35:23,0.00142600,10.00000000
2018-02-27 19:35:23,0.00142600,29.73000000
2018-02-27 19:35:26,0.00142600,23.54000000
2018-02-27 19:35:30,0.00142600,2.75000000
2018-02-27 19:35:31,0.00142600,19.87000000
2018-02-27 19:35:31,0.00142600,54.34000000
2018-02-27 19:35:32,0.00142600,7.91000000
2018-02-27 19:35:32,0.00142510,257.17000000
2018-02-27 19:35:32,0.00142600,1.29000000
2018-02-27 19:35:33,0.00142600,10.73000000
2018-02-27 19:35:33,0.00142600,13.32000000
2018-02-27 19:35:33,0.00142630,4.46000000
2018-02-27 19:35:35,0.00142600,1.14000000
2018-02-27 19:35:37,0.00142600,15.86000000
2018-02-27 19:35:38,0.00142600,17.60000000
2018-02-27 19:35:38,0.00142600,1.21000000
2018-02-27 19:35:38,0.00142600,130.48000000
2018-02-27 19:35:39,0.00142600,19.19000000
2018-02-27 19:35:41,0.00142600,77.86000000
2018-02-27 19:35:41,0.00142630,155.31000000
2018-02-27 19:35:42,0.00142630,25.26000000
2018-02-27 19:35:42,0.00142630,25.26000000
2018-02-27 19:35:42,0.00142630,25.25000000
2018-02-27 19:35:42,0.00142630,21.03000000
2018-02-27 19:35:42,0.00142630,25.26000000
2018-02-27 19:35:42,0.00142630,2.44000000
2018-02-27 19:35:43,0.00142600,24.38000000
2018-02-27 19:35:44,0.00142600,20.95000000
2018-02-27 19:35:44,0.00142630,610.51000000
2018-02-27 19:35:45,0.00142630,666.39000000
2018-02-27 19:35:45,0.00142630,156.57000000
2018-02-27 19:35:45,0.00142630,14.01000000
2018-02-27 19:35:52,0.00142630,6.31000000
2018-02-27 19:35:52,0.00142600,21.97000000
2018-02-27 19:35:52,0.00142600,1.91000000
2018-02-27 19:35:52,0.00142600,232.01000000
2018-02-27 19:35:53,0.00142630,25.26000000
2018-02-27 19:35:54,0.00142630,60.00000000
2018-02-27 19:35:58,0.00142640,21.07000000
2018-02-27 19:35:58,0.00142650,2.05000000
2018-02-27 19:35:58,0.00142800,374.14000000
2018-02-27 19:35:59,0.00142660,1.50000000
2018-02-27 19:35:59,0.00142800,40.28000000
2018-02-27 19:35:59,0.00142890,4.21000000
2018-02-27 19:35:59,0.00142900,42.75000000
2018-02-27 19:36:00,0.00142630,8.00000000
2018-02-27 19:36:02,0.00142900,22.15000000
2018-02-27 19:36:04,0.00142890,5.53000000
2018-02-27 19:36:05,0.00142890,1.85000000
2018-02-27 19:36:06,0.00142890,2.10000000
2018-02-27 19:36:11,0.00142680,0.01000000
2018-02-27 19:36:11,0.00142890,2.12000000
2018-02-27 19:36:12,0.00142790,272.69000000
2018-02-27 19:36:15,0.00142700,7.08000000
2018-02-27 19:36:16,0.00142790,0.74000000
2018-02-27 19:36:16,0.00142880,1.30000000
2018-02-27 19:36:17,0.00142790,4.63000000
2018-02-27 19:36:17,0.00142790,63.00000000
2018-02-27 19:36:17,0.00142790,10.00000000
2018-02-27 19:36:20,0.00142890,28.82000000
2018-02-27 19:36:21,0.00142890,0.32000000
2018-02-27 19:36:23,0.00142790,1.00000000
2018-02-27 19:36:23,0.00142870,4.64000000
2018-02-27 19:36:23,0.00142790,0.66000000
2018-02-27 19:36:24,0.00142790,6.01000000
2018-02-27 19:36:25,0.00142820,108.24000000
2018-02-27 19:36:26,0.00142870,1.00000000
2018-02-27 19:36:28,0.00142870,2.35000000
2018-02-27 19:36:28,0.00142890,156.06000000
2018-02-27 19:36:31,0.00142870,26.48000000
2018-02-27 19:36:32,0.00142870,8.27000000
2018-02-27 19:36:32,0.00142890,4.45000000
2018-02-27 19:36:39,0.00142830,288.20000000
2018-02-27 19:36:46,0.00142830,1.32000000
2018-02-27 19:36:50,0.00142830,7.95000000
2018-02-27 19:36:51,0.00142830,4.30000000
2018-02-27 19:36:54,0.00142830,18.21000000
2018-02-27 19:36:56,0.00142830,89.54000000
2018-02-27 19:36:57,0.00142830,15.84000000
2018-02-27 19:36:59,0.00142800,16.07000000
2018-02-27 19:37:00,0.00142820,123.41000000
2018-02-27 19:37:00,0.00142800,19.28000000
2018-02-27 19:37:01,0.00142800,1.11000000
2018-02-27 19:37:03,0.00142800,0.07000000
2018-02-27 19:37:06,0.00142800,3.54000000
2018-02-27 19:37:06,0.00142830,62.99000000
2018-02-27 19:37:06,0.00142890,42.47000000
2018-02-27 19:37:06,0.00142790,7.08000000
2018-02-27 19:37:08,0.00142890,0.10000000
2018-02-27 19:37:10,0.00142790,1.00000000
2018-02-27 19:37:10,0.00142790,1.91000000
2018-02-27 19:37:11,0.00142800,1.00000000
2018-02-27 19:37:12,0.00142790,23.46000000
2018-02-27 19:37:12,0.00142790,40.64000000
2018-02-27 19:37:14,0.00142790,3.85000000
2018-02-27 19:37:14,0.00142830,303.37000000
2018-02-27 19:37:15,0.00142790,1.00000000
2018-02-27 19:37:28,0.00142850,138.93000000
2018-02-27 19:37:29,0.00142880,6.71000000
2018-02-27 19:37:30,0.00142880,0.11000000
2018-02-27 19:37:30,0.00142890,6.88000000
2018-02-27 19:37:31,0.00142830,18.96000000
2018-02-27 19:37:31,0.00142790,10.02000000
2018-02-27 19:37:35,0.00142890,53.94000000
2018-02-27 19:37:35,0.00142790,25.00000000
2018-02-27 19:37:41,0.00142840,318.88000000
2018-02-27 19:37:44,0.00142800,1.00000000
2018-02-27 19:37:45,0.00142800,34.96000000
2018-02-27 19:37:45,0.00142790,5.51000000
2018-02-27 19:37:46,0.00142790,6.70000000
2018-02-27 19:37:49,0.00142790,54.29000000
2018-02-27 19:37:50,0.00142790,6.16000000
2018-02-27 19:37:52,0.00142790,223.93000000
2018-02-27 19:37:52,0.00142750,128.03000000
2018-02-27 19:37:52,0.00142700,528.13000000
2018-02-27 19:37:52,0.00142680,97.79000000
2018-02-27 19:37:52,0.00142640,58.79000000
2018-02-27 19:37:52,0.00142630,976.62000000
2018-02-27 19:37:52,0.00142630,220.52000000
2018-02-27 19:37:54,0.00142790,4.45000000
2018-02-27 19:37:59,0.00142790,79.54000000
2018-02-27 19:38:04,0.00142500,80.48000000
2018-02-27 19:38:04,0.00142490,21.05000000
2018-02-27 19:38:04,0.00142490,34.06000000
2018-02-27 19:38:04,0.00142490,1.26000000
2018-02-27 19:38:08,0.00142420,334.40000000
2018-02-27 19:38:11,0.00142390,10.00000000
2018-02-27 19:38:12,0.00142390,60.23000000
2018-02-27 19:38:12,0.00142380,31.62000000
2018-02-27 19:38:12,0.00142360,52.00000000
2018-02-27 19:38:12,0.00142350,6.00000000
2018-02-27 19:38:12,0.00142310,7.41000000
2018-02-27 19:38:12,0.00142300,253.36000000
2018-02-27 19:38:12,0.00142300,78.20000000
2018-02-27 19:38:13,0.00142350,20.00000000
2018-02-27 19:38:13,0.00142360,80.26000000
2018-02-27 19:38:13,0.00142360,20.00000000
2018-02-27 19:38:13,0.00142350,70.23000000
2018-02-27 19:38:25,0.00142580,169.95000000
2018-02-27 19:38:26,0.00142500,10.71000000
2018-02-27 19:38:26,0.00142350,54.54000000
2018-02-27 19:38:28,0.00142500,31.67000000
2018-02-27 19:38:28,0.00142660,18.33000000
2018-02-27 19:38:33,0.00142570,7.72000000
2018-02-27 19:38:33,0.00142580,32.05000000
2018-02-27 19:38:33,0.00142660,2.74000000
2018-02-27 19:38:33,0.00142670,11.25000000
2018-02-27 19:38:33,0.00142680,58.79000000
2018-02-27 19:38:33,0.00142700,127.45000000
2018-02-27 19:38:36,0.00142480,2.58000000
2018-02-27 19:38:40,0.00142440,5.51000000
2018-02-27 19:38:43,0.00142480,18.67000000
2018-02-27 19:38:46,0.00142490,4.77000000
2018-02-27 19:38:49,0.00142510,7.10000000
2018-02-27 19:38:49,0.00142500,42.85000000
2018-02-27 19:38:53,0.00142600,1.26000000
2018-02-27 19:38:53,0.00142600,11.52000000
2018-02-27 19:38:55,0.00142600,8.69000000
2018-02-27 19:38:55,0.00142480,11.54000000
2018-02-27 19:38:56,0.00142480,8.46000000
2018-02-27 19:38:58,0.00142420,7.10000000
2018-02-27 19:38:58,0.00142390,21.06000000
2018-02-27 19:38:58,0.00142350,1345.57000000
2018-02-27 19:38:59,0.00142410,185.47000000
2018-02-27 19:39:00,0.00142480,129.09000000
2018-02-27 19:39:00,0.00142350,1.42000000
2018-02-27 19:39:00,0.00142480,0.77000000
2018-02-27 19:39:02,0.00142480,34.65000000
2018-02-27 19:39:05,0.00142480,120.25000000
2018-02-27 19:39:05,0.00142590,6.14000000
2018-02-27 19:39:06,0.00142480,51.16000000
2018-02-27 19:39:13,0.00142350,18.42000000
2018-02-27 19:39:14,0.00142370,7.10000000
2018-02-27 19:39:14,0.00142350,57.50000000
2018-02-27 19:39:15,0.00142570,7.10000000
2018-02-27 19:39:15,0.00142580,46.83000000
2018-02-27 19:39:19,0.00142470,21.02000000
2018-02-27 19:39:31,0.00142400,2.14000000
2018-02-27 19:39:32,0.00142400,0.60000000
2018-02-27 19:39:32,0.00142350,9.26000000
2018-02-27 19:39:33,0.00142470,3.87000000
2018-02-27 19:39:35,0.00142400,200.98000000
2018-02-27 19:39:39,0.00142400,21.30000000
2018-02-27 19:39:46,0.00142400,197.83000000
2018-02-27 19:39:46,0.00142400,17.24000000
2018-02-27 19:39:48,0.00142350,171.83000000
2018-02-27 19:39:55,0.00142400,25.94000000
2018-02-27 19:39:57,0.00142340,36.19000000
2018-02-27 19:39:57,0.00142300,1.53000000
2018-02-27 19:39:57,0.00142300,0.75000000
2018-02-27 19:39:57,0.00142330,12.01000000
2018-02-27 19:39:58,0.00142290,3.97000000
2018-02-27 19:39:59,0.00142290,1.21000000
2018-02-27 19:40:00,0.00142250,140.60000000
2018-02-27 19:40:02,0.00142250,46.81000000
2018-02-27 19:40:02,0.00142150,4.21000000
2018-02-27 19:40:02,0.00142110,7.70000000
2018-02-27 19:40:02,0.00142100,1.35000000
2018-02-27 19:40:02,0.00142080,3.02000000
2018-02-27 19:40:02,0.00142070,21.29000000
2018-02-27 19:40:02,0.00142000,5.84000000
