DATE,PRICE,VOLUME
2018-02-27 20:00:02,0.00143280,34.95000000
2018-02-27 20:00:03,0.00143280,2.22000000
2018-02-27 20:00:03,0.00143370,0.74000000
2018-02-27 20:00:04,0.00143370,2.78000000
2018-02-27 20:00:04,0.00143380,10.99000000
2018-02-27 20:00:05,0.00143370,8.54000000
2018-02-27 20:00:05,0.00143350,9.33000000
2018-02-27 20:00:05,0.00143280,17.08000000
2018-02-27 20:00:07,0.00143350,0.84000000
2018-02-27 20:00:08,0.00143350,7.67000000
2018-02-27 20:00:08,0.00143280,34.95000000
2018-02-27 20:00:08,0.00143350,3.44000000
2018-02-27 20:00:09,0.00143350,15.28000000
2018-02-27 20:00:09,0.00143280,1.76000000
2018-02-27 20:00:10,0.00143280,108.26000000
2018-02-27 20:00:10,0.00143350,36.40000000
2018-02-27 20:00:10,0.00143350,36.37000000
2018-02-27 20:00:10,0.00143380,17.49000000
2018-02-27 20:00:10,0.00143390,5.94000000
2018-02-27 20:00:10,0.00143400,7.34000000
2018-02-27 20:00:11,0.00143400,1.15000000
2018-02-27 20:00:11,0.00143280,20.00000000
2018-02-27 20:00:13,0.00143280,35.93000000
2018-02-27 20:00:13,0.00143400,12.42000000
2018-02-27 20:00:14,0.00143400,13.12000000
2018-02-27 20:00:14,0.00143400,3.43000000
2018-02-27 20:00:15,0.00143450,9.30000000
2018-02-27 20:00:16,0.00143400,60.26000000
2018-02-27 20:00:17,0.00143450,13.95000000
2018-02-27 20:00:17,0.00143450,17.10000000
2018-02-27 20:00:17,0.00143490,100.00000000
2018-02-27 20:00:17,0.00143500,787.90000000
2018-02-27 20:00:17,0.00143500,157.12000000
2018-02-27 20:00:17,0.00143450,15.00000000
2018-02-27 20:00:18,0.00143400,29.19000000
2018-02-27 20:00:18,0.00143370,156.59000000
2018-02-27 20:00:18,0.00143450,0.02000000
2018-02-27 20:00:18,0.00143450,11.24000000
2018-02-27 20:00:18,0.00143510,1.50000000
2018-02-27 20:00:18,0.00143520,56.54000000
2018-02-27 20:00:20,0.00143520,31.05000000
2018-02-27 20:00:21,0.00143510,43.65000000
2018-02-27 20:00:21,0.00143510,6.23000000
2018-02-27 20:00:21,0.00143510,2.91000000
2018-02-27 20:00:21,0.00143510,0.74000000
2018-02-27 20:00:21,0.00143450,339.58000000
2018-02-27 20:00:22,0.00143370,29.19000000
2018-02-27 20:00:24,0.00143520,93.82000000
2018-02-27 20:00:24,0.00143550,6.18000000
2018-02-27 20:00:24,0.00143550,13.93000000
2018-02-27 20:00:24,0.00143550,35.68000000
2018-02-27 20:00:24,0.00143580,140.75000000
2018-02-27 20:00:24,0.00143600,7.48000000
2018-02-27 20:00:24,0.00143600,180.74000000
2018-02-27 20:00:25,0.00143600,202.31000000
2018-02-27 20:00:25,0.00143600,163.57000000
2018-02-27 20:00:25,0.00143600,131.14000000
2018-02-27 20:00:25,0.00143600,109.70000000
2018-02-27 20:00:25,0.00143600,95.06000000
2018-02-27 20:00:25,0.00143600,83.39000000
2018-02-27 20:00:25,0.00143520,2.11000000
2018-02-27 20:00:25,0.00143520,27.89000000
2018-02-27 20:00:25,0.00143510,32.05000000
2018-02-27 20:00:26,0.00143600,27.73000000
2018-02-27 20:00:26,0.00143600,1.18000000
2018-02-27 20:00:26,0.00143600,16.85000000
2018-02-27 20:00:26,0.00143600,15.00000000
2018-02-27 20:00:27,0.00143680,5.16000000
2018-02-27 20:00:27,0.00143680,21.44000000
2018-02-27 20:00:28,0.00143680,31.85000000
2018-02-27 20:00:28,0.00143680,1.05000000
2018-02-27 20:00:28,0.00143680,6.93000000
2018-02-27 20:00:28,0.00143680,26.07000000
2018-02-27 20:00:28,0.00143600,22.37000000
2018-02-27 20:00:29,0.00143600,6.95000000
2018-02-27 20:00:29,0.00143700,7.95000000
2018-02-27 20:00:29,0.00143700,21.01000000
2018-02-27 20:00:30,0.00143700,17.00000000
2018-02-27 20:00:30,0.00143700,73.98000000
2018-02-27 20:00:31,0.00143700,27.73000000
2018-02-27 20:00:31,0.00143730,7.81000000
2018-02-27 20:00:31,0.00143750,69.42000000
2018-02-27 20:00:31,0.00143760,6.43000000
2018-02-27 20:00:31,0.00143770,2.19000000
2018-02-27 20:00:31,0.00143800,35.00000000
2018-02-27 20:00:31,0.00143810,40.28000000
2018-02-27 20:00:31,0.00143770,7.30000000
2018-02-27 20:00:31,0.00143770,3.49000000
2018-02-27 20:00:31,0.00143780,417.24000000
2018-02-27 20:00:31,0.00143810,284.28000000
2018-02-27 20:00:31,0.00143820,0.76000000
2018-02-27 20:00:31,0.00143830,6.33000000
2018-02-27 20:00:32,0.00143770,2.25000000
2018-02-27 20:00:32,0.00143860,21.50000000
2018-02-27 20:00:32,0.00143880,16.63000000
2018-02-27 20:00:32,0.00143890,4.22000000
2018-02-27 20:00:32,0.00143900,57.65000000
2018-02-27 20:00:33,0.00143770,39.00000000
2018-02-27 20:00:33,0.00143770,20.43000000
2018-02-27 20:00:33,0.00143900,300.31000000
2018-02-27 20:00:34,0.00143900,42.00000000
2018-02-27 20:00:34,0.00143900,107.71000000
2018-02-27 20:00:34,0.00143910,21.50000000
2018-02-27 20:00:34,0.00143930,0.79000000
2018-02-27 20:00:35,0.00143900,0.70000000
2018-02-27 20:00:35,0.00143930,136.99000000
2018-02-27 20:00:35,0.00143990,97.51000000
2018-02-27 20:00:35,0.00144000,300.18000000
2018-02-27 20:00:36,0.00143900,27.19000000
2018-02-27 20:00:36,0.00143810,51.81000000
2018-02-27 20:00:37,0.00144000,32.75000000
2018-02-27 20:00:37,0.00144010,17.61000000
2018-02-27 20:00:37,0.00144030,29.12000000
2018-02-27 20:00:37,0.00144050,0.91000000
2018-02-27 20:00:37,0.00143930,1.12000000
2018-02-27 20:00:37,0.00143930,1.40000000
2018-02-27 20:00:38,0.00144050,1.99000000
2018-02-27 20:00:38,0.00144050,50.11000000
2018-02-27 20:00:38,0.00144060,21.03000000
2018-02-27 20:00:38,0.00144080,5.16000000
2018-02-27 20:00:39,0.00144000,32.75000000
2018-02-27 20:00:39,0.00144000,1.76000000
2018-02-27 20:00:39,0.00144080,17.34000000
2018-02-27 20:00:39,0.00144100,1.55000000
2018-02-27 20:00:39,0.00144110,11.43000000
2018-02-27 20:00:39,0.00144000,30.98000000
2018-02-27 20:00:39,0.00144000,0.01000000
2018-02-27 20:00:39,0.00143950,2.79000000
2018-02-27 20:00:39,0.00143950,7.30000000
2018-02-27 20:00:40,0.00144110,14.38000000
2018-02-27 20:00:40,0.00143950,1.00000000
2018-02-27 20:00:40,0.00143950,1.82000000
2018-02-27 20:00:40,0.00144000,47.14000000
2018-02-27 20:00:40,0.00144000,2.91000000
2018-02-27 20:00:41,0.00144000,10.33000000
2018-02-27 20:00:42,0.00144100,17.86000000
2018-02-27 20:00:42,0.00144110,2.21000000
2018-02-27 20:00:42,0.00144170,36.36000000
2018-02-27 20:00:42,0.00144190,17.65000000
2018-02-27 20:00:42,0.00144000,10.33000000
2018-02-27 20:00:42,0.00144000,37.60000000
2018-02-27 20:00:42,0.00144000,198.06000000
2018-02-27 20:00:42,0.00144190,1.90000000
2018-02-27 20:00:42,0.00144200,126.03000000
2018-02-27 20:00:42,0.00144200,56.22000000
2018-02-27 20:00:43,0.00144250,3.59000000
2018-02-27 20:00:44,0.00144250,0.50000000
2018-02-27 20:00:44,0.00144260,5.55000000
2018-02-27 20:00:44,0.00144270,16.95000000
2018-02-27 20:00:44,0.00144270,33.05000000
2018-02-27 20:00:44,0.00144300,110.60000000
2018-02-27 20:00:45,0.00144300,1.19000000
2018-02-27 20:00:45,0.00144050,8.70000000
2018-02-27 20:00:47,0.00144200,3.41000000
2018-02-27 20:00:47,0.00144200,1.02000000
2018-02-27 20:00:47,0.00144300,271.73000000
2018-02-27 20:00:47,0.00144200,3.06000000
2018-02-27 20:00:47,0.00144310,35.46000000
2018-02-27 20:00:47,0.00144330,34.63000000
2018-02-27 20:00:47,0.00144330,6.92000000
2018-02-27 20:00:48,0.00144330,6.92000000
2018-02-27 20:00:48,0.00144330,12.65000000
2018-02-27 20:00:48,0.00144200,4.99000000
2018-02-27 20:00:48,0.00144200,6.92000000
2018-02-27 20:00:48,0.00144300,27.56000000
2018-02-27 20:00:48,0.00144300,5.58000000
2018-02-27 20:00:48,0.00144300,90.50000000
2018-02-27 20:00:48,0.00144200,2.10000000
2018-02-27 20:00:49,0.00144200,1.12000000
2018-02-27 20:00:49,0.00144200,2.04000000
2018-02-27 20:00:49,0.00144250,57.04000000
2018-02-27 20:00:49,0.00144200,3.51000000
2018-02-27 20:00:49,0.00144200,3.47000000
2018-02-27 20:00:50,0.00144250,44.64000000
2018-02-27 20:00:50,0.00144250,11.39000000
2018-02-27 20:00:50,0.00144340,2.74000000
2018-02-27 20:00:50,0.00144200,4.06000000
2018-02-27 20:00:50,0.00144200,163.63000000
2018-02-27 20:00:50,0.00144340,7.26000000
2018-02-27 20:00:50,0.00144360,0.31000000
2018-02-27 20:00:50,0.00144260,13.38000000
2018-02-27 20:00:50,0.00144260,6.93000000
2018-02-27 20:00:50,0.00144260,185.43000000
2018-02-27 20:00:50,0.00144200,6.93000000
2018-02-27 20:00:51,0.00144260,20.31000000
2018-02-27 20:00:51,0.00144300,5.74000000
2018-02-27 20:00:51,0.00144300,1.15000000
2018-02-27 20:00:51,0.00144300,1.15000000
2018-02-27 20:00:51,0.00144300,2.89000000
2018-02-27 20:00:51,0.00144300,12.12000000
2018-02-27 20:00:52,0.00144300,7.16000000
2018-02-27 20:00:52,0.00144300,4.50000000
2018-02-27 20:00:53,0.00144250,2.47000000
2018-02-27 20:00:53,0.00144340,2.91000000
2018-02-27 20:00:53,0.00144340,8.49000000
2018-02-27 20:00:53,0.00144340,75.56000000
2018-02-27 20:00:54,0.00144340,0.02000000
2018-02-27 20:00:54,0.00144250,202.89000000
2018-02-27 20:00:54,0.00144220,173.51000000
2018-02-27 20:00:54,0.00144210,30.00000000
2018-02-27 20:00:54,0.00144200,93.58000000
2018-02-27 20:00:54,0.00144200,10.00000000
2018-02-27 20:00:56,0.00144240,58.04000000
2018-02-27 20:00:56,0.00144360,6.79000000
2018-02-27 20:00:56,0.00144360,13.66000000
2018-02-27 20:00:56,0.00144360,40.32000000
2018-02-27 20:00:57,0.00144360,10.25000000
2018-02-27 20:00:57,0.00144360,5.12000000
2018-02-27 20:00:57,0.00144360,5.75000000
2018-02-27 20:00:58,0.00144360,78.78000000
2018-02-27 20:00:58,0.00144360,500.00000000
2018-02-27 20:00:58,0.00144360,2.79000000
2018-02-27 20:00:58,0.00144360,245.88000000
2018-02-27 20:00:59,0.00144360,7.74000000
2018-02-27 20:00:59,0.00144360,15.12000000
2018-02-27 20:00:59,0.00144210,58.95000000
2018-02-27 20:01:00,0.00144210,43.44000000
2018-02-27 20:01:00,0.00144200,358.94000000
2018-02-27 20:01:00,0.00144210,46.11000000
2018-02-27 20:01:00,0.00144360,24.42000000
2018-02-27 20:01:01,0.00144200,9.00000000
2018-02-27 20:01:02,0.00144350,14.82000000
2018-02-27 20:01:02,0.00144350,12.39000000
2018-02-27 20:01:02,0.00144350,1.27000000
2018-02-27 20:01:03,0.00144200,27.60000000
2018-02-27 20:01:03,0.00144200,125.92000000
2018-02-27 20:01:03,0.00144350,30.47000000
2018-02-27 20:01:03,0.00144360,51.88000000
2018-02-27 20:01:03,0.00144360,3.53000000
2018-02-27 20:01:03,0.00144360,24.95000000
2018-02-27 20:01:03,0.00144200,214.68000000
2018-02-27 20:01:03,0.00144200,74.08000000
2018-02-27 20:01:03,0.00144210,70.10000000
2018-02-27 20:01:03,0.00144200,68.19000000
2018-02-27 20:01:04,0.00144080,1.41000000
2018-02-27 20:01:04,0.00144190,344.86000000
2018-02-27 20:01:04,0.00144190,3.00000000
2018-02-27 20:01:04,0.00144190,5.86000000
2018-02-27 20:01:05,0.00144190,3.00000000
2018-02-27 20:01:05,0.00144080,97.17000000
2018-02-27 20:01:05,0.00144190,4.99000000
2018-02-27 20:01:05,0.00144350,27.10000000
2018-02-27 20:01:05,0.00144350,0.01000000
2018-02-27 20:01:05,0.00144090,69.36000000
2018-02-27 20:01:05,0.00144080,104.76000000
2018-02-27 20:01:05,0.00144380,2.10000000
2018-02-27 20:01:05,0.00144390,34.47000000
2018-02-27 20:01:05,0.00144090,1.99000000
2018-02-27 20:01:05,0.00144090,3.24000000
2018-02-27 20:01:06,0.00144380,8.00000000
2018-02-27 20:01:06,0.00144090,1.76000000
2018-02-27 20:01:06,0.00144380,12.19000000
2018-02-27 20:01:06,0.00144070,20.82000000
2018-02-27 20:01:06,0.00144040,50.74000000
2018-02-27 20:01:07,0.00144110,1.76000000
2018-02-27 20:01:07,0.00144110,0.71000000
2018-02-27 20:01:07,0.00144110,4.53000000
2018-02-27 20:01:07,0.00144070,4.86000000
2018-02-27 20:01:07,0.00144070,7.80000000
2018-02-27 20:01:07,0.00144070,1.48000000
2018-02-27 20:01:07,0.00144070,1.69000000
2018-02-27 20:01:08,0.00144070,1.76000000
2018-02-27 20:01:08,0.00144070,3.23000000
2018-02-27 20:01:08,0.00144340,49.17000000
2018-02-27 20:01:08,0.00144350,23.54000000
2018-02-27 20:01:08,0.00144320,23.35000000
2018-02-27 20:01:09,0.00144040,9.15000000
2018-02-27 20:01:09,0.00144170,2.48000000
2018-02-27 20:01:09,0.00144170,434.71000000
2018-02-27 20:01:09,0.00144030,7.07000000
2018-02-27 20:01:09,0.00144020,0.76000000
2018-02-27 20:01:09,0.00144000,234.49000000
2018-02-27 20:01:09,0.00143950,1.00000000
2018-02-27 20:01:09,0.00143930,13.01000000
2018-02-27 20:01:10,0.00143770,0.90000000
2018-02-27 20:01:10,0.00143660,2.09000000
2018-02-27 20:01:10,0.00144060,7.00000000
2018-02-27 20:01:10,0.00143980,9.15000000
2018-02-27 20:01:10,0.00143990,10.75000000
2018-02-27 20:01:10,0.00143500,99.36000000
2018-02-27 20:01:11,0.00143490,70.89000000
2018-02-27 20:01:11,0.00143480,3.52000000
2018-02-27 20:01:11,0.00143980,5.88000000
2018-02-27 20:01:12,0.00143980,65.01000000
2018-02-27 20:01:12,0.00143990,28.99000000
2018-02-27 20:01:12,0.00143610,2.09000000
2018-02-27 20:01:12,0.00143360,1.36000000
2018-02-27 20:01:12,0.00143360,1.77000000
2018-02-27 20:01:12,0.00143380,3.95000000
2018-02-27 20:01:12,0.00143380,1.77000000
2018-02-27 20:01:13,0.00143390,3.54000000
2018-02-27 20:01:13,0.00143390,4.24000000
2018-02-27 20:01:13,0.00143390,2.05000000
2018-02-27 20:01:13,0.00143390,42.00000000
2018-02-27 20:01:13,0.00143400,1.54000000
2018-02-27 20:01:13,0.00143410,14.10000000
2018-02-27 20:01:13,0.00143410,3.80000000
2018-02-27 20:01:13,0.00143400,30.82000000
2018-02-27 20:01:13,0.00143400,7.07000000
2018-02-27 20:01:13,0.00143400,14.07000000
2018-02-27 20:01:13,0.00143970,7.00000000
2018-02-27 20:01:13,0.00144000,153.87000000
2018-02-27 20:01:14,0.00143960,5.22000000
2018-02-27 20:01:14,0.00143400,12.86000000
2018-02-27 20:01:14,0.00143400,1.41000000
2018-02-27 20:01:14,0.00143400,1.56000000
2018-02-27 20:01:14,0.00143410,2.11000000
2018-02-27 20:01:14,0.00143410,0.34000000
2018-02-27 20:01:14,0.00143400,1.27000000
2018-02-27 20:01:15,0.00143400,30.34000000
2018-02-27 20:01:15,0.00143380,15.20000000
2018-02-27 20:01:15,0.00143360,85.33000000
2018-02-27 20:01:15,0.00143350,7.10000000
2018-02-27 20:01:15,0.00143340,190.70000000
2018-02-27 20:01:15,0.00143330,2.06000000
2018-02-27 20:01:15,0.00143320,3.49000000
2018-02-27 20:01:15,0.00143280,28.83000000
2018-02-27 20:01:15,0.00143200,74.82000000
2018-02-27 20:01:15,0.00143180,2.10000000
2018-02-27 20:01:15,0.00143000,20.65000000
2018-02-27 20:01:15,0.00142910,60.38000000
2018-02-27 20:01:15,0.00143000,1.26000000
2018-02-27 20:01:15,0.00143000,4.10000000
2018-02-27 20:01:15,0.00143000,1.50000000
2018-02-27 20:01:15,0.00143000,4.50000000
2018-02-27 20:01:15,0.00143920,49.40000000
2018-02-27 20:01:15,0.00142990,9.11000000
2018-02-27 20:01:15,0.00142980,6.76000000
2018-02-27 20:01:15,0.00142980,1.34000000
2018-02-27 20:01:15,0.00142980,12.23000000
2018-02-27 20:01:16,0.00142990,3.10000000
2018-02-27 20:01:16,0.00143710,32.13000000
2018-02-27 20:01:16,0.00142920,3.48000000
2018-02-27 20:01:17,0.00142980,1.40000000
2018-02-27 20:01:17,0.00142970,3.48000000
2018-02-27 20:01:17,0.00142980,31.07000000
2018-02-27 20:01:17,0.00143300,7.00000000
2018-02-27 20:01:17,0.00143300,51.48000000
2018-02-27 20:01:18,0.00143340,15.60000000
2018-02-27 20:01:19,0.00142920,1.77000000
2018-02-27 20:01:19,0.00143340,0.08000000
2018-02-27 20:01:21,0.00142940,10.62000000
2018-02-27 20:01:21,0.00142970,1.77000000
2018-02-27 20:01:21,0.00143330,73.33000000
2018-02-27 20:01:21,0.00143340,10.19000000
2018-02-27 20:01:22,0.00143340,1.06000000
2018-02-27 20:01:22,0.00143340,7.06000000
2018-02-27 20:01:22,0.00143340,14.16000000
2018-02-27 20:01:22,0.00143340,67.47000000
2018-02-27 20:01:22,0.00143350,16.03000000
2018-02-27 20:01:24,0.00142970,1.06000000
2018-02-27 20:01:24,0.00142980,20.98000000
2018-02-27 20:01:24,0.00142970,63.11000000
2018-02-27 20:01:24,0.00143350,47.09000000
2018-02-27 20:01:25,0.00143330,37.28000000
2018-02-27 20:01:25,0.00142960,2.26000000
2018-02-27 20:01:26,0.00143160,225.69000000
2018-02-27 20:01:26,0.00143320,64.17000000
2018-02-27 20:01:26,0.00143330,46.47000000
2018-02-27 20:01:26,0.00143330,17.67000000
2018-02-27 20:01:27,0.00143340,6.24000000
2018-02-27 20:01:27,0.00143260,3.66000000
2018-02-27 20:01:29,0.00143260,17.32000000
2018-02-27 20:01:29,0.00143270,33.70000000
2018-02-27 20:01:29,0.00143270,2.02000000
2018-02-27 20:01:30,0.00142990,5.31000000
2018-02-27 20:01:34,0.00142980,6.02000000
2018-02-27 20:01:34,0.00143240,0.05000000
2018-02-27 20:01:36,0.00143000,1.27000000
2018-02-27 20:01:37,0.00143210,5.31000000
2018-02-27 20:01:38,0.00143030,1.06000000
2018-02-27 20:01:38,0.00143220,3.52000000
2018-02-27 20:01:38,0.00143240,1.76000000
2018-02-27 20:01:38,0.00143240,7.76000000
2018-02-27 20:01:38,0.00143240,1.12000000
2018-02-27 20:01:38,0.00143030,1.41000000
2018-02-27 20:01:38,0.00143200,6.98000000
2018-02-27 20:01:38,0.00143210,5.70000000
2018-02-27 20:01:39,0.00143100,2.66000000
2018-02-27 20:01:39,0.00143030,1.02000000
2018-02-27 20:01:39,0.00143210,0.40000000
2018-02-27 20:01:40,0.00143100,0.71000000
2018-02-27 20:01:41,0.00143200,3.49000000
2018-02-27 20:01:42,0.00143110,0.77000000
2018-02-27 20:01:42,0.00143100,1.35000000
2018-02-27 20:01:42,0.00143210,30.62000000
2018-02-27 20:01:42,0.00143210,15.66000000
2018-02-27 20:01:42,0.00143240,45.33000000
2018-02-27 20:01:42,0.00143260,199.01000000
2018-02-27 20:01:43,0.00143260,85.11000000
2018-02-27 20:01:43,0.00143270,73.37000000
2018-02-27 20:01:44,0.00143270,45.75000000
2018-02-27 20:01:44,0.00143270,6.53000000
2018-02-27 20:01:44,0.00143190,14.18000000
2018-02-27 20:01:45,0.00143130,38.04000000
2018-02-27 20:01:45,0.00143220,21.69000000
2018-02-27 20:01:45,0.00143270,97.54000000
2018-02-27 20:01:45,0.00143270,249.16000000
2018-02-27 20:01:46,0.00143300,4.00000000
2018-02-27 20:01:46,0.00143250,7.25000000
2018-02-27 20:01:47,0.00143270,8.58000000
2018-02-27 20:01:47,0.00143270,2.89000000
2018-02-27 20:01:48,0.00143270,25.00000000
2018-02-27 20:01:49,0.00143360,10.93000000
2018-02-27 20:01:50,0.00143690,2.44000000
2018-02-27 20:01:52,0.00143690,11.35000000
2018-02-27 20:01:52,0.00143390,5.61000000
2018-02-27 20:01:53,0.00143420,1.87000000
2018-02-27 20:01:53,0.00143400,3.14000000
2018-02-27 20:01:54,0.00143660,0.74000000
2018-02-27 20:01:56,0.00143660,33.72000000
2018-02-27 20:01:57,0.00143460,7.00000000
2018-02-27 20:01:57,0.00143440,7.00000000
2018-02-27 20:01:57,0.00143420,51.17000000
2018-02-27 20:01:57,0.00143400,17.78000000
2018-02-27 20:01:57,0.00143390,25.80000000
2018-02-27 20:01:57,0.00143400,40.82000000
2018-02-27 20:01:58,0.00143400,5.38000000
2018-02-27 20:01:58,0.00143400,18.58000000
2018-02-27 20:01:59,0.00143400,136.49000000
2018-02-27 20:01:59,0.00143400,391.11000000
2018-02-27 20:01:59,0.00143560,2.06000000
2018-02-27 20:01:59,0.00143640,7.00000000
2018-02-27 20:01:59,0.00143650,7.00000000
2018-02-27 20:01:59,0.00143690,295.79000000
2018-02-27 20:01:59,0.00143700,187.00000000
2018-02-27 20:01:59,0.00143700,20.14000000
2018-02-27 20:01:59,0.00143700,21.27000000
2018-02-27 20:02:00,0.00143500,8.11000000
2018-02-27 20:02:01,0.00143500,5.58000000
2018-02-27 20:02:01,0.00143600,2.72000000
2018-02-27 20:02:01,0.00143540,245.20000000
2018-02-27 20:02:02,0.00143600,32.82000000
2018-02-27 20:02:02,0.00143500,5.88000000
2018-02-27 20:02:03,0.00143600,17.31000000
2018-02-27 20:02:04,0.00143600,44.69000000
2018-02-27 20:02:04,0.00143600,2.25000000
2018-02-27 20:02:06,0.00143600,6.36000000
2018-02-27 20:02:06,0.00143600,3.39000000
2018-02-27 20:02:07,0.00143670,15.34000000
2018-02-27 20:02:09,0.00143670,33.56000000
2018-02-27 20:02:09,0.00143670,5.50000000
2018-02-27 20:02:09,0.00143670,326.77000000
2018-02-27 20:02:10,0.00143670,10.24000000
2018-02-27 20:02:10,0.00143600,44.27000000
2018-02-27 20:02:10,0.00143670,200.19000000
2018-02-27 20:02:11,0.00143700,5.00000000
2018-02-27 20:02:11,0.00143710,5.00000000
2018-02-27 20:02:14,0.00143670,10.00000000
2018-02-27 20:02:14,0.00143700,25.14000000
2018-02-27 20:02:14,0.00143710,1.63000000
2018-02-27 20:02:14,0.00143730,21.27000000
2018-02-27 20:02:14,0.00143900,49.23000000
2018-02-27 20:02:15,0.00143710,11.08000000
2018-02-27 20:02:16,0.00143900,43.71000000
2018-02-27 20:02:16,0.00143940,26.29000000
2018-02-27 20:02:19,0.00143890,48.43000000
2018-02-27 20:02:21,0.00143890,0.04000000
2018-02-27 20:02:21,0.00143980,35.04000000
2018-02-27 20:02:22,0.00143980,28.06000000
2018-02-27 20:02:22,0.00143990,2.06000000
2018-02-27 20:02:22,0.00144000,11.88000000
2018-02-27 20:02:23,0.00144000,169.24000000
2018-02-27 20:02:23,0.00143890,33.69000000
2018-02-27 20:02:24,0.00143970,0.03000000
2018-02-27 20:02:25,0.00143890,3.53000000
2018-02-27 20:02:25,0.00144000,400.26000000
2018-02-27 20:02:26,0.00144000,78.84000000
2018-02-27 20:02:26,0.00144000,10.26000000
2018-02-27 20:02:26,0.00144030,573.26000000
2018-02-27 20:02:26,0.00144030,19.57000000
2018-02-27 20:02:26,0.00144070,7.10000000
2018-02-27 20:02:27,0.00144030,20.00000000
2018-02-27 20:02:28,0.00144170,2.48000000
2018-02-27 20:02:28,0.00144180,25.77000000
2018-02-27 20:02:30,0.00144180,34.06000000
2018-02-27 20:02:30,0.00144200,81.57000000
2018-02-27 20:02:30,0.00144250,1.31000000
2018-02-27 20:02:30,0.00144300,93.11000000
2018-02-27 20:02:30,0.00144320,3.49000000
2018-02-27 20:02:30,0.00144340,32.92000000
2018-02-27 20:02:30,0.00144200,29.79000000
2018-02-27 20:02:31,0.00144200,29.85000000
2018-02-27 20:02:31,0.00144200,26.66000000
2018-02-27 20:02:31,0.00144200,11.14000000
2018-02-27 20:02:31,0.00144200,126.40000000
2018-02-27 20:02:31,0.00144170,157.18000000
2018-02-27 20:02:31,0.00144160,161.33000000
2018-02-27 20:02:32,0.00144160,54.09000000
2018-02-27 20:02:32,0.00144300,8.79000000
2018-02-27 20:02:32,0.00144300,6.17000000
2018-02-27 20:02:32,0.00144340,5.74000000
2018-02-27 20:02:32,0.00144350,13.74000000
2018-02-27 20:02:32,0.00144390,23.52000000
2018-02-27 20:02:34,0.00144300,0.85000000
2018-02-27 20:02:34,0.00144360,36.73000000
2018-02-27 20:02:35,0.00144300,21.81000000
2018-02-27 20:02:35,0.00144360,1.16000000
2018-02-27 20:02:35,0.00144360,85.11000000
2018-02-27 20:02:35,0.00144390,42.01000000
2018-02-27 20:02:35,0.00144400,174.09000000
2018-02-27 20:02:35,0.00144300,121.60000000
2018-02-27 20:02:36,0.00144300,2.77000000
2018-02-27 20:02:36,0.00144300,7.33000000
2018-02-27 20:02:36,0.00144400,85.11000000
2018-02-27 20:02:36,0.00144400,4.17000000
2018-02-27 20:02:36,0.00144400,6.90000000
2018-02-27 20:02:36,0.00144400,213.64000000
2018-02-27 20:02:36,0.00144400,6.89000000
2018-02-27 20:02:36,0.00144400,1.11000000
2018-02-27 20:02:36,0.00144390,8.00000000
2018-02-27 20:02:36,0.00144400,22.89000000
2018-02-27 20:02:36,0.00144400,8.00000000
2018-02-27 20:02:36,0.00144400,8.00000000
2018-02-27 20:02:36,0.00144400,0.71000000
2018-02-27 20:02:36,0.00144400,85.51000000
2018-02-27 20:02:36,0.00144400,416.00000000
2018-02-27 20:02:36,0.00144410,21.08000000
2018-02-27 20:02:36,0.00144420,1.00000000
2018-02-27 20:02:36,0.00144430,42.50000000
2018-02-27 20:02:36,0.00144440,1.00000000
2018-02-27 20:02:37,0.00144400,20.41000000
2018-02-27 20:02:37,0.00144400,1.12000000
2018-02-27 20:02:37,0.00144420,265.15000000
2018-02-27 20:02:38,0.00144400,1.07000000
2018-02-27 20:02:38,0.00144450,45.39000000
2018-02-27 20:02:38,0.00144460,1.00000000
2018-02-27 20:02:38,0.00144470,1.00000000
2018-02-27 20:02:38,0.00144480,1.40000000
2018-02-27 20:02:38,0.00144490,0.90000000
2018-02-27 20:02:38,0.00144500,76.31000000
2018-02-27 20:02:38,0.00144400,6.31000000
2018-02-27 20:02:39,0.00144410,5.00000000
2018-02-27 20:02:39,0.00144500,24.50000000
2018-02-27 20:02:40,0.00144500,83.80000000
2018-02-27 20:02:41,0.00144500,121.16000000
2018-02-27 20:02:41,0.00144500,0.71000000
2018-02-27 20:02:41,0.00144500,83.09000000
2018-02-27 20:02:42,0.00144500,4.42000000
2018-02-27 20:02:42,0.00144500,4.50000000
2018-02-27 20:02:42,0.00144500,2.45000000
2018-02-27 20:02:42,0.00144510,3.00000000
2018-02-27 20:02:42,0.00144520,2.12000000
2018-02-27 20:02:42,0.00144540,1.16000000
2018-02-27 20:02:42,0.00144560,0.37000000
2018-02-27 20:02:43,0.00144540,67.58000000
2018-02-27 20:02:43,0.00144500,298.63000000
2018-02-27 20:02:43,0.00144420,1.54000000
2018-02-27 20:02:43,0.00144450,6.49000000
2018-02-27 20:02:43,0.00144450,0.77000000
2018-02-27 20:02:43,0.00144450,7.95000000
2018-02-27 20:02:44,0.00144450,34.98000000
2018-02-27 20:02:44,0.00144410,15.91000000
2018-02-27 20:02:44,0.00144560,1.02000000
2018-02-27 20:02:44,0.00144600,23.49000000
2018-02-27 20:02:44,0.00144600,3.59000000
2018-02-27 20:02:45,0.00144600,19.33000000
2018-02-27 20:02:45,0.00144410,17.08000000
2018-02-27 20:02:46,0.00144320,90.05000000
2018-02-27 20:02:46,0.00144310,58.34000000
2018-02-27 20:02:46,0.00144300,956.49000000
2018-02-27 20:02:46,0.00144270,2.77000000
2018-02-27 20:02:46,0.00144340,7.00000000
2018-02-27 20:02:46,0.00144220,6.76000000
2018-02-27 20:02:46,0.00144200,4.81000000
2018-02-27 20:02:46,0.00144160,6.66000000
2018-02-27 20:02:46,0.00144560,69.27000000
2018-02-27 20:02:47,0.00144560,277.81000000
2018-02-27 20:02:47,0.00144070,3.17000000
2018-02-27 20:02:47,0.00144300,0.79000000
2018-02-27 20:02:47,0.00144070,2.11000000
2018-02-27 20:02:47,0.00144300,4.33000000
2018-02-27 20:02:47,0.00144560,3.62000000
2018-02-27 20:02:47,0.00144500,23.04000000
2018-02-27 20:02:48,0.00144400,89.43000000
2018-02-27 20:02:48,0.00144070,174.58000000
2018-02-27 20:02:48,0.00144060,260.00000000
2018-02-27 20:02:48,0.00144050,559.14000000
2018-02-27 20:02:48,0.00144040,2.07000000
2018-02-27 20:02:48,0.00144030,164.76000000
2018-02-27 20:02:48,0.00144030,114.06000000
2018-02-27 20:02:48,0.00144450,471.24000000
2018-02-27 20:02:48,0.00144150,0.76000000
2018-02-27 20:02:48,0.00144440,58.34000000
2018-02-27 20:02:48,0.00144450,16.04000000
2018-02-27 20:02:48,0.00144160,1.40000000
2018-02-27 20:02:49,0.00144160,68.10000000
2018-02-27 20:02:49,0.00143860,1.76000000
2018-02-27 20:02:49,0.00143860,5.24000000
2018-02-27 20:02:49,0.00143850,1.82000000
2018-02-27 20:02:49,0.00144220,33.64000000
2018-02-27 20:02:49,0.00144160,35.50000000
2018-02-27 20:02:49,0.00144060,114.50000000
2018-02-27 20:02:49,0.00144220,19.08000000
2018-02-27 20:02:49,0.00144160,1.41000000
2018-02-27 20:02:49,0.00144160,8.50000000
2018-02-27 20:02:50,0.00144160,38.26000000
2018-02-27 20:02:50,0.00143850,2.83000000
2018-02-27 20:02:50,0.00144030,1.83000000
2018-02-27 20:02:50,0.00144020,5.09000000
2018-02-27 20:02:50,0.00144020,11.69000000
2018-02-27 20:02:50,0.00144030,132.52000000
2018-02-27 20:02:50,0.00144210,4.65000000
2018-02-27 20:02:50,0.00144230,2.09000000
2018-02-27 20:02:50,0.00144430,7.00000000
2018-02-27 20:02:50,0.00144440,83.64000000
2018-02-27 20:02:50,0.00144450,42.11000000
2018-02-27 20:02:51,0.00144200,1.76000000
2018-02-27 20:02:51,0.00144200,2.12000000
2018-02-27 20:02:51,0.00144200,4.71000000
2018-02-27 20:02:51,0.00144200,1.52000000
2018-02-27 20:02:51,0.00144200,2.04000000
2018-02-27 20:02:51,0.00144200,5.29000000
2018-02-27 20:02:51,0.00144200,1.77000000
2018-02-27 20:02:51,0.00144200,1.76000000
2018-02-27 20:02:51,0.00144200,2.50000000
2018-02-27 20:02:51,0.00144200,20.00000000
2018-02-27 20:02:51,0.00144200,0.99000000
2018-02-27 20:02:52,0.00144200,25.88000000
2018-02-27 20:02:52,0.00143850,1.75000000
2018-02-27 20:02:52,0.00143850,8.95000000
2018-02-27 20:02:52,0.00143860,2.10000000
2018-02-27 20:02:52,0.00143860,6.03000000
2018-02-27 20:02:52,0.00143860,1.40000000
2018-02-27 20:02:52,0.00144200,8.44000000
2018-02-27 20:02:52,0.00143860,5.54000000
2018-02-27 20:02:52,0.00143860,21.14000000
2018-02-27 20:02:53,0.00143880,2.11000000
2018-02-27 20:02:53,0.00143880,2.97000000
2018-02-27 20:02:53,0.00143880,1.06000000
2018-02-27 20:02:53,0.00143880,3.54000000
2018-02-27 20:02:53,0.00143880,2.61000000
2018-02-27 20:02:53,0.00144180,4.15000000
2018-02-27 20:02:53,0.00144180,1.41000000
2018-02-27 20:02:53,0.00144180,3.44000000
2018-02-27 20:02:53,0.00144180,1.77000000
2018-02-27 20:02:53,0.00144180,6.98000000
2018-02-27 20:02:53,0.00144180,1.69000000
2018-02-27 20:02:53,0.00144180,1.58000000
2018-02-27 20:02:53,0.00144180,5.69000000
2018-02-27 20:02:53,0.00144180,14.08000000
2018-02-27 20:02:53,0.00144180,12.14000000
2018-02-27 20:02:53,0.00143870,20.85000000
2018-02-27 20:02:53,0.00143850,8.22000000
2018-02-27 20:02:54,0.00143840,5.88000000
2018-02-27 20:02:54,0.00143840,1.48000000
2018-02-27 20:02:54,0.00143830,26.00000000
2018-02-27 20:02:55,0.00143800,1.75000000
2018-02-27 20:02:55,0.00143830,4.97000000
2018-02-27 20:02:56,0.00143800,5.64000000
2018-02-27 20:02:56,0.00143830,1.25000000
2018-02-27 20:02:56,0.00143830,16.28000000
2018-02-27 20:02:56,0.00143840,3.24000000
2018-02-27 20:02:56,0.00143800,12.01000000
2018-02-27 20:02:57,0.00143800,0.85000000
2018-02-27 20:02:58,0.00143830,29.94000000
2018-02-27 20:02:58,0.00143810,10.00000000
2018-02-27 20:02:58,0.00143810,43.65000000
2018-02-27 20:02:58,0.00143810,0.85000000
2018-02-27 20:02:58,0.00143810,1.77000000
2018-02-27 20:02:59,0.00143810,7.05000000
2018-02-27 20:02:59,0.00143810,0.33000000
2018-02-27 20:02:59,0.00143800,1.78000000
2018-02-27 20:03:00,0.00143820,2.68000000
2018-02-27 20:03:00,0.00143820,16.24000000
2018-02-27 20:03:00,0.00143830,18.99000000
2018-02-27 20:03:01,0.00143830,18.83000000
2018-02-27 20:03:01,0.00143800,2.80000000
2018-02-27 20:03:01,0.00143800,17.76000000
2018-02-27 20:03:01,0.00143800,1.76000000
2018-02-27 20:03:01,0.00143800,1.68000000
2018-02-27 20:03:02,0.00143800,3.17000000
2018-02-27 20:03:02,0.00143800,22.80000000
2018-02-27 20:03:02,0.00143830,1.74000000
2018-02-27 20:03:03,0.00143800,7.06000000
2018-02-27 20:03:03,0.00143830,22.27000000
2018-02-27 20:03:03,0.00143800,92.67000000
2018-02-27 20:03:03,0.00143690,7.96000000
2018-02-27 20:03:03,0.00143670,1.45000000
2018-02-27 20:03:04,0.00143650,1.25000000
2018-02-27 20:03:04,0.00143650,57.90000000
2018-02-27 20:03:04,0.00143650,297.89000000
2018-02-27 20:03:04,0.00143610,5.37000000
2018-02-27 20:03:04,0.00143600,5.15000000
2018-02-27 20:03:04,0.00143570,6.82000000
2018-02-27 20:03:04,0.00143550,1.39000000
2018-02-27 20:03:04,0.00143370,12.50000000
2018-02-27 20:03:05,0.00143650,88.68000000
2018-02-27 20:03:05,0.00143650,22.22000000
2018-02-27 20:03:05,0.00143670,108.73000000
2018-02-27 20:03:05,0.00143670,120.05000000
2018-02-27 20:03:05,0.00143790,2.09000000
2018-02-27 20:03:06,0.00143610,1.76000000
2018-02-27 20:03:06,0.00143400,2.47000000
2018-02-27 20:03:07,0.00143790,250.12000000
2018-02-27 20:03:07,0.00143420,2.78000000
2018-02-27 20:03:08,0.00143440,1.76000000
2018-02-27 20:03:08,0.00143440,1.77000000
2018-02-27 20:03:09,0.00143440,2.26000000
2018-02-27 20:03:09,0.00143770,20.85000000
2018-02-27 20:03:09,0.00143780,168.23000000
2018-02-27 20:03:09,0.00143790,4.53000000
2018-02-27 20:03:09,0.00143800,1.11000000
2018-02-27 20:03:10,0.00143800,1.77000000
2018-02-27 20:03:10,0.00143800,14.15000000
2018-02-27 20:03:10,0.00143800,28.25000000
2018-02-27 20:03:11,0.00143930,0.51000000
2018-02-27 20:03:11,0.00143800,4.99000000
2018-02-27 20:03:11,0.00143800,0.72000000
2018-02-27 20:03:12,0.00143930,10.53000000
2018-02-27 20:03:12,0.00143940,51.03000000
2018-02-27 20:03:12,0.00143800,3.17000000
2018-02-27 20:03:12,0.00143940,20.00000000
2018-02-27 20:03:12,0.00143800,15.34000000
2018-02-27 20:03:12,0.00143800,1.77000000
2018-02-27 20:03:13,0.00143830,5.64000000
2018-02-27 20:03:13,0.00143830,2.10000000
2018-02-27 20:03:13,0.00143930,1.41000000
2018-02-27 20:03:13,0.00143930,2.10000000
2018-02-27 20:03:14,0.00143930,1.51000000
2018-02-27 20:03:15,0.00143930,3.96000000
2018-02-27 20:03:15,0.00143930,4.00000000
2018-02-27 20:03:15,0.00143930,1.75000000
2018-02-27 20:03:15,0.00143930,33.22000000
2018-02-27 20:03:15,0.00143930,3.52000000
2018-02-27 20:03:15,0.00143930,14.99000000
2018-02-27 20:03:15,0.00143830,34.93000000
2018-02-27 20:03:16,0.00143830,2.46000000
2018-02-27 20:03:16,0.00143830,3.52000000
2018-02-27 20:03:17,0.00143830,1.35000000
2018-02-27 20:03:18,0.00143930,0.83000000
2018-02-27 20:03:18,0.00143930,24.75000000
2018-02-27 20:03:18,0.00143940,63.96000000
2018-02-27 20:03:19,0.00143930,1.59000000
2018-02-27 20:03:19,0.00143940,3.02000000
2018-02-27 20:03:19,0.00143930,16.63000000
2018-02-27 20:03:19,0.00143940,13.48000000
2018-02-27 20:03:19,0.00143930,33.59000000
2018-02-27 20:03:19,0.00143800,47.27000000
2018-02-27 20:03:19,0.00143610,6.69000000
2018-02-27 20:03:19,0.00143440,2.77000000
2018-02-27 20:03:19,0.00143370,58.48000000
2018-02-27 20:03:19,0.00143360,368.15000000
2018-02-27 20:03:19,0.00143330,61.25000000
2018-02-27 20:03:21,0.00143930,21.31000000
2018-02-27 20:03:22,0.00143800,1.80000000
2018-02-27 20:03:23,0.00143820,2.52000000
2018-02-27 20:03:23,0.00143810,10.60000000
2018-02-27 20:03:24,0.00143820,9.40000000
2018-02-27 20:03:24,0.00143820,45.51000000
2018-02-27 20:03:24,0.00143930,5.87000000
2018-02-27 20:03:24,0.00143940,8.50000000
2018-02-27 20:03:26,0.00143800,1.00000000
2018-02-27 20:03:26,0.00143940,65.00000000
2018-02-27 20:03:27,0.00143940,30.36000000
2018-02-27 20:03:27,0.00144100,4.64000000
2018-02-27 20:03:28,0.00143810,1.76000000
2018-02-27 20:03:28,0.00143810,2.47000000
2018-02-27 20:03:28,0.00143810,0.76000000
2018-02-27 20:03:29,0.00144100,107.00000000
2018-02-27 20:03:29,0.00143950,73.60000000
2018-02-27 20:03:30,0.00144090,4.99000000
2018-02-27 20:03:30,0.00144100,61.26000000
2018-02-27 20:03:31,0.00144090,67.19000000
2018-02-27 20:03:33,0.00143850,2.17000000
2018-02-27 20:03:33,0.00144090,27.19000000
2018-02-27 20:03:33,0.00143850,1.76000000
2018-02-27 20:03:33,0.00143850,3.07000000
2018-02-27 20:03:33,0.00143870,3.95000000
2018-02-27 20:03:34,0.00143870,3.05000000
2018-02-27 20:03:36,0.00143950,50.00000000
2018-02-27 20:03:37,0.00143950,23.46000000
2018-02-27 20:03:37,0.00143830,0.84000000
2018-02-27 20:03:39,0.00143950,7.61000000
2018-02-27 20:03:40,0.00144000,10.51000000
2018-02-27 20:03:41,0.00144030,305.06000000
2018-02-27 20:03:41,0.00144000,5.88000000
2018-02-27 20:03:41,0.00143940,11.78000000
2018-02-27 20:03:41,0.00143850,3.35000000
2018-02-27 20:03:46,0.00144030,2.56000000
2018-02-27 20:03:47,0.00143860,15.58000000
2018-02-27 20:03:48,0.00143860,6.58000000
2018-02-27 20:03:48,0.00143860,30.12000000
2018-02-27 20:03:48,0.00144060,1.74000000
2018-02-27 20:03:49,0.00143860,6.11000000
2018-02-27 20:03:49,0.00143850,21.37000000
2018-02-27 20:03:50,0.00144060,55.42000000
2018-02-27 20:03:50,0.00143950,30.00000000
2018-02-27 20:03:50,0.00144060,4.58000000
2018-02-27 20:03:50,0.00144070,14.00000000
2018-02-27 20:03:50,0.00144100,67.42000000
2018-02-27 20:03:51,0.00143850,3.52000000
2018-02-27 20:03:54,0.00144000,97.20000000
2018-02-27 20:03:54,0.00144090,7.06000000
2018-02-27 20:03:54,0.00144100,78.81000000
2018-02-27 20:03:54,0.00144180,153.80000000
2018-02-27 20:03:54,0.00144190,1620.76000000
2018-02-27 20:03:55,0.00143990,7.00000000
2018-02-27 20:03:56,0.00144100,65.00000000
2018-02-27 20:03:58,0.00143900,10.96000000
2018-02-27 20:03:59,0.00143900,1.33000000
2018-02-27 20:03:59,0.00144100,89.70000000
2018-02-27 20:03:59,0.00144190,357.23000000
2018-02-27 20:04:00,0.00144190,424.97000000
2018-02-27 20:04:00,0.00144200,1.71000000
2018-02-27 20:04:00,0.00144400,59.23000000
2018-02-27 20:04:01,0.00144110,0.85000000
2018-02-27 20:04:02,0.00144100,12.22000000
2018-02-27 20:04:03,0.00144130,93.55000000
2018-02-27 20:04:04,0.00144100,2.11000000
2018-02-27 20:04:04,0.00144180,120.51000000
2018-02-27 20:04:05,0.00144180,3.84000000
2018-02-27 20:04:06,0.00144190,1.62000000
2018-02-27 20:04:07,0.00144180,11.60000000
2018-02-27 20:04:08,0.00144190,30.06000000
2018-02-27 20:04:11,0.00144190,10.02000000
2018-02-27 20:04:11,0.00144180,9.99000000
2018-02-27 20:04:11,0.00144180,1.76000000
2018-02-27 20:04:12,0.00144190,23.04000000
2018-02-27 20:04:13,0.00144190,140.02000000
2018-02-27 20:04:13,0.00144190,197.95000000
2018-02-27 20:04:14,0.00144190,14.13000000
2018-02-27 20:04:14,0.00144190,406.17000000
2018-02-27 20:04:14,0.00144180,143.42000000
2018-02-27 20:04:14,0.00144390,4.26000000
2018-02-27 20:04:15,0.00144390,200.00000000
2018-02-27 20:04:16,0.00144210,6.93000000
2018-02-27 20:04:16,0.00144210,0.07000000
2018-02-27 20:04:16,0.00144190,7.32000000
2018-02-27 20:04:16,0.00144370,7.00000000
2018-02-27 20:04:16,0.00144390,18.00000000
2018-02-27 20:04:18,0.00144190,0.57000000
2018-02-27 20:04:18,0.00144210,7.00000000
2018-02-27 20:04:18,0.00144190,29.71000000
2018-02-27 20:04:18,0.00144190,1.52000000
2018-02-27 20:04:22,0.00144370,7.00000000
2018-02-27 20:04:22,0.00144370,5.00000000
2018-02-27 20:04:22,0.00144370,10.24000000
2018-02-27 20:04:23,0.00144370,1.36000000
2018-02-27 20:04:24,0.00144370,0.85000000
2018-02-27 20:04:24,0.00144380,39.12000000
2018-02-27 20:04:24,0.00144390,114.05000000
2018-02-27 20:04:24,0.00144400,85.99000000
2018-02-27 20:04:24,0.00144380,325.01000000
2018-02-27 20:04:25,0.00144380,16.78000000
2018-02-27 20:04:26,0.00144370,1.84000000
2018-02-27 20:04:27,0.00144400,78.63000000
2018-02-27 20:04:27,0.00144500,88.99000000
2018-02-27 20:04:27,0.00144370,1.82000000
2018-02-27 20:04:27,0.00144400,0.85000000
2018-02-27 20:04:28,0.00144400,15.26000000
2018-02-27 20:04:28,0.00144400,78.00000000
2018-02-27 20:04:28,0.00144400,13.83000000
2018-02-27 20:04:28,0.00144500,51.12000000
2018-02-27 20:04:28,0.00144500,183.11000000
2018-02-27 20:04:28,0.00144500,7.01000000
2018-02-27 20:04:28,0.00144500,13.84000000
2018-02-27 20:04:28,0.00144500,49.99000000
2018-02-27 20:04:29,0.00144500,0.69000000
2018-02-27 20:04:32,0.00144590,25.57000000
2018-02-27 20:04:33,0.00144500,1.40000000
2018-02-27 20:04:33,0.00144590,25.09000000
2018-02-27 20:04:33,0.00144600,22.47000000
2018-02-27 20:04:33,0.00144610,11.58000000
2018-02-27 20:04:33,0.00144650,253.12000000
2018-02-27 20:04:34,0.00144650,49.48000000
2018-02-27 20:04:34,0.00144500,1.04000000
2018-02-27 20:04:35,0.00144500,21.95000000
2018-02-27 20:04:36,0.00144500,2.10000000
2018-02-27 20:04:36,0.00144650,200.91000000
2018-02-27 20:04:36,0.00144650,6.87000000
2018-02-27 20:04:36,0.00144660,2.83000000
2018-02-27 20:04:36,0.00144670,0.88000000
2018-02-27 20:04:37,0.00144650,1.01000000
2018-02-27 20:04:37,0.00144670,49.40000000
2018-02-27 20:04:37,0.00144650,23.73000000
2018-02-27 20:04:37,0.00144650,20.78000000
2018-02-27 20:04:37,0.00144650,20.78000000
2018-02-27 20:04:38,0.00144650,6.89000000
2018-02-27 20:04:39,0.00144650,6.88000000
2018-02-27 20:04:39,0.00144650,7.28000000
2018-02-27 20:04:39,0.00144670,8.85000000
2018-02-27 20:04:39,0.00144690,2.06000000
2018-02-27 20:04:39,0.00144700,1.44000000
2018-02-27 20:04:39,0.00144650,7.45000000
2018-02-27 20:04:39,0.00144650,6.87000000
2018-02-27 20:04:39,0.00144650,0.85000000
2018-02-27 20:04:40,0.00144660,1.45000000
2018-02-27 20:04:41,0.00144660,0.02000000
2018-02-27 20:04:41,0.00144650,2.08000000
2018-02-27 20:04:41,0.00144670,17.97000000
2018-02-27 20:04:41,0.00144660,123.45000000
2018-02-27 20:04:42,0.00144660,17.96000000
2018-02-27 20:04:42,0.00144690,4.68000000
2018-02-27 20:04:43,0.00144660,0.01000000
2018-02-27 20:04:43,0.00144650,9.23000000
2018-02-27 20:04:44,0.00144670,3.68000000
2018-02-27 20:04:44,0.00144690,72.42000000
2018-02-27 20:04:44,0.00144670,7.50000000
2018-02-27 20:04:44,0.00144670,3.87000000
2018-02-27 20:04:45,0.00144690,149.85000000
2018-02-27 20:04:45,0.00144690,78.81000000
2018-02-27 20:04:45,0.00144700,34.98000000
2018-02-27 20:04:46,0.00144700,3.08000000
2018-02-27 20:04:46,0.00144670,26.98000000
2018-02-27 20:04:47,0.00144670,8.93000000
2018-02-27 20:04:47,0.00144670,6.99000000
2018-02-27 20:04:47,0.00144670,6.91000000
2018-02-27 20:04:47,0.00144670,6.01000000
2018-02-27 20:04:47,0.00144670,6.28000000
2018-02-27 20:04:47,0.00144670,6.90000000
2018-02-27 20:04:47,0.00144670,18.46000000
2018-02-27 20:04:47,0.00144670,3.50000000
2018-02-27 20:04:47,0.00144670,1.12000000
2018-02-27 20:04:47,0.00144670,14.42000000
2018-02-27 20:04:52,0.00144700,16.28000000
2018-02-27 20:04:53,0.00144690,8.15000000
2018-02-27 20:04:53,0.00144690,4.82000000
2018-02-27 20:04:54,0.00144690,3.64000000
2018-02-27 20:04:56,0.00144690,55.64000000
2018-02-27 20:04:56,0.00144670,107.75000000
2018-02-27 20:04:57,0.00144670,0.89000000
2018-02-27 20:04:57,0.00144700,11.67000000
2018-02-27 20:04:57,0.00144710,6.90000000
2018-02-27 20:04:57,0.00144730,0.76000000
2018-02-27 20:04:57,0.00144740,19.88000000
2018-02-27 20:04:58,0.00144740,4.27000000
2018-02-27 20:04:59,0.00144740,5.69000000
2018-02-27 20:04:59,0.00144700,6.95000000
2018-02-27 20:05:00,0.00144700,0.02000000
2018-02-27 20:05:00,0.00144740,16.17000000
2018-02-27 20:05:00,0.00144740,6.68000000
2018-02-27 20:05:00,0.00144770,7.10000000
2018-02-27 20:05:01,0.00144700,48.12000000
2018-02-27 20:05:01,0.00144700,3.52000000
2018-02-27 20:05:02,0.00144730,70.71000000
2018-02-27 20:05:02,0.00144740,10.00000000
2018-02-27 20:05:02,0.00144770,55.56000000
2018-02-27 20:05:02,0.00144780,68.44000000
2018-02-27 20:05:02,0.00144740,174.04000000
2018-02-27 20:05:02,0.00144700,65.12000000
2018-02-27 20:05:03,0.00144780,237.55000000
2018-02-27 20:05:04,0.00144780,17.76000000
2018-02-27 20:05:04,0.00144780,3.45000000
2018-02-27 20:05:05,0.00144780,0.94000000
2018-02-27 20:05:05,0.00144780,87.32000000
2018-02-27 20:05:06,0.00144780,65.00000000
2018-02-27 20:05:06,0.00144780,19.54000000
2018-02-27 20:05:06,0.00144790,18.46000000
2018-02-27 20:05:08,0.00144780,4.73000000
2018-02-27 20:05:08,0.00144780,30.74000000
2018-02-27 20:05:08,0.00144790,14.26000000
2018-02-27 20:05:08,0.00144710,1.00000000
2018-02-27 20:05:09,0.00144790,129.79000000
2018-02-27 20:05:11,0.00144790,28.93000000
2018-02-27 20:05:12,0.00144790,5.83000000
2018-02-27 20:05:12,0.00144790,110.00000000
2018-02-27 20:05:13,0.00144790,3.45000000
2018-02-27 20:05:14,0.00144790,26.12000000
2018-02-27 20:05:14,0.00144790,8.71000000
2018-02-27 20:05:15,0.00144710,96.55000000
2018-02-27 20:05:15,0.00144790,15.49000000
2018-02-27 20:05:15,0.00144800,6.66000000
2018-02-27 20:05:15,0.00144800,13.47000000
2018-02-27 20:05:16,0.00144800,28.58000000
2018-02-27 20:05:16,0.00144790,4.74000000
2018-02-27 20:05:16,0.00144860,2.83000000
2018-02-27 20:05:17,0.00144790,15.00000000
2018-02-27 20:05:20,0.00144820,33.08000000
2018-02-27 20:05:20,0.00144820,115.01000000
2018-02-27 20:05:23,0.00144820,33.08000000
2018-02-27 20:05:23,0.00144860,21.75000000
2018-02-27 20:05:23,0.00144890,72.00000000
2018-02-27 20:05:23,0.00144900,85.88000000
2018-02-27 20:05:23,0.00144800,3.85000000
2018-02-27 20:05:23,0.00144900,59.90000000
2018-02-27 20:05:24,0.00144900,3.82000000
2018-02-27 20:05:24,0.00144900,388.20000000
2018-02-27 20:05:24,0.00144930,59.62000000
2018-02-27 20:05:24,0.00144960,62.44000000
2018-02-27 20:05:24,0.00144970,27.55000000
2018-02-27 20:05:24,0.00144990,158.25000000
2018-02-27 20:05:24,0.00145000,1303.94000000
2018-02-27 20:05:24,0.00144990,16.23000000
2018-02-27 20:05:25,0.00144990,125.77000000
2018-02-27 20:05:25,0.00145000,3175.91000000
2018-02-27 20:05:25,0.00145030,28.35000000
2018-02-27 20:05:25,0.00145050,795.34000000
2018-02-27 20:05:25,0.00145090,5.00000000
2018-02-27 20:05:25,0.00145100,0.98000000
2018-02-27 20:05:25,0.00145110,0.70000000
2018-02-27 20:05:25,0.00145150,15.03000000
2018-02-27 20:05:25,0.00145180,5.10000000
2018-02-27 20:05:25,0.00145200,238.08000000
2018-02-27 20:05:25,0.00145100,1.74000000
2018-02-27 20:05:25,0.00145100,1.98000000
2018-02-27 20:05:25,0.00145100,50.53000000
2018-02-27 20:05:26,0.00145120,6.89000000
2018-02-27 20:05:26,0.00145100,6.56000000
2018-02-27 20:05:26,0.00145010,40.00000000
2018-02-27 20:05:26,0.00144820,3.55000000
2018-02-27 20:05:26,0.00144900,15.01000000
2018-02-27 20:05:27,0.00145300,5.60000000
2018-02-27 20:05:28,0.00145010,3.00000000
2018-02-27 20:05:28,0.00145010,5.54000000
2018-02-27 20:05:28,0.00145300,3.00000000
2018-02-27 20:05:28,0.00145030,6.89000000
2018-02-27 20:05:28,0.00145000,93.01000000
2018-02-27 20:05:29,0.00145000,13.06000000
2018-02-27 20:05:29,0.00145000,1.00000000
2018-02-27 20:05:29,0.00145270,9.39000000
2018-02-27 20:05:29,0.00145280,6.89000000
2018-02-27 20:05:29,0.00145300,20.92000000
2018-02-27 20:05:29,0.00145300,68.95000000
2018-02-27 20:05:29,0.00145300,13.83000000
2018-02-27 20:05:30,0.00145300,105.57000000
2018-02-27 20:05:30,0.00145300,101.82000000
2018-02-27 20:05:30,0.00145030,7.07000000
2018-02-27 20:05:31,0.00145320,0.11000000
2018-02-27 20:05:31,0.00145320,31.80000000
2018-02-27 20:05:32,0.00145320,14.44000000
2018-02-27 20:05:32,0.00145330,220.00000000
2018-02-27 20:05:33,0.00145330,160.65000000
2018-02-27 20:05:33,0.00145300,6.93000000
2018-02-27 20:05:33,0.00145310,3.88000000
2018-02-27 20:05:33,0.00145360,39.03000000
2018-02-27 20:05:33,0.00145310,60.00000000
2018-02-27 20:05:34,0.00145360,14.91000000
2018-02-27 20:05:34,0.00145360,132.99000000
2018-02-27 20:05:34,0.00145370,1.00000000
2018-02-27 20:05:34,0.00145400,43.40000000
2018-02-27 20:05:34,0.00145400,21.00000000
2018-02-27 20:05:34,0.00145310,73.90000000
2018-02-27 20:05:34,0.00145300,165.15000000
2018-02-27 20:05:34,0.00145100,43.18000000
2018-02-27 20:05:34,0.00145080,0.75000000
2018-02-27 20:05:34,0.00145050,6.89000000
2018-02-27 20:05:34,0.00145030,58.24000000
2018-02-27 20:05:34,0.00145020,20.68000000
2018-02-27 20:05:34,0.00145010,131.21000000
2018-02-27 20:05:35,0.00145300,6.89000000
2018-02-27 20:05:35,0.00145400,13.00000000
2018-02-27 20:05:35,0.00145400,15.41000000
2018-02-27 20:05:35,0.00145390,58.24000000
2018-02-27 20:05:35,0.00145400,145.08000000
2018-02-27 20:05:35,0.00145440,18.40000000
2018-02-27 20:05:35,0.00145450,7.40000000
2018-02-27 20:05:35,0.00145460,44.02000000
2018-02-27 20:05:35,0.00145500,812.19000000
2018-02-27 20:05:37,0.00145500,3.55000000
2018-02-27 20:05:38,0.00145520,4.00000000
2018-02-27 20:05:38,0.00145500,134.87000000
2018-02-27 20:05:38,0.00145510,77.38000000
2018-02-27 20:05:38,0.00145500,7.00000000
2018-02-27 20:05:38,0.00145520,102.00000000
2018-02-27 20:05:38,0.00145500,10.16000000
2018-02-27 20:05:39,0.00145520,21.82000000
2018-02-27 20:05:39,0.00145520,460.32000000
2018-02-27 20:05:39,0.00145530,20.00000000
2018-02-27 20:05:39,0.00145550,29.97000000
2018-02-27 20:05:39,0.00145570,19.38000000
2018-02-27 20:05:40,0.00145590,4.00000000
2018-02-27 20:05:40,0.00145590,25.98000000
2018-02-27 20:05:40,0.00145590,10.22000000
2018-02-27 20:05:40,0.00145590,7.45000000
2018-02-27 20:05:40,0.00145520,14.16000000
2018-02-27 20:05:41,0.00145520,8.28000000
2018-02-27 20:05:41,0.00145520,124.31000000
2018-02-27 20:05:41,0.00145520,124.31000000
2018-02-27 20:05:41,0.00145600,27.65000000
2018-02-27 20:05:41,0.00145640,62.53000000
2018-02-27 20:05:41,0.00145650,11.59000000
2018-02-27 20:05:41,0.00145670,34.84000000
2018-02-27 20:05:42,0.00145670,0.18000000
2018-02-27 20:05:42,0.00145520,44.50000000
2018-02-27 20:05:43,0.00145670,4.00000000
2018-02-27 20:05:43,0.00145520,4.00000000
2018-02-27 20:05:44,0.00145520,47.65000000
2018-02-27 20:05:44,0.00145610,0.77000000
2018-02-27 20:05:44,0.00145670,5.09000000
2018-02-27 20:05:46,0.00145530,0.71000000
2018-02-27 20:05:48,0.00145670,311.76000000
2018-02-27 20:05:48,0.00145680,58.21000000
2018-02-27 20:05:48,0.00145680,173.02000000
2018-02-27 20:05:48,0.00145700,10.51000000
2018-02-27 20:05:48,0.00145690,2.74000000
2018-02-27 20:05:49,0.00145550,1.00000000
2018-02-27 20:05:49,0.00145550,5.89000000
2018-02-27 20:05:49,0.00145540,5.11000000
2018-02-27 20:05:49,0.00145670,8.26000000
2018-02-27 20:05:50,0.00145690,6.67000000
2018-02-27 20:05:50,0.00145730,6.89000000
2018-02-27 20:05:50,0.00145750,5.49000000
2018-02-27 20:05:50,0.00145750,16.44000000
2018-02-27 20:05:50,0.00145770,5.00000000
2018-02-27 20:05:50,0.00145790,35.95000000
2018-02-27 20:05:50,0.00145800,37.76000000
2018-02-27 20:05:51,0.00145690,3.49000000
2018-02-27 20:05:52,0.00145690,9.25000000
2018-02-27 20:05:52,0.00145670,0.02000000
2018-02-27 20:05:52,0.00145570,11.31000000
2018-02-27 20:05:52,0.00145570,5.00000000
2018-02-27 20:05:52,0.00145660,5.11000000
2018-02-27 20:05:52,0.00145670,17.19000000
2018-02-27 20:05:52,0.00145800,8.59000000
2018-02-27 20:05:53,0.00145790,6.85000000
2018-02-27 20:05:53,0.00145790,6.85000000
2018-02-27 20:05:53,0.00145790,0.68000000
2018-02-27 20:05:53,0.00145800,45.42000000
2018-02-27 20:05:53,0.00145790,2.69000000
2018-02-27 20:05:53,0.00145790,2.31000000
2018-02-27 20:05:53,0.00145790,9.17000000
2018-02-27 20:05:53,0.00145800,10.03000000
2018-02-27 20:05:53,0.00145800,196.78000000
2018-02-27 20:05:53,0.00145790,1.35000000
2018-02-27 20:05:54,0.00145790,3.00000000
2018-02-27 20:05:54,0.00145790,6.75000000
2018-02-27 20:05:54,0.00145800,6.89000000
2018-02-27 20:05:54,0.00145790,1.00000000
2018-02-27 20:05:54,0.00145790,5.71000000
2018-02-27 20:05:54,0.00145790,1.59000000
2018-02-27 20:05:55,0.00145790,20.71000000
2018-02-27 20:05:55,0.00145790,1.11000000
2018-02-27 20:05:55,0.00145750,3.27000000
2018-02-27 20:05:55,0.00145730,17.68000000
2018-02-27 20:05:55,0.00145790,34.54000000
2018-02-27 20:05:55,0.00145800,14.64000000
2018-02-27 20:05:56,0.00145730,2.47000000
2018-02-27 20:05:56,0.00145730,1.16000000
2018-02-27 20:05:56,0.00145730,31.92000000
2018-02-27 20:05:56,0.00145790,22.25000000
2018-02-27 20:05:57,0.00145800,12.30000000
2018-02-27 20:05:57,0.00145790,3.15000000
2018-02-27 20:05:57,0.00145790,20.00000000
2018-02-27 20:05:57,0.00145590,13.00000000
2018-02-27 20:05:57,0.00145590,44.59000000
2018-02-27 20:05:58,0.00145790,10.41000000
2018-02-27 20:05:58,0.00145600,2.78000000
2018-02-27 20:05:58,0.00145780,44.63000000
2018-02-27 20:05:59,0.00145780,12.96000000
2018-02-27 20:05:59,0.00145790,12.58000000
2018-02-27 20:05:59,0.00145790,372.41000000
2018-02-27 20:05:59,0.00145790,535.64000000
2018-02-27 20:06:00,0.00145600,4.11000000
2018-02-27 20:06:00,0.00145580,69.75000000
2018-02-27 20:06:00,0.00145640,1.75000000
2018-02-27 20:06:00,0.00145640,30.02000000
2018-02-27 20:06:00,0.00145640,34.18000000
2018-02-27 20:06:00,0.00145640,359.04000000
2018-02-27 20:06:00,0.00145640,15.70000000
2018-02-27 20:06:01,0.00145770,6.89000000
2018-02-27 20:06:01,0.00145790,31.36000000
2018-02-27 20:06:01,0.00145640,9.68000000
2018-02-27 20:06:01,0.00145640,39.71000000
2018-02-27 20:06:01,0.00145640,2.80000000
2018-02-27 20:06:01,0.00145640,150.32000000
2018-02-27 20:06:01,0.00145640,26.00000000
2018-02-27 20:06:01,0.00145640,2.89000000
2018-02-27 20:06:01,0.00145640,10.87000000
2018-02-27 20:06:01,0.00145640,3.48000000
2018-02-27 20:06:01,0.00145640,2.26000000
2018-02-27 20:06:02,0.00145780,3.44000000
2018-02-27 20:06:02,0.00145790,16.56000000
2018-02-27 20:06:02,0.00145640,1.04000000
2018-02-27 20:06:02,0.00145640,69.98000000
2018-02-27 20:06:02,0.00145640,2.09000000
2018-02-27 20:06:02,0.00145640,1.75000000
2018-02-27 20:06:02,0.00145640,2.78000000
2018-02-27 20:06:02,0.00145640,109.89000000
2018-02-27 20:06:03,0.00145640,1.39000000
2018-02-27 20:06:03,0.00145640,3.12000000
2018-02-27 20:06:03,0.00145640,40.48000000
2018-02-27 20:06:03,0.00145640,1.74000000
2018-02-27 20:06:03,0.00145640,13.10000000
2018-02-27 20:06:03,0.00145640,1.75000000
2018-02-27 20:06:03,0.00145640,4.00000000
2018-02-27 20:06:03,0.00145640,5.70000000
2018-02-27 20:06:03,0.00145670,14.39000000
2018-02-27 20:06:04,0.00145670,4.23000000
2018-02-27 20:06:04,0.00145650,0.69000000
2018-02-27 20:06:04,0.00145640,12.89000000
2018-02-27 20:06:04,0.00145670,5.28000000
2018-02-27 20:06:05,0.00145640,27.32000000
2018-02-27 20:06:05,0.00145660,3.79000000
2018-02-27 20:06:05,0.00145660,5.16000000
2018-02-27 20:06:06,0.00145670,264.14000000
2018-02-27 20:06:06,0.00145670,341.05000000
2018-02-27 20:06:06,0.00145780,2.67000000
2018-02-27 20:06:06,0.00145790,4.94000000
2018-02-27 20:06:06,0.00145800,70.64000000
2018-02-27 20:06:06,0.00145660,320.99000000
2018-02-27 20:06:06,0.00145640,158.93000000
2018-02-27 20:06:06,0.00145580,47.25000000
2018-02-27 20:06:06,0.00145570,131.43000000
2018-02-27 20:06:06,0.00145530,105.94000000
2018-02-27 20:06:06,0.00145520,913.06000000
2018-02-27 20:06:06,0.00145700,25.00000000
2018-02-27 20:06:06,0.00145520,0.84000000
2018-02-27 20:06:06,0.00145640,35.88000000
2018-02-27 20:06:07,0.00145520,3.11000000
2018-02-27 20:06:07,0.00145640,43.84000000
2018-02-27 20:06:07,0.00145590,0.75000000
2018-02-27 20:06:07,0.00145520,137.03000000
2018-02-27 20:06:07,0.00145520,1.74000000
2018-02-27 20:06:07,0.00145520,51.64000000
2018-02-27 20:06:07,0.00145520,1.76000000
2018-02-27 20:06:07,0.00145640,7.90000000
2018-02-27 20:06:07,0.00145520,24.16000000
2018-02-27 20:06:08,0.00145520,48.52000000
2018-02-27 20:06:08,0.00145640,46.66000000
2018-02-27 20:06:08,0.00145520,5.14000000
2018-02-27 20:06:09,0.00145520,3.40000000
2018-02-27 20:06:09,0.00145520,2.44000000
2018-02-27 20:06:09,0.00145520,167.45000000
2018-02-27 20:06:09,0.00145520,3.44000000
2018-02-27 20:06:09,0.00145520,3.48000000
2018-02-27 20:06:09,0.00145520,5.49000000
2018-02-27 20:06:09,0.00145520,37.21000000
2018-02-27 20:06:09,0.00145520,2.08000000
2018-02-27 20:06:09,0.00145520,37.36000000
2018-02-27 20:06:09,0.00145520,2.09000000
2018-02-27 20:06:09,0.00145520,5.00000000
2018-02-27 20:06:09,0.00145520,3.46000000
2018-02-27 20:06:10,0.00145520,3.48000000
2018-02-27 20:06:10,0.00145520,19.99000000
2018-02-27 20:06:10,0.00145520,0.83000000
2018-02-27 20:06:10,0.00145520,3.45000000
2018-02-27 20:06:10,0.00145520,3.48000000
2018-02-27 20:06:10,0.00145530,12.03000000
2018-02-27 20:06:10,0.00145520,21.01000000
2018-02-27 20:06:11,0.00145520,257.20000000
2018-02-27 20:06:11,0.00145520,180.81000000
2018-02-27 20:06:11,0.00145500,239.36000000
2018-02-27 20:06:11,0.00145360,20.00000000
2018-02-27 20:06:11,0.00145300,1.39000000
2018-02-27 20:06:11,0.00145300,8.67000000
2018-02-27 20:06:11,0.00145220,9.97000000
2018-02-27 20:06:11,0.00145020,46.19000000
2018-02-27 20:06:11,0.00145160,2.08000000
2018-02-27 20:06:11,0.00145160,2.08000000
2018-02-27 20:06:11,0.00145160,0.91000000
2018-02-27 20:06:12,0.00145080,0.90000000
2018-02-27 20:06:12,0.00145020,12.08000000
2018-02-27 20:06:13,0.00145030,21.01000000
2018-02-27 20:06:13,0.00145030,8.00000000
2018-02-27 20:06:13,0.00145030,3.44000000
2018-02-27 20:06:13,0.00145030,2.02000000
2018-02-27 20:06:13,0.00145030,31.57000000
2018-02-27 20:06:14,0.00145010,4.16000000
2018-02-27 20:06:14,0.00145010,63.94000000
2018-02-27 20:06:14,0.00145030,4.75000000
2018-02-27 20:06:14,0.00145140,40.22000000
2018-02-27 20:06:14,0.00145010,8.18000000
2018-02-27 20:06:15,0.00145140,25.82000000
2018-02-27 20:06:15,0.00145150,24.10000000
2018-02-27 20:06:15,0.00145150,1.24000000
2018-02-27 20:06:15,0.00145010,1.75000000
2018-02-27 20:06:15,0.00145010,1.53000000
2018-02-27 20:06:15,0.00145010,25.55000000
2018-02-27 20:06:15,0.00145150,2.95000000
2018-02-27 20:06:15,0.00145010,15.75000000
2018-02-27 20:06:15,0.00145000,8.26000000
2018-02-27 20:06:15,0.00145150,27.96000000
2018-02-27 20:06:15,0.00145160,43.55000000
2018-02-27 20:06:16,0.00145000,20.79000000
2018-02-27 20:06:16,0.00145000,0.84000000
2018-02-27 20:06:16,0.00145000,18.25000000
2018-02-27 20:06:16,0.00145010,3.06000000
2018-02-27 20:06:16,0.00145010,1.17000000
2018-02-27 20:06:17,0.00145010,0.84000000
2018-02-27 20:06:17,0.00145010,1.84000000
2018-02-27 20:06:17,0.00145010,2.14000000
2018-02-27 20:06:17,0.00145010,3.57000000
2018-02-27 20:06:17,0.00145010,7.16000000
2018-02-27 20:06:17,0.00145010,6.73000000
2018-02-27 20:06:17,0.00145010,7.24000000
2018-02-27 20:06:17,0.00145010,4.04000000
2018-02-27 20:06:17,0.00145010,1.68000000
2018-02-27 20:06:17,0.00145010,141.99000000
2018-02-27 20:06:17,0.00145000,3.57000000
2018-02-27 20:06:17,0.00145160,218.74000000
2018-02-27 20:06:17,0.00145300,4.94000000
2018-02-27 20:06:18,0.00145000,16.53000000
2018-02-27 20:06:18,0.00145000,418.59000000
2018-02-27 20:06:18,0.00145010,6.50000000
2018-02-27 20:06:19,0.00145300,4.09000000
2018-02-27 20:06:19,0.00145010,7.00000000
2018-02-27 20:06:19,0.00145010,1.40000000
2018-02-27 20:06:19,0.00145010,10.14000000
2018-02-27 20:06:19,0.00145010,43.92000000
2018-02-27 20:06:20,0.00145000,3.97000000
2018-02-27 20:06:20,0.00145000,6.88000000
2018-02-27 20:06:20,0.00145000,8.16000000
2018-02-27 20:06:20,0.00144870,0.84000000
2018-02-27 20:06:21,0.00145000,14.89000000
2018-02-27 20:06:21,0.00144820,9.40000000
2018-02-27 20:06:21,0.00144810,5.00000000
2018-02-27 20:06:21,0.00144800,20.00000000
2018-02-27 20:06:21,0.00144790,20.46000000
2018-02-27 20:06:21,0.00144770,103.61000000
2018-02-27 20:06:21,0.00144720,57.36000000
2018-02-27 20:06:21,0.00145000,18.25000000
2018-02-27 20:06:22,0.00145000,3.45000000
2018-02-27 20:06:23,0.00145000,13.75000000
2018-02-27 20:06:23,0.00145000,6.12000000
2018-02-27 20:06:23,0.00144720,45.70000000
2018-02-27 20:06:23,0.00144720,7.58000000
2018-02-27 20:06:24,0.00144720,0.86000000
2018-02-27 20:06:24,0.00145000,10.17000000
2018-02-27 20:06:25,0.00145000,7.51000000
2018-02-27 20:06:25,0.00144720,61.94000000
2018-02-27 20:06:25,0.00144720,1.76000000
2018-02-27 20:06:25,0.00144720,2.81000000
2018-02-27 20:06:25,0.00145000,4.26000000
2018-02-27 20:06:25,0.00144720,2.57000000
2018-02-27 20:06:25,0.00145000,4.65000000
2018-02-27 20:06:26,0.00145000,40.00000000
2018-02-27 20:06:26,0.00144710,1.54000000
2018-02-27 20:06:26,0.00144710,0.81000000
2018-02-27 20:06:27,0.00144780,1.66000000
2018-02-27 20:06:27,0.00144780,17.56000000
2018-02-27 20:06:27,0.00144780,3.05000000
2018-02-27 20:06:27,0.00144700,7.04000000
2018-02-27 20:06:27,0.00144990,5.00000000
2018-02-27 20:06:28,0.00144700,3.50000000
2018-02-27 20:06:28,0.00144990,1.30000000
2018-02-27 20:06:28,0.00144700,0.84000000
2018-02-27 20:06:28,0.00144990,62.78000000
2018-02-27 20:06:28,0.00145000,181.02000000
2018-02-27 20:06:28,0.00144700,7.02000000
2018-02-27 20:06:29,0.00144700,3.26000000
2018-02-27 20:06:29,0.00144690,63.86000000
2018-02-27 20:06:29,0.00144670,15.00000000
2018-02-27 20:06:29,0.00144650,3.46000000
2018-02-27 20:06:29,0.00144600,33.22000000
2018-02-27 20:06:29,0.00144710,0.84000000
2018-02-27 20:06:29,0.00144710,1.75000000
2018-02-27 20:06:29,0.00144710,1.89000000
2018-02-27 20:06:29,0.00144600,1.35000000
2018-02-27 20:06:29,0.00144570,5.69000000
2018-02-27 20:06:30,0.00144630,3.39000000
2018-02-27 20:06:30,0.00144710,13.34000000
2018-02-27 20:06:30,0.00144570,1.94000000
2018-02-27 20:06:30,0.00144510,0.11000000
2018-02-27 20:06:31,0.00144710,13.28000000
2018-02-27 20:06:31,0.00144500,5.86000000
2018-02-27 20:06:31,0.00144700,4.48000000
2018-02-27 20:06:31,0.00144710,0.06000000
2018-02-27 20:06:32,0.00144710,2.10000000
2018-02-27 20:06:32,0.00144710,0.27000000
2018-02-27 20:06:33,0.00144520,50.00000000
2018-02-27 20:06:33,0.00144860,16.90000000
2018-02-27 20:06:33,0.00144860,3.83000000
2018-02-27 20:06:33,0.00144870,24.16000000
2018-02-27 20:06:33,0.00144870,3.19000000
2018-02-27 20:06:33,0.00144870,0.83000000
2018-02-27 20:06:33,0.00144870,11.00000000
2018-02-27 20:06:33,0.00144860,10.17000000
2018-02-27 20:06:33,0.00144860,1.75000000
2018-02-27 20:06:33,0.00144860,1.48000000
2018-02-27 20:06:34,0.00144860,7.60000000
2018-02-27 20:06:34,0.00144500,161.47000000
2018-02-27 20:06:35,0.00144700,0.83000000
2018-02-27 20:06:35,0.00144700,4.90000000
2018-02-27 20:06:35,0.00144700,3.15000000
2018-02-27 20:06:35,0.00144510,7.68000000
2018-02-27 20:06:35,0.00144510,7.86000000
2018-02-27 20:06:36,0.00144520,3.28000000
2018-02-27 20:06:36,0.00144520,1.93000000
2018-02-27 20:06:36,0.00144510,10.45000000
2018-02-27 20:06:37,0.00144710,7.05000000
2018-02-27 20:06:37,0.00144710,2.10000000
2018-02-27 20:06:37,0.00144840,50.00000000
2018-02-27 20:06:37,0.00144850,15.54000000
2018-02-27 20:06:37,0.00144860,11.45000000
2018-02-27 20:06:37,0.00144870,123.01000000
2018-02-27 20:06:37,0.00144830,1.73000000
2018-02-27 20:06:38,0.00144710,1.75000000
2018-02-27 20:06:38,0.00144710,289.48000000
2018-02-27 20:06:38,0.00144710,28.03000000
2018-02-27 20:06:38,0.00144710,4.34000000
2018-02-27 20:06:38,0.00144710,1.75000000
2018-02-27 20:06:38,0.00144710,1.74000000
2018-02-27 20:06:38,0.00144710,7.22000000
2018-02-27 20:06:38,0.00144710,1.55000000
2018-02-27 20:06:38,0.00144710,4.18000000
2018-02-27 20:06:38,0.00144710,2.71000000
2018-02-27 20:06:39,0.00144710,2.48000000
2018-02-27 20:06:39,0.00144720,8.72000000
2018-02-27 20:06:39,0.00144790,3.49000000
2018-02-27 20:06:39,0.00144790,2.78000000
2018-02-27 20:06:39,0.00144790,14.00000000
2018-02-27 20:06:39,0.00144790,2.34000000
2018-02-27 20:06:39,0.00144790,5.56000000
2018-02-27 20:06:39,0.00144790,0.79000000
2018-02-27 20:06:39,0.00144790,3.51000000
2018-02-27 20:06:40,0.00144790,15.28000000
2018-02-27 20:06:40,0.00144790,3.47000000
2018-02-27 20:06:40,0.00144790,0.84000000
2018-02-27 20:06:40,0.00144790,1.75000000
2018-02-27 20:06:40,0.00144790,4.42000000
2018-02-27 20:06:40,0.00144790,3.96000000
2018-02-27 20:06:41,0.00144790,3.52000000
2018-02-27 20:06:41,0.00144830,2.08000000
2018-02-27 20:06:41,0.00144870,7.02000000
2018-02-27 20:06:41,0.00144870,49.49000000
2018-02-27 20:06:41,0.00144790,37.92000000
2018-02-27 20:06:41,0.00144790,1.76000000
2018-02-27 20:06:42,0.00144790,6.90000000
2018-02-27 20:06:42,0.00144790,301.37000000
2018-02-27 20:06:42,0.00144790,12.79000000
2018-02-27 20:06:42,0.00144790,1.60000000
2018-02-27 20:06:42,0.00144790,9.18000000
2018-02-27 20:06:42,0.00144800,2.27000000
2018-02-27 20:06:42,0.00144800,1.56000000
2018-02-27 20:06:43,0.00144800,6.74000000
2018-02-27 20:06:43,0.00144800,2.92000000
2018-02-27 20:06:43,0.00144800,1.61000000
2018-02-27 20:06:43,0.00144800,9.41000000
2018-02-27 20:06:43,0.00144820,6.21000000
2018-02-27 20:06:43,0.00144800,2.09000000
2018-02-27 20:06:43,0.00144800,1.40000000
2018-02-27 20:06:43,0.00144820,0.68000000
2018-02-27 20:06:43,0.00144870,15.75000000
2018-02-27 20:06:44,0.00144800,7.00000000
2018-02-27 20:06:44,0.00144800,1.75000000
2018-02-27 20:06:44,0.00144830,90.72000000
2018-02-27 20:06:44,0.00144830,3.44000000
2018-02-27 20:06:44,0.00144830,2.10000000
2018-02-27 20:06:45,0.00144870,11.89000000
2018-02-27 20:06:45,0.00144830,4.46000000
2018-02-27 20:06:45,0.00144800,0.45000000
2018-02-27 20:06:45,0.00144800,3.19000000
2018-02-27 20:06:46,0.00144800,1.32000000
2018-02-27 20:06:46,0.00144800,1.25000000
2018-02-27 20:06:46,0.00144800,3.50000000
2018-02-27 20:06:46,0.00144800,3.52000000
2018-02-27 20:06:46,0.00144800,0.77000000
2018-02-27 20:06:47,0.00144870,8.86000000
2018-02-27 20:06:48,0.00144800,2.67000000
2018-02-27 20:06:48,0.00144800,6.83000000
2018-02-27 20:06:48,0.00144800,3.16000000
2018-02-27 20:06:48,0.00144800,1.24000000
2018-02-27 20:06:49,0.00144870,23.79000000
2018-02-27 20:06:49,0.00144800,41.14000000
2018-02-27 20:06:49,0.00144870,256.38000000
2018-02-27 20:06:50,0.00144870,0.73000000
2018-02-27 20:06:50,0.00144870,64.34000000
2018-02-27 20:06:51,0.00145000,1145.70000000
2018-02-27 20:06:51,0.00145000,9.00000000
2018-02-27 20:06:51,0.00145000,7.07000000
2018-02-27 20:06:51,0.00145000,3.52000000
2018-02-27 20:06:52,0.00145010,3.43000000
2018-02-27 20:06:53,0.00145010,78.95000000
2018-02-27 20:06:53,0.00145050,1.39000000
2018-02-27 20:06:53,0.00145130,103.61000000
2018-02-27 20:06:54,0.00145220,21.13000000
2018-02-27 20:06:54,0.00145300,0.69000000
2018-02-27 20:06:54,0.00145020,6.89000000
2018-02-27 20:06:54,0.00145000,6.97000000
2018-02-27 20:06:55,0.00145200,6.89000000
2018-02-27 20:06:56,0.00145120,1.71000000
2018-02-27 20:06:56,0.00145130,1.59000000
2018-02-27 20:06:57,0.00145300,18.17000000
2018-02-27 20:06:57,0.00145310,5.21000000
2018-02-27 20:06:57,0.00145210,18.73000000
2018-02-27 20:06:57,0.00145210,2.92000000
2018-02-27 20:06:57,0.00145240,5.00000000
2018-02-27 20:06:58,0.00145300,3.52000000
2018-02-27 20:06:58,0.00145360,19.86000000
2018-02-27 20:06:59,0.00145230,6.89000000
2018-02-27 20:06:59,0.00145200,6.69000000
2018-02-27 20:07:00,0.00145290,0.71000000
2018-02-27 20:07:00,0.00145290,1.72000000
2018-02-27 20:07:00,0.00145290,4.73000000
2018-02-27 20:07:00,0.00145200,1.03000000
2018-02-27 20:07:00,0.00145280,1.59000000
2018-02-27 20:07:00,0.00145300,10.44000000
2018-02-27 20:07:00,0.00145290,19.15000000
2018-02-27 20:07:02,0.00145290,0.34000000
2018-02-27 20:07:02,0.00145300,0.38000000
2018-02-27 20:07:04,0.00145290,2.44000000
2018-02-27 20:07:05,0.00145300,1.13000000
2018-02-27 20:07:05,0.00145300,6.88000000
2018-02-27 20:07:05,0.00145300,48.82000000
2018-02-27 20:07:06,0.00145300,445.55000000
2018-02-27 20:07:07,0.00145500,8.91000000
2018-02-27 20:07:07,0.00145510,111.39000000
2018-02-27 20:07:07,0.00145520,287.64000000
2018-02-27 20:07:07,0.00145520,18.84000000
2018-02-27 20:07:10,0.00145320,6.11000000
2018-02-27 20:07:10,0.00145320,7.29000000
2018-02-27 20:07:10,0.00145500,167.34000000
2018-02-27 20:07:10,0.00145500,282.21000000
2018-02-27 20:07:10,0.00145520,170.34000000
2018-02-27 20:07:10,0.00145520,47.49000000
2018-02-27 20:07:10,0.00145640,0.37000000
2018-02-27 20:07:11,0.00145420,9.48000000
2018-02-27 20:07:11,0.00145420,87.76000000
2018-02-27 20:07:11,0.00145420,9.48000000
2018-02-27 20:07:11,0.00145500,5.95000000
2018-02-27 20:07:11,0.00145340,6.89000000
2018-02-27 20:07:11,0.00145310,6.89000000
2018-02-27 20:07:11,0.00145300,46.14000000
2018-02-27 20:07:11,0.00145480,6.89000000
2018-02-27 20:07:11,0.00145500,6.89000000
2018-02-27 20:07:12,0.00145630,13.40000000
2018-02-27 20:07:12,0.00145640,79.10000000
2018-02-27 20:07:12,0.00145640,1.51000000
2018-02-27 20:07:13,0.00145640,10.49000000
2018-02-27 20:07:14,0.00145640,41.95000000
2018-02-27 20:07:14,0.00145660,0.03000000
2018-02-27 20:07:14,0.00145640,27.04000000
2018-02-27 20:07:14,0.00145640,6.86000000
2018-02-27 20:07:14,0.00145640,1.03000000
2018-02-27 20:07:15,0.00145640,4.19000000
2018-02-27 20:07:15,0.00145640,11.09000000
2018-02-27 20:07:15,0.00145640,1.00000000
2018-02-27 20:07:16,0.00145640,14.10000000
2018-02-27 20:07:16,0.00145640,1.12000000
2018-02-27 20:07:16,0.00145640,33.98000000
2018-02-27 20:07:16,0.00145640,1.06000000
2018-02-27 20:07:17,0.00145660,3.43000000
2018-02-27 20:07:17,0.00145700,5.00000000
2018-02-27 20:07:17,0.00145720,2.35000000
2018-02-27 20:07:17,0.00145750,0.46000000
2018-02-27 20:07:17,0.00145700,3.40000000
2018-02-27 20:07:18,0.00145700,54.00000000
2018-02-27 20:07:18,0.00145750,0.28000000
2018-02-27 20:07:20,0.00145750,4.33000000
2018-02-27 20:07:20,0.00145700,309.01000000
2018-02-27 20:07:20,0.00145650,73.86000000
2018-02-27 20:07:20,0.00145650,3.56000000
2018-02-27 20:07:20,0.00145640,296.50000000
2018-02-27 20:07:20,0.00145790,7.47000000
2018-02-27 20:07:20,0.00145790,117.00000000
2018-02-27 20:07:20,0.00145790,239.69000000
2018-02-27 20:07:21,0.00145540,6.89000000
2018-02-27 20:07:21,0.00145520,78.48000000
2018-02-27 20:07:21,0.00145470,57.71000000
2018-02-27 20:07:21,0.00145460,128.52000000
2018-02-27 20:07:21,0.00145640,6.47000000
2018-02-27 20:07:22,0.00145640,382.43000000
2018-02-27 20:07:23,0.00145650,17.09000000
2018-02-27 20:07:23,0.00145520,204.15000000
2018-02-27 20:07:23,0.00145500,26.53000000
2018-02-27 20:07:23,0.00145660,57.71000000
2018-02-27 20:07:23,0.00145680,31.29000000
2018-02-27 20:07:23,0.00145680,35.17000000
2018-02-27 20:07:24,0.00145380,27.10000000
2018-02-27 20:07:24,0.00145380,4.86000000
2018-02-27 20:07:24,0.00145680,139.35000000
2018-02-27 20:07:24,0.00145680,13.50000000
2018-02-27 20:07:24,0.00145680,2.78000000
2018-02-27 20:07:24,0.00145680,221.24000000
2018-02-27 20:07:24,0.00145680,3.48000000
2018-02-27 20:07:24,0.00145680,1.73000000
2018-02-27 20:07:25,0.00145680,466.62000000
2018-02-27 20:07:25,0.00145380,11.34000000
2018-02-27 20:07:25,0.00145380,9.29000000
2018-02-27 20:07:25,0.00145370,6.89000000
2018-02-27 20:07:25,0.00145360,10.72000000
2018-02-27 20:07:25,0.00145340,6.76000000
2018-02-27 20:07:25,0.00145300,73.30000000
2018-02-27 20:07:25,0.00145290,24.91000000
2018-02-27 20:07:25,0.00145220,44.59000000
2018-02-27 20:07:26,0.00145630,20.00000000
2018-02-27 20:07:26,0.00145640,6.89000000
2018-02-27 20:07:26,0.00145660,31.96000000
2018-02-27 20:07:26,0.00145670,153.91000000
2018-02-27 20:07:26,0.00145700,25.00000000
2018-02-27 20:07:26,0.00145770,6.89000000
2018-02-27 20:07:26,0.00145800,215.30000000
2018-02-27 20:07:26,0.00145800,6.28000000
2018-02-27 20:07:26,0.00145800,1.76000000
2018-02-27 20:07:26,0.00145800,1.67000000
2018-02-27 20:07:26,0.00145800,5.36000000
2018-02-27 20:07:26,0.00145800,1.74000000
2018-02-27 20:07:26,0.00145800,5.36000000
2018-02-27 20:07:26,0.00145800,1.12000000
2018-02-27 20:07:26,0.00145800,74.81000000
2018-02-27 20:07:26,0.00145800,1.74000000
2018-02-27 20:07:26,0.00145800,3.46000000
2018-02-27 20:07:26,0.00145800,13.45000000
2018-02-27 20:07:26,0.00145810,0.90000000
2018-02-27 20:07:26,0.00145810,3.46000000
2018-02-27 20:07:27,0.00145810,15.64000000
2018-02-27 20:07:27,0.00145800,69.82000000
2018-02-27 20:07:27,0.00145700,81.97000000
2018-02-27 20:07:27,0.00145680,21.47000000
2018-02-27 20:07:28,0.00145270,82.34000000
2018-02-27 20:07:28,0.00145260,34.67000000
2018-02-27 20:07:28,0.00145280,5.36000000
2018-02-27 20:07:28,0.00145260,3.41000000
2018-02-27 20:07:28,0.00145270,1.00000000
2018-02-27 20:07:28,0.00145280,2.77000000
2018-02-27 20:07:29,0.00145280,2.79000000
2018-02-27 20:07:29,0.00145560,27.79000000
2018-02-27 20:07:29,0.00145280,3.46000000
2018-02-27 20:07:29,0.00145280,1.95000000
2018-02-27 20:07:30,0.00145280,11.15000000
2018-02-27 20:07:30,0.00145280,2.24000000
2018-02-27 20:07:30,0.00145280,1.32000000
2018-02-27 20:07:30,0.00145280,3.46000000
2018-02-27 20:07:30,0.00145550,44.59000000
2018-02-27 20:07:30,0.00145560,54.55000000
2018-02-27 20:07:30,0.00145570,25.99000000
2018-02-27 20:07:30,0.00145600,10.00000000
2018-02-27 20:07:30,0.00145650,7.83000000
2018-02-27 20:07:30,0.00145650,3.45000000
2018-02-27 20:07:30,0.00145690,6.85000000
2018-02-27 20:07:30,0.00145690,6.85000000
2018-02-27 20:07:30,0.00145690,6.85000000
2018-02-27 20:07:30,0.00145690,6.85000000
2018-02-27 20:07:30,0.00145650,3.47000000
2018-02-27 20:07:30,0.00145690,6.85000000
2018-02-27 20:07:30,0.00145690,6.85000000
2018-02-27 20:07:31,0.00145690,6.85000000
2018-02-27 20:07:31,0.00145650,14.72000000
2018-02-27 20:07:31,0.00145650,1.46000000
2018-02-27 20:07:31,0.00145690,1.10000000
2018-02-27 20:07:31,0.00145690,0.83000000
2018-02-27 20:07:31,0.00145700,1.00000000
2018-02-27 20:07:31,0.00145800,4.26000000
2018-02-27 20:07:31,0.00145800,5.13000000
2018-02-27 20:07:31,0.00145650,2.23000000
2018-02-27 20:07:32,0.00145650,12.24000000
2018-02-27 20:07:32,0.00145800,1.42000000
2018-02-27 20:07:32,0.00145650,1.74000000
2018-02-27 20:07:32,0.00145680,6.85000000
2018-02-27 20:07:32,0.00145650,7.88000000
2018-02-27 20:07:32,0.00145680,6.85000000
2018-02-27 20:07:32,0.00145680,1.13000000
2018-02-27 20:07:32,0.00145680,6.85000000
2018-02-27 20:07:33,0.00145680,6.85000000
2018-02-27 20:07:33,0.00145680,6.85000000
2018-02-27 20:07:33,0.00145680,15.39000000
2018-02-27 20:07:33,0.00145650,130.23000000
2018-02-27 20:07:33,0.00145650,33.92000000
2018-02-27 20:07:33,0.00145650,59.88000000
2018-02-27 20:07:33,0.00145650,45.00000000
2018-02-27 20:07:34,0.00145680,91.13000000
2018-02-27 20:07:34,0.00145650,6.25000000
2018-02-27 20:07:34,0.00145680,49.24000000
2018-02-27 20:07:35,0.00145650,1.27000000
2018-02-27 20:07:35,0.00145650,5.52000000
2018-02-27 20:07:35,0.00145660,103.92000000
2018-02-27 20:07:35,0.00145650,20.00000000
2018-02-27 20:07:36,0.00145680,117.13000000
2018-02-27 20:07:36,0.00145800,8.56000000
2018-02-27 20:07:36,0.00145860,202.23000000
2018-02-27 20:07:37,0.00145860,12.30000000
2018-02-27 20:07:37,0.00145690,0.37000000
2018-02-27 20:07:37,0.00145690,3.05000000
2018-02-27 20:07:38,0.00145690,3.43000000
2018-02-27 20:07:38,0.00145680,4.35000000
2018-02-27 20:07:38,0.00145800,60.00000000
2018-02-27 20:07:39,0.00145800,10.00000000
2018-02-27 20:07:39,0.00145790,1.29000000
2018-02-27 20:07:40,0.00145790,2.13000000
2018-02-27 20:07:40,0.00145800,18.00000000
2018-02-27 20:07:41,0.00145800,3.72000000
2018-02-27 20:07:41,0.00145800,0.01000000
2018-02-27 20:07:44,0.00145800,139.10000000
2018-02-27 20:07:44,0.00145730,1.53000000
2018-02-27 20:07:44,0.00145860,223.63000000
2018-02-27 20:07:44,0.00145870,122.31000000
2018-02-27 20:07:44,0.00145900,267.16000000
2018-02-27 20:07:44,0.00145940,16.87000000
2018-02-27 20:07:44,0.00145950,0.90000000
2018-02-27 20:07:44,0.00145970,4.50000000
2018-02-27 20:07:44,0.00145980,6.49000000
2018-02-27 20:07:44,0.00145990,297.13000000
2018-02-27 20:07:45,0.00145900,6.85000000
2018-02-27 20:07:46,0.00145900,4.00000000
2018-02-27 20:07:46,0.00145990,96.05000000
2018-02-27 20:07:47,0.00145900,1.74000000
2018-02-27 20:07:47,0.00145990,481.84000000
2018-02-27 20:07:48,0.00146000,1013.00000000
2018-02-27 20:07:48,0.00145990,119.15000000
2018-02-27 20:07:48,0.00146090,52.06000000
2018-02-27 20:07:48,0.00146100,310.64000000
2018-02-27 20:07:48,0.00146130,6.02000000
2018-02-27 20:07:48,0.00146140,7.12000000
2018-02-27 20:07:48,0.00146150,26.95000000
2018-02-27 20:07:48,0.00146170,10.55000000
2018-02-27 20:07:48,0.00145900,1.30000000
2018-02-27 20:07:48,0.00146180,13.63000000
2018-02-27 20:07:48,0.00146200,62.00000000
2018-02-27 20:07:48,0.00146210,29.47000000
2018-02-27 20:07:48,0.00146230,25.00000000
2018-02-27 20:07:49,0.00146260,4.16000000
2018-02-27 20:07:50,0.00146290,41.87000000
2018-02-27 20:07:50,0.00146310,101.94000000
2018-02-27 20:07:50,0.00146320,34.55000000
2018-02-27 20:07:50,0.00146320,357.59000000
2018-02-27 20:07:50,0.00146330,35.16000000
2018-02-27 20:07:50,0.00146230,33.20000000
2018-02-27 20:07:51,0.00146380,12.05000000
2018-02-27 20:07:51,0.00146400,1.00000000
2018-02-27 20:07:51,0.00146410,0.94000000
2018-02-27 20:07:51,0.00146440,6.91000000
2018-02-27 20:07:51,0.00146450,1.40000000
2018-02-27 20:07:51,0.00146470,52.88000000
2018-02-27 20:07:51,0.00146120,68.44000000
2018-02-27 20:07:51,0.00146110,67.11000000
2018-02-27 20:07:52,0.00146130,20.52000000
2018-02-27 20:07:52,0.00146120,54.84000000
2018-02-27 20:07:52,0.00146110,76.47000000
2018-02-27 20:07:52,0.00146010,57.60000000
2018-02-27 20:07:52,0.00146000,1276.57000000
2018-02-27 20:07:53,0.00146290,18.47000000
2018-02-27 20:07:53,0.00146190,1.38000000
2018-02-27 20:07:53,0.00146190,44.00000000
2018-02-27 20:07:54,0.00146190,23.06000000
2018-02-27 20:07:54,0.00146200,26.11000000
2018-02-27 20:07:54,0.00146380,57.60000000
2018-02-27 20:07:54,0.00146390,7.58000000
2018-02-27 20:07:54,0.00146410,15.97000000
2018-02-27 20:07:54,0.00146410,0.11000000
2018-02-27 20:07:54,0.00146420,9.89000000
2018-02-27 20:07:55,0.00146420,10.63000000
2018-02-27 20:07:55,0.00146480,38.76000000
2018-02-27 20:07:55,0.00146500,52.66000000
2018-02-27 20:07:55,0.00146140,68.42000000
2018-02-27 20:07:55,0.00146130,6.89000000
2018-02-27 20:07:55,0.00146010,44.00000000
2018-02-27 20:07:55,0.00146000,935.63000000
2018-02-27 20:07:56,0.00146410,0.07000000
2018-02-27 20:07:56,0.00146040,6.89000000
2018-02-27 20:07:56,0.00146030,7.00000000
2018-02-27 20:07:56,0.00146380,22.59000000
2018-02-27 20:07:57,0.00146380,1.71000000
2018-02-27 20:07:57,0.00146290,3.68000000
2018-02-27 20:07:58,0.00146290,6.95000000
2018-02-27 20:07:58,0.00146300,2.46000000
2018-02-27 20:07:58,0.00146290,2.19000000
2018-02-27 20:07:59,0.00146290,41.86000000
2018-02-27 20:07:59,0.00146300,4.54000000
2018-02-27 20:07:59,0.00146320,20.00000000
2018-02-27 20:07:59,0.00146320,2.06000000
2018-02-27 20:07:59,0.00146320,6.91000000
2018-02-27 20:08:00,0.00146380,23.00000000
2018-02-27 20:08:00,0.00146320,40.86000000
2018-02-27 20:08:01,0.00146390,6.50000000
2018-02-27 20:08:02,0.00146390,0.39000000
2018-02-27 20:08:02,0.00146400,0.91000000
2018-02-27 20:08:03,0.00146350,61.48000000
2018-02-27 20:08:03,0.00146350,49.11000000
2018-02-27 20:08:03,0.00146320,154.53000000
2018-02-27 20:08:03,0.00146290,10.00000000
2018-02-27 20:08:03,0.00146140,3.22000000
2018-02-27 20:08:03,0.00146130,4.00000000
2018-02-27 20:08:03,0.00146100,12.89000000
2018-02-27 20:08:03,0.00146350,29.08000000
2018-02-27 20:08:03,0.00146350,81.51000000
2018-02-27 20:08:03,0.00146390,0.05000000
2018-02-27 20:08:04,0.00146390,675.89000000
2018-02-27 20:08:04,0.00146390,330.48000000
2018-02-27 20:08:04,0.00146400,1.06000000
2018-02-27 20:08:04,0.00146400,20.88000000
2018-02-27 20:08:04,0.00146400,2.79000000
2018-02-27 20:08:04,0.00146400,69.77000000
2018-02-27 20:08:05,0.00146400,286.21000000
2018-02-27 20:08:06,0.00146320,4.72000000
2018-02-27 20:08:06,0.00146370,54.58000000
2018-02-27 20:08:06,0.00146370,9.86000000
2018-02-27 20:08:06,0.00146370,186.37000000
2018-02-27 20:08:07,0.00146370,21.72000000
2018-02-27 20:08:07,0.00146370,32.09000000
2018-02-27 20:08:07,0.00146370,10.78000000
2018-02-27 20:08:07,0.00146390,23.22000000
2018-02-27 20:08:07,0.00146320,77.99000000
2018-02-27 20:08:08,0.00146320,1.77000000
2018-02-27 20:08:08,0.00146320,113.10000000
2018-02-27 20:08:08,0.00146230,20.99000000
2018-02-27 20:08:08,0.00146170,0.75000000
2018-02-27 20:08:08,0.00146160,6.89000000
2018-02-27 20:08:08,0.00146100,77.90000000
2018-02-27 20:08:08,0.00146040,57.35000000
2018-02-27 20:08:08,0.00146020,122.33000000
2018-02-27 20:08:08,0.00146010,8.63000000
2018-02-27 20:08:09,0.00146320,11.49000000
2018-02-27 20:08:09,0.00146320,9.05000000
2018-02-27 20:08:09,0.00146330,6.89000000
2018-02-27 20:08:09,0.00146350,7.59000000
2018-02-27 20:08:09,0.00146390,186.03000000
2018-02-27 20:08:09,0.00146370,10.00000000
2018-02-27 20:08:09,0.00146040,0.83000000
2018-02-27 20:08:10,0.00146040,6.06000000
2018-02-27 20:08:10,0.00146020,1.53000000
2018-02-27 20:08:10,0.00146020,3.24000000
2018-02-27 20:08:11,0.00146280,4.75000000
2018-02-27 20:08:11,0.00146010,1.44000000
2018-02-27 20:08:11,0.00146000,124.43000000
2018-02-27 20:08:11,0.00146160,2.67000000
2018-02-27 20:08:11,0.00146000,36.69000000
2018-02-27 20:08:11,0.00146280,0.02000000
2018-02-27 20:08:11,0.00146290,27.51000000
2018-02-27 20:08:11,0.00146290,19.84000000
2018-02-27 20:08:11,0.00146300,6.89000000
2018-02-27 20:08:11,0.00146320,0.32000000
2018-02-27 20:08:12,0.00146010,68.48000000
2018-02-27 20:08:12,0.00146000,1.46000000
2018-02-27 20:08:12,0.00146030,6.89000000
2018-02-27 20:08:12,0.00146010,1.73000000
2018-02-27 20:08:12,0.00146010,1.74000000
2018-02-27 20:08:12,0.00146010,2.43000000
2018-02-27 20:08:12,0.00146010,2.06000000
2018-02-27 20:08:12,0.00146010,8.17000000
2018-02-27 20:08:12,0.00146010,4.41000000
2018-02-27 20:08:12,0.00146000,14.71000000
2018-02-27 20:08:13,0.00146000,7.36000000
2018-02-27 20:08:13,0.00146010,8.99000000
2018-02-27 20:08:13,0.00146010,16.36000000
2018-02-27 20:08:13,0.00146010,1.73000000
2018-02-27 20:08:13,0.00146010,3.95000000
2018-02-27 20:08:13,0.00146010,1.62000000
2018-02-27 20:08:13,0.00146010,2.08000000
2018-02-27 20:08:13,0.00146010,6.98000000
2018-02-27 20:08:13,0.00146020,1.53000000
2018-02-27 20:08:13,0.00146020,2.76000000
2018-02-27 20:08:13,0.00146020,2.35000000
2018-02-27 20:08:13,0.00146020,1.74000000
2018-02-27 20:08:13,0.00146020,3.45000000
2018-02-27 20:08:13,0.00146020,1.73000000
2018-02-27 20:08:13,0.00146020,8.17000000
2018-02-27 20:08:13,0.00146020,2.70000000
2018-02-27 20:08:13,0.00146020,2.10000000
2018-02-27 20:08:13,0.00146020,7.56000000
2018-02-27 20:08:13,0.00146020,1.73000000
2018-02-27 20:08:13,0.00146020,3.45000000
2018-02-27 20:08:13,0.00146290,68.48000000
2018-02-27 20:08:13,0.00146300,6.89000000
2018-02-27 20:08:13,0.00146320,76.42000000
2018-02-27 20:08:13,0.00146390,240.85000000
2018-02-27 20:08:13,0.00146400,7.00000000
2018-02-27 20:08:14,0.00146400,84.87000000
2018-02-27 20:08:14,0.00146020,15.22000000
2018-02-27 20:08:14,0.00146020,2.08000000
2018-02-27 20:08:14,0.00146020,1.04000000
2018-02-27 20:08:14,0.00146020,3.30000000
2018-02-27 20:08:14,0.00146000,16.62000000
2018-02-27 20:08:14,0.00146000,27.69000000
2018-02-27 20:08:14,0.00146000,1.73000000
2018-02-27 20:08:14,0.00146010,4.82000000
2018-02-27 20:08:14,0.00146010,6.86000000
2018-02-27 20:08:14,0.00146010,1.79000000
2018-02-27 20:08:14,0.00146010,1.73000000
2018-02-27 20:08:14,0.00146010,4.76000000
2018-02-27 20:08:14,0.00146010,2.09000000
2018-02-27 20:08:14,0.00146010,8.80000000
2018-02-27 20:08:14,0.00146010,4.14000000
2018-02-27 20:08:14,0.00146010,1.73000000
2018-02-27 20:08:15,0.00146010,8.26000000
2018-02-27 20:08:15,0.00146020,0.90000000
2018-02-27 20:08:15,0.00146020,4.15000000
2018-02-27 20:08:15,0.00146030,0.83000000
2018-02-27 20:08:15,0.00146100,3.47000000
2018-02-27 20:08:15,0.00146100,1.74000000
2018-02-27 20:08:15,0.00146110,1.73000000
2018-02-27 20:08:15,0.00146110,2.08000000
2018-02-27 20:08:15,0.00146110,17.28000000
2018-02-27 20:08:15,0.00146110,2.08000000
2018-02-27 20:08:15,0.00146110,3.40000000
2018-02-27 20:08:15,0.00146110,10.22000000
2018-02-27 20:08:15,0.00146100,75.51000000
2018-02-27 20:08:15,0.00146100,6.80000000
2018-02-27 20:08:15,0.00146100,4.10000000
2018-02-27 20:08:15,0.00146100,15.94000000
2018-02-27 20:08:15,0.00146100,2.59000000
2018-02-27 20:08:16,0.00146390,25.35000000
2018-02-27 20:08:16,0.00146100,2.58000000
2018-02-27 20:08:16,0.00146100,3.48000000
2018-02-27 20:08:16,0.00146100,1.66000000
2018-02-27 20:08:16,0.00146100,10.68000000
2018-02-27 20:08:16,0.00146100,3.47000000
2018-02-27 20:08:16,0.00146100,1.74000000
2018-02-27 20:08:16,0.00146100,1.39000000
2018-02-27 20:08:16,0.00146100,33.89000000
2018-02-27 20:08:17,0.00146100,3.44000000
2018-02-27 20:08:17,0.00146350,15.20000000
2018-02-27 20:08:17,0.00146050,0.83000000
2018-02-27 20:08:17,0.00146340,6.29000000
2018-02-27 20:08:17,0.00146050,2.80000000
2018-02-27 20:08:17,0.00146050,3.26000000
2018-02-27 20:08:17,0.00146020,69.86000000
2018-02-27 20:08:18,0.00146310,1.56000000
2018-02-27 20:08:19,0.00146120,6.89000000
2018-02-27 20:08:19,0.00146100,6.98000000
2018-02-27 20:08:19,0.00146020,3.47000000
2018-02-27 20:08:19,0.00146290,40.49000000
2018-02-27 20:08:19,0.00146300,0.14000000
2018-02-27 20:08:19,0.00146150,23.64000000
2018-02-27 20:08:19,0.00146150,16.23000000
2018-02-27 20:08:19,0.00146150,3.60000000
2018-02-27 20:08:20,0.00146150,3.00000000
2018-02-27 20:08:20,0.00146150,1.73000000
2018-02-27 20:08:20,0.00146300,49.22000000
2018-02-27 20:08:22,0.00146150,4.08000000
2018-02-27 20:08:22,0.00146150,11.23000000
2018-02-27 20:08:23,0.00146300,9.80000000
2018-02-27 20:08:23,0.00146310,6.49000000
2018-02-27 20:08:23,0.00146300,3.33000000
2018-02-27 20:08:23,0.00146300,1.74000000
2018-02-27 20:08:23,0.00146300,5.24000000
2018-02-27 20:08:24,0.00146300,61.95000000
2018-02-27 20:08:24,0.00146150,3.48000000
2018-02-27 20:08:24,0.00146150,2.77000000
2018-02-27 20:08:24,0.00146300,11.65000000
2018-02-27 20:08:25,0.00146300,98.71000000
2018-02-27 20:08:25,0.00146300,3.40000000
2018-02-27 20:08:25,0.00146310,0.40000000
2018-02-27 20:08:25,0.00146320,36.50000000
2018-02-27 20:08:25,0.00146300,3.44000000
2018-02-27 20:08:25,0.00146300,2.07000000
2018-02-27 20:08:25,0.00146300,50.00000000
2018-02-27 20:08:27,0.00146300,300.13000000
2018-02-27 20:08:27,0.00146150,65.60000000
2018-02-27 20:08:27,0.00146050,79.69000000
2018-02-27 20:08:27,0.00146030,57.37000000
2018-02-27 20:08:27,0.00146020,86.37000000
2018-02-27 20:08:28,0.00146300,45.47000000
2018-02-27 20:08:28,0.00146300,11.17000000
2018-02-27 20:08:29,0.00146300,243.49000000
2018-02-27 20:08:29,0.00146310,57.37000000
2018-02-27 20:08:29,0.00146320,236.34000000
2018-02-27 20:08:29,0.00146330,209.66000000
2018-02-27 20:08:29,0.00146340,20.54000000
2018-02-27 20:08:29,0.00146380,6.89000000
2018-02-27 20:08:29,0.00146390,28.00000000
2018-02-27 20:08:29,0.00146420,203.71000000
2018-02-27 20:08:29,0.00146300,10.05000000
2018-02-27 20:08:29,0.00146300,511.33000000
2018-02-27 20:08:29,0.00146300,13.30000000
2018-02-27 20:08:29,0.00146330,51.69000000
2018-02-27 20:08:30,0.00146390,4.01000000
2018-02-27 20:08:30,0.00146300,4.38000000
2018-02-27 20:08:30,0.00146050,23.60000000
2018-02-27 20:08:30,0.00146050,3.48000000
2018-02-27 20:08:30,0.00146050,1.74000000
2018-02-27 20:08:30,0.00146050,55.60000000
2018-02-27 20:08:30,0.00146040,6.89000000
2018-02-27 20:08:30,0.00146030,6.85000000
2018-02-27 20:08:30,0.00146020,210.48000000
2018-02-27 20:08:30,0.00146280,6.87000000
2018-02-27 20:08:31,0.00146020,4.08000000
2018-02-27 20:08:31,0.00146020,15.27000000
2018-02-27 20:08:31,0.00146020,3.40000000
2018-02-27 20:08:31,0.00146020,13.57000000
2018-02-27 20:08:31,0.00146020,417.78000000
2018-02-27 20:08:31,0.00146010,105.06000000
2018-02-27 20:08:31,0.00146000,385.71000000
2018-02-27 20:08:31,0.00146280,0.02000000
2018-02-27 20:08:31,0.00146290,3.40000000
2018-02-27 20:08:31,0.00146040,3.42000000
2018-02-27 20:08:31,0.00146000,15.79000000
2018-02-27 20:08:32,0.00146270,0.19000000
2018-02-27 20:08:32,0.00146000,0.83000000
2018-02-27 20:08:32,0.00146260,3.65000000
2018-02-27 20:08:33,0.00146250,23.49000000
2018-02-27 20:08:33,0.00146260,28.28000000
2018-02-27 20:08:33,0.00146000,1.06000000
2018-02-27 20:08:33,0.00146020,6.89000000
2018-02-27 20:08:33,0.00146000,64.13000000
2018-02-27 20:08:33,0.00146000,46.13000000
2018-02-27 20:08:33,0.00146000,6.83000000
2018-02-27 20:08:33,0.00146000,1.29000000
2018-02-27 20:08:33,0.00146000,3.42000000
2018-02-27 20:08:33,0.00145990,6.83000000
2018-02-27 20:08:33,0.00146000,200.92000000
2018-02-27 20:08:33,0.00146020,1.06000000
2018-02-27 20:08:34,0.00146200,28.42000000
2018-02-27 20:08:34,0.00146020,194.10000000
2018-02-27 20:08:35,0.00146050,3.61000000
2018-02-27 20:08:35,0.00145990,1.53000000
2018-02-27 20:08:35,0.00146000,55.13000000
2018-02-27 20:08:35,0.00146000,3.42000000
2018-02-27 20:08:36,0.00146000,7.47000000
2018-02-27 20:08:36,0.00145990,2.10000000
2018-02-27 20:08:36,0.00145990,29.02000000
2018-02-27 20:08:36,0.00145990,137.09000000
2018-02-27 20:08:36,0.00145940,1.15000000
2018-02-27 20:08:36,0.00145900,15.00000000
2018-02-27 20:08:36,0.00145860,3.09000000
2018-02-27 20:08:36,0.00145800,22.02000000
2018-02-27 20:08:36,0.00145790,97.61000000
2018-02-27 20:08:37,0.00145990,34.24000000
2018-02-27 20:08:37,0.00145990,170.89000000
2018-02-27 20:08:37,0.00146030,2.04000000
2018-02-27 20:08:37,0.00146190,0.48000000
2018-02-27 20:08:37,0.00146030,17.54000000
2018-02-27 20:08:37,0.00146030,7.68000000
2018-02-27 20:08:37,0.00146030,15.28000000
2018-02-27 20:08:37,0.00145810,6.89000000
2018-02-27 20:08:37,0.00145790,227.31000000
2018-02-27 20:08:37,0.00145740,2.06000000
2018-02-27 20:08:37,0.00145730,0.76000000
2018-02-27 20:08:37,0.00145720,1.38000000
2018-02-27 20:08:37,0.00145710,10.29000000
2018-02-27 20:08:37,0.00145700,102.58000000
2018-02-27 20:08:38,0.00145970,6.89000000
2018-02-27 20:08:38,0.00145990,1.21000000
2018-02-27 20:08:38,0.00145990,9.31000000
2018-02-27 20:08:38,0.00146000,2.43000000
2018-02-27 20:08:38,0.00146000,2.02000000
2018-02-27 20:08:38,0.00146000,2.77000000
2018-02-27 20:08:38,0.00146040,1.74000000
2018-02-27 20:08:39,0.00146040,2.91000000
2018-02-27 20:08:39,0.00146040,2.25000000
2018-02-27 20:08:39,0.00146000,3.29000000
2018-02-27 20:08:39,0.00146000,0.13000000
2018-02-27 20:08:39,0.00145990,24.11000000
2018-02-27 20:08:39,0.00145990,13.82000000
2018-02-27 20:08:39,0.00145990,15.45000000
2018-02-27 20:08:39,0.00145990,0.83000000
2018-02-27 20:08:39,0.00145990,2.78000000
2018-02-27 20:08:40,0.00146000,1.00000000
2018-02-27 20:08:40,0.00145990,2.46000000
2018-02-27 20:08:40,0.00145990,12.70000000
2018-02-27 20:08:40,0.00145740,3.00000000
2018-02-27 20:08:41,0.00145710,1.92000000
2018-02-27 20:08:41,0.00145710,115.34000000
2018-02-27 20:08:41,0.00145700,5.59000000
2018-02-27 20:08:41,0.00145710,1.92000000
2018-02-27 20:08:41,0.00145740,27.83000000
2018-02-27 20:08:42,0.00145740,19.92000000
2018-02-27 20:08:42,0.00145720,27.30000000
2018-02-27 20:08:42,0.00145720,0.77000000
2018-02-27 20:08:42,0.00146000,58.86000000
2018-02-27 20:08:42,0.00145720,2.08000000
2018-02-27 20:08:42,0.00145720,4.09000000
2018-02-27 20:08:42,0.00145720,34.34000000
2018-02-27 20:08:42,0.00145710,16.38000000
2018-02-27 20:08:42,0.00145700,5.28000000
2018-02-27 20:08:42,0.00145700,25.41000000
2018-02-27 20:08:43,0.00145700,12.62000000
2018-02-27 20:08:44,0.00145680,7.74000000
2018-02-27 20:08:44,0.00145970,5.29000000
2018-02-27 20:08:44,0.00145700,3.47000000
2018-02-27 20:08:44,0.00145700,5.44000000
2018-02-27 20:08:44,0.00145700,6.86000000
2018-02-27 20:08:44,0.00145700,0.87000000
2018-02-27 20:08:44,0.00145700,6.86000000
2018-02-27 20:08:44,0.00145700,6.32000000
2018-02-27 20:08:44,0.00145700,1.29000000
2018-02-27 20:08:45,0.00145700,3.85000000
2018-02-27 20:08:45,0.00145700,1.73000000
2018-02-27 20:08:45,0.00145700,58.41000000
2018-02-27 20:08:45,0.00145700,1.73000000
2018-02-27 20:08:45,0.00145700,5.59000000
2018-02-27 20:08:45,0.00145700,1.74000000
2018-02-27 20:08:45,0.00145700,7.56000000
2018-02-27 20:08:45,0.00145700,3.44000000
2018-02-27 20:08:46,0.00145700,3.05000000
2018-02-27 20:08:46,0.00145700,0.97000000
2018-02-27 20:08:46,0.00145700,1.73000000
2018-02-27 20:08:46,0.00145700,13.91000000
2018-02-27 20:08:46,0.00145700,3.40000000
2018-02-27 20:08:46,0.00145700,1.25000000
2018-02-27 20:08:46,0.00145700,1.74000000
2018-02-27 20:08:46,0.00145750,1.04000000
2018-02-27 20:08:46,0.00145750,1.53000000
2018-02-27 20:08:47,0.00145840,63.29000000
2018-02-27 20:08:47,0.00145850,101.43000000
2018-02-27 20:08:47,0.00145750,6.97000000
2018-02-27 20:08:47,0.00145750,4.01000000
2018-02-27 20:08:47,0.00145750,6.12000000
2018-02-27 20:08:48,0.00145750,1.74000000
2018-02-27 20:08:48,0.00145750,12.70000000
2018-02-27 20:08:48,0.00145750,22.29000000
2018-02-27 20:08:48,0.00145750,0.70000000
2018-02-27 20:08:48,0.00145750,65.45000000
2018-02-27 20:08:48,0.00145750,1.54000000
2018-02-27 20:08:48,0.00145750,4.97000000
2018-02-27 20:08:49,0.00145750,1.74000000
2018-02-27 20:08:49,0.00145750,1.74000000
2018-02-27 20:08:49,0.00145750,2.30000000
2018-02-27 20:08:49,0.00145960,10.32000000
2018-02-27 20:08:49,0.00145980,15.04000000
2018-02-27 20:08:49,0.00145770,6.25000000
2018-02-27 20:08:50,0.00145770,6.86000000
2018-02-27 20:08:50,0.00145770,6.86000000
2018-02-27 20:08:50,0.00145770,14.53000000
2018-02-27 20:08:50,0.00145770,3.00000000
2018-02-27 20:08:50,0.00146000,0.35000000
2018-02-27 20:08:51,0.00145770,5.55000000
2018-02-27 20:08:51,0.00145770,45.03000000
2018-02-27 20:08:51,0.00145770,6.86000000
2018-02-27 20:08:51,0.00145770,6.86000000
2018-02-27 20:08:51,0.00145770,6.86000000
2018-02-27 20:08:51,0.00145770,6.86000000
2018-02-27 20:08:51,0.00145770,6.86000000
2018-02-27 20:08:51,0.00145770,6.70000000
2018-02-27 20:08:51,0.00145770,6.86000000
2018-02-27 20:08:51,0.00145770,6.86000000
2018-02-27 20:08:51,0.00145770,6.86000000
2018-02-27 20:08:52,0.00145770,1.67000000
2018-02-27 20:08:52,0.00145770,14.98000000
2018-02-27 20:08:52,0.00145770,1.53000000
2018-02-27 20:08:52,0.00145980,34.00000000
2018-02-27 20:08:52,0.00145990,13.59000000
2018-02-27 20:08:52,0.00146000,206.57000000
2018-02-27 20:08:52,0.00145770,6.86000000
2018-02-27 20:08:52,0.00145770,6.86000000
2018-02-27 20:08:52,0.00145770,6.86000000
2018-02-27 20:08:52,0.00145770,6.86000000
2018-02-27 20:08:52,0.00145770,6.86000000
2018-02-27 20:08:52,0.00145770,3.40000000
2018-02-27 20:08:52,0.00145770,2.51000000
2018-02-27 20:08:52,0.00145770,6.86000000
2018-02-27 20:08:52,0.00145770,3.39000000
2018-02-27 20:08:53,0.00145770,34.13000000
2018-02-27 20:08:53,0.00146000,263.72000000
2018-02-27 20:08:53,0.00146060,5.50000000
2018-02-27 20:08:53,0.00146100,10.18000000
2018-02-27 20:08:53,0.00146100,6.83000000
2018-02-27 20:08:53,0.00146100,350.30000000
2018-02-27 20:08:53,0.00145900,4.14000000
2018-02-27 20:08:53,0.00145900,4.38000000
2018-02-27 20:08:53,0.00145900,9.02000000
2018-02-27 20:08:53,0.00145900,3.74000000
2018-02-27 20:08:54,0.00145900,42.00000000
2018-02-27 20:08:54,0.00145900,1.16000000
2018-02-27 20:08:54,0.00145890,40.11000000
2018-02-27 20:08:54,0.00145890,17.92000000
2018-02-27 20:08:54,0.00145890,23.01000000
2018-02-27 20:08:54,0.00145890,4.13000000
2018-02-27 20:08:54,0.00145890,1.53000000
2018-02-27 20:08:54,0.00145890,6.76000000
2018-02-27 20:08:55,0.00145890,19.65000000
2018-02-27 20:08:56,0.00146060,3.48000000
2018-02-27 20:08:56,0.00146120,64.44000000
2018-02-27 20:08:56,0.00146130,9.56000000
2018-02-27 20:08:56,0.00146060,3.42000000
2018-02-27 20:08:56,0.00146060,2.67000000
2018-02-27 20:08:56,0.00146060,1.39000000
2018-02-27 20:08:57,0.00146100,1.30000000
2018-02-27 20:08:57,0.00146060,5.00000000
2018-02-27 20:08:58,0.00146060,18.90000000
2018-02-27 20:08:58,0.00146150,0.83000000
2018-02-27 20:08:58,0.00146170,3.62000000
2018-02-27 20:08:58,0.00146130,4.09000000
2018-02-27 20:08:58,0.00146130,0.87000000
2018-02-27 20:08:58,0.00146060,14.32000000
2018-02-27 20:08:58,0.00146060,0.85000000
2018-02-27 20:08:58,0.00146060,1.07000000
2018-02-27 20:08:58,0.00146060,6.20000000
2018-02-27 20:08:59,0.00146150,3.42000000
2018-02-27 20:09:00,0.00146150,2.08000000
2018-02-27 20:09:00,0.00146150,3.95000000
2018-02-27 20:09:00,0.00146150,1.74000000
2018-02-27 20:09:01,0.00146160,46.54000000
2018-02-27 20:09:01,0.00146150,15.37000000
2018-02-27 20:09:01,0.00146170,12.01000000
2018-02-27 20:09:02,0.00146150,3.40000000
2018-02-27 20:09:02,0.00146170,110.01000000
2018-02-27 20:09:03,0.00146190,5.35000000
2018-02-27 20:09:04,0.00146190,19.05000000
2018-02-27 20:09:04,0.00146190,12.81000000
2018-02-27 20:09:05,0.00146190,341.33000000
2018-02-27 20:09:05,0.00146200,1.03000000
2018-02-27 20:09:05,0.00146200,2.08000000
2018-02-27 20:09:05,0.00146200,3.41000000
2018-02-27 20:09:06,0.00146180,6.47000000
2018-02-27 20:09:06,0.00146230,37.34000000
2018-02-27 20:09:06,0.00146190,0.82000000
2018-02-27 20:09:06,0.00146190,5.48000000
2018-02-27 20:09:08,0.00146250,2.67000000
2018-02-27 20:09:09,0.00146190,1.52000000
2018-02-27 20:09:09,0.00146190,4.52000000
2018-02-27 20:09:09,0.00146180,21.28000000
2018-02-27 20:09:10,0.00146190,16.01000000
2018-02-27 20:09:10,0.00146250,4.22000000
2018-02-27 20:09:10,0.00146290,2.00000000
2018-02-27 20:09:10,0.00146300,5.57000000
2018-02-27 20:09:10,0.00146310,2.00000000
2018-02-27 20:09:10,0.00146320,7.06000000
2018-02-27 20:09:10,0.00146400,24.46000000
2018-02-27 20:09:10,0.00146190,3.87000000
2018-02-27 20:09:10,0.00146400,102.48000000
2018-02-27 20:09:10,0.00146480,10.48000000
2018-02-27 20:09:11,0.00146250,10.00000000
2018-02-27 20:09:11,0.00146200,6.89000000
2018-02-27 20:09:11,0.00146180,8.11000000
2018-02-27 20:09:11,0.00146210,2.83000000
2018-02-27 20:09:13,0.00146210,1.00000000
2018-02-27 20:09:13,0.00146210,53.60000000
2018-02-27 20:09:13,0.00146190,36.17000000
2018-02-27 20:09:13,0.00146180,10.23000000
2018-02-27 20:09:14,0.00146300,5.35000000
2018-02-27 20:09:14,0.00146370,3.87000000
2018-02-27 20:09:14,0.00146380,6.89000000
2018-02-27 20:09:14,0.00146480,12.99000000
2018-02-27 20:09:14,0.00146500,118.09000000
2018-02-27 20:09:14,0.00146500,57.43000000
2018-02-27 20:09:14,0.00146520,48.88000000
2018-02-27 20:09:14,0.00146500,6.51000000
2018-02-27 20:09:14,0.00146500,14.28000000
2018-02-27 20:09:15,0.00146500,68.25000000
2018-02-27 20:09:15,0.00146500,1.11000000
2018-02-27 20:09:15,0.00146500,2.47000000
2018-02-27 20:09:15,0.00146500,12.89000000
2018-02-27 20:09:15,0.00146500,1.11000000
2018-02-27 20:09:15,0.00146510,65.55000000
2018-02-27 20:09:16,0.00146510,117.69000000
2018-02-27 20:09:16,0.00146520,76.06000000
2018-02-27 20:09:16,0.00146540,12.90000000
2018-02-27 20:09:16,0.00146570,11.14000000
2018-02-27 20:09:16,0.00146590,259.16000000
2018-02-27 20:09:16,0.00146500,6.50000000
2018-02-27 20:09:17,0.00146500,13.10000000
2018-02-27 20:09:17,0.00146590,28.10000000
2018-02-27 20:09:17,0.00146500,12.67000000
2018-02-27 20:09:17,0.00146540,1.16000000
2018-02-27 20:09:18,0.00146540,122.77000000
2018-02-27 20:09:18,0.00146540,1.16000000
2018-02-27 20:09:18,0.00146590,6.82000000
2018-02-27 20:09:18,0.00146590,6.77000000
2018-02-27 20:09:18,0.00146590,6.82000000
2018-02-27 20:09:19,0.00146600,1.93000000
2018-02-27 20:09:19,0.00146590,6.82000000
2018-02-27 20:09:20,0.00146590,81.15000000
2018-02-27 20:09:20,0.00146590,15.82000000
2018-02-27 20:09:20,0.00146590,40.63000000
2018-02-27 20:09:20,0.00146590,6.48000000
2018-02-27 20:09:20,0.00146500,191.68000000
2018-02-27 20:09:20,0.00146470,2.73000000
2018-02-27 20:09:20,0.00146370,47.26000000
2018-02-27 20:09:20,0.00146220,25.00000000
2018-02-27 20:09:20,0.00146210,57.28000000
2018-02-27 20:09:20,0.00146200,8.65000000
2018-02-27 20:09:20,0.00146180,2.00000000
2018-02-27 20:09:21,0.00146200,44.60000000
2018-02-27 20:09:21,0.00146200,44.60000000
2018-02-27 20:09:21,0.00146200,6.82000000
2018-02-27 20:09:21,0.00146180,6.82000000
2018-02-27 20:09:21,0.00146180,1.00000000
2018-02-27 20:09:21,0.00146200,1.12000000
2018-02-27 20:09:22,0.00146200,9.70000000
2018-02-27 20:09:22,0.00146200,12.12000000
2018-02-27 20:09:22,0.00146180,1.00000000
2018-02-27 20:09:22,0.00146200,66.27000000
2018-02-27 20:09:23,0.00146180,2.69000000
2018-02-27 20:09:23,0.00146180,1.04000000
2018-02-27 20:09:23,0.00146200,16.27000000
2018-02-27 20:09:23,0.00146180,1.73000000
2018-02-27 20:09:23,0.00146180,2.34000000
2018-02-27 20:09:23,0.00146180,3.39000000
2018-02-27 20:09:23,0.00146200,2.05000000
2018-02-27 20:09:24,0.00146180,3.45000000
2018-02-27 20:09:24,0.00146180,3.53000000
2018-02-27 20:09:24,0.00146180,2.07000000
2018-02-27 20:09:24,0.00146180,1.38000000
2018-02-27 20:09:24,0.00146180,1.03000000
2018-02-27 20:09:24,0.00146180,258.23000000
2018-02-27 20:09:24,0.00146150,120.54000000
2018-02-27 20:09:24,0.00146130,9.97000000
2018-02-27 20:09:24,0.00146120,5.93000000
2018-02-27 20:09:24,0.00146110,200.54000000
2018-02-27 20:09:24,0.00146110,36.97000000
2018-02-27 20:09:24,0.00146060,51.69000000
2018-02-27 20:09:24,0.00146000,66.13000000
2018-02-27 20:09:26,0.00146000,71.68000000
2018-02-27 20:09:26,0.00146020,3.05000000
2018-02-27 20:09:26,0.00146020,3.84000000
2018-02-27 20:09:26,0.00146000,15.20000000
2018-02-27 20:09:26,0.00146000,1.38000000
2018-02-27 20:09:26,0.00146000,3.40000000
2018-02-27 20:09:26,0.00146000,1.39000000
2018-02-27 20:09:26,0.00146000,1.53000000
2018-02-27 20:09:26,0.00146060,2.19000000
2018-02-27 20:09:26,0.00146060,2.05000000
2018-02-27 20:09:27,0.00146020,3.34000000
2018-02-27 20:09:27,0.00146000,43.84000000
2018-02-27 20:09:27,0.00146000,3.48000000
2018-02-27 20:09:27,0.00146000,300.01000000
2018-02-27 20:09:28,0.00146000,237.32000000
2018-02-27 20:09:28,0.00146000,65.68000000
2018-02-27 20:09:28,0.00146000,24.00000000
2018-02-27 20:09:28,0.00146000,1.04000000
2018-02-27 20:09:28,0.00146000,9.14000000
2018-02-27 20:09:28,0.00146000,2.09000000
2018-02-27 20:09:28,0.00146060,8.42000000
2018-02-27 20:09:28,0.00146150,416.75000000
2018-02-27 20:09:28,0.00146180,6.89000000
2018-02-27 20:09:28,0.00146200,573.09000000
2018-02-27 20:09:28,0.00146000,4.87000000
2018-02-27 20:09:28,0.00146000,4.16000000
2018-02-27 20:09:29,0.00146020,3.80000000
2018-02-27 20:09:29,0.00146020,15.79000000
2018-02-27 20:09:29,0.00146020,5.19000000
2018-02-27 20:09:29,0.00146020,1.73000000
2018-02-27 20:09:29,0.00146020,4.31000000
2018-02-27 20:09:30,0.00146020,2.76000000
2018-02-27 20:09:30,0.00146020,2.01000000
2018-02-27 20:09:30,0.00146200,4.07000000
2018-02-27 20:09:30,0.00146200,74.00000000
2018-02-27 20:09:30,0.00146020,16.54000000
2018-02-27 20:09:30,0.00146020,6.94000000
2018-02-27 20:09:30,0.00146020,0.90000000
2018-02-27 20:09:31,0.00146020,4.59000000
2018-02-27 20:09:31,0.00146000,18.06000000
2018-02-27 20:09:31,0.00146000,6.93000000
2018-02-27 20:09:31,0.00146000,142.88000000
2018-02-27 20:09:31,0.00146000,81.55000000
2018-02-27 20:09:32,0.00146000,1.72000000
2018-02-27 20:09:32,0.00146180,6.89000000
2018-02-27 20:09:32,0.00146200,36.45000000
2018-02-27 20:09:33,0.00146120,1.73000000
2018-02-27 20:09:33,0.00146120,9.68000000
2018-02-27 20:09:33,0.00146200,274.95000000
2018-02-27 20:09:33,0.00146200,3526.78000000
2018-02-27 20:09:33,0.00146310,57.28000000
2018-02-27 20:09:33,0.00146320,10.28000000
2018-02-27 20:09:33,0.00146400,21.04000000
2018-02-27 20:09:33,0.00146500,10.78000000
2018-02-27 20:09:35,0.00146130,48.38000000
2018-02-27 20:09:35,0.00146500,3.56000000
2018-02-27 20:09:35,0.00146130,2.09000000
2018-02-27 20:09:35,0.00146150,35.21000000
2018-02-27 20:09:35,0.00146150,2.08000000
2018-02-27 20:09:36,0.00146170,9.11000000
2018-02-27 20:09:36,0.00146170,5.54000000
2018-02-27 20:09:36,0.00146500,23.48000000
2018-02-27 20:09:36,0.00146600,334.28000000
2018-02-27 20:09:36,0.00146170,1.39000000
2018-02-27 20:09:36,0.00146170,24.36000000
2018-02-27 20:09:37,0.00146170,3.02000000
2018-02-27 20:09:37,0.00146190,2.46000000
2018-02-27 20:09:37,0.00146330,53.07000000
2018-02-27 20:09:37,0.00146190,22.51000000
2018-02-27 20:09:37,0.00146180,57.30000000
2018-02-27 20:09:37,0.00146160,9.04000000
2018-02-27 20:09:38,0.00146180,3.87000000
2018-02-27 20:09:38,0.00146200,6.15000000
2018-02-27 20:09:38,0.00146200,1.66000000
2018-02-27 20:09:38,0.00146200,2.34000000
2018-02-27 20:09:38,0.00146200,0.86000000
2018-02-27 20:09:39,0.00146200,1.73000000
2018-02-27 20:09:39,0.00146200,0.83000000
2018-02-27 20:09:39,0.00146200,2.26000000
2018-02-27 20:09:39,0.00146200,10.38000000
2018-02-27 20:09:39,0.00146200,1.79000000
2018-02-27 20:09:40,0.00146200,209.35000000
2018-02-27 20:09:40,0.00146170,1.73000000
2018-02-27 20:09:40,0.00146450,1.37000000
2018-02-27 20:09:40,0.00146220,1.72000000
2018-02-27 20:09:40,0.00146220,5.17000000
