DATE,PRICE,VOLUME
2018-02-23 12:00:01,0.00103680,9.34000000
2018-02-23 12:00:01,0.00103680,28.93000000
2018-02-23 12:00:01,0.00103680,5.01000000
2018-02-23 12:00:01,0.00103670,6.09000000
2018-02-23 12:00:01,0.00103690,23.98000000
2018-02-23 12:00:01,0.00103690,45.22000000
2018-02-23 12:00:02,0.00103690,21.96000000
2018-02-23 12:00:02,0.00103690,7.62000000
2018-02-23 12:00:02,0.00103730,3.90000000
2018-02-23 12:00:04,0.00103690,18.00000000
2018-02-23 12:00:06,0.00103730,2.34000000
2018-02-23 12:00:06,0.00103750,2.60000000
2018-02-23 12:00:06,0.00103690,17.38000000
2018-02-23 12:00:08,0.00103750,2.70000000
2018-02-23 12:00:08,0.00103690,3.37000000
2018-02-23 12:00:09,0.00103750,5.10000000
2018-02-23 12:00:11,0.00103750,5.00000000
2018-02-23 12:00:12,0.00103690,48.11000000
2018-02-23 12:00:12,0.00103660,4.91000000
2018-02-23 12:00:12,0.00103650,4.20000000
2018-02-23 12:00:12,0.00103690,5.01000000
2018-02-23 12:00:13,0.00103690,35.00000000
2018-02-23 12:00:14,0.00103660,163.87000000
2018-02-23 12:00:15,0.00103650,170.05000000
2018-02-23 12:00:15,0.00103600,153.59000000
2018-02-23 12:00:15,0.00103590,209.13000000
2018-02-23 12:00:15,0.00103580,4.27000000
2018-02-23 12:00:15,0.00103690,29.17000000
2018-02-23 12:00:16,0.00103690,15.25000000
2018-02-23 12:00:16,0.00103690,5.01000000
2018-02-23 12:00:16,0.00103660,19.29000000
2018-02-23 12:00:17,0.00103660,4.76000000
2018-02-23 12:00:17,0.00103690,1.96000000
2018-02-23 12:00:18,0.00103600,1.94000000
2018-02-23 12:00:18,0.00103580,420.08000000
2018-02-23 12:00:18,0.00103560,94.15000000
2018-02-23 12:00:19,0.00103670,1.94000000
2018-02-23 12:00:19,0.00103690,1.66000000
2018-02-23 12:00:22,0.00103580,1.94000000
2018-02-23 12:00:23,0.00103580,0.69000000
2018-02-23 12:00:23,0.00103650,1.94000000
2018-02-23 12:00:23,0.00103690,0.07000000
2018-02-23 12:00:24,0.00103690,19.33000000
2018-02-23 12:00:25,0.00103650,22.60000000
2018-02-23 12:00:25,0.00103640,44.07000000
2018-02-23 12:00:25,0.00103560,155.85000000
2018-02-23 12:00:26,0.00103530,15.66000000
2018-02-23 12:00:26,0.00103560,17.08000000
2018-02-23 12:00:26,0.00103560,96.44000000
2018-02-23 12:00:29,0.00103560,5.01000000
2018-02-23 12:00:31,0.00103530,391.99000000
2018-02-23 12:00:35,0.00103560,5.01000000
2018-02-23 12:00:36,0.00103510,9.08000000
2018-02-23 12:00:36,0.00103500,25.85000000
2018-02-23 12:00:36,0.00103500,9.65000000
2018-02-23 12:00:36,0.00103500,147.33000000
2018-02-23 12:00:37,0.00103500,42.54000000
2018-02-23 12:00:37,0.00103500,2.34000000
2018-02-23 12:00:38,0.00103500,109.12000000
2018-02-23 12:00:38,0.00103500,55.75000000
2018-02-23 12:00:39,0.00103480,14.18000000
2018-02-23 12:00:39,0.00103490,1.94000000
2018-02-23 12:00:39,0.00103500,3.07000000
2018-02-23 12:00:42,0.00103500,0.84000000
2018-02-23 12:00:42,0.00103410,12.37000000
2018-02-23 12:00:42,0.00103380,38.69000000
2018-02-23 12:00:42,0.00103370,167.32000000
2018-02-23 12:00:43,0.00103500,5.01000000
2018-02-23 12:00:44,0.00103500,33.13000000
2018-02-23 12:00:45,0.00103420,28.98000000
2018-02-23 12:00:45,0.00103420,154.56000000
2018-02-23 12:00:45,0.00103480,79.66000000
2018-02-23 12:00:45,0.00103500,103.81000000
2018-02-23 12:00:46,0.00103450,14.77000000
2018-02-23 12:00:47,0.00103500,2.22000000
2018-02-23 12:00:47,0.00103500,5.01000000
2018-02-23 12:00:48,0.00103450,14.69000000
2018-02-23 12:00:48,0.00103500,4.30000000
2018-02-23 12:00:48,0.00103500,20.94000000
2018-02-23 12:00:48,0.00103500,96.00000000
2018-02-23 12:00:48,0.00103500,307.27000000
2018-02-23 12:00:48,0.00103500,28.92000000
2018-02-23 12:00:49,0.00103500,211.27000000
2018-02-23 12:00:49,0.00103500,139.83000000
2018-02-23 12:00:51,0.00103480,1.87000000
2018-02-23 12:00:51,0.00103480,3.90000000
2018-02-23 12:00:52,0.00103450,0.08000000
2018-02-23 12:00:52,0.00103420,180.47000000
2018-02-23 12:00:52,0.00103480,4.87000000
2018-02-23 12:00:55,0.00103480,1.20000000
2018-02-23 12:00:57,0.00103420,89.23000000
2018-02-23 12:00:57,0.00103420,1.10000000
2018-02-23 12:00:57,0.00103420,66.03000000
2018-02-23 12:00:58,0.00103420,5.01000000
2018-02-23 12:00:58,0.00103390,411.66000000
2018-02-23 12:00:59,0.00103420,14.50000000
2018-02-23 12:01:00,0.00103370,0.99000000
2018-02-23 12:01:02,0.00103370,3.13000000
2018-02-23 12:01:03,0.00103370,90.50000000
2018-02-23 12:01:03,0.00103420,6.00000000
2018-02-23 12:01:04,0.00103380,5.00000000
2018-02-23 12:01:04,0.00103370,338.54000000
2018-02-23 12:01:06,0.00103420,5.27000000
2018-02-23 12:01:06,0.00103370,205.16000000
2018-02-23 12:01:06,0.00103370,10.66000000
2018-02-23 12:01:06,0.00103370,10.66000000
2018-02-23 12:01:06,0.00103330,10.66000000
2018-02-23 12:01:06,0.00103370,3.12000000
2018-02-23 12:01:08,0.00103330,9.39000000
2018-02-23 12:01:08,0.00103330,78.71000000
2018-02-23 12:01:09,0.00103320,38.50000000
2018-02-23 12:01:09,0.00103310,30.93000000
2018-02-23 12:01:11,0.00103310,42.24000000
2018-02-23 12:01:11,0.00103280,35.01000000
2018-02-23 12:01:11,0.00103250,24.42000000
2018-02-23 12:01:11,0.00103200,19.44000000
2018-02-23 12:01:11,0.00103190,38.99000000
2018-02-23 12:01:11,0.00103150,279.45000000
2018-02-23 12:01:11,0.00103140,77.43000000
2018-02-23 12:01:11,0.00103120,31.14000000
2018-02-23 12:01:11,0.00103110,2.85000000
2018-02-23 12:01:11,0.00103100,32.11000000
2018-02-23 12:01:11,0.00103070,11.64000000
2018-02-23 12:01:11,0.00103060,202.50000000
2018-02-23 12:01:11,0.00103050,6.80000000
2018-02-23 12:01:11,0.00103040,55.94000000
2018-02-23 12:01:11,0.00103030,15.04000000
2018-02-23 12:01:11,0.00103020,60.29000000
2018-02-23 12:01:11,0.00103000,277.46000000
2018-02-23 12:01:11,0.00103000,20.99000000
2018-02-23 12:01:11,0.00103000,1170.97000000
2018-02-23 12:01:11,0.00103000,383.31000000
2018-02-23 12:01:11,0.00103000,138.14000000
2018-02-23 12:01:12,0.00103320,15.66000000
2018-02-23 12:01:13,0.00103320,120.37000000
2018-02-23 12:01:13,0.00103320,67.17000000
2018-02-23 12:01:13,0.00103320,1.00000000
2018-02-23 12:01:13,0.00103320,29.01000000
2018-02-23 12:01:13,0.00103320,11.96000000
2018-02-23 12:01:14,0.00103050,1.57000000
2018-02-23 12:01:14,0.00103020,11.42000000
2018-02-23 12:01:14,0.00103300,1.90000000
2018-02-23 12:01:14,0.00103300,1.90000000
2018-02-23 12:01:14,0.00103300,6.19000000
2018-02-23 12:01:14,0.00103030,29.11000000
2018-02-23 12:01:14,0.00103020,72.25000000
2018-02-23 12:01:14,0.00103010,13.80000000
2018-02-23 12:01:14,0.00103320,29.02000000
2018-02-23 12:01:14,0.00103320,6.79000000
2018-02-23 12:01:14,0.00103320,2.10000000
2018-02-23 12:01:15,0.00103070,47.34000000
2018-02-23 12:01:15,0.00103060,62.38000000
2018-02-23 12:01:15,0.00103050,43.87000000
2018-02-23 12:01:16,0.00103310,11.49000000
2018-02-23 12:01:16,0.00103300,145.21000000
2018-02-23 12:01:17,0.00103290,18.78000000
2018-02-23 12:01:17,0.00103290,49.67000000
2018-02-23 12:01:18,0.00103070,11.31000000
2018-02-23 12:01:18,0.00103060,30.02000000
2018-02-23 12:01:18,0.00103270,1.20000000
2018-02-23 12:01:19,0.00103060,2.73000000
2018-02-23 12:01:20,0.00103060,12.80000000
2018-02-23 12:01:20,0.00103050,5.88000000
2018-02-23 12:01:20,0.00103030,4.80000000
2018-02-23 12:01:20,0.00103000,19.16000000
2018-02-23 12:01:20,0.00102980,10.00000000
2018-02-23 12:01:20,0.00102960,4.31000000
2018-02-23 12:01:20,0.00102950,1.51000000
2018-02-23 12:01:20,0.00102930,3.40000000
2018-02-23 12:01:20,0.00102920,2.51000000
2018-02-23 12:01:20,0.00102900,3.89000000
2018-02-23 12:01:20,0.00102880,6.20000000
2018-02-23 12:01:20,0.00102870,8.07000000
2018-02-23 12:01:20,0.00102850,213.47000000
2018-02-23 12:01:21,0.00103240,3.68000000
2018-02-23 12:01:21,0.00103070,75.16000000
2018-02-23 12:01:21,0.00102850,219.95000000
2018-02-23 12:01:21,0.00102840,10.38000000
2018-02-23 12:01:22,0.00102860,13.36000000
2018-02-23 12:01:22,0.00103050,472.79000000
2018-02-23 12:01:23,0.00103040,47.34000000
2018-02-23 12:01:26,0.00102890,3.61000000
2018-02-23 12:01:26,0.00102880,19.87000000
2018-02-23 12:01:26,0.00102880,41.67000000
2018-02-23 12:01:26,0.00102880,34.84000000
2018-02-23 12:01:26,0.00102880,8.96000000
2018-02-23 12:01:26,0.00102880,41.67000000
2018-02-23 12:01:26,0.00102880,1.77000000
2018-02-23 12:01:26,0.00102880,15.18000000
2018-02-23 12:01:26,0.00102880,15.18000000
2018-02-23 12:01:26,0.00102880,68.67000000
2018-02-23 12:01:26,0.00103040,362.65000000
2018-02-23 12:01:26,0.00103040,68.67000000
2018-02-23 12:01:26,0.00102900,32.29000000
2018-02-23 12:01:28,0.00103040,14.16000000
2018-02-23 12:01:28,0.00103040,27.76000000
2018-02-23 12:01:29,0.00102900,3.52000000
2018-02-23 12:01:29,0.00102900,33.35000000
2018-02-23 12:01:30,0.00103160,7.62000000
2018-02-23 12:01:30,0.00102900,11.83000000
2018-02-23 12:01:30,0.00103150,1.09000000
2018-02-23 12:01:30,0.00103170,1.31000000
2018-02-23 12:01:32,0.00103090,15.04000000
2018-02-23 12:01:32,0.00103100,40.91000000
2018-02-23 12:01:32,0.00103120,32.29000000
2018-02-23 12:01:32,0.00103130,12.40000000
2018-02-23 12:01:33,0.00103130,1.09000000
2018-02-23 12:01:33,0.00103180,22.33000000
2018-02-23 12:01:33,0.00103200,24.84000000
2018-02-23 12:01:33,0.00103210,3.89000000
2018-02-23 12:01:33,0.00103270,155.42000000
2018-02-23 12:01:34,0.00103100,8.34000000
2018-02-23 12:01:36,0.00102940,11.33000000
2018-02-23 12:01:36,0.00103100,0.97000000
2018-02-23 12:01:38,0.00103090,11.33000000
2018-02-23 12:01:38,0.00103100,8.07000000
2018-02-23 12:01:40,0.00103090,1.93000000
2018-02-23 12:01:41,0.00102910,1.96000000
2018-02-23 12:01:41,0.00102900,29.15000000
2018-02-23 12:01:41,0.00102890,10.78000000
2018-02-23 12:01:41,0.00102880,13.66000000
2018-02-23 12:01:41,0.00102860,206.10000000
2018-02-23 12:01:42,0.00103070,1.96000000
2018-02-23 12:01:46,0.00103000,49.88000000
2018-02-23 12:01:46,0.00103000,172.55000000
2018-02-23 12:01:46,0.00102960,1.96000000
2018-02-23 12:01:46,0.00102940,11.35000000
2018-02-23 12:01:46,0.00102930,19.64000000
2018-02-23 12:01:47,0.00102990,3.30000000
2018-02-23 12:01:50,0.00102990,8.05000000
2018-02-23 12:01:50,0.00103000,49.88000000
2018-02-23 12:01:50,0.00103050,1.96000000
2018-02-23 12:01:50,0.00103060,1.09000000
2018-02-23 12:01:50,0.00103070,191.51000000
2018-02-23 12:01:50,0.00103080,48.79000000
2018-02-23 12:01:50,0.00103090,63.25000000
2018-02-23 12:01:50,0.00103100,144.38000000
2018-02-23 12:01:50,0.00102860,51.05000000
2018-02-23 12:01:50,0.00102990,79.37000000
2018-02-23 12:01:51,0.00103100,2.40000000
2018-02-23 12:01:51,0.00102870,26.82000000
2018-02-23 12:01:51,0.00103100,206.00000000
2018-02-23 12:01:53,0.00103000,7.74000000
2018-02-23 12:01:53,0.00102890,7.74000000
2018-02-23 12:01:53,0.00103000,7.74000000
2018-02-23 12:01:53,0.00103040,26.82000000
2018-02-23 12:01:54,0.00103140,1.80000000
2018-02-23 12:01:55,0.00103140,2.42000000
2018-02-23 12:01:55,0.00103140,15.95000000
2018-02-23 12:01:56,0.00102940,6.21000000
2018-02-23 12:01:57,0.00103090,2.39000000
2018-02-23 12:01:57,0.00103090,5.35000000
2018-02-23 12:01:57,0.00103100,97.57000000
2018-02-23 12:01:58,0.00103140,1.20000000
2018-02-23 12:01:58,0.00102950,13.54000000
2018-02-23 12:01:58,0.00102950,9.48000000
2018-02-23 12:01:59,0.00103000,1.88000000
2018-02-23 12:02:00,0.00103040,571.04000000
2018-02-23 12:02:01,0.00103130,2.78000000
2018-02-23 12:02:03,0.00103040,13.98000000
2018-02-23 12:02:04,0.00103100,100.00000000
2018-02-23 12:02:05,0.00102990,1.96000000
2018-02-23 12:02:05,0.00102970,1.96000000
2018-02-23 12:02:05,0.00102960,1.58000000
2018-02-23 12:02:05,0.00103100,1.96000000
2018-02-23 12:02:07,0.00102960,27.55000000
2018-02-23 12:02:07,0.00102950,5.35000000
2018-02-23 12:02:08,0.00103100,20.24000000
2018-02-23 12:02:08,0.00103110,57.19000000
2018-02-23 12:02:09,0.00103090,6.21000000
2018-02-23 12:02:09,0.00103110,29.39000000
2018-02-23 12:02:09,0.00103120,1.96000000
2018-02-23 12:02:12,0.00103130,27.55000000
2018-02-23 12:02:13,0.00103010,11.36000000
2018-02-23 12:02:13,0.00103000,35.55000000
2018-02-23 12:02:13,0.00103140,0.39000000
2018-02-23 12:02:14,0.00103130,2.90000000
2018-02-23 12:02:14,0.00103130,8.46000000
2018-02-23 12:02:17,0.00103140,18.70000000
2018-02-23 12:02:17,0.00103140,400.62000000
2018-02-23 12:02:19,0.00103140,464.16000000
2018-02-23 12:02:19,0.00103140,6.64000000
2018-02-23 12:02:20,0.00103150,10.65000000
2018-02-23 12:02:20,0.00103170,1.94000000
2018-02-23 12:02:20,0.00103150,8.71000000
2018-02-23 12:02:21,0.00103290,1.94000000
2018-02-23 12:02:21,0.00103310,3.87000000
2018-02-23 12:02:22,0.00103300,19.36000000
2018-02-23 12:02:22,0.00103310,24.19000000
2018-02-23 12:02:23,0.00103220,242.10000000
2018-02-23 12:02:24,0.00103200,42.31000000
2018-02-23 12:02:24,0.00103200,42.33000000
2018-02-23 12:02:24,0.00103310,36.08000000
2018-02-23 12:02:24,0.00103320,56.15000000
2018-02-23 12:02:24,0.00103400,78.42000000
2018-02-23 12:02:24,0.00103400,95.79000000
2018-02-23 12:02:24,0.00103410,2.85000000
2018-02-23 12:02:24,0.00103500,501.36000000
2018-02-23 12:02:24,0.00103200,337.17000000
2018-02-23 12:02:27,0.00103230,29.06000000
2018-02-23 12:02:27,0.00103220,6.49000000
2018-02-23 12:02:27,0.00103500,370.18000000
2018-02-23 12:02:28,0.00103490,1.18000000
2018-02-23 12:02:28,0.00103500,539.48000000
2018-02-23 12:02:29,0.00103490,2.90000000
2018-02-23 12:02:29,0.00103490,1.35000000
2018-02-23 12:02:30,0.00103490,4.83000000
2018-02-23 12:02:30,0.00103490,2.42000000
2018-02-23 12:02:30,0.00103490,1.45000000
2018-02-23 12:02:30,0.00103490,2.90000000
2018-02-23 12:02:31,0.00103490,9.51000000
2018-02-23 12:02:31,0.00103490,3.70000000
2018-02-23 12:02:31,0.00103300,36.50000000
2018-02-23 12:02:33,0.00103490,2.00000000
2018-02-23 12:02:34,0.00103330,12.00000000
2018-02-23 12:02:35,0.00103490,31.12000000
2018-02-23 12:02:35,0.00103490,10.66000000
2018-02-23 12:02:35,0.00103490,10.32000000
2018-02-23 12:02:35,0.00103490,10.33000000
2018-02-23 12:02:37,0.00103490,51.13000000
2018-02-23 12:02:37,0.00103350,1.94000000
2018-02-23 12:02:37,0.00103330,17.03000000
2018-02-23 12:02:37,0.00103300,39.40000000
2018-02-23 12:02:38,0.00103300,1.90000000
2018-02-23 12:02:38,0.00103470,1.94000000
2018-02-23 12:02:38,0.00103500,0.96000000
2018-02-23 12:02:39,0.00103400,2.03000000
2018-02-23 12:02:40,0.00103400,1.00000000
2018-02-23 12:02:40,0.00103400,46.97000000
2018-02-23 12:02:40,0.00103450,29.03000000
2018-02-23 12:02:40,0.00103500,8.05000000
2018-02-23 12:02:41,0.00103400,33.64000000
2018-02-23 12:02:43,0.00103500,5.01000000
2018-02-23 12:02:43,0.00103340,23.76000000
2018-02-23 12:02:44,0.00103500,76.30000000
2018-02-23 12:02:44,0.00103500,76.00000000
2018-02-23 12:02:44,0.00103500,141.59000000
2018-02-23 12:02:44,0.00103500,169.91000000
2018-02-23 12:02:44,0.00103500,169.91000000
2018-02-23 12:02:45,0.00103360,11.70000000
2018-02-23 12:02:45,0.00103350,1.94000000
2018-02-23 12:02:45,0.00103340,5.27000000
2018-02-23 12:02:45,0.00103320,1.94000000
2018-02-23 12:02:45,0.00103300,20.21000000
2018-02-23 12:02:45,0.00103230,34.94000000
2018-02-23 12:02:45,0.00103500,2.42000000
2018-02-23 12:02:47,0.00103370,8.79000000
2018-02-23 12:02:48,0.00103370,17.64000000
2018-02-23 12:02:49,0.00103370,5.01000000
2018-02-23 12:02:52,0.00103370,2.90000000
2018-02-23 12:02:52,0.00103370,9.67000000
2018-02-23 12:02:52,0.00103370,2.63000000
2018-02-23 12:02:53,0.00103380,1.94000000
2018-02-23 12:02:53,0.00103390,2.56000000
2018-02-23 12:02:54,0.00103390,12.71000000
2018-02-23 12:02:55,0.00103390,8.49000000
2018-02-23 12:02:55,0.00103400,1.51000000
2018-02-23 12:02:55,0.00103380,261.76000000
2018-02-23 12:02:56,0.00103370,39.95000000
2018-02-23 12:02:57,0.00103280,1.94000000
2018-02-23 12:02:57,0.00103260,1.94000000
2018-02-23 12:02:57,0.00103220,127.10000000
2018-02-23 12:02:57,0.00103210,174.53000000
2018-02-23 12:02:57,0.00103200,95.11000000
2018-02-23 12:02:57,0.00103350,3.88000000
2018-02-23 12:02:57,0.00103370,1.13000000
2018-02-23 12:03:01,0.00103300,1.94000000
2018-02-23 12:03:01,0.00103210,18.50000000
2018-02-23 12:03:01,0.00103200,65.43000000
2018-02-23 12:03:01,0.00103150,39.12000000
2018-02-23 12:03:01,0.00103140,73.17000000
2018-02-23 12:03:01,0.00103140,58.91000000
2018-02-23 12:03:02,0.00103300,13.06000000
2018-02-23 12:03:04,0.00103290,5.01000000
2018-02-23 12:03:05,0.00103150,11.40000000
2018-02-23 12:03:06,0.00103140,15.33000000
2018-02-23 12:03:06,0.00103140,107.86000000
2018-02-23 12:03:06,0.00103150,159.20000000
2018-02-23 12:03:07,0.00103280,11.40000000
2018-02-23 12:03:07,0.00103290,18.76000000
2018-02-23 12:03:07,0.00103300,337.71000000
2018-02-23 12:03:08,0.00103220,53.31000000
2018-02-23 12:03:09,0.00103350,1.94000000
2018-02-23 12:03:09,0.00103370,29.66000000
2018-02-23 12:03:09,0.00103400,9.42000000
2018-02-23 12:03:11,0.00103400,0.20000000
2018-02-23 12:03:12,0.00103390,3.92000000
2018-02-23 12:03:13,0.00103390,2.13000000
2018-02-23 12:03:14,0.00103170,1.16000000
2018-02-23 12:03:14,0.00103160,67.85000000
2018-02-23 12:03:14,0.00103390,2.42000000
2018-02-23 12:03:18,0.00103210,281.43000000
2018-02-23 12:03:19,0.00103200,29.00000000
2018-02-23 12:03:20,0.00103360,6.00000000
2018-02-23 12:03:24,0.00103140,61.41000000
2018-02-23 12:03:24,0.00103100,52.01000000
2018-02-23 12:03:29,0.00103280,3.00000000
2018-02-23 12:03:30,0.00103200,19.24000000
2018-02-23 12:03:34,0.00103200,21.00000000
2018-02-23 12:03:35,0.00103200,9.77000000
2018-02-23 12:03:36,0.00103210,9.68000000
2018-02-23 12:03:37,0.00103200,25.80000000
2018-02-23 12:03:38,0.00103200,19.11000000
2018-02-23 12:03:43,0.00103180,5.09000000
2018-02-23 12:03:45,0.00103130,58.00000000
2018-02-23 12:03:45,0.00103120,1.94000000
2018-02-23 12:03:45,0.00103100,135.06000000
2018-02-23 12:03:46,0.00103170,1.94000000
2018-02-23 12:03:47,0.00103170,2.88000000
2018-02-23 12:03:48,0.00103180,1.43000000
2018-02-23 12:03:49,0.00103130,11.42000000
2018-02-23 12:03:50,0.00103130,88.58000000
2018-02-23 12:03:50,0.00103120,1.94000000
2018-02-23 12:03:50,0.00103100,12.90000000
2018-02-23 12:03:50,0.00103090,5.16000000
2018-02-23 12:03:52,0.00103120,301.09000000
2018-02-23 12:03:59,0.00103150,11.00000000
2018-02-23 12:03:59,0.00103150,3.36000000
2018-02-23 12:03:59,0.00103150,12.03000000
2018-02-23 12:04:01,0.00103150,17.04000000
2018-02-23 12:04:03,0.00103150,5.00000000
2018-02-23 12:04:05,0.00103150,140.76000000
2018-02-23 12:04:05,0.00103150,24.33000000
2018-02-23 12:04:05,0.00103150,365.05000000
2018-02-23 12:04:05,0.00103150,326.79000000
2018-02-23 12:04:05,0.00103160,1.94000000
2018-02-23 12:04:07,0.00103120,71.04000000
2018-02-23 12:04:08,0.00103160,59.06000000
2018-02-23 12:04:09,0.00103200,0.86000000
2018-02-23 12:04:09,0.00103150,42.86000000
2018-02-23 12:04:09,0.00103150,5.03000000
2018-02-23 12:04:11,0.00103140,1.94000000
2018-02-23 12:04:11,0.00103120,0.60000000
2018-02-23 12:04:11,0.00103120,2.29000000
2018-02-23 12:04:13,0.00103150,15.16000000
2018-02-23 12:04:13,0.00103130,92.64000000
2018-02-23 12:04:14,0.00103180,1.94000000
2018-02-23 12:04:15,0.00103200,1.48000000
2018-02-23 12:04:17,0.00103200,12.75000000
2018-02-23 12:04:20,0.00103160,19.00000000
2018-02-23 12:04:20,0.00103160,41.10000000
2018-02-23 12:04:20,0.00103200,7.15000000
2018-02-23 12:04:21,0.00103200,3.75000000
2018-02-23 12:04:25,0.00103260,6.78000000
2018-02-23 12:04:28,0.00103260,54.54000000
2018-02-23 12:04:29,0.00103220,3.47000000
2018-02-23 12:04:29,0.00103220,3.42000000
2018-02-23 12:04:29,0.00103220,313.43000000
2018-02-23 12:04:29,0.00103220,3.47000000
2018-02-23 12:04:29,0.00103260,56.38000000
2018-02-23 12:04:34,0.00103260,54.54000000
2018-02-23 12:04:34,0.00103220,3.42000000
2018-02-23 12:04:34,0.00103200,24.07000000
2018-02-23 12:04:35,0.00103280,1.94000000
2018-02-23 12:04:35,0.00103270,11.41000000
2018-02-23 12:04:35,0.00103200,62.46000000
2018-02-23 12:04:35,0.00103370,1.94000000
2018-02-23 12:04:35,0.00103390,112.52000000
2018-02-23 12:04:35,0.00103400,32.99000000
2018-02-23 12:04:38,0.00103260,27.86000000
2018-02-23 12:04:41,0.00103340,2.00000000
2018-02-23 12:04:42,0.00103300,111.87000000
2018-02-23 12:04:42,0.00103280,1.94000000
2018-02-23 12:04:42,0.00103260,26.09000000
2018-02-23 12:04:42,0.00103260,28.03000000
2018-02-23 12:04:43,0.00103320,1.94000000
2018-02-23 12:04:43,0.00103340,0.29000000
2018-02-23 12:04:44,0.00103260,9.98000000
2018-02-23 12:04:44,0.00103200,78.58000000
2018-02-23 12:04:44,0.00103200,1.94000000
2018-02-23 12:04:46,0.00103190,9.12000000
2018-02-23 12:04:46,0.00103200,3.42000000
2018-02-23 12:04:48,0.00103200,8.81000000
2018-02-23 12:04:49,0.00103200,13.18000000
2018-02-23 12:04:52,0.00103200,85.02000000
2018-02-23 12:04:52,0.00103200,46.09000000
2018-02-23 12:04:53,0.00103320,0.66000000
2018-02-23 12:04:54,0.00103200,64.32000000
2018-02-23 12:04:56,0.00103200,79.05000000
2018-02-23 12:04:56,0.00103320,1.28000000
2018-02-23 12:04:56,0.00103350,3.51000000
2018-02-23 12:04:57,0.00103250,339.99000000
2018-02-23 12:04:57,0.00103350,22.14000000
2018-02-23 12:04:57,0.00103390,188.13000000
2018-02-23 12:04:57,0.00103400,136.52000000
2018-02-23 12:04:59,0.00103320,79.73000000
2018-02-23 12:04:59,0.00103230,3.87000000
2018-02-23 12:04:59,0.00103210,34.92000000
2018-02-23 12:04:59,0.00103200,28.88000000
2018-02-23 12:05:00,0.00103400,450.00000000
2018-02-23 12:05:00,0.00103400,158.91000000
2018-02-23 12:05:01,0.00103400,5.00000000
2018-02-23 12:05:01,0.00103400,59.00000000
2018-02-23 12:05:01,0.00103480,1.94000000
2018-02-23 12:05:01,0.00103500,150.34000000
2018-02-23 12:05:03,0.00103400,10.00000000
2018-02-23 12:05:03,0.00103500,668.90000000
2018-02-23 12:05:03,0.00103500,9.08000000
2018-02-23 12:05:03,0.00103500,59.39000000
2018-02-23 12:05:04,0.00103500,96.17000000
2018-02-23 12:05:04,0.00103500,62.76000000
2018-02-23 12:05:04,0.00103500,151.39000000
2018-02-23 12:05:05,0.00103500,192.11000000
2018-02-23 12:05:05,0.00103500,24.05000000
2018-02-23 12:05:07,0.00103520,2.41000000
2018-02-23 12:05:09,0.00103500,3.15000000
2018-02-23 12:05:10,0.00103520,0.49000000
2018-02-23 12:05:11,0.00103520,30.45000000
2018-02-23 12:05:12,0.00103520,6.89000000
2018-02-23 12:05:12,0.00103500,109.02000000
2018-02-23 12:05:13,0.00103500,100.25000000
2018-02-23 12:05:13,0.00103550,6.00000000
2018-02-23 12:05:13,0.00103700,7.00000000
2018-02-23 12:05:13,0.00103530,31.28000000
2018-02-23 12:05:14,0.00103530,7.73000000
2018-02-23 12:05:14,0.00103530,1.06000000
2018-02-23 12:05:14,0.00103530,1.93000000
2018-02-23 12:05:15,0.00103530,2.90000000
2018-02-23 12:05:16,0.00103530,4.44000000
2018-02-23 12:05:16,0.00103530,3.48000000
2018-02-23 12:05:19,0.00103530,4.83000000
2018-02-23 12:05:19,0.00103530,2.41000000
2018-02-23 12:05:20,0.00103530,9.66000000
2018-02-23 12:05:20,0.00103460,1.94000000
2018-02-23 12:05:20,0.00103440,1.21000000
2018-02-23 12:05:20,0.00103510,1.94000000
2018-02-23 12:05:20,0.00103530,39.77000000
2018-02-23 12:05:20,0.00103530,2.41000000
2018-02-23 12:05:21,0.00103440,2.14000000
2018-02-23 12:05:21,0.00103420,1.94000000
2018-02-23 12:05:21,0.00103400,4.00000000
2018-02-23 12:05:21,0.00103320,27.41000000
2018-02-23 12:05:21,0.00103220,85.26000000
2018-02-23 12:05:21,0.00103210,22.11000000
2018-02-23 12:05:22,0.00103230,106.91000000
2018-02-23 12:05:22,0.00103220,49.60000000
2018-02-23 12:05:22,0.00103210,152.75000000
2018-02-23 12:05:22,0.00103200,763.52000000
2018-02-23 12:05:22,0.00103150,81.52000000
2018-02-23 12:05:22,0.00103140,61.59000000
2018-02-23 12:05:22,0.00103480,1.94000000
2018-02-23 12:05:23,0.00103470,28.97000000
2018-02-23 12:05:23,0.00103470,18.45000000
2018-02-23 12:05:23,0.00103490,60.90000000
2018-02-23 12:05:24,0.00103320,13.89000000
2018-02-23 12:05:24,0.00103310,25.37000000
2018-02-23 12:05:24,0.00103310,28.97000000
2018-02-23 12:05:24,0.00103310,17.03000000
2018-02-23 12:05:24,0.00103310,12.71000000
2018-02-23 12:05:24,0.00103300,30.00000000
2018-02-23 12:05:24,0.00103300,3.31000000
2018-02-23 12:05:24,0.00103470,2.18000000
2018-02-23 12:05:24,0.00103500,14.10000000
2018-02-23 12:05:25,0.00103500,2.41000000
2018-02-23 12:05:29,0.00103500,4.93000000
2018-02-23 12:05:29,0.00103400,359.65000000
2018-02-23 12:05:29,0.00103500,2.41000000
2018-02-23 12:05:31,0.00103500,2.90000000
2018-02-23 12:05:36,0.00103500,8.58000000
2018-02-23 12:05:37,0.00103500,43.54000000
2018-02-23 12:05:39,0.00103500,264.68000000
2018-02-23 12:05:40,0.00103510,1.94000000
2018-02-23 12:05:40,0.00103530,11.13000000
2018-02-23 12:05:42,0.00103500,3.00000000
2018-02-23 12:05:44,0.00103500,133.47000000
2018-02-23 12:05:44,0.00103340,27.11000000
2018-02-23 12:05:44,0.00103330,14.39000000
2018-02-23 12:05:44,0.00103310,16.19000000
2018-02-23 12:05:44,0.00103300,16.20000000
2018-02-23 12:05:44,0.00103240,47.42000000
2018-02-23 12:05:44,0.00103230,85.34000000
2018-02-23 12:05:44,0.00103220,103.70000000
2018-02-23 12:05:44,0.00103200,330.12000000
2018-02-23 12:05:46,0.00103460,3.00000000
2018-02-23 12:05:46,0.00103460,85.34000000
2018-02-23 12:05:46,0.00103470,28.80000000
2018-02-23 12:05:46,0.00103470,0.23000000
2018-02-23 12:05:46,0.00103480,1.94000000
2018-02-23 12:05:46,0.00103530,1.79000000
2018-02-23 12:05:47,0.00103450,1.17000000
2018-02-23 12:05:49,0.00103450,5.80000000
2018-02-23 12:05:49,0.00103450,14.01000000
2018-02-23 12:05:49,0.00103350,10.62000000
2018-02-23 12:05:49,0.00103350,140.58000000
2018-02-23 12:05:53,0.00103450,2.90000000
2018-02-23 12:05:55,0.00103360,6.19000000
2018-02-23 12:05:55,0.00103450,2.41000000
2018-02-23 12:05:56,0.00103360,4.58000000
2018-02-23 12:05:56,0.00103350,5.42000000
2018-02-23 12:05:57,0.00103450,18.13000000
2018-02-23 12:05:59,0.00103450,87.00000000
2018-02-23 12:06:00,0.00103450,0.68000000
2018-02-23 12:06:00,0.00103350,4.32000000
2018-02-23 12:06:01,0.00103530,2.29000000
2018-02-23 12:06:06,0.00103470,1.94000000
2018-02-23 12:06:06,0.00103360,8.06000000
2018-02-23 12:06:07,0.00103400,379.32000000
2018-02-23 12:06:08,0.00103380,1.94000000
2018-02-23 12:06:08,0.00103360,3.06000000
2018-02-23 12:06:11,0.00103430,1.94000000
2018-02-23 12:06:11,0.00103450,1.06000000
2018-02-23 12:06:13,0.00103450,73.64000000
2018-02-23 12:06:14,0.00103450,2.45000000
2018-02-23 12:06:15,0.00103450,10.53000000
2018-02-23 12:06:16,0.00103450,5.00000000
2018-02-23 12:06:16,0.00103470,1.94000000
2018-02-23 12:06:16,0.00103500,5.00000000
2018-02-23 12:06:16,0.00103510,1.94000000
2018-02-23 12:06:16,0.00103530,9.42000000
2018-02-23 12:06:16,0.00103600,30.99000000
2018-02-23 12:06:16,0.00103700,21.71000000
2018-02-23 12:06:19,0.00103460,0.50000000
2018-02-23 12:06:20,0.00103490,0.50000000
2018-02-23 12:06:20,0.00103580,170.87000000
2018-02-23 12:06:20,0.00103680,11.12000000
2018-02-23 12:06:20,0.00103690,87.01000000
2018-02-23 12:06:20,0.00103700,8.29000000
2018-02-23 12:06:20,0.00103750,25.75000000
2018-02-23 12:06:20,0.00103800,6.35000000
2018-02-23 12:06:22,0.00103530,60.90000000
2018-02-23 12:06:22,0.00103520,2.17000000
2018-02-23 12:06:22,0.00103510,1.94000000
2018-02-23 12:06:23,0.00103540,28.97000000
2018-02-23 12:06:23,0.00103540,10.62000000
2018-02-23 12:06:23,0.00103540,7.83000000
2018-02-23 12:06:23,0.00103500,10.62000000
2018-02-23 12:06:23,0.00103660,15.96000000
2018-02-23 12:06:23,0.00103770,2.17000000
2018-02-23 12:06:23,0.00103800,16.14000000
2018-02-23 12:06:23,0.00103500,0.53000000
2018-02-23 12:06:24,0.00103510,105.01000000
2018-02-23 12:06:25,0.00103530,14.54000000
2018-02-23 12:06:25,0.00103640,6.54000000
2018-02-23 12:06:25,0.00103640,8.61000000
2018-02-23 12:06:27,0.00103500,29.90000000
2018-02-23 12:06:27,0.00103520,1.94000000
2018-02-23 12:06:27,0.00103500,69.32000000
2018-02-23 12:06:28,0.00103470,1.94000000
2018-02-23 12:06:29,0.00103570,10.90000000
2018-02-23 12:06:29,0.00103580,3.38000000
2018-02-23 12:06:31,0.00103560,3.19000000
2018-02-23 12:06:32,0.00103560,27.34000000
2018-02-23 12:06:35,0.00103460,10.78000000
2018-02-23 12:06:36,0.00103530,3.46000000
2018-02-23 12:06:38,0.00103500,398.98000000
2018-02-23 12:06:40,0.00103480,1.94000000
2018-02-23 12:06:40,0.00103460,23.06000000
2018-02-23 12:06:40,0.00103530,66.45000000
2018-02-23 12:06:40,0.00103540,1.94000000
2018-02-23 12:06:40,0.00103560,0.30000000
2018-02-23 12:06:40,0.00103560,42.05000000
2018-02-23 12:06:40,0.00103560,11.03000000
2018-02-23 12:06:40,0.00103560,8.83000000
2018-02-23 12:06:40,0.00103560,113.63000000
2018-02-23 12:06:40,0.00103530,110.27000000
2018-02-23 12:06:42,0.00103530,5.06000000
2018-02-23 12:06:42,0.00103500,122.43000000
2018-02-23 12:06:42,0.00103530,27.99000000
2018-02-23 12:06:44,0.00103530,4.48000000
2018-02-23 12:06:45,0.00103530,27.04000000
2018-02-23 12:06:46,0.00103530,166.65000000
2018-02-23 12:06:47,0.00103460,21.00000000
2018-02-23 12:06:48,0.00103460,15.52000000
2018-02-23 12:06:49,0.00103530,2.98000000
2018-02-23 12:06:50,0.00103460,67.19000000
2018-02-23 12:06:50,0.00103450,5.40000000
2018-02-23 12:06:50,0.00103400,90.88000000
2018-02-23 12:06:51,0.00103530,0.75000000
2018-02-23 12:06:54,0.00103520,1.00000000
2018-02-23 12:06:54,0.00103530,1.41000000
2018-02-23 12:06:57,0.00103500,95.71000000
2018-02-23 12:06:59,0.00103490,28.98000000
2018-02-23 12:06:59,0.00103490,161.55000000
2018-02-23 12:07:01,0.00103460,77.42000000
2018-02-23 12:07:03,0.00103490,4.87000000
2018-02-23 12:07:04,0.00103490,24.11000000
2018-02-23 12:07:04,0.00103500,2.86000000
2018-02-23 12:07:04,0.00103500,324.66000000
2018-02-23 12:07:12,0.00103460,2.45000000
2018-02-23 12:07:15,0.00103490,418.65000000
2018-02-23 12:07:21,0.00103530,352.59000000
2018-02-23 12:07:22,0.00103490,7.00000000
2018-02-23 12:07:24,0.00103490,1.62000000
2018-02-23 12:07:24,0.00103490,17.16000000
2018-02-23 12:07:24,0.00103490,1.62000000
2018-02-23 12:07:24,0.00103490,1.56000000
2018-02-23 12:07:25,0.00103490,7.40000000
2018-02-23 12:07:25,0.00103490,1.62000000
2018-02-23 12:07:28,0.00103490,72.50000000
2018-02-23 12:07:28,0.00103530,37.77000000
2018-02-23 12:07:29,0.00103530,44.23000000
2018-02-23 12:07:29,0.00103470,40.20000000
2018-02-23 12:07:29,0.00103460,151.43000000
2018-02-23 12:07:29,0.00103450,1.94000000
2018-02-23 12:07:29,0.00103450,85.39000000
2018-02-23 12:07:29,0.00103450,34.36000000
2018-02-23 12:07:29,0.00103450,28.98000000
2018-02-23 12:07:29,0.00103450,34.34000000
2018-02-23 12:07:31,0.00103450,28.95000000
2018-02-23 12:07:31,0.00103450,37.56000000
2018-02-23 12:07:31,0.00103450,37.54000000
2018-02-23 12:07:31,0.00103450,4.30000000
2018-02-23 12:07:33,0.00103450,170.27000000
2018-02-23 12:07:35,0.00103450,44.26000000
2018-02-23 12:07:37,0.00103430,209.76000000
2018-02-23 12:07:38,0.00103450,1.00000000
2018-02-23 12:07:42,0.00103450,7.99000000
2018-02-23 12:07:44,0.00103420,151.52000000
2018-02-23 12:07:44,0.00103400,150.79000000
2018-02-23 12:07:45,0.00103400,2.46000000
2018-02-23 12:07:46,0.00103400,352.59000000
2018-02-23 12:07:49,0.00103380,5.13000000
2018-02-23 12:07:52,0.00103370,6.02000000
2018-02-23 12:07:54,0.00103400,3.43000000
2018-02-23 12:07:59,0.00103370,10.00000000
2018-02-23 12:08:02,0.00103370,2.96000000
2018-02-23 12:08:02,0.00103360,2.04000000
2018-02-23 12:08:03,0.00103400,8.11000000
2018-02-23 12:08:03,0.00103450,5.89000000
2018-02-23 12:08:04,0.00103400,10.00000000
2018-02-23 12:08:04,0.00103360,18.70000000
2018-02-23 12:08:05,0.00103360,2.96000000
2018-02-23 12:08:05,0.00103350,0.88000000
2018-02-23 12:08:05,0.00103230,16.75000000
2018-02-23 12:08:05,0.00103210,4.12000000
2018-02-23 12:08:05,0.00103200,557.46000000
2018-02-23 12:08:05,0.00103140,339.91000000
2018-02-23 12:08:05,0.00103120,61.89000000
2018-02-23 12:08:05,0.00103070,92.36000000
2018-02-23 12:08:05,0.00103000,21.28000000
2018-02-23 12:08:05,0.00102890,26.45000000
2018-02-23 12:08:05,0.00102860,20.00000000
2018-02-23 12:08:05,0.00102840,39.34000000
2018-02-23 12:08:05,0.00102830,5.16000000
2018-02-23 12:08:05,0.00102820,3.59000000
2018-02-23 12:08:05,0.00102810,148.20000000
2018-02-23 12:08:05,0.00102800,394.26000000
2018-02-23 12:08:05,0.00102790,134.05000000
2018-02-23 12:08:05,0.00102780,97.29000000
2018-02-23 12:08:05,0.00102760,58.01000000
2018-02-23 12:08:05,0.00102750,127.33000000
2018-02-23 12:08:05,0.00102740,200.18000000
2018-02-23 12:08:05,0.00102720,402.58000000
2018-02-23 12:08:05,0.00102710,126.83000000
2018-02-23 12:08:05,0.00102700,3089.38000000
2018-02-23 12:08:05,0.00102690,31.97000000
2018-02-23 12:08:05,0.00102680,81.06000000
2018-02-23 12:08:05,0.00102670,3.63000000
2018-02-23 12:08:05,0.00102660,472.92000000
2018-02-23 12:08:05,0.00102630,41.63000000
2018-02-23 12:08:05,0.00102600,6.00000000
2018-02-23 12:08:05,0.00102590,6.54000000
2018-02-23 12:08:05,0.00102570,111.40000000
2018-02-23 12:08:05,0.00102560,2.00000000
2018-02-23 12:08:05,0.00102550,31.46000000
2018-02-23 12:08:05,0.00102540,80.19000000
2018-02-23 12:08:05,0.00102530,45.92000000
2018-02-23 12:08:05,0.00102520,34.99000000
2018-02-23 12:08:05,0.00102510,63.67000000
2018-02-23 12:08:05,0.00102500,274.88000000
2018-02-23 12:08:05,0.00102480,2.79000000
2018-02-23 12:08:05,0.00102470,6.83000000
2018-02-23 12:08:05,0.00102440,5.89000000
2018-02-23 12:08:05,0.00102430,141.81000000
2018-02-23 12:08:05,0.00102410,4.77000000
2018-02-23 12:08:05,0.00102400,354.91000000
2018-02-23 12:08:05,0.00102390,15.81000000
2018-02-23 12:08:05,0.00102380,15.14000000
2018-02-23 12:08:05,0.00102370,82.92000000
2018-02-23 12:08:05,0.00102350,176.33000000
2018-02-23 12:08:05,0.00102340,16.77000000
2018-02-23 12:08:05,0.00102330,13.54000000
2018-02-23 12:08:05,0.00102310,2.89000000
2018-02-23 12:08:05,0.00102300,16.28000000
2018-02-23 12:08:05,0.00102280,174.11000000
2018-02-23 12:08:05,0.00102270,20.63000000
2018-02-23 12:08:05,0.00102250,36.78000000
2018-02-23 12:08:05,0.00102240,26.67000000
2018-02-23 12:08:05,0.00102230,36.05000000
2018-02-23 12:08:05,0.00102220,38.55000000
2018-02-23 12:08:05,0.00102200,1.58000000
2018-02-23 12:08:05,0.00102190,31.56000000
2018-02-23 12:08:05,0.00102170,476.72000000
2018-02-23 12:08:05,0.00102160,59.67000000
2018-02-23 12:08:05,0.00102150,2.26000000
2018-02-23 12:08:05,0.00102140,1.96000000
2018-02-23 12:08:05,0.00102130,2.43000000
2018-02-23 12:08:05,0.00102120,14.05000000
2018-02-23 12:08:05,0.00102110,80.97000000
2018-02-23 12:08:05,0.00102100,32.04000000
2018-02-23 12:08:05,0.00102090,2.89000000
2018-02-23 12:08:05,0.00102040,155.43000000
2018-02-23 12:08:05,0.00102030,184.63000000
2018-02-23 12:08:05,0.00102020,38.84000000
2018-02-23 12:08:05,0.00102010,105.89000000
2018-02-23 12:08:05,0.00102000,361.09000000
2018-02-23 12:08:05,0.00103000,82.97000000
2018-02-23 12:08:05,0.00103000,38.99000000
2018-02-23 12:08:05,0.00103000,5.08000000
2018-02-23 12:08:05,0.00103000,3.56000000
2018-02-23 12:08:05,0.00103070,1.03000000
2018-02-23 12:08:05,0.00103000,9.03000000
2018-02-23 12:08:05,0.00103000,66.26000000
2018-02-23 12:08:05,0.00103000,47.04000000
2018-02-23 12:08:05,0.00103000,83.03000000
2018-02-23 12:08:05,0.00103020,97.00000000
2018-02-23 12:08:05,0.00103000,52.75000000
2018-02-23 12:08:05,0.00103000,360.95000000
2018-02-23 12:08:05,0.00103020,56.77000000
2018-02-23 12:08:05,0.00103020,68.13000000
2018-02-23 12:08:05,0.00103020,23.46000000
2018-02-23 12:08:05,0.00103070,11.65000000
2018-02-23 12:08:05,0.00103070,29.06000000
2018-02-23 12:08:05,0.00103070,29.98000000
2018-02-23 12:08:06,0.00103020,136.40000000
2018-02-23 12:08:08,0.00103070,7.98000000
2018-02-23 12:08:08,0.00103400,2.85000000
2018-02-23 12:08:08,0.00103430,21.00000000
2018-02-23 12:08:08,0.00103440,18.17000000
2018-02-23 12:08:08,0.00102730,229.42000000
2018-02-23 12:08:08,0.00102780,65.40000000
2018-02-23 12:08:08,0.00102780,2.98000000
2018-02-23 12:08:10,0.00103060,1.93000000
2018-02-23 12:08:13,0.00102880,6.83000000
2018-02-23 12:08:14,0.00103020,7.97000000
2018-02-23 12:08:18,0.00102850,9.72000000
2018-02-23 12:08:18,0.00102830,19.44000000
2018-02-23 12:08:18,0.00102820,4.86000000
2018-02-23 12:08:18,0.00102810,265.98000000
2018-02-23 12:08:23,0.00102980,10.00000000
2018-02-23 12:08:24,0.00102850,1.96000000
2018-02-23 12:08:24,0.00102830,14.73000000
2018-02-23 12:08:25,0.00102960,1.96000000
2018-02-23 12:08:25,0.00102980,0.95000000
2018-02-23 12:08:25,0.00102980,4.37000000
2018-02-23 12:08:25,0.00102840,11.30000000
2018-02-23 12:08:25,0.00102830,25.07000000
2018-02-23 12:08:25,0.00102810,100.03000000
2018-02-23 12:08:26,0.00102940,29.12000000
2018-02-23 12:08:26,0.00102940,69.47000000
2018-02-23 12:08:26,0.00102940,52.51000000
2018-02-23 12:08:27,0.00102940,34.78000000
2018-02-23 12:08:27,0.00102810,161.50000000
2018-02-23 12:08:28,0.00102870,20.97000000
2018-02-23 12:08:28,0.00102950,1.94000000
2018-02-23 12:08:28,0.00102980,10.56000000
2018-02-23 12:08:28,0.00103000,2.46000000
2018-02-23 12:08:28,0.00103020,5.99000000
2018-02-23 12:08:32,0.00103020,0.72000000
2018-02-23 12:08:33,0.00102900,1.96000000
2018-02-23 12:08:33,0.00102870,20.97000000
2018-02-23 12:08:33,0.00102860,29.16000000
2018-02-23 12:08:33,0.00102830,1.96000000
2018-02-23 12:08:33,0.00102810,112.35000000
2018-02-23 12:08:33,0.00102810,2.67000000
2018-02-23 12:08:33,0.00102930,1.79000000
2018-02-23 12:08:33,0.00102930,0.17000000
2018-02-23 12:08:33,0.00103000,1.96000000
2018-02-23 12:08:33,0.00103020,0.95000000
2018-02-23 12:08:37,0.00103010,1.01000000
2018-02-23 12:08:41,0.00102860,11.30000000
2018-02-23 12:08:41,0.00102850,1.96000000
2018-02-23 12:08:41,0.00102830,29.85000000
2018-02-23 12:08:41,0.00102810,343.19000000
2018-02-23 12:08:42,0.00102890,249.09000000
2018-02-23 12:08:42,0.00102980,7.01000000
2018-02-23 12:08:44,0.00102970,28.15000000
2018-02-23 12:08:44,0.00102990,1.96000000
2018-02-23 12:08:44,0.00103020,86.97000000
2018-02-23 12:08:45,0.00103000,2.90000000
2018-02-23 12:08:45,0.00102830,50.00000000
2018-02-23 12:08:45,0.00102820,114.10000000
2018-02-23 12:08:45,0.00102810,135.90000000
2018-02-23 12:08:45,0.00102810,1.38000000
2018-02-23 12:08:45,0.00103000,1.39000000
2018-02-23 12:08:45,0.00103010,6.61000000
2018-02-23 12:08:46,0.00102810,16.53000000
2018-02-23 12:08:47,0.00102990,3.30000000
2018-02-23 12:08:47,0.00102840,11.31000000
2018-02-23 12:08:47,0.00102830,29.17000000
2018-02-23 12:08:47,0.00102820,44.78000000
2018-02-23 12:08:47,0.00102810,84.96000000
2018-02-23 12:08:48,0.00102970,20.00000000
2018-02-23 12:08:48,0.00102810,10.95000000
2018-02-23 12:08:48,0.00102810,7.63000000
2018-02-23 12:08:48,0.00102960,12.01000000
2018-02-23 12:08:48,0.00102960,12.00000000
2018-02-23 12:08:48,0.00102960,2.04000000
2018-02-23 12:08:49,0.00102960,3.12000000
2018-02-23 12:08:49,0.00102950,29.12000000
2018-02-23 12:08:49,0.00102950,8.89000000
2018-02-23 12:08:55,0.00102840,11.33000000
2018-02-23 12:08:55,0.00102810,29.18000000
2018-02-23 12:08:55,0.00102800,33.90000000
2018-02-23 12:08:55,0.00102550,150.23000000
2018-02-23 12:08:55,0.00102540,158.44000000
2018-02-23 12:08:55,0.00102530,2.85000000
2018-02-23 12:08:55,0.00102520,38.14000000
2018-02-23 12:08:55,0.00102420,556.30000000
2018-02-23 12:08:56,0.00102420,1.18000000
2018-02-23 12:08:56,0.00102400,30.17000000
2018-02-23 12:08:56,0.00102860,1.96000000
2018-02-23 12:08:56,0.00102840,1.75000000
2018-02-23 12:08:56,0.00102840,7.62000000
2018-02-23 12:08:57,0.00102970,13.29000000
2018-02-23 12:08:57,0.00102830,47.80000000
2018-02-23 12:08:57,0.00102990,30.32000000
2018-02-23 12:08:58,0.00102570,60.25000000
2018-02-23 12:08:58,0.00102560,42.61000000
2018-02-23 12:08:58,0.00102540,141.58000000
2018-02-23 12:08:58,0.00102530,5.60000000
2018-02-23 12:08:58,0.00102520,127.82000000
2018-02-23 12:08:58,0.00102410,12.20000000
2018-02-23 12:08:58,0.00102400,217.23000000
2018-02-23 12:08:58,0.00102390,73.03000000
2018-02-23 12:08:58,0.00102300,319.38000000
2018-02-23 12:08:59,0.00102960,11.37000000
2018-02-23 12:08:59,0.00102960,47.80000000
2018-02-23 12:08:59,0.00102860,29.12000000
2018-02-23 12:08:59,0.00102860,29.11000000
2018-02-23 12:08:59,0.00102860,9.06000000
2018-02-23 12:08:59,0.00102600,7.89000000
2018-02-23 12:08:59,0.00102860,23.33000000
2018-02-23 12:08:59,0.00102780,2.19000000
2018-02-23 12:09:00,0.00102830,2.85000000
2018-02-23 12:09:00,0.00102960,2.00000000
2018-02-23 12:09:00,0.00102960,2.81000000
2018-02-23 12:09:00,0.00102950,29.11000000
2018-02-23 12:09:00,0.00102950,0.07000000
2018-02-23 12:09:00,0.00102960,1.31000000
2018-02-23 12:09:01,0.00102780,40.64000000
2018-02-23 12:09:02,0.00102920,7.89000000
2018-02-23 12:09:03,0.00102960,1.92000000
2018-02-23 12:09:03,0.00102650,26.25000000
2018-02-23 12:09:04,0.00102940,42.61000000
2018-02-23 12:09:06,0.00102960,1.17000000
2018-02-23 12:09:08,0.00102940,5.00000000
2018-02-23 12:09:09,0.00102940,6.17000000
2018-02-23 12:09:09,0.00102940,31.44000000
2018-02-23 12:09:10,0.00102940,11.17000000
2018-02-23 12:09:10,0.00102920,29.13000000
2018-02-23 12:09:10,0.00102920,19.23000000
2018-02-23 12:09:11,0.00102680,3.73000000
2018-02-23 12:09:11,0.00102910,26.25000000
2018-02-23 12:09:11,0.00102710,3.98000000
2018-02-23 12:09:11,0.00102900,1.96000000
2018-02-23 12:09:13,0.00102920,0.01000000
2018-02-23 12:09:13,0.00102950,2.03000000
2018-02-23 12:09:14,0.00102900,1.98000000
2018-02-23 12:09:14,0.00102740,4.23000000
2018-02-23 12:09:15,0.00102770,4.18000000
2018-02-23 12:09:15,0.00102770,7.14000000
2018-02-23 12:09:15,0.00102760,1.96000000
2018-02-23 12:09:15,0.00102740,11.14000000
2018-02-23 12:09:15,0.00102920,1.96000000
2018-02-23 12:09:15,0.00102940,2.02000000
2018-02-23 12:09:15,0.00102950,0.96000000
2018-02-23 12:09:16,0.00102930,4.23000000
2018-02-23 12:09:16,0.00102770,1.93000000
2018-02-23 12:09:17,0.00102940,2.00000000
2018-02-23 12:09:17,0.00102930,12.20000000
2018-02-23 12:09:17,0.00102900,29.13000000
2018-02-23 12:09:17,0.00102900,29.13000000
2018-02-23 12:09:17,0.00102900,123.99000000
2018-02-23 12:09:18,0.00102920,47.43000000
2018-02-23 12:09:19,0.00102940,9.32000000
2018-02-23 12:09:20,0.00102930,7.11000000
2018-02-23 12:09:20,0.00102950,29.10000000
2018-02-23 12:09:20,0.00102950,29.10000000
2018-02-23 12:09:20,0.00102950,29.10000000
2018-02-23 12:09:20,0.00102950,29.10000000
2018-02-23 12:09:20,0.00102950,20.44000000
2018-02-23 12:09:20,0.00102950,29.10000000
2018-02-23 12:09:20,0.00102950,40.79000000
2018-02-23 12:09:21,0.00102970,1.00000000
2018-02-23 12:09:21,0.00102970,29.10000000
2018-02-23 12:09:22,0.00102970,7.53000000
2018-02-23 12:09:22,0.00102940,268.76000000
2018-02-23 12:09:22,0.00102920,17.58000000
2018-02-23 12:09:22,0.00102920,5.53000000
2018-02-23 12:09:22,0.00102990,23.57000000
2018-02-23 12:09:22,0.00102990,28.42000000
2018-02-23 12:09:22,0.00102990,23.21000000
2018-02-23 12:09:22,0.00102990,29.10000000
2018-02-23 12:09:22,0.00102900,6.21000000
2018-02-23 12:09:22,0.00102900,6.25000000
2018-02-23 12:09:22,0.00102990,29.10000000
2018-02-23 12:09:22,0.00102990,29.10000000
2018-02-23 12:09:23,0.00102990,22.88000000
2018-02-23 12:09:23,0.00102990,29.10000000
2018-02-23 12:09:23,0.00102990,29.10000000
2018-02-23 12:09:23,0.00102990,28.34000000
2018-02-23 12:09:23,0.00102980,11.14000000
2018-02-23 12:09:23,0.00102990,17.96000000
2018-02-23 12:09:23,0.00102990,29.10000000
2018-02-23 12:09:23,0.00102990,29.10000000
2018-02-23 12:09:23,0.00102990,76.30000000
2018-02-23 12:09:24,0.00103000,24.34000000
2018-02-23 12:09:24,0.00102960,1.13000000
2018-02-23 12:09:27,0.00102980,1.13000000
2018-02-23 12:09:27,0.00102980,403.26000000
2018-02-23 12:09:27,0.00102960,5.49000000
2018-02-23 12:09:27,0.00102810,19.98000000
2018-02-23 12:09:27,0.00102790,1.96000000
2018-02-23 12:09:27,0.00102780,52.69000000
2018-02-23 12:09:27,0.00102920,1.96000000
2018-02-23 12:09:29,0.00102960,11.17000000
2018-02-23 12:09:29,0.00102960,6.85000000
2018-02-23 12:09:30,0.00102970,1.96000000
2018-02-23 12:09:30,0.00103000,316.94000000
2018-02-23 12:09:31,0.00103000,47.23000000
2018-02-23 12:09:32,0.00103000,152.77000000
2018-02-23 12:09:33,0.00103000,15.00000000
2018-02-23 12:09:36,0.00103010,0.02000000
2018-02-23 12:09:37,0.00103000,19.22000000
2018-02-23 12:09:37,0.00103000,170.00000000
2018-02-23 12:09:37,0.00103000,100.00000000
2018-02-23 12:09:39,0.00103010,238.54000000
2018-02-23 12:09:39,0.00103020,7.44000000
2018-02-23 12:09:40,0.00103010,1.30000000
2018-02-23 12:09:40,0.00103000,87.09000000
2018-02-23 12:09:41,0.00103000,964.70000000
2018-02-23 12:09:41,0.00103000,5.00000000
2018-02-23 12:09:43,0.00103000,346.68000000
2018-02-23 12:09:44,0.00103000,245.98000000
2018-02-23 12:09:45,0.00103000,24.39000000
2018-02-23 12:09:48,0.00103000,3.49000000
2018-02-23 12:09:49,0.00103000,426.66000000
2018-02-23 12:09:53,0.00103020,82.39000000
2018-02-23 12:09:54,0.00103000,96.00000000
2018-02-23 12:09:55,0.00103000,97.08000000
2018-02-23 12:09:56,0.00103000,3.42000000
2018-02-23 12:09:56,0.00103000,83.77000000
2018-02-23 12:09:56,0.00103000,43.81000000
2018-02-23 12:09:58,0.00102970,288.42000000
2018-02-23 12:10:02,0.00103000,12.19000000
2018-02-23 12:10:07,0.00103000,3.26000000
2018-02-23 12:10:11,0.00102970,79.97000000
2018-02-23 12:10:11,0.00102960,17.00000000
2018-02-23 12:10:11,0.00102950,1.58000000
2018-02-23 12:10:15,0.00102950,4.65000000
2018-02-23 12:10:18,0.00102970,3.81000000
2018-02-23 12:10:18,0.00102990,2.87000000
2018-02-23 12:10:18,0.00102950,65.59000000
2018-02-23 12:10:20,0.00102990,1.55000000
2018-02-23 12:10:21,0.00102990,0.14000000
2018-02-23 12:10:25,0.00102950,3.18000000
2018-02-23 12:10:25,0.00102800,5.65000000
2018-02-23 12:10:27,0.00102960,4.97000000
2018-02-23 12:10:27,0.00102820,4.97000000
2018-02-23 12:10:28,0.00102820,18.55000000
2018-02-23 12:10:28,0.00102720,1.24000000
2018-02-23 12:10:28,0.00102570,20.21000000
2018-02-23 12:10:28,0.00102980,2.27000000
2018-02-23 12:10:29,0.00102830,11.33000000
2018-02-23 12:10:29,0.00102800,2.46000000
2018-02-23 12:10:29,0.00102580,2.19000000
2018-02-23 12:10:29,0.00102570,66.13000000
2018-02-23 12:10:29,0.00102550,4.86000000
2018-02-23 12:10:29,0.00102540,13.00000000
2018-02-23 12:10:30,0.00102580,2.16000000
2018-02-23 12:10:31,0.00102820,6.00000000
2018-02-23 12:10:32,0.00102760,29.17000000
2018-02-23 12:10:32,0.00102760,47.32000000
2018-02-23 12:10:32,0.00102760,231.16000000
2018-02-23 12:10:33,0.00102760,2.16000000
2018-02-23 12:10:33,0.00102820,7.58000000
2018-02-23 12:10:34,0.00102820,13.32000000
2018-02-23 12:10:36,0.00102760,74.33000000
2018-02-23 12:10:36,0.00102720,83.42000000
2018-02-23 12:10:36,0.00102670,29.21000000
2018-02-23 12:10:36,0.00102610,8.04000000
2018-02-23 12:10:36,0.00102820,110.05000000
2018-02-23 12:10:36,0.00102830,2.19000000
2018-02-23 12:10:37,0.00102620,44.42000000
2018-02-23 12:10:38,0.00102630,7.38000000
2018-02-23 12:10:38,0.00102820,2.40000000
2018-02-23 12:10:38,0.00102810,44.42000000
2018-02-23 12:10:38,0.00102820,39.30000000
2018-02-23 12:10:39,0.00102810,6.25000000
2018-02-23 12:10:39,0.00102620,46.30000000
2018-02-23 12:10:39,0.00102550,21.44000000
2018-02-23 12:10:39,0.00102800,29.16000000
2018-02-23 12:10:40,0.00102560,26.26000000
2018-02-23 12:10:40,0.00102790,21.44000000
2018-02-23 12:10:40,0.00102800,19.00000000
2018-02-23 12:10:40,0.00102800,8.52000000
2018-02-23 12:10:40,0.00102800,19.96000000
2018-02-23 12:10:40,0.00102810,11.33000000
2018-02-23 12:10:41,0.00102950,2.43000000
2018-02-23 12:10:41,0.00102790,25.13000000
2018-02-23 12:10:41,0.00102800,15.00000000
2018-02-23 12:10:42,0.00102780,3.83000000
2018-02-23 12:10:42,0.00102770,1.12000000
2018-02-23 12:10:42,0.00102780,5.09000000
2018-02-23 12:10:44,0.00102800,181.35000000
2018-02-23 12:10:48,0.00102950,2.41000000
2018-02-23 12:10:48,0.00102800,2.04000000
2018-02-23 12:10:49,0.00102950,7.46000000
2018-02-23 12:10:50,0.00102700,96.25000000
2018-02-23 12:10:50,0.00102690,1.96000000
2018-02-23 12:10:50,0.00102680,29.90000000
2018-02-23 12:10:50,0.00102810,8.82000000
2018-02-23 12:10:50,0.00102810,2.50000000
2018-02-23 12:10:50,0.00102810,0.01000000
2018-02-23 12:10:50,0.00102800,61.33000000
2018-02-23 12:10:50,0.00102810,8.81000000
2018-02-23 12:10:51,0.00102800,29.90000000
2018-02-23 12:10:52,0.00102730,99.20000000
2018-02-23 12:10:52,0.00102790,46.26000000
2018-02-23 12:10:52,0.00102800,515.12000000
2018-02-23 12:10:55,0.00102930,1.96000000
2018-02-23 12:10:56,0.00102800,4.78000000
2018-02-23 12:10:56,0.00102740,1.51000000
2018-02-23 12:11:00,0.00102940,1.16000000
2018-02-23 12:11:01,0.00102780,38.71000000
2018-02-23 12:11:01,0.00102750,1.96000000
2018-02-23 12:11:01,0.00102690,1.96000000
2018-02-23 12:11:01,0.00102650,39.01000000
2018-02-23 12:11:01,0.00102800,1.96000000
2018-02-23 12:11:10,0.00102880,1.17000000
2018-02-23 12:11:12,0.00102830,349.39000000
2018-02-23 12:11:14,0.00102880,2.00000000
2018-02-23 12:11:15,0.00102880,8.22000000
2018-02-23 12:11:16,0.00102810,7.09000000
2018-02-23 12:11:18,0.00102810,8.21000000
2018-02-23 12:11:18,0.00102890,65.59000000
2018-02-23 12:11:20,0.00102890,1.18000000
2018-02-23 12:11:20,0.00102910,1.96000000
2018-02-23 12:11:20,0.00102940,244.14000000
2018-02-23 12:11:20,0.00102950,95.76000000
2018-02-23 12:11:20,0.00102990,49.31000000
2018-02-23 12:11:20,0.00103000,442.83000000
2018-02-23 12:11:22,0.00102830,1.96000000
2018-02-23 12:11:22,0.00102810,7.93000000
2018-02-23 12:11:25,0.00102890,1.96000000
2018-02-23 12:11:27,0.00102990,6.02000000
2018-02-23 12:11:27,0.00102900,177.75000000
2018-02-23 12:11:27,0.00102850,1.96000000
2018-02-23 12:11:28,0.00102840,1.96000000
2018-02-23 12:11:33,0.00102900,23.95000000
2018-02-23 12:11:33,0.00102890,19.41000000
2018-02-23 12:11:33,0.00102890,24.79000000
2018-02-23 12:11:44,0.00102930,2.79000000
2018-02-23 12:11:44,0.00102930,3.32000000
2018-02-23 12:11:50,0.00102970,1.96000000
2018-02-23 12:11:52,0.00102930,14.79000000
2018-02-23 12:11:52,0.00102900,10.39000000
2018-02-23 12:11:52,0.00102890,13.16000000
2018-02-23 12:11:53,0.00102930,2.43000000
2018-02-23 12:11:55,0.00102890,14.48000000
2018-02-23 12:11:55,0.00102890,1.55000000
2018-02-23 12:11:56,0.00102930,9.73000000
2018-02-23 12:11:58,0.00102900,193.95000000
2018-02-23 12:11:58,0.00102890,7.84000000
2018-02-23 12:11:58,0.00102840,19.56000000
2018-02-23 12:11:58,0.00102830,10.27000000
2018-02-23 12:11:59,0.00102830,23.58000000
2018-02-23 12:11:59,0.00102890,5.00000000
2018-02-23 12:12:01,0.00102830,9.02000000
2018-02-23 12:12:02,0.00102900,2.35000000
2018-02-23 12:12:03,0.00102900,5.22000000
2018-02-23 12:12:07,0.00102890,3.21000000
2018-02-23 12:12:20,0.00102850,21.94000000
2018-02-23 12:12:23,0.00102890,177.35000000
2018-02-23 12:12:23,0.00102890,29.15000000
2018-02-23 12:12:23,0.00102890,29.15000000
2018-02-23 12:12:23,0.00102890,13.83000000
2018-02-23 12:12:23,0.00102900,60.00000000
2018-02-23 12:12:23,0.00102930,334.31000000
2018-02-23 12:12:26,0.00103000,169.87000000
2018-02-23 12:12:26,0.00102900,100.00000000
2018-02-23 12:12:26,0.00103000,207.41000000
2018-02-23 12:12:26,0.00103000,524.59000000
2018-02-23 12:12:26,0.00103020,2.00000000
2018-02-23 12:12:26,0.00103030,57.22000000
2018-02-23 12:12:26,0.00103050,313.25000000
2018-02-23 12:12:27,0.00102890,1.28000000
2018-02-23 12:12:28,0.00103050,157.12000000
2018-02-23 12:12:28,0.00103080,21.65000000
2018-02-23 12:12:31,0.00103050,0.27000000
2018-02-23 12:12:31,0.00103070,1.96000000
2018-02-23 12:12:31,0.00103190,1.59000000
2018-02-23 12:12:32,0.00103190,0.37000000
2018-02-23 12:12:32,0.00103210,4.84000000
2018-02-23 12:12:32,0.00103390,4.00000000
2018-02-23 12:12:33,0.00103060,11.37000000
2018-02-23 12:12:33,0.00103050,16.50000000
2018-02-23 12:12:33,0.00103190,10.03000000
2018-02-23 12:12:33,0.00103200,4.85000000
2018-02-23 12:12:34,0.00103180,11.37000000
2018-02-23 12:12:34,0.00103390,47.26000000
2018-02-23 12:12:34,0.00103400,99.31000000
2018-02-23 12:12:34,0.00103080,1.96000000
2018-02-23 12:12:34,0.00103060,1.90000000
2018-02-23 12:12:34,0.00103080,3.92000000
2018-02-23 12:12:34,0.00103160,1.96000000
2018-02-23 12:12:34,0.00103230,3.84000000
2018-02-23 12:12:34,0.00103230,8.29000000
2018-02-23 12:12:34,0.00103230,8.26000000
2018-02-23 12:12:34,0.00103230,1.96000000
2018-02-23 12:12:34,0.00103230,8.29000000
2018-02-23 12:12:34,0.00103230,13.10000000
2018-02-23 12:12:34,0.00103230,160.16000000
2018-02-23 12:12:34,0.00103230,11.36000000
2018-02-23 12:12:35,0.00103230,181.88000000
2018-02-23 12:12:35,0.00103170,2.42000000
2018-02-23 12:12:35,0.00103170,12.12000000
2018-02-23 12:12:35,0.00103230,42.96000000
2018-02-23 12:12:36,0.00103180,4.85000000
2018-02-23 12:12:36,0.00103390,11.36000000
2018-02-23 12:12:36,0.00103400,253.79000000
2018-02-23 12:12:36,0.00103450,30.97000000
2018-02-23 12:12:37,0.00103450,1.84000000
2018-02-23 12:12:38,0.00103450,287.48000000
2018-02-23 12:12:38,0.00103450,1.84000000
2018-02-23 12:12:39,0.00103310,1.90000000
2018-02-23 12:12:39,0.00103450,1.83000000
2018-02-23 12:12:39,0.00103500,34.67000000
2018-02-23 12:12:39,0.00103550,0.55000000
2018-02-23 12:12:39,0.00103150,18.11000000
2018-02-23 12:12:40,0.00103160,2.00000000
2018-02-23 12:12:41,0.00103450,16.46000000
2018-02-23 12:12:41,0.00103450,1.65000000
2018-02-23 12:12:41,0.00103450,28.99000000
2018-02-23 12:12:41,0.00103450,84.70000000
2018-02-23 12:12:43,0.00103440,2.41000000
2018-02-23 12:12:43,0.00103440,2.13000000
2018-02-23 12:12:46,0.00103400,3.68000000
2018-02-23 12:12:48,0.00103400,6.67000000
2018-02-23 12:12:48,0.00103400,0.97000000
2018-02-23 12:12:49,0.00103400,1.52000000
2018-02-23 12:12:50,0.00103400,6.45000000
2018-02-23 12:12:50,0.00103270,1.94000000
2018-02-23 12:12:50,0.00103250,11.38000000
2018-02-23 12:12:50,0.00103240,1.94000000
2018-02-23 12:12:50,0.00103230,29.06000000
2018-02-23 12:12:50,0.00103210,28.72000000
2018-02-23 12:12:50,0.00103190,11.91000000
2018-02-23 12:12:50,0.00103150,27.90000000
2018-02-23 12:12:50,0.00103400,27.44000000
2018-02-23 12:12:50,0.00103380,3.88000000
2018-02-23 12:12:50,0.00103400,0.18000000
2018-02-23 12:12:51,0.00103390,16.24000000
2018-02-23 12:12:51,0.00103390,3.87000000
2018-02-23 12:12:52,0.00103380,8.17000000
2018-02-23 12:12:53,0.00103330,7.25000000
2018-02-23 12:12:54,0.00103330,2.39000000
2018-02-23 12:12:54,0.00103360,11.38000000
2018-02-23 12:12:54,0.00103380,14.35000000
2018-02-23 12:12:54,0.00103400,58.06000000
2018-02-23 12:12:55,0.00103290,38.14000000
2018-02-23 12:12:56,0.00103400,3.85000000
2018-02-23 12:12:58,0.00103390,3.29000000
2018-02-23 12:13:00,0.00103390,3.39000000
2018-02-23 12:13:01,0.00103390,23.22000000
2018-02-23 12:13:01,0.00103410,1.94000000
2018-02-23 12:13:01,0.00103440,453.22000000
2018-02-23 12:13:02,0.00103300,0.63000000
2018-02-23 12:13:03,0.00103300,0.63000000
2018-02-23 12:13:09,0.00103420,7.73000000
2018-02-23 12:13:11,0.00103400,10.00000000
2018-02-23 12:13:12,0.00103420,2.22000000
2018-02-23 12:13:15,0.00103410,84.26000000
2018-02-23 12:13:19,0.00103400,45.53000000
2018-02-23 12:13:19,0.00103400,0.96000000
2018-02-23 12:13:19,0.00103410,1.64000000
2018-02-23 12:13:21,0.00103410,14.26000000
2018-02-23 12:13:21,0.00103410,3.58000000
2018-02-23 12:13:21,0.00103410,15.65000000
2018-02-23 12:13:24,0.00103410,18.08000000
2018-02-23 12:13:26,0.00103410,27.96000000
2018-02-23 12:13:26,0.00103420,7.75000000
2018-02-23 12:13:27,0.00103420,1.56000000
2018-02-23 12:13:28,0.00103440,1.56000000
2018-02-23 12:13:28,0.00103440,21.94000000
2018-02-23 12:13:28,0.00103550,2.16000000
2018-02-23 12:13:28,0.00103600,4.87000000
2018-02-23 12:13:28,0.00103580,4.00000000
2018-02-23 12:13:28,0.00103440,1.56000000
2018-02-23 12:13:28,0.00103420,4.84000000
2018-02-23 12:13:28,0.00103420,4.85000000
2018-02-23 12:13:28,0.00103420,43.08000000
2018-02-23 12:13:28,0.00103420,4.84000000
2018-02-23 12:13:31,0.00103590,1.16000000
2018-02-23 12:13:31,0.00103470,1.94000000
2018-02-23 12:13:31,0.00103450,11.52000000
2018-02-23 12:13:31,0.00103450,4.00000000
2018-02-23 12:13:33,0.00103440,5.74000000
2018-02-23 12:13:33,0.00103430,8.00000000
2018-02-23 12:13:34,0.00103440,5.78000000
2018-02-23 12:13:34,0.00103450,472.54000000
2018-02-23 12:13:34,0.00103570,1.94000000
2018-02-23 12:13:34,0.00103590,3.78000000
2018-02-23 12:13:35,0.00103580,7.24000000
2018-02-23 12:13:35,0.00103520,1.94000000
2018-02-23 12:13:35,0.00103500,0.19000000
2018-02-23 12:13:38,0.00103560,1.94000000
2018-02-23 12:13:39,0.00103560,4.00000000
2018-02-23 12:13:43,0.00103590,20.00000000
2018-02-23 12:13:44,0.00103590,2.41000000
2018-02-23 12:13:44,0.00103590,14.64000000
2018-02-23 12:13:44,0.00103570,242.16000000
2018-02-23 12:13:44,0.00103560,0.62000000
2018-02-23 12:13:44,0.00103560,1.61000000
2018-02-23 12:13:44,0.00103590,1.64000000
2018-02-23 12:13:46,0.00103510,88.00000000
2018-02-23 12:13:46,0.00103500,135.22000000
2018-02-23 12:13:46,0.00103500,1.94000000
2018-02-23 12:13:46,0.00103500,28.96000000
2018-02-23 12:13:46,0.00103500,28.96000000
2018-02-23 12:13:46,0.00103500,28.96000000
2018-02-23 12:13:46,0.00103500,23.57000000
2018-02-23 12:13:46,0.00103500,23.57000000
2018-02-23 12:13:46,0.00103500,6.79000000
2018-02-23 12:13:47,0.00103500,2.32000000
2018-02-23 12:13:48,0.00103500,10.91000000
2018-02-23 12:13:48,0.00103470,1.94000000
2018-02-23 12:13:48,0.00103440,5.73000000
2018-02-23 12:13:48,0.00103430,12.97000000
2018-02-23 12:13:48,0.00103420,11.22000000
2018-02-23 12:13:48,0.00103410,49.63000000
2018-02-23 12:13:52,0.00103410,55.97000000
2018-02-23 12:13:52,0.00103400,214.39000000
2018-02-23 12:13:53,0.00103490,5.31000000
2018-02-23 12:13:55,0.00103490,19.92000000
2018-02-23 12:13:55,0.00103490,3.38000000
2018-02-23 12:13:56,0.00103490,19.52000000
2018-02-23 12:13:56,0.00103490,19.92000000
2018-02-23 12:13:56,0.00103490,18.13000000
2018-02-23 12:13:56,0.00103500,4.98000000
2018-02-23 12:13:56,0.00103490,19.92000000
2018-02-23 12:13:56,0.00103490,1.80000000
2018-02-23 12:13:57,0.00103500,4.82000000
2018-02-23 12:13:57,0.00103450,1.00000000
2018-02-23 12:13:57,0.00103430,1.94000000
2018-02-23 12:13:57,0.00103410,107.47000000
2018-02-23 12:13:57,0.00103410,1.00000000
2018-02-23 12:13:58,0.00103410,13.57000000
2018-02-23 12:13:58,0.00103410,0.97000000
2018-02-23 12:14:00,0.00103400,11.73000000
2018-02-23 12:14:02,0.00103410,183.38000000
2018-02-23 12:14:03,0.00103260,11.31000000
2018-02-23 12:14:03,0.00103250,1.69000000
2018-02-23 12:14:04,0.00103400,4.55000000
2018-02-23 12:14:05,0.00103260,1.64000000
2018-02-23 12:14:05,0.00103400,22.49000000
2018-02-23 12:14:05,0.00103410,80.00000000
2018-02-23 12:14:06,0.00103410,4.00000000
2018-02-23 12:14:10,0.00103410,52.29000000
2018-02-23 12:14:11,0.00103400,158.09000000
2018-02-23 12:14:11,0.00103410,37.05000000
2018-02-23 12:14:13,0.00103410,111.84000000
2018-02-23 12:14:13,0.00103410,1.64000000
2018-02-23 12:14:14,0.00103410,8.23000000
2018-02-23 12:14:14,0.00103410,15.38000000
2018-02-23 12:14:14,0.00103320,8.04000000
2018-02-23 12:14:14,0.00103310,17.21000000
2018-02-23 12:14:15,0.00103410,8.25000000
2018-02-23 12:14:17,0.00103410,45.35000000
2018-02-23 12:14:19,0.00103410,94.59000000
2018-02-23 12:14:21,0.00103420,17.21000000
2018-02-23 12:14:21,0.00103480,1.94000000
2018-02-23 12:14:21,0.00103500,148.09000000
2018-02-23 12:14:21,0.00103500,69.69000000
2018-02-23 12:14:21,0.00103500,1.63000000
2018-02-23 12:14:26,0.00103560,9.97000000
2018-02-23 12:14:26,0.00103570,1.94000000
2018-02-23 12:14:26,0.00103580,1.94000000
2018-02-23 12:14:26,0.00103590,65.80000000
2018-02-23 12:14:26,0.00103600,15.52000000
2018-02-23 12:14:26,0.00103610,4.15000000
2018-02-23 12:14:26,0.00103620,21.01000000
2018-02-23 12:14:26,0.00103700,60.38000000
2018-02-23 12:14:26,0.00103710,7.00000000
2018-02-23 12:14:26,0.00103790,3.72000000
2018-02-23 12:14:26,0.00103800,174.95000000
2018-02-23 12:14:26,0.00103810,94.59000000
2018-02-23 12:14:26,0.00103840,12.45000000
2018-02-23 12:14:26,0.00103880,261.56000000
2018-02-23 12:14:26,0.00103880,2.30000000
2018-02-23 12:14:26,0.00103880,25.84000000
2018-02-23 12:14:26,0.00103880,2.31000000
2018-02-23 12:14:26,0.00103880,50.52000000
2018-02-23 12:14:26,0.00103880,113.76000000
2018-02-23 12:14:28,0.00103900,0.16000000
2018-02-23 12:14:29,0.00103630,58.66000000
2018-02-23 12:14:29,0.00103620,1.94000000
2018-02-23 12:14:29,0.00103600,1.45000000
2018-02-23 12:14:29,0.00103590,28.96000000
2018-02-23 12:14:29,0.00103580,67.24000000
2018-02-23 12:14:30,0.00103880,1.94000000
2018-02-23 12:14:30,0.00103900,3.83000000
2018-02-23 12:14:30,0.00103630,34.51000000
2018-02-23 12:14:31,0.00103880,17.77000000
2018-02-23 12:14:31,0.00103800,7.60000000
2018-02-23 12:14:32,0.00103710,86.71000000
2018-02-23 12:14:33,0.00103700,9.24000000
2018-02-23 12:14:34,0.00103690,1.45000000
2018-02-23 12:14:36,0.00103660,1.94000000
2018-02-23 12:14:36,0.00103640,85.26000000
2018-02-23 12:14:36,0.00103630,367.21000000
2018-02-23 12:14:36,0.00103670,17.81000000
2018-02-23 12:14:38,0.00103660,5.60000000
2018-02-23 12:14:38,0.00103670,22.37000000
2018-02-23 12:14:38,0.00103630,1.63000000
2018-02-23 12:14:38,0.00103720,4.82000000
2018-02-23 12:14:39,0.00103710,5.75000000
2018-02-23 12:14:39,0.00103780,1.67000000
2018-02-23 12:14:40,0.00103660,5.98000000
2018-02-23 12:14:41,0.00103770,2.11000000
2018-02-23 12:14:42,0.00103720,19.89000000
2018-02-23 12:14:42,0.00103660,3.00000000
2018-02-23 12:14:42,0.00103650,1.94000000
2018-02-23 12:14:42,0.00103630,66.72000000
2018-02-23 12:14:43,0.00103590,81.87000000
2018-02-23 12:14:43,0.00103600,7.98000000
2018-02-23 12:14:45,0.00103600,2.41000000
2018-02-23 12:14:46,0.00103600,72.70000000
2018-02-23 12:14:48,0.00103600,1.93000000
2018-02-23 12:14:48,0.00103600,12.45000000
2018-02-23 12:14:49,0.00103500,42.97000000
2018-02-23 12:14:49,0.00103500,48.71000000
2018-02-23 12:14:50,0.00103500,3.68000000
2018-02-23 12:14:51,0.00103480,274.55000000
2018-02-23 12:14:51,0.00103500,228.38000000
2018-02-23 12:14:51,0.00103600,645.43000000
2018-02-23 12:14:52,0.00103470,8.45000000
2018-02-23 12:14:52,0.00103460,3.79000000
2018-02-23 12:14:52,0.00103410,4.82000000
2018-02-23 12:14:52,0.00103400,10.38000000
2018-02-23 12:14:53,0.00103600,2.61000000
2018-02-23 12:14:53,0.00103600,39.28000000
2018-02-23 12:14:53,0.00103600,21.61000000
2018-02-23 12:14:56,0.00103600,2.29000000
2018-02-23 12:14:56,0.00103600,2.11000000
2018-02-23 12:14:57,0.00103600,2.90000000
2018-02-23 12:15:00,0.00103600,2.90000000
2018-02-23 12:15:00,0.00103600,3.86000000
2018-02-23 12:15:01,0.00103600,57.81000000
2018-02-23 12:15:02,0.00103600,247.77000000
2018-02-23 12:15:02,0.00103600,100.00000000
2018-02-23 12:15:02,0.00103600,19.30000000
2018-02-23 12:15:03,0.00103600,47.09000000
2018-02-23 12:15:03,0.00103670,67.55000000
2018-02-23 12:15:06,0.00103630,102.55000000
2018-02-23 12:15:07,0.00103670,10.78000000
2018-02-23 12:15:07,0.00103680,389.07000000
2018-02-23 12:15:09,0.00103670,2.95000000
2018-02-23 12:15:09,0.00103610,150.00000000
2018-02-23 12:15:10,0.00103670,11.50000000
2018-02-23 12:15:11,0.00103670,12.21000000
2018-02-23 12:15:11,0.00103670,0.74000000
2018-02-23 12:15:12,0.00103660,9.65000000
2018-02-23 12:15:14,0.00103620,8.00000000
2018-02-23 12:15:14,0.00103620,0.55000000
2018-02-23 12:15:14,0.00103660,3.52000000
2018-02-23 12:15:14,0.00103630,3.61000000
2018-02-23 12:15:17,0.00103630,1.43000000
2018-02-23 12:15:18,0.00103630,96.50000000
2018-02-23 12:15:19,0.00103630,74.75000000
2018-02-23 12:15:19,0.00103650,2.46000000
2018-02-23 12:15:19,0.00103680,0.01000000
2018-02-23 12:15:19,0.00103700,1.94000000
2018-02-23 12:15:22,0.00103700,6.00000000
2018-02-23 12:15:24,0.00103710,1.77000000
2018-02-23 12:15:27,0.00103670,34.69000000
2018-02-23 12:15:28,0.00103670,2.89000000
2018-02-23 12:15:28,0.00103670,5.48000000
2018-02-23 12:15:29,0.00103670,36.04000000
2018-02-23 12:15:30,0.00103670,34.10000000
2018-02-23 12:15:30,0.00103670,4.45000000
2018-02-23 12:15:30,0.00103700,4.27000000
2018-02-23 12:15:31,0.00103710,4.95000000
2018-02-23 12:15:31,0.00103760,8.44000000
2018-02-23 12:15:32,0.00103710,47.94000000
2018-02-23 12:15:36,0.00103710,33.67000000
2018-02-23 12:15:37,0.00103760,18.60000000
2018-02-23 12:15:39,0.00103760,1.92000000
2018-02-23 12:15:39,0.00103780,23.57000000
2018-02-23 12:15:39,0.00103790,14.51000000
2018-02-23 12:15:41,0.00103710,23.03000000
2018-02-23 12:15:41,0.00103710,169.09000000
2018-02-23 12:15:41,0.00103760,8.00000000
2018-02-23 12:15:42,0.00103760,135.73000000
2018-02-23 12:15:42,0.00103730,134.41000000
2018-02-23 12:15:42,0.00103700,19.30000000
2018-02-23 12:15:43,0.00103700,61.34000000
2018-02-23 12:15:43,0.00103700,32.72000000
2018-02-23 12:15:46,0.00103750,118.74000000
2018-02-23 12:15:48,0.00103760,5.00000000
2018-02-23 12:15:48,0.00103730,1.94000000
2018-02-23 12:15:48,0.00103730,2.00000000
2018-02-23 12:15:49,0.00103730,28.89000000
2018-02-23 12:15:49,0.00103730,8.20000000
2018-02-23 12:15:49,0.00103730,86.19000000
2018-02-23 12:15:57,0.00103780,1.94000000
2018-02-23 12:15:57,0.00103800,64.37000000
2018-02-23 12:15:59,0.00103800,54.02000000
2018-02-23 12:15:59,0.00103890,14.54000000
2018-02-23 12:15:59,0.00103900,49.44000000
2018-02-23 12:15:59,0.00103760,306.57000000
2018-02-23 12:16:01,0.00103890,19.48000000
2018-02-23 12:16:01,0.00103890,0.01000000
2018-02-23 12:16:01,0.00103900,10.95000000
2018-02-23 12:16:06,0.00103770,2.93000000
2018-02-23 12:16:06,0.00103780,1.94000000
2018-02-23 12:16:06,0.00103770,8.22000000
2018-02-23 12:16:06,0.00103760,1.94000000
2018-02-23 12:16:08,0.00103800,64.66000000
2018-02-23 12:16:08,0.00103800,126.93000000
2018-02-23 12:16:10,0.00103760,2.46000000
2018-02-23 12:16:10,0.00103740,85.34000000
2018-02-23 12:16:10,0.00103740,1.94000000
2018-02-23 12:16:10,0.00103740,14.74000000
2018-02-23 12:16:10,0.00103740,14.72000000
2018-02-23 12:16:10,0.00103740,14.72000000
2018-02-23 12:16:10,0.00103740,14.72000000
2018-02-23 12:16:10,0.00103740,11.18000000
2018-02-23 12:16:10,0.00103740,14.17000000
2018-02-23 12:16:11,0.00103730,11.15000000
2018-02-23 12:16:12,0.00103730,143.74000000
2018-02-23 12:16:12,0.00103720,13.79000000
2018-02-23 12:16:12,0.00103700,668.19000000
2018-02-23 12:16:12,0.00103670,112.11000000
2018-02-23 12:16:12,0.00103610,4.00000000
2018-02-23 12:16:12,0.00103600,269.27000000
2018-02-23 12:16:12,0.00103500,15.41000000
2018-02-23 12:16:12,0.00103460,82.68000000
2018-02-23 12:16:12,0.00103450,349.32000000
2018-02-23 12:16:12,0.00103740,20.21000000
2018-02-23 12:16:12,0.00103740,114.89000000
2018-02-23 12:16:13,0.00103740,60.99000000
2018-02-23 12:16:13,0.00103610,134.93000000
2018-02-23 12:16:13,0.00103740,26.59000000
2018-02-23 12:16:14,0.00103770,17.92000000
2018-02-23 12:16:15,0.00103770,20.02000000
2018-02-23 12:16:15,0.00103730,8.01000000
2018-02-23 12:16:15,0.00103720,14.06000000
2018-02-23 12:16:15,0.00103550,59.95000000
2018-02-23 12:16:15,0.00103540,33.19000000
2018-02-23 12:16:16,0.00103560,1.94000000
2018-02-23 12:16:16,0.00103510,45.94000000
2018-02-23 12:16:16,0.00103500,44.21000000
2018-02-23 12:16:16,0.00103480,12.92000000
2018-02-23 12:16:16,0.00103460,1.63000000
2018-02-23 12:16:16,0.00103450,34.01000000
2018-02-23 12:16:16,0.00103800,20.00000000
2018-02-23 12:16:17,0.00103590,9.65000000
2018-02-23 12:16:17,0.00103520,2.17000000
2018-02-23 12:16:17,0.00103510,40.07000000
2018-02-23 12:16:17,0.00103770,2.89000000
2018-02-23 12:16:18,0.00103760,21.11000000
2018-02-23 12:16:18,0.00103760,21.11000000
2018-02-23 12:16:18,0.00103550,50.00000000
2018-02-23 12:16:18,0.00103760,21.12000000
2018-02-23 12:16:19,0.00103560,29.57000000
2018-02-23 12:16:19,0.00103560,7.03000000
2018-02-23 12:16:19,0.00103740,8.92000000
2018-02-23 12:16:19,0.00103730,28.90000000
2018-02-23 12:16:19,0.00103730,18.46000000
2018-02-23 12:16:21,0.00103740,28.90000000
2018-02-23 12:16:21,0.00103740,21.10000000
2018-02-23 12:16:21,0.00103460,17.89000000
2018-02-23 12:16:21,0.00103450,1.60000000
2018-02-23 12:16:21,0.00103450,27.38000000
2018-02-23 12:16:21,0.00103450,21.66000000
2018-02-23 12:16:21,0.00103450,4.83000000
2018-02-23 12:16:21,0.00103450,5.65000000
2018-02-23 12:16:21,0.00103450,27.00000000
2018-02-23 12:16:21,0.00103450,27.30000000
2018-02-23 12:16:21,0.00103450,4.72000000
2018-02-23 12:16:21,0.00103450,43.08000000
2018-02-23 12:16:21,0.00103450,21.70000000
2018-02-23 12:16:21,0.00103450,5.66000000
2018-02-23 12:16:21,0.00103450,43.08000000
2018-02-23 12:16:21,0.00103450,21.70000000
2018-02-23 12:16:22,0.00103450,72.28000000
2018-02-23 12:16:22,0.00103450,39.25000000
2018-02-23 12:16:22,0.00103450,1.15000000
2018-02-23 12:16:22,0.00103510,5.05000000
2018-02-23 12:16:23,0.00103510,45.84000000
2018-02-23 12:16:24,0.00103430,2.04000000
2018-02-23 12:16:25,0.00103430,2.17000000
2018-02-23 12:16:27,0.00103460,322.77000000
2018-02-23 12:16:27,0.00103490,2.90000000
2018-02-23 12:16:28,0.00103480,1.94000000
2018-02-23 12:16:28,0.00103490,1.82000000
2018-02-23 12:16:28,0.00103510,27.15000000
2018-02-23 12:16:28,0.00103500,11.17000000
2018-02-23 12:16:29,0.00103500,0.33000000
2018-02-23 12:16:30,0.00103500,236.00000000
2018-02-23 12:16:31,0.00103490,1.42000000
2018-02-23 12:16:31,0.00103500,269.11000000
2018-02-23 12:16:31,0.00103570,1.42000000
2018-02-23 12:16:31,0.00103580,19.93000000
2018-02-23 12:16:31,0.00103580,96.70000000
2018-02-23 12:16:32,0.00103690,28.46000000
2018-02-23 12:16:34,0.00103690,56.18000000
2018-02-23 12:16:34,0.00103700,4.27000000
2018-02-23 12:16:34,0.00103710,4.80000000
2018-02-23 12:16:34,0.00103740,1.95000000
2018-02-23 12:16:34,0.00103790,85.34000000
2018-02-23 12:16:34,0.00103800,46.32000000
2018-02-23 12:16:34,0.00103810,1.94000000
2018-02-23 12:16:34,0.00103840,1.94000000
2018-02-23 12:16:34,0.00103900,39.53000000
2018-02-23 12:16:34,0.00103910,3.23000000
2018-02-23 12:16:34,0.00103590,7.60000000
2018-02-23 12:16:36,0.00103890,7.60000000
2018-02-23 12:16:36,0.00103900,2.17000000
2018-02-23 12:16:36,0.00103910,76.68000000
2018-02-23 12:16:36,0.00103940,61.64000000
2018-02-23 12:16:36,0.00103950,18.65000000
2018-02-23 12:16:36,0.00103990,149.20000000
2018-02-23 12:16:36,0.00104000,890.47000000
2018-02-23 12:16:36,0.00103950,4.00000000
2018-02-23 12:16:36,0.00104000,4.11000000
2018-02-23 12:16:38,0.00103630,7.59000000
2018-02-23 12:16:38,0.00103900,247.50000000
2018-02-23 12:16:38,0.00103990,1.63000000
2018-02-23 12:16:38,0.00104000,700.87000000
2018-02-23 12:16:40,0.00103940,14.06000000
2018-02-23 12:16:40,0.00103990,9.23000000
2018-02-23 12:16:40,0.00104000,72.99000000
2018-02-23 12:16:40,0.00103970,4.80000000
2018-02-23 12:16:41,0.00103690,1.00000000
2018-02-23 12:16:41,0.00103670,1.94000000
2018-02-23 12:16:41,0.00103650,1.86000000
2018-02-23 12:16:41,0.00103970,4.80000000
2018-02-23 12:16:41,0.00104000,72.85000000
2018-02-23 12:16:41,0.00103920,1.94000000
2018-02-23 12:16:41,0.00104000,41.06000000
2018-02-23 12:16:41,0.00103680,1.94000000
2018-02-23 12:16:43,0.00103840,9.66000000
2018-02-23 12:16:43,0.00103840,141.47000000
2018-02-23 12:16:44,0.00103840,9.66000000
2018-02-23 12:16:45,0.00103940,4.82000000
2018-02-23 12:16:48,0.00103740,25.19000000
2018-02-23 12:16:48,0.00103730,95.84000000
2018-02-23 12:16:48,0.00103720,1.94000000
2018-02-23 12:16:48,0.00103710,6.06000000
2018-02-23 12:16:52,0.00103910,13.00000000
2018-02-23 12:16:53,0.00103910,5.58000000
2018-02-23 12:16:55,0.00103900,3.22000000
2018-02-23 12:17:00,0.00103800,1.94000000
2018-02-23 12:17:00,0.00103790,0.90000000
2018-02-23 12:17:00,0.00103880,1.94000000
2018-02-23 12:17:00,0.00103900,50.00000000
2018-02-23 12:17:00,0.00103910,29.10000000
2018-02-23 12:17:00,0.00103930,27.05000000
2018-02-23 12:17:00,0.00103940,49.41000000
2018-02-23 12:17:00,0.00103950,37.00000000
2018-02-23 12:17:00,0.00103970,1.94000000
2018-02-23 12:17:00,0.00103990,91.71000000
2018-02-23 12:17:00,0.00104000,263.07000000
2018-02-23 12:17:04,0.00103900,5.00000000
2018-02-23 12:17:04,0.00103900,333.96000000
2018-02-23 12:17:04,0.00103900,5.00000000
2018-02-23 12:17:04,0.00103850,1.94000000
2018-02-23 12:17:04,0.00103830,39.77000000
2018-02-23 12:17:04,0.00103820,1.94000000
2018-02-23 12:17:04,0.00103810,4.79000000
2018-02-23 12:17:04,0.00103800,96.86000000
2018-02-23 12:17:04,0.00103790,80.08000000
2018-02-23 12:17:07,0.00103860,14.89000000
2018-02-23 12:17:08,0.00103860,65.19000000
2018-02-23 12:17:08,0.00103880,1.19000000
2018-02-23 12:17:08,0.00103880,0.75000000
2018-02-23 12:17:08,0.00103950,0.25000000
2018-02-23 12:17:14,0.00103820,25.00000000
2018-02-23 12:17:14,0.00103800,16.14000000
2018-02-23 12:17:14,0.00103790,22.50000000
2018-02-23 12:17:14,0.00103840,1.94000000
2018-02-23 12:17:15,0.00103920,1.94000000
2018-02-23 12:17:15,0.00103930,45.84000000
2018-02-23 12:17:15,0.00103950,28.64000000
2018-02-23 12:17:15,0.00103970,1.94000000
2018-02-23 12:17:15,0.00104000,36.61000000
2018-02-23 12:17:17,0.00103980,22.50000000
2018-02-23 12:17:17,0.00103990,10.88000000
2018-02-23 12:17:17,0.00104000,4.75000000
2018-02-23 12:17:17,0.00104000,100.00000000
2018-02-23 12:17:18,0.00104000,1179.47000000
2018-02-23 12:17:18,0.00104000,5.51000000
2018-02-23 12:17:18,0.00104000,5.51000000
2018-02-23 12:17:18,0.00104000,28.84000000
2018-02-23 12:17:19,0.00104000,7.67000000
2018-02-23 12:17:19,0.00104000,0.01000000
2018-02-23 12:17:19,0.00104100,91.15000000
2018-02-23 12:17:19,0.00104160,20.30000000
2018-02-23 12:17:19,0.00104180,15.45000000
2018-02-23 12:17:19,0.00104200,9.76000000
2018-02-23 12:17:19,0.00104200,5.24000000
2018-02-23 12:17:19,0.00104160,7.67000000
2018-02-23 12:17:19,0.00104160,21.95000000
2018-02-23 12:17:19,0.00104160,12.48000000
2018-02-23 12:17:19,0.00104160,9.82000000
2018-02-23 12:17:19,0.00104200,0.01000000
2018-02-23 12:17:20,0.00104160,23.58000000
2018-02-23 12:17:21,0.00104160,2.58000000
2018-02-23 12:17:22,0.00104030,23.43000000
2018-02-23 12:17:22,0.00104030,15.94000000
2018-02-23 12:17:22,0.00104080,28.82000000
2018-02-23 12:17:23,0.00104080,138.50000000
2018-02-23 12:17:23,0.00104010,28.56000000
2018-02-23 12:17:25,0.00104010,117.05000000
2018-02-23 12:17:25,0.00104070,11.28000000
2018-02-23 12:17:27,0.00104070,1.66000000
2018-02-23 12:17:27,0.00104010,41.97000000
2018-02-23 12:17:28,0.00104010,158.59000000
2018-02-23 12:17:28,0.00104010,1.48000000
2018-02-23 12:17:32,0.00104070,24.49000000
2018-02-23 12:17:32,0.00104080,28.82000000
2018-02-23 12:17:32,0.00104140,0.23000000
2018-02-23 12:17:32,0.00104140,1.71000000
2018-02-23 12:17:32,0.00104160,6.87000000
2018-02-23 12:17:32,0.00104180,1.02000000
2018-02-23 12:17:34,0.00104170,1.63000000
2018-02-23 12:17:34,0.00104180,13.18000000
2018-02-23 12:17:34,0.00104200,27.90000000
2018-02-23 12:17:34,0.00104200,10.57000000
2018-02-23 12:17:34,0.00104200,27.81000000
2018-02-23 12:17:34,0.00104200,10.57000000
2018-02-23 12:17:34,0.00104200,83.42000000
2018-02-23 12:17:34,0.00104200,27.80000000
2018-02-23 12:17:34,0.00104200,28.78000000
2018-02-23 12:17:34,0.00104200,48.07000000
2018-02-23 12:17:34,0.00104200,201.97000000
2018-02-23 12:17:34,0.00103970,1.00000000
2018-02-23 12:17:37,0.00104110,355.15000000
2018-02-23 12:17:37,0.00104020,1.94000000
2018-02-23 12:17:37,0.00104000,0.23000000
2018-02-23 12:17:39,0.00104220,1.94000000
2018-02-23 12:17:40,0.00104200,89.43000000
2018-02-23 12:17:40,0.00104240,1.00000000
2018-02-23 12:17:40,0.00104250,9.57000000
2018-02-23 12:17:40,0.00104030,0.97000000
2018-02-23 12:17:41,0.00104050,1.94000000
2018-02-23 12:17:41,0.00104040,1.55000000
2018-02-23 12:17:41,0.00104060,1.00000000
2018-02-23 12:17:43,0.00104180,35.26000000
2018-02-23 12:17:44,0.00104200,1.20000000
2018-02-23 12:17:44,0.00104210,1.55000000
2018-02-23 12:17:44,0.00104220,47.25000000
2018-02-23 12:17:44,0.00104060,1.94000000
2018-02-23 12:17:44,0.00104050,25.27000000
2018-02-23 12:17:45,0.00104110,75.21000000
2018-02-23 12:17:45,0.00104190,1.94000000
2018-02-23 12:17:45,0.00104220,5.45000000
2018-02-23 12:17:46,0.00104180,5.82000000
2018-02-23 12:17:46,0.00104180,12.46000000
2018-02-23 12:17:46,0.00104180,31.36000000
2018-02-23 12:17:47,0.00104220,45.49000000
2018-02-23 12:17:49,0.00104230,18.23000000
2018-02-23 12:17:49,0.00104230,5.76000000
2018-02-23 12:17:50,0.00104230,1.28000000
2018-02-23 12:17:50,0.00104240,1.17000000
2018-02-23 12:17:51,0.00104240,78.23000000
2018-02-23 12:17:51,0.00104240,1.63000000
2018-02-23 12:17:51,0.00104240,1.63000000
2018-02-23 12:17:52,0.00104230,22.47000000
2018-02-23 12:17:55,0.00104110,1.94000000
2018-02-23 12:17:55,0.00104080,1.94000000
2018-02-23 12:17:55,0.00104070,28.82000000
2018-02-23 12:17:55,0.00104050,1.69000000
2018-02-23 12:17:55,0.00104040,113.09000000
2018-02-23 12:17:55,0.00104010,87.02000000
2018-02-23 12:17:55,0.00104000,16.18000000
2018-02-23 12:17:56,0.00104200,1.94000000
2018-02-23 12:17:56,0.00104220,1.94000000
2018-02-23 12:17:56,0.00104230,4.67000000
2018-02-23 12:17:56,0.00104220,76.89000000
2018-02-23 12:17:57,0.00104130,1.94000000
2018-02-23 12:17:57,0.00104090,6.19000000
2018-02-23 12:17:58,0.00104080,21.26000000
2018-02-23 12:17:58,0.00104010,85.02000000
2018-02-23 12:17:58,0.00104000,274.61000000
2018-02-23 12:17:59,0.00104100,183.15000000
2018-02-23 12:18:00,0.00104110,1.94000000
2018-02-23 12:18:00,0.00104100,99.06000000
2018-02-23 12:18:00,0.00104090,44.57000000
2018-02-23 12:18:00,0.00104080,3.33000000
2018-02-23 12:18:00,0.00104000,20.29000000
2018-02-23 12:18:01,0.00104010,50.00000000
2018-02-23 12:18:01,0.00104000,6.30000000
2018-02-23 12:18:02,0.00104010,1.38000000
2018-02-23 12:18:05,0.00104110,1.00000000
2018-02-23 12:18:05,0.00104110,18.24000000
2018-02-23 12:18:05,0.00104110,50.28000000
2018-02-23 12:18:06,0.00104110,2.32000000
2018-02-23 12:18:08,0.00104120,7.02000000
2018-02-23 12:18:08,0.00104110,50.00000000
2018-02-23 12:18:10,0.00104110,6.29000000
2018-02-23 12:18:15,0.00104120,78.00000000
2018-02-23 12:18:17,0.00104170,59.45000000
2018-02-23 12:18:17,0.00104170,166.20000000
2018-02-23 12:18:17,0.00104190,1.94000000
2018-02-23 12:18:17,0.00104200,10.00000000
2018-02-23 12:18:17,0.00104210,1.94000000
2018-02-23 12:18:17,0.00104230,63.26000000
2018-02-23 12:18:19,0.00104230,1.80000000
2018-02-23 12:18:19,0.00104230,11.01000000
2018-02-23 12:18:19,0.00104240,31.98000000
2018-02-23 12:18:19,0.00104250,10.74000000
2018-02-23 12:18:20,0.00104180,11.51000000
2018-02-23 12:18:22,0.00104230,0.44000000
2018-02-23 12:18:23,0.00104230,56.84000000
2018-02-23 12:18:23,0.00104230,30.90000000
2018-02-23 12:18:23,0.00104250,24.69000000
2018-02-23 12:18:23,0.00104270,75.74000000
2018-02-23 12:18:23,0.00104280,26.06000000
2018-02-23 12:18:23,0.00104290,4.79000000
2018-02-23 12:18:23,0.00104160,1.94000000
2018-02-23 12:18:23,0.00104140,2.33000000
2018-02-23 12:18:26,0.00104210,3.88000000
2018-02-23 12:18:26,0.00104280,1.63000000
2018-02-23 12:18:26,0.00104290,73.49000000
2018-02-23 12:18:29,0.00104280,28.76000000
2018-02-23 12:18:29,0.00104280,5.37000000
2018-02-23 12:18:29,0.00104230,1.92000000
2018-02-23 12:18:29,0.00104210,1.00000000
2018-02-23 12:18:29,0.00104180,1.14000000
2018-02-23 12:18:29,0.00104270,1.92000000
2018-02-23 12:18:29,0.00104280,0.48000000
2018-02-23 12:18:30,0.00104280,26.97000000
2018-02-23 12:18:30,0.00104290,6.03000000
2018-02-23 12:18:31,0.00104240,1.63000000
2018-02-23 12:18:32,0.00104240,1.69000000
2018-02-23 12:18:34,0.00104260,199.34000000
2018-02-23 12:18:36,0.00104290,73.54000000
2018-02-23 12:18:36,0.00104300,169.07000000
2018-02-23 12:18:36,0.00104300,12.37000000
2018-02-23 12:18:36,0.00104300,3.00000000
2018-02-23 12:18:36,0.00104300,4.52000000
2018-02-23 12:18:37,0.00104320,7.31000000
2018-02-23 12:18:37,0.00104350,2.27000000
2018-02-23 12:18:39,0.00104310,3.32000000
2018-02-23 12:18:39,0.00104320,100.00000000
2018-02-23 12:18:39,0.00104350,65.39000000
2018-02-23 12:18:40,0.00104300,9.63000000
2018-02-23 12:18:41,0.00104350,36.00000000
2018-02-23 12:18:41,0.00104300,4.26000000
2018-02-23 12:18:43,0.00104300,121.67000000
2018-02-23 12:18:43,0.00104340,5.49000000
2018-02-23 12:18:43,0.00104350,24.87000000
2018-02-23 12:18:45,0.00104300,8.10000000
2018-02-23 12:18:46,0.00104300,69.52000000
2018-02-23 12:18:46,0.00104300,2.11000000
2018-02-23 12:18:47,0.00104300,45.81000000
2018-02-23 12:18:47,0.00104240,79.93000000
2018-02-23 12:18:47,0.00104230,1.88000000
2018-02-23 12:18:47,0.00104180,14.46000000
2018-02-23 12:18:48,0.00104230,27.70000000
2018-02-23 12:18:49,0.00104300,10.00000000
2018-02-23 12:18:50,0.00104200,8.81000000
2018-02-23 12:18:50,0.00104280,1.92000000
2018-02-23 12:18:50,0.00104300,34.41000000
2018-02-23 12:18:50,0.00104300,3.36000000
2018-02-23 12:18:50,0.00104200,60.79000000
2018-02-23 12:18:54,0.00104290,21.69000000
2018-02-23 12:18:54,0.00104300,8.31000000
2018-02-23 12:18:54,0.00104300,6.76000000
2018-02-23 12:18:56,0.00104300,14.64000000
2018-02-23 12:18:56,0.00104350,71.31000000
2018-02-23 12:18:56,0.00104360,21.82000000
2018-02-23 12:18:56,0.00104380,150.09000000
2018-02-23 12:18:56,0.00104390,81.14000000
2018-02-23 12:18:57,0.00104270,2.90000000
2018-02-23 12:18:58,0.00104260,1.62000000
2018-02-23 12:18:58,0.00104230,14.84000000
2018-02-23 12:18:58,0.00104300,23.91000000
2018-02-23 12:18:59,0.00104270,5.51000000
2018-02-23 12:18:59,0.00104260,210.03000000
2018-02-23 12:18:59,0.00104290,2.90000000
2018-02-23 12:18:59,0.00104300,16.22000000
2018-02-23 12:19:03,0.00104380,23.44000000
2018-02-23 12:19:03,0.00104390,2.55000000
2018-02-23 12:19:04,0.00104340,1.89000000
2018-02-23 12:19:08,0.00104390,9.97000000
2018-02-23 12:19:08,0.00104390,10.00000000
2018-02-23 12:19:08,0.00104390,9.94000000
2018-02-23 12:19:08,0.00104390,9.95000000
2018-02-23 12:19:08,0.00104390,9.93000000
2018-02-23 12:19:08,0.00104350,1.62000000
2018-02-23 12:19:08,0.00104340,8.32000000
2018-02-23 12:19:08,0.00104390,8.29000000
2018-02-23 12:19:09,0.00104340,5.80000000
2018-02-23 12:19:09,0.00104390,205.84000000
2018-02-23 12:19:11,0.00104390,2.07000000
2018-02-23 12:19:12,0.00104390,37.00000000
2018-02-23 12:19:12,0.00104400,4.98000000
2018-02-23 12:19:12,0.00104410,1.73000000
2018-02-23 12:19:14,0.00104410,10.57000000
2018-02-23 12:19:14,0.00104410,1.00000000
2018-02-23 12:19:16,0.00104410,5.98000000
2018-02-23 12:19:19,0.00104450,156.86000000
2018-02-23 12:19:19,0.00104490,92.14000000
2018-02-23 12:19:19,0.00104500,33.43000000
2018-02-23 12:19:21,0.00104500,37.12000000
2018-02-23 12:19:23,0.00104500,7.78000000
2018-02-23 12:19:23,0.00104500,7.78000000
2018-02-23 12:19:23,0.00104500,7.78000000
2018-02-23 12:19:23,0.00104500,7.71000000
2018-02-23 12:19:23,0.00104500,6.48000000
2018-02-23 12:19:23,0.00104500,164.93000000
2018-02-23 12:19:23,0.00104500,92.72000000
2018-02-23 12:19:23,0.00104500,1.09000000
2018-02-23 12:19:25,0.00104500,56.55000000
2018-02-23 12:19:26,0.00104470,1.00000000
2018-02-23 12:19:27,0.00104500,19.13000000
2018-02-23 12:19:27,0.00104500,2.08000000
2018-02-23 12:19:27,0.00104500,7.00000000
2018-02-23 12:19:29,0.00104530,231.73000000
2018-02-23 12:19:29,0.00104560,50.00000000
2018-02-23 12:19:31,0.00104560,1.60000000
2018-02-23 12:19:32,0.00104560,160.44000000
2018-02-23 12:19:34,0.00104580,2.00000000
2018-02-23 12:19:35,0.00104570,2.29000000
2018-02-23 12:19:35,0.00104580,111.74000000
2018-02-23 12:19:36,0.00104580,120.00000000
2018-02-23 12:19:38,0.00104580,5.00000000
2018-02-23 12:19:39,0.00104580,12.04000000
2018-02-23 12:19:39,0.00104580,19.68000000
2018-02-23 12:19:39,0.00104590,1.17000000
2018-02-23 12:19:39,0.00104600,47.16000000
2018-02-23 12:19:39,0.00104610,6.33000000
2018-02-23 12:19:39,0.00104630,57.21000000
2018-02-23 12:19:39,0.00104650,122.59000000
2018-02-23 12:19:39,0.00104660,11.75000000
2018-02-23 12:19:39,0.00104670,86.05000000
2018-02-23 12:19:39,0.00104680,87.53000000
2018-02-23 12:19:39,0.00104690,21.73000000
2018-02-23 12:19:39,0.00104690,77.96000000
2018-02-23 12:19:40,0.00104690,0.12000000
2018-02-23 12:19:40,0.00104700,28.37000000
2018-02-23 12:19:42,0.00104600,2.73000000
2018-02-23 12:19:42,0.00104590,1.92000000
2018-02-23 12:19:42,0.00104590,4.78000000
2018-02-23 12:19:42,0.00104590,0.21000000
2018-02-23 12:19:42,0.00104670,1.92000000
2018-02-23 12:19:43,0.00104670,1.92000000
2018-02-23 12:19:43,0.00104560,1.19000000
2018-02-23 12:19:43,0.00104620,60.09000000
2018-02-23 12:19:48,0.00104700,0.36000000
2018-02-23 12:19:48,0.00104700,4.78000000
2018-02-23 12:19:50,0.00104700,94.22000000
2018-02-23 12:19:50,0.00104650,5.76000000
2018-02-23 12:19:52,0.00104600,1.11000000
2018-02-23 12:19:54,0.00104650,17.80000000
2018-02-23 12:19:54,0.00104700,74.92000000
2018-02-23 12:19:55,0.00104600,0.81000000
2018-02-23 12:19:55,0.00104680,1.92000000
2018-02-23 12:19:55,0.00104700,8.93000000
2018-02-23 12:19:55,0.00104650,7.20000000
2018-02-23 12:19:58,0.00104650,2.48000000
2018-02-23 12:19:59,0.00104620,1.92000000
2018-02-23 12:19:59,0.00104650,16.31000000
2018-02-23 12:20:00,0.00104660,7.88000000
2018-02-23 12:20:02,0.00104590,247.92000000
2018-02-23 12:20:02,0.00104620,1.48000000
2018-02-23 12:20:04,0.00104580,17.09000000
2018-02-23 12:20:05,0.00104550,4.83000000
2018-02-23 12:20:05,0.00104550,53.17000000
2018-02-23 12:20:05,0.00104540,49.15000000
2018-02-23 12:20:05,0.00104510,89.62000000
2018-02-23 12:20:05,0.00104500,286.57000000
2018-02-23 12:20:07,0.00104580,2.87000000
2018-02-23 12:20:07,0.00104560,3.71000000
2018-02-23 12:20:07,0.00104520,1.92000000
2018-02-23 12:20:07,0.00104500,2.88000000
2018-02-23 12:20:08,0.00104500,56.55000000
2018-02-23 12:20:08,0.00104500,174.20000000
2018-02-23 12:20:08,0.00104500,10.57000000
2018-02-23 12:20:08,0.00104490,7.58000000
2018-02-23 12:20:08,0.00104500,28.68000000
2018-02-23 12:20:08,0.00104500,12.15000000
2018-02-23 12:20:08,0.00104500,15.73000000
2018-02-23 12:20:08,0.00104490,10.00000000
2018-02-23 12:20:08,0.00104500,15.73000000
2018-02-23 12:20:08,0.00104500,15.73000000
2018-02-23 12:20:09,0.00104490,11.13000000
2018-02-23 12:20:09,0.00104470,4.60000000
2018-02-23 12:20:09,0.00104470,49.10000000
2018-02-23 12:20:10,0.00104470,8.59000000
2018-02-23 12:20:10,0.00104440,12.35000000
2018-02-23 12:20:10,0.00104400,21.44000000
2018-02-23 12:20:10,0.00104350,220.23000000
2018-02-23 12:20:10,0.00104300,187.25000000
2018-02-23 12:20:10,0.00104450,34.36000000
2018-02-23 12:20:11,0.00104500,2.11000000
2018-02-23 12:20:11,0.00104490,4.13000000
2018-02-23 12:20:11,0.00104300,402.58000000
2018-02-23 12:20:12,0.00104310,4.37000000
2018-02-23 12:20:12,0.00104310,2.13000000
2018-02-23 12:20:12,0.00104490,0.61000000
2018-02-23 12:20:12,0.00104310,54.69000000
2018-02-23 12:20:12,0.00104300,56.31000000
2018-02-23 12:20:13,0.00104300,3.87000000
2018-02-23 12:20:13,0.00104300,71.39000000
2018-02-23 12:20:13,0.00104260,7.91000000
2018-02-23 12:20:13,0.00104210,1.51000000
2018-02-23 12:20:13,0.00104210,34.65000000
2018-02-23 12:20:13,0.00104210,1.51000000
2018-02-23 12:20:13,0.00104210,1.51000000
2018-02-23 12:20:13,0.00104210,1.60000000
2018-02-23 12:20:14,0.00104210,1.53000000
2018-02-23 12:20:14,0.00104210,4.79000000
2018-02-23 12:20:15,0.00104190,33.36000000
2018-02-23 12:20:16,0.00104120,9.51000000
2018-02-23 12:20:16,0.00104110,143.56000000
2018-02-23 12:20:16,0.00104110,2.40000000
2018-02-23 12:20:17,0.00104110,6.79000000
2018-02-23 12:20:17,0.00104180,27.83000000
2018-02-23 12:20:17,0.00104190,2.45000000
2018-02-23 12:20:17,0.00104200,1.92000000
2018-02-23 12:20:17,0.00104260,3.33000000
2018-02-23 12:20:17,0.00104270,28.71000000
2018-02-23 12:20:17,0.00104300,265.48000000
2018-02-23 12:20:17,0.00104490,49.28000000
2018-02-23 12:20:17,0.00104110,7.03000000
2018-02-23 12:20:18,0.00104120,4.52000000
2018-02-23 12:20:18,0.00104290,76.28000000
2018-02-23 12:20:18,0.00104120,25.11000000
2018-02-23 12:20:18,0.00104120,126.61000000
2018-02-23 12:20:18,0.00104110,29.42000000
2018-02-23 12:20:20,0.00104130,1.67000000
2018-02-23 12:20:20,0.00104120,0.55000000
2018-02-23 12:20:21,0.00104120,28.26000000
2018-02-23 12:20:21,0.00104110,9.17000000
2018-02-23 12:20:22,0.00104200,2.39000000
2018-02-23 12:20:23,0.00104110,1.17000000
2018-02-23 12:20:23,0.00104110,6.90000000
2018-02-23 12:20:23,0.00104110,1.55000000
2018-02-23 12:20:23,0.00104110,9.99000000
2018-02-23 12:20:25,0.00104110,6.02000000
2018-02-23 12:20:26,0.00104120,1.59000000
2018-02-23 12:20:26,0.00104110,22.58000000
2018-02-23 12:20:26,0.00104110,10.00000000
2018-02-23 12:20:27,0.00104100,9.61000000
2018-02-23 12:20:27,0.00104100,1.93000000
2018-02-23 12:20:27,0.00104100,1.93000000
2018-02-23 12:20:27,0.00104100,1.93000000
2018-02-23 12:20:27,0.00104100,1.93000000
2018-02-23 12:20:27,0.00104100,2.88000000
2018-02-23 12:20:27,0.00104100,24.61000000
2018-02-23 12:20:27,0.00104110,37.56000000
2018-02-23 12:20:27,0.00104170,1.92000000
2018-02-23 12:20:27,0.00104190,1.67000000
2018-02-23 12:20:27,0.00104200,122.16000000
2018-02-23 12:20:27,0.00104070,1.93000000
2018-02-23 12:20:28,0.00104100,1.93000000
2018-02-23 12:20:28,0.00104090,50.00000000
2018-02-23 12:20:28,0.00104100,5.27000000
2018-02-23 12:20:29,0.00104080,263.75000000
2018-02-23 12:20:30,0.00104070,9.60000000
2018-02-23 12:20:30,0.00104030,2.88000000
2018-02-23 12:20:30,0.00104000,44.39000000
2018-02-23 12:20:31,0.00104060,4.00000000
2018-02-23 12:20:31,0.00104070,3.40000000
2018-02-23 12:20:31,0.00104070,461.28000000
2018-02-23 12:20:33,0.00104200,50.00000000
2018-02-23 12:20:34,0.00104200,99.24000000
2018-02-23 12:20:34,0.00104200,1.52000000
2018-02-23 12:20:34,0.00104200,1.75000000
2018-02-23 12:20:35,0.00104200,31.24000000
2018-02-23 12:20:35,0.00104110,28.79000000
2018-02-23 12:20:38,0.00104110,1.17000000
2018-02-23 12:20:39,0.00104110,23.83000000
2018-02-23 12:20:39,0.00104070,46.09000000
2018-02-23 12:20:41,0.00104160,16.04000000
2018-02-23 12:20:41,0.00104170,29.63000000
2018-02-23 12:20:41,0.00104180,21.49000000
2018-02-23 12:20:41,0.00104100,0.97000000
2018-02-23 12:20:42,0.00104130,92.11000000
2018-02-23 12:20:43,0.00104100,8.34000000
2018-02-23 12:20:43,0.00104100,2.00000000
2018-02-23 12:20:44,0.00104100,8.24000000
2018-02-23 12:20:45,0.00104100,18.57000000
2018-02-23 12:20:46,0.00104110,14.74000000
2018-02-23 12:20:46,0.00104100,57.89000000
2018-02-23 12:20:48,0.00104110,1.60000000
2018-02-23 12:20:48,0.00104100,5.53000000
2018-02-23 12:20:49,0.00104100,3.45000000
2018-02-23 12:20:49,0.00104000,99.25000000
2018-02-23 12:20:50,0.00104010,11.49000000
2018-02-23 12:20:51,0.00104170,2.36000000
2018-02-23 12:20:52,0.00104160,1.53000000
2018-02-23 12:20:52,0.00104100,155.48000000
2018-02-23 12:20:53,0.00104050,60.76000000
2018-02-23 12:20:53,0.00104050,63.71000000
2018-02-23 12:20:53,0.00104050,3.19000000
2018-02-23 12:20:53,0.00104050,7.58000000
2018-02-23 12:20:53,0.00104050,205.47000000
2018-02-23 12:20:53,0.00104000,1159.53000000
2018-02-23 12:20:54,0.00104100,3.50000000
2018-02-23 12:20:58,0.00104100,0.44000000
2018-02-23 12:20:58,0.00104010,2.16000000
2018-02-23 12:20:59,0.00104100,7.55000000
2018-02-23 12:21:02,0.00104100,8.88000000
2018-02-23 12:21:03,0.00104110,6.01000000
2018-02-23 12:21:03,0.00104110,6.06000000
2018-02-23 12:21:03,0.00104150,8.00000000
2018-02-23 12:21:03,0.00104160,27.28000000
2018-02-23 12:21:03,0.00104170,2.43000000
2018-02-23 12:21:03,0.00104180,343.51000000
2018-02-23 12:21:03,0.00104200,524.56000000
2018-02-23 12:21:03,0.00104210,358.34000000
2018-02-23 12:21:03,0.00104480,35.43000000
2018-02-23 12:21:03,0.00104490,87.31000000
2018-02-23 12:21:03,0.00104490,15.56000000
2018-02-23 12:21:03,0.00104500,15.56000000
2018-02-23 12:21:03,0.00104490,6.06000000
2018-02-23 12:21:03,0.00104490,9.94000000
2018-02-23 12:21:03,0.00104500,43.00000000
2018-02-23 12:21:03,0.00104500,14.22000000
2018-02-23 12:21:04,0.00104480,1.58000000
2018-02-23 12:21:05,0.00104480,3.18000000
2018-02-23 12:21:05,0.00104520,4.47000000
2018-02-23 12:21:06,0.00104520,1.53000000
2018-02-23 12:21:06,0.00104520,3.61000000
2018-02-23 12:21:06,0.00104550,2.07000000
2018-02-23 12:21:06,0.00104570,84.85000000
2018-02-23 12:21:06,0.00104580,42.51000000
2018-02-23 12:21:06,0.00104620,31.07000000
2018-02-23 12:21:06,0.00104190,1.43000000
2018-02-23 12:21:06,0.00104350,108.30000000
2018-02-23 12:21:09,0.00104440,9.23000000
2018-02-23 12:21:09,0.00104450,11.70000000
2018-02-23 12:21:10,0.00104240,2.43000000
2018-02-23 12:21:12,0.00104510,2.13000000
2018-02-23 12:21:12,0.00104600,2.00000000
2018-02-23 12:21:13,0.00104600,9.70000000
2018-02-23 12:21:13,0.00104610,6.70000000
2018-02-23 12:21:13,0.00104620,119.89000000
2018-02-23 12:21:13,0.00104620,2.00000000
2018-02-23 12:21:14,0.00104650,6.27000000
2018-02-23 12:21:14,0.00104650,51.44000000
2018-02-23 12:21:14,0.00104660,2.43000000
2018-02-23 12:21:14,0.00104700,2.01000000
2018-02-23 12:21:14,0.00104700,1.48000000
2018-02-23 12:21:15,0.00104540,11.71000000
2018-02-23 12:21:15,0.00104530,1.92000000
2018-02-23 12:21:15,0.00104510,4.78000000
2018-02-23 12:21:15,0.00104500,24.88000000
2018-02-23 12:21:16,0.00104570,11.71000000
2018-02-23 12:21:16,0.00104580,1.92000000
2018-02-23 12:21:16,0.00104690,2.13000000
2018-02-23 12:21:16,0.00104700,4.59000000
2018-02-23 12:21:17,0.00104500,1075.45000000
2018-02-23 12:21:17,0.00104410,2.43000000
2018-02-23 12:21:17,0.00104280,47.25000000
2018-02-23 12:21:17,0.00104240,26.34000000
2018-02-23 12:21:17,0.00104200,2.85000000
2018-02-23 12:21:17,0.00104150,8.00000000
2018-02-23 12:21:17,0.00104010,43.72000000
2018-02-23 12:21:17,0.00104520,1.92000000
2018-02-23 12:21:17,0.00104510,61.72000000
2018-02-23 12:21:17,0.00104010,51.43000000
2018-02-23 12:21:17,0.00104000,3.82000000
2018-02-23 12:21:17,0.00103920,16.06000000
2018-02-23 12:21:17,0.00103900,7.03000000
2018-02-23 12:21:17,0.00103880,9.63000000
2018-02-23 12:21:17,0.00103860,50.00000000
2018-02-23 12:21:17,0.00103800,112.36000000
2018-02-23 12:21:17,0.00103740,3.00000000
2018-02-23 12:21:17,0.00103710,8.00000000
2018-02-23 12:21:17,0.00103700,5.48000000
2018-02-23 12:21:17,0.00103640,4.82000000
2018-02-23 12:21:17,0.00103600,196.64000000
2018-02-23 12:21:17,0.00103580,1.18000000
2018-02-23 12:21:17,0.00103570,1.26000000
2018-02-23 12:21:17,0.00103550,49.27000000
2018-02-23 12:21:17,0.00103540,96.58000000
2018-02-23 12:21:17,0.00103510,3.60000000
2018-02-23 12:21:17,0.00103490,4.83000000
2018-02-23 12:21:17,0.00103480,18.88000000
2018-02-23 12:21:17,0.00103450,141.30000000
2018-02-23 12:21:18,0.00104670,4.49000000
2018-02-23 12:21:18,0.00104510,92.77000000
2018-02-23 12:21:20,0.00104640,2.11000000
2018-02-23 12:21:20,0.00104650,54.48000000
2018-02-23 12:21:20,0.00104660,28.77000000
2018-02-23 12:21:20,0.00104680,1.92000000
2018-02-23 12:21:20,0.00104700,16.82000000
2018-02-23 12:21:25,0.00104280,2.39000000
2018-02-23 12:21:25,0.00104280,16.30000000
2018-02-23 12:21:26,0.00104240,43.82000000
2018-02-23 12:21:26,0.00104240,469.11000000
2018-02-23 12:21:26,0.00104280,77.89000000
2018-02-23 12:21:26,0.00104300,1.26000000
2018-02-23 12:21:27,0.00104270,296.14000000
2018-02-23 12:21:27,0.00104270,14.68000000
2018-02-23 12:21:28,0.00104270,133.31000000
2018-02-23 12:21:28,0.00104480,7.33000000
2018-02-23 12:21:28,0.00104270,1.58000000
2018-02-23 12:21:28,0.00104420,7.03000000
2018-02-23 12:21:28,0.00104270,28.77000000
2018-02-23 12:21:28,0.00104270,6.96000000
2018-02-23 12:21:29,0.00104270,13.42000000
2018-02-23 12:21:29,0.00104270,4.82000000
2018-02-23 12:21:32,0.00104300,28.76000000
2018-02-23 12:21:32,0.00104290,11.76000000
2018-02-23 12:21:32,0.00104270,19.31000000
2018-02-23 12:21:33,0.00104310,1.92000000
2018-02-23 12:21:33,0.00104300,45.59000000
2018-02-23 12:21:33,0.00104270,2.49000000
2018-02-23 12:21:36,0.00104410,97.91000000
2018-02-23 12:21:36,0.00104420,4.83000000
2018-02-23 12:21:37,0.00104350,24.59000000
2018-02-23 12:21:37,0.00104320,1.92000000
2018-02-23 12:21:37,0.00104300,10.99000000
2018-02-23 12:21:39,0.00104390,1.92000000
2018-02-23 12:21:42,0.00104420,10.99000000
2018-02-23 12:21:44,0.00104470,2.20000000
2018-02-23 12:21:44,0.00104470,475.02000000
2018-02-23 12:21:45,0.00104470,56.57000000
2018-02-23 12:21:45,0.00104470,9.74000000
2018-02-23 12:21:46,0.00104480,1.92000000
2018-02-23 12:21:50,0.00104500,2.47000000
2018-02-23 12:21:50,0.00104500,13.09000000
2018-02-23 12:21:50,0.00104510,2.85000000
2018-02-23 12:21:50,0.00104610,10.80000000
2018-02-23 12:21:50,0.00104680,2.09000000
2018-02-23 12:21:50,0.00104680,2.85000000
2018-02-23 12:21:50,0.00104610,1.92000000
2018-02-23 12:21:51,0.00104680,1.74000000
2018-02-23 12:21:51,0.00104680,70.00000000
2018-02-23 12:21:51,0.00104680,57.03000000
2018-02-23 12:21:51,0.00104700,29.54000000
2018-02-23 12:21:56,0.00104700,55.07000000
2018-02-23 12:21:56,0.00104710,59.07000000
2018-02-23 12:21:56,0.00104710,1.58000000
2018-02-23 12:21:57,0.00104680,2.36000000
2018-02-23 12:21:58,0.00104680,9.61000000
2018-02-23 12:21:58,0.00104700,12.10000000
2018-02-23 12:21:58,0.00104700,168.75000000
2018-02-23 12:21:58,0.00104690,1.57000000
2018-02-23 12:21:59,0.00104680,0.48000000
2018-02-23 12:21:59,0.00104680,58.19000000
2018-02-23 12:21:59,0.00104690,312.33000000
2018-02-23 12:22:01,0.00104700,15.79000000
2018-02-23 12:22:01,0.00104710,12.39000000
2018-02-23 12:22:01,0.00104740,0.33000000
2018-02-23 12:22:02,0.00104740,9.50000000
2018-02-23 12:22:04,0.00104740,4.97000000
2018-02-23 12:22:04,0.00104740,0.03000000
2018-02-23 12:22:04,0.00104650,1.92000000
2018-02-23 12:22:04,0.00104640,4.77000000
2018-02-23 12:22:04,0.00104630,1.92000000
2018-02-23 12:22:04,0.00104610,8.88000000
2018-02-23 12:22:04,0.00104580,19.37000000
2018-02-23 12:22:05,0.00104680,1.92000000
2018-02-23 12:22:05,0.00104680,2.11000000
2018-02-23 12:22:05,0.00104700,4.77000000
2018-02-23 12:22:06,0.00104680,5.26000000
2018-02-23 12:22:07,0.00104700,55.71000000
2018-02-23 12:22:07,0.00104700,3.46000000
2018-02-23 12:22:07,0.00104700,1.42000000
2018-02-23 12:22:08,0.00104700,7.58000000
2018-02-23 12:22:08,0.00104720,1.92000000
2018-02-23 12:22:08,0.00104780,20.73000000
2018-02-23 12:22:08,0.00104680,21.71000000
2018-02-23 12:22:11,0.00104590,7.25000000
2018-02-23 12:22:11,0.00104600,13.93000000
2018-02-23 12:22:11,0.00104590,78.75000000
2018-02-23 12:22:11,0.00104580,12.83000000
2018-02-23 12:22:12,0.00104590,9.68000000
2018-02-23 12:22:12,0.00104600,0.25000000
2018-02-23 12:22:13,0.00104590,2.50000000
2018-02-23 12:22:13,0.00104590,1.35000000
2018-02-23 12:22:14,0.00104600,2.78000000
2018-02-23 12:22:14,0.00104590,54.21000000
2018-02-23 12:22:14,0.00104580,2.36000000
2018-02-23 12:22:15,0.00104600,1.91000000
2018-02-23 12:22:15,0.00104520,6.48000000
2018-02-23 12:22:16,0.00104590,1.41000000
2018-02-23 12:22:16,0.00104590,2.90000000
2018-02-23 12:22:16,0.00104590,2.90000000
2018-02-23 12:22:17,0.00104590,474.88000000
2018-02-23 12:22:17,0.00104600,32.08000000
2018-02-23 12:22:18,0.00104590,3.05000000
2018-02-23 12:22:18,0.00104740,2.36000000
2018-02-23 12:22:20,0.00104740,1.19000000
2018-02-23 12:22:20,0.00104740,8.00000000
2018-02-23 12:22:22,0.00104740,1.34000000
2018-02-23 12:22:23,0.00104680,1.59000000
2018-02-23 12:22:23,0.00104620,3.65000000
2018-02-23 12:22:23,0.00104610,1.92000000
2018-02-23 12:22:23,0.00104600,5.34000000
2018-02-23 12:22:24,0.00104720,1.92000000
2018-02-23 12:22:24,0.00104740,7.16000000
2018-02-23 12:22:24,0.00104740,31.49000000
2018-02-23 12:22:31,0.00104690,5.34000000
2018-02-23 12:22:31,0.00104740,7.28000000
2018-02-23 12:22:31,0.00104770,5.34000000
2018-02-23 12:22:31,0.00104770,12.88000000
2018-02-23 12:22:31,0.00104770,12.88000000
2018-02-23 12:22:31,0.00104770,12.88000000
2018-02-23 12:22:31,0.00104770,12.90000000
2018-02-23 12:22:31,0.00104740,4.58000000
2018-02-23 12:22:32,0.00104740,2.70000000
2018-02-23 12:22:33,0.00104770,30.00000000
2018-02-23 12:22:35,0.00104750,0.85000000
2018-02-23 12:22:35,0.00104720,328.52000000
2018-02-23 12:22:36,0.00104750,1.00000000
2018-02-23 12:22:36,0.00104740,85.71000000
2018-02-23 12:22:41,0.00104750,0.65000000
2018-02-23 12:22:41,0.00104770,8.96000000
2018-02-23 12:22:41,0.00104780,12.39000000
2018-02-23 12:22:42,0.00104710,1.92000000
2018-02-23 12:22:42,0.00104700,27.64000000
2018-02-23 12:22:42,0.00104690,3.00000000
2018-02-23 12:22:42,0.00104680,17.95000000
2018-02-23 12:22:42,0.00104610,28.67000000
2018-02-23 12:22:42,0.00104600,84.37000000
2018-02-23 12:22:42,0.00104590,380.18000000
2018-02-23 12:22:42,0.00104520,14.59000000
2018-02-23 12:22:42,0.00104480,4.76000000
2018-02-23 12:22:42,0.00104470,127.32000000
2018-02-23 12:22:42,0.00104740,133.58000000
2018-02-23 12:22:42,0.00104470,122.68000000
2018-02-23 12:22:43,0.00104740,18.32000000
2018-02-23 12:22:43,0.00104710,288.58000000
2018-02-23 12:22:43,0.00104480,1.18000000
2018-02-23 12:22:43,0.00104440,1.92000000
2018-02-23 12:22:44,0.00104710,26.54000000
2018-02-23 12:22:44,0.00104500,4.78000000
2018-02-23 12:22:44,0.00104440,3.95000000
2018-02-23 12:22:45,0.00104720,38.01000000
2018-02-23 12:22:45,0.00104440,1.80000000
2018-02-23 12:22:45,0.00104430,5.93000000
2018-02-23 12:22:45,0.00104430,2.36000000
2018-02-23 12:22:46,0.00104710,32.27000000
2018-02-23 12:22:46,0.00104720,48.28000000
2018-02-23 12:22:46,0.00104740,336.47000000
2018-02-23 12:22:46,0.00104740,19.99000000
2018-02-23 12:22:46,0.00104600,13.27000000
2018-02-23 12:22:46,0.00104590,99.55000000
2018-02-23 12:22:47,0.00104590,25.43000000
2018-02-23 12:22:47,0.00104480,4.23000000
2018-02-23 12:22:47,0.00104450,1.17000000
2018-02-23 12:22:47,0.00104690,2.15000000
