DATE,PRICE,VOLUME
2018-02-28 19:59:59,0.00142920,0.01000000
2018-02-28 19:59:59,0.00142540,1.34000000
2018-02-28 20:00:00,0.00142610,70.16000000
2018-02-28 20:00:00,0.00142600,100.66000000
2018-02-28 20:00:00,0.00142910,71.50000000
2018-02-28 20:00:00,0.00142920,10.99000000
2018-02-28 20:00:00,0.00142930,0.70000000
2018-02-28 20:00:00,0.00142940,1.11000000
2018-02-28 20:00:00,0.00142600,0.14000000
2018-02-28 20:00:01,0.00142940,115.18000000
2018-02-28 20:00:02,0.00142980,13.98000000
2018-02-28 20:00:02,0.00142940,2.10000000
2018-02-28 20:00:02,0.00142940,0.69000000
2018-02-28 20:00:02,0.00142940,81.51000000
2018-02-28 20:00:03,0.00142940,340.42000000
2018-02-28 20:00:03,0.00142540,21.61000000
2018-02-28 20:00:03,0.00142530,13.33000000
2018-02-28 20:00:03,0.00142510,168.30000000
2018-02-28 20:00:03,0.00142490,38.99000000
2018-02-28 20:00:03,0.00142480,31.69000000
2018-02-28 20:00:03,0.00142250,70.00000000
2018-02-28 20:00:03,0.00142220,129.28000000
2018-02-28 20:00:03,0.00142210,62.92000000
2018-02-28 20:00:03,0.00142600,3.29000000
2018-02-28 20:00:03,0.00142220,78.22000000
2018-02-28 20:00:03,0.00142220,84.36000000
2018-02-28 20:00:04,0.00142780,13.33000000
2018-02-28 20:00:04,0.00142790,82.54000000
2018-02-28 20:00:05,0.00142770,84.80000000
2018-02-28 20:00:05,0.00142800,19.92000000
2018-02-28 20:00:05,0.00142810,1.00000000
2018-02-28 20:00:05,0.00142940,94.64000000
2018-02-28 20:00:05,0.00142940,86.00000000
2018-02-28 20:00:06,0.00142940,20.00000000
2018-02-28 20:00:06,0.00142940,15.24000000
2018-02-28 20:00:06,0.00142940,55.92000000
2018-02-28 20:00:06,0.00142980,20.00000000
2018-02-28 20:00:06,0.00142940,58.60000000
2018-02-28 20:00:06,0.00142790,14.73000000
2018-02-28 20:00:06,0.00142520,21.13000000
2018-02-28 20:00:07,0.00142520,10.07000000
2018-02-28 20:00:07,0.00142520,1.53000000
2018-02-28 20:00:08,0.00142540,30.67000000
2018-02-28 20:00:08,0.00142540,6.75000000
2018-02-28 20:00:08,0.00142530,50.46000000
2018-02-28 20:00:08,0.00142530,19.24000000
2018-02-28 20:00:09,0.00142880,6.30000000
2018-02-28 20:00:09,0.00142880,1.00000000
2018-02-28 20:00:09,0.00142880,62.85000000
2018-02-28 20:00:09,0.00142890,58.24000000
2018-02-28 20:00:09,0.00142900,120.46000000
2018-02-28 20:00:09,0.00142980,99.38000000
2018-02-28 20:00:09,0.00143000,1768.40000000
2018-02-28 20:00:09,0.00142520,3.22000000
2018-02-28 20:00:09,0.00142520,10.81000000
2018-02-28 20:00:09,0.00142510,9.08000000
2018-02-28 20:00:09,0.00142870,11.46000000
2018-02-28 20:00:09,0.00143000,256.68000000
2018-02-28 20:00:09,0.00142530,4.98000000
2018-02-28 20:00:09,0.00142510,85.56000000
2018-02-28 20:00:09,0.00142400,5.83000000
2018-02-28 20:00:10,0.00142820,4.98000000
2018-02-28 20:00:10,0.00142530,3.00000000
2018-02-28 20:00:12,0.00142530,1.79000000
2018-02-28 20:00:12,0.00142790,0.96000000
2018-02-28 20:00:12,0.00142790,0.60000000
2018-02-28 20:00:12,0.00142810,7.70000000
2018-02-28 20:00:14,0.00142700,5.83000000
2018-02-28 20:00:14,0.00142810,6.33000000
2018-02-28 20:00:14,0.00142890,12.50000000
2018-02-28 20:00:14,0.00142940,568.70000000
2018-02-28 20:00:14,0.00142980,8.14000000
2018-02-28 20:00:14,0.00143000,461.02000000
2018-02-28 20:00:15,0.00142910,3.48000000
2018-02-28 20:00:15,0.00142550,10.46000000
2018-02-28 20:00:16,0.00143000,27.00000000
2018-02-28 20:00:16,0.00143000,181.75000000
2018-02-28 20:00:16,0.00143000,12.25000000
2018-02-28 20:00:16,0.00143000,2.04000000
2018-02-28 20:00:17,0.00142800,44.70000000
2018-02-28 20:00:17,0.00142700,15.56000000
2018-02-28 20:00:17,0.00143000,136.71000000
2018-02-28 20:00:17,0.00142800,36.48000000
2018-02-28 20:00:17,0.00142790,1.98000000
2018-02-28 20:00:18,0.00142790,8.48000000
2018-02-28 20:00:18,0.00142800,8.22000000
2018-02-28 20:00:18,0.00142810,33.99000000
2018-02-28 20:00:18,0.00143000,37.67000000
2018-02-28 20:00:18,0.00143000,18.19000000
2018-02-28 20:00:19,0.00143000,22.86000000
2018-02-28 20:00:19,0.00143000,170.59000000
2018-02-28 20:00:19,0.00142740,9.25000000
2018-02-28 20:00:19,0.00142740,238.06000000
2018-02-28 20:00:19,0.00142600,14.94000000
2018-02-28 20:00:19,0.00142590,14.02000000
2018-02-28 20:00:19,0.00142570,153.47000000
2018-02-28 20:00:19,0.00142540,185.55000000
2018-02-28 20:00:21,0.00142560,2.81000000
2018-02-28 20:00:21,0.00142560,1.53000000
2018-02-28 20:00:22,0.00142570,27.78000000
2018-02-28 20:00:22,0.00142580,10.47000000
2018-02-28 20:00:22,0.00142880,14.02000000
2018-02-28 20:00:22,0.00142890,14.94000000
2018-02-28 20:00:22,0.00143000,50.04000000
2018-02-28 20:00:23,0.00143000,11.20000000
2018-02-28 20:00:24,0.00142600,63.10000000
2018-02-28 20:00:24,0.00142590,14.02000000
2018-02-28 20:00:24,0.00142560,30.00000000
2018-02-28 20:00:24,0.00142530,111.56000000
2018-02-28 20:00:24,0.00142990,27.78000000
2018-02-28 20:00:24,0.00143000,287.79000000
2018-02-28 20:00:24,0.00142890,57.16000000
2018-02-28 20:00:26,0.00142790,5.17000000
2018-02-28 20:00:26,0.00142790,64.95000000
2018-02-28 20:00:26,0.00142800,7.79000000
2018-02-28 20:00:26,0.00142820,4.98000000
2018-02-28 20:00:26,0.00142840,14.02000000
2018-02-28 20:00:26,0.00142890,58.26000000
2018-02-28 20:00:27,0.00142890,4.28000000
2018-02-28 20:00:27,0.00142590,70.13000000
2018-02-28 20:00:27,0.00142580,9.96000000
2018-02-28 20:00:27,0.00142540,31.19000000
2018-02-28 20:00:28,0.00142580,23.98000000
2018-02-28 20:00:28,0.00142550,59.61000000
2018-02-28 20:00:28,0.00142540,28.51000000
2018-02-28 20:00:28,0.00142540,2.12000000
2018-02-28 20:00:28,0.00142860,4.90000000
2018-02-28 20:00:29,0.00142580,7.99000000
2018-02-28 20:00:30,0.00142840,66.79000000
2018-02-28 20:00:30,0.00142850,59.61000000
2018-02-28 20:00:30,0.00142870,19.92000000
2018-02-28 20:00:30,0.00142890,332.89000000
2018-02-28 20:00:30,0.00142890,18.11000000
2018-02-28 20:00:31,0.00142590,75.11000000
2018-02-28 20:00:31,0.00142580,28.42000000
2018-02-28 20:00:31,0.00142590,4.00000000
2018-02-28 20:00:32,0.00142590,5.96000000
2018-02-28 20:00:32,0.00142580,14.25000000
2018-02-28 20:00:33,0.00142600,22.59000000
2018-02-28 20:00:33,0.00142580,223.60000000
2018-02-28 20:00:33,0.00142570,125.75000000
2018-02-28 20:00:33,0.00142560,500.00000000
2018-02-28 20:00:33,0.00142540,231.16000000
2018-02-28 20:00:33,0.00142530,36.11000000
2018-02-28 20:00:33,0.00142520,20.36000000
2018-02-28 20:00:33,0.00142510,35.89000000
2018-02-28 20:00:33,0.00142400,150.00000000
2018-02-28 20:00:33,0.00142220,70.36000000
2018-02-28 20:00:33,0.00142140,3.51000000
2018-02-28 20:00:33,0.00142000,60.44000000
2018-02-28 20:00:33,0.00142000,2.89000000
2018-02-28 20:00:33,0.00142000,2.89000000
2018-02-28 20:00:33,0.00142000,2.89000000
2018-02-28 20:00:33,0.00142000,2.89000000
2018-02-28 20:00:33,0.00142000,2.49000000
2018-02-28 20:00:33,0.00141990,47.96000000
2018-02-28 20:00:33,0.00141990,22.17000000
2018-02-28 20:00:33,0.00142000,1864.25000000
2018-02-28 20:00:33,0.00142590,11.15000000
2018-02-28 20:00:33,0.00142790,0.25000000
2018-02-28 20:00:33,0.00142590,18.58000000
2018-02-28 20:00:34,0.00142680,99.35000000
2018-02-28 20:00:35,0.00142780,37.04000000
2018-02-28 20:00:35,0.00142800,9.71000000
2018-02-28 20:00:35,0.00142820,76.89000000
2018-02-28 20:00:35,0.00142880,28.96000000
2018-02-28 20:00:35,0.00142890,1253.30000000
2018-02-28 20:00:35,0.00142900,21.34000000
2018-02-28 20:00:35,0.00142940,7.02000000
2018-02-28 20:00:35,0.00142960,17.48000000
2018-02-28 20:00:35,0.00142980,97.05000000
2018-02-28 20:00:35,0.00143000,951.70000000
2018-02-28 20:00:36,0.00142610,73.76000000
2018-02-28 20:00:36,0.00142590,74.19000000
2018-02-28 20:00:36,0.00142580,25.81000000
2018-02-28 20:00:36,0.00142580,77.40000000
2018-02-28 20:00:36,0.00142100,11.84000000
2018-02-28 20:00:37,0.00142590,40.61000000
2018-02-28 20:00:38,0.00142580,19.75000000
2018-02-28 20:00:38,0.00142590,84.63000000
2018-02-28 20:00:38,0.00142600,17.00000000
2018-02-28 20:00:38,0.00142670,59.74000000
2018-02-28 20:00:38,0.00142680,206.11000000
2018-02-28 20:00:38,0.00142790,21.58000000
2018-02-28 20:00:38,0.00143000,93.51000000
2018-02-28 20:00:38,0.00143000,11.84000000
2018-02-28 20:00:38,0.00143000,292.84000000
2018-02-28 20:00:39,0.00142940,72.53000000
2018-02-28 20:00:41,0.00142250,5.03000000
2018-02-28 20:00:42,0.00142610,18.26000000
2018-02-28 20:00:42,0.00142610,1.74000000
2018-02-28 20:00:42,0.00142590,2.00000000
2018-02-28 20:00:42,0.00142560,2.54000000
2018-02-28 20:00:44,0.00142850,5.03000000
2018-02-28 20:00:44,0.00142860,16.56000000
2018-02-28 20:00:44,0.00142870,3.50000000
2018-02-28 20:00:44,0.00142880,11.00000000
2018-02-28 20:00:44,0.00142890,6.09000000
2018-02-28 20:00:44,0.00142900,70.00000000
2018-02-28 20:00:44,0.00142930,2.21000000
2018-02-28 20:00:44,0.00142940,174.78000000
2018-02-28 20:00:44,0.00142980,127.58000000
2018-02-28 20:00:45,0.00142980,2.00000000
2018-02-28 20:00:47,0.00142850,7.41000000
2018-02-28 20:00:47,0.00142850,10.96000000
2018-02-28 20:00:47,0.00142590,59.54000000
2018-02-28 20:00:47,0.00142580,33.94000000
2018-02-28 20:00:47,0.00142550,206.22000000
2018-02-28 20:00:49,0.00142800,15.11000000
2018-02-28 20:00:49,0.00142810,2.55000000
2018-02-28 20:00:49,0.00142810,1.94000000
2018-02-28 20:00:50,0.00142810,27.16000000
2018-02-28 20:00:50,0.00142850,38.89000000
2018-02-28 20:00:50,0.00142860,14.02000000
2018-02-28 20:00:50,0.00142870,9.51000000
2018-02-28 20:00:50,0.00142870,13.59000000
2018-02-28 20:00:50,0.00142940,685.15000000
2018-02-28 20:00:51,0.00142590,70.13000000
2018-02-28 20:00:51,0.00142580,6.31000000
2018-02-28 20:00:51,0.00142550,28.45000000
2018-02-28 20:00:53,0.00142770,86.13000000
2018-02-28 20:00:53,0.00142780,64.17000000
2018-02-28 20:00:54,0.00142560,46.58000000
2018-02-28 20:00:54,0.00142770,3.60000000
2018-02-28 20:00:54,0.00142780,112.24000000
2018-02-28 20:00:54,0.00142560,18.29000000
2018-02-28 20:00:55,0.00142780,7.37000000
2018-02-28 20:00:55,0.00142930,3.51000000
2018-02-28 20:00:55,0.00142940,14.44000000
2018-02-28 20:00:55,0.00142980,8.61000000
2018-02-28 20:00:55,0.00142990,38.74000000
2018-02-28 20:00:56,0.00142780,49.41000000
2018-02-28 20:00:57,0.00142980,31.00000000
2018-02-28 20:00:57,0.00142990,16.83000000
2018-02-28 20:00:57,0.00143000,5.67000000
2018-02-28 20:00:59,0.00142670,0.14000000
2018-02-28 20:00:59,0.00142980,23.89000000
2018-02-28 20:00:59,0.00142990,12.80000000
2018-02-28 20:00:59,0.00142670,6.81000000
2018-02-28 20:01:01,0.00142980,6.95000000
2018-02-28 20:01:01,0.00142990,5.00000000
2018-02-28 20:01:01,0.00143000,199.07000000
2018-02-28 20:01:01,0.00142710,90.04000000
2018-02-28 20:01:01,0.00142700,14.01000000
2018-02-28 20:01:02,0.00142670,59.34000000
2018-02-28 20:01:02,0.00142660,4.98000000
2018-02-28 20:01:02,0.00142650,21.59000000
2018-02-28 20:01:02,0.00142560,10.29000000
2018-02-28 20:01:02,0.00142690,17.64000000
2018-02-28 20:01:03,0.00142680,7.03000000
2018-02-28 20:01:03,0.00142690,52.40000000
2018-02-28 20:01:03,0.00142700,17.25000000
2018-02-28 20:01:03,0.00142700,33.76000000
2018-02-28 20:01:03,0.00142780,7.87000000
2018-02-28 20:01:03,0.00142700,37.38000000
2018-02-28 20:01:06,0.00142610,0.54000000
2018-02-28 20:01:07,0.00142630,23.10000000
2018-02-28 20:01:07,0.00142780,104.06000000
2018-02-28 20:01:08,0.00142780,142.98000000
2018-02-28 20:01:08,0.00142930,23.64000000
2018-02-28 20:01:08,0.00142940,34.01000000
2018-02-28 20:01:08,0.00142950,4.98000000
2018-02-28 20:01:08,0.00142990,211.63000000
2018-02-28 20:01:08,0.00143000,996.16000000
2018-02-28 20:01:08,0.00142770,13.19000000
2018-02-28 20:01:09,0.00142780,1.35000000
2018-02-28 20:01:09,0.00142940,56.31000000
2018-02-28 20:01:10,0.00142650,43.08000000
2018-02-28 20:01:10,0.00142940,55.12000000
2018-02-28 20:01:11,0.00142930,33.34000000
2018-02-28 20:01:11,0.00142670,23.89000000
2018-02-28 20:01:11,0.00142640,37.41000000
2018-02-28 20:01:11,0.00142630,90.97000000
2018-02-28 20:01:12,0.00142770,20.50000000
2018-02-28 20:01:13,0.00142640,59.73000000
2018-02-28 20:01:13,0.00142630,157.46000000
2018-02-28 20:01:13,0.00142560,39.24000000
2018-02-28 20:01:13,0.00142550,19.79000000
2018-02-28 20:01:13,0.00142540,22.39000000
2018-02-28 20:01:13,0.00142500,308.32000000
2018-02-28 20:01:13,0.00142380,232.36000000
2018-02-28 20:01:13,0.00142320,17.32000000
2018-02-28 20:01:13,0.00142310,77.08000000
2018-02-28 20:01:13,0.00142260,2.09000000
2018-02-28 20:01:13,0.00142250,5.51000000
2018-02-28 20:01:13,0.00142250,10.10000000
2018-02-28 20:01:13,0.00142230,1.00000000
2018-02-28 20:01:13,0.00142930,9.74000000
2018-02-28 20:01:13,0.00142940,57.81000000
2018-02-28 20:01:13,0.00143000,0.45000000
2018-02-28 20:01:13,0.00142270,200.00000000
2018-02-28 20:01:13,0.00142990,79.73000000
2018-02-28 20:01:13,0.00143000,676.15000000
2018-02-28 20:01:14,0.00142780,36.69000000
2018-02-28 20:01:14,0.00142640,3.62000000
2018-02-28 20:01:14,0.00142360,103.41000000
2018-02-28 20:01:14,0.00142350,47.77000000
2018-02-28 20:01:14,0.00142280,16.40000000
2018-02-28 20:01:14,0.00142270,84.22000000
2018-02-28 20:01:14,0.00142260,35.19000000
2018-02-28 20:01:14,0.00142250,10.10000000
2018-02-28 20:01:14,0.00142230,2.51000000
2018-02-28 20:01:14,0.00142170,4.22000000
2018-02-28 20:01:14,0.00142100,70.00000000
2018-02-28 20:01:14,0.00142000,85.37000000
2018-02-28 20:01:14,0.00142980,127.03000000
2018-02-28 20:01:15,0.00142660,84.78000000
2018-02-28 20:01:15,0.00142670,46.68000000
2018-02-28 20:01:16,0.00142670,33.15000000
2018-02-28 20:01:16,0.00142680,23.37000000
2018-02-28 20:01:16,0.00142690,7.48000000
2018-02-28 20:01:17,0.00142460,1.87000000
2018-02-28 20:01:17,0.00142600,24.62000000
2018-02-28 20:01:17,0.00142460,18.13000000
2018-02-28 20:01:17,0.00142450,2.99000000
2018-02-28 20:01:19,0.00142570,6.63000000
2018-02-28 20:01:19,0.00142160,46.73000000
2018-02-28 20:01:19,0.00142160,5.78000000
2018-02-28 20:01:19,0.00142160,5.78000000
2018-02-28 20:01:19,0.00142160,11.00000000
2018-02-28 20:01:19,0.00142160,5.78000000
2018-02-28 20:01:19,0.00142160,5.78000000
2018-02-28 20:01:19,0.00142160,1.23000000
2018-02-28 20:01:19,0.00142150,16.95000000
2018-02-28 20:01:19,0.00142160,76.92000000
2018-02-28 20:01:19,0.00142260,2.73000000
2018-02-28 20:01:19,0.00142570,2.60000000
2018-02-28 20:01:20,0.00142260,35.00000000
2018-02-28 20:01:21,0.00142380,54.12000000
2018-02-28 20:01:22,0.00142440,14.35000000
2018-02-28 20:01:22,0.00142450,37.73000000
2018-02-28 20:01:22,0.00142460,121.90000000
2018-02-28 20:01:22,0.00142510,167.69000000
2018-02-28 20:01:22,0.00142540,8.92000000
2018-02-28 20:01:22,0.00142550,70.00000000
2018-02-28 20:01:22,0.00142560,1.06000000
2018-02-28 20:01:24,0.00142560,0.80000000
2018-02-28 20:01:26,0.00142560,145.44000000
2018-02-28 20:01:27,0.00142560,25.00000000
2018-02-28 20:01:27,0.00142560,29.11000000
2018-02-28 20:01:27,0.00142580,52.81000000
2018-02-28 20:01:28,0.00142580,2.67000000
2018-02-28 20:01:28,0.00142560,34.75000000
2018-02-28 20:01:29,0.00142580,0.54000000
2018-02-28 20:01:30,0.00142560,38.60000000
2018-02-28 20:01:30,0.00142500,119.42000000
2018-02-28 20:01:30,0.00142460,1.00000000
2018-02-28 20:01:30,0.00142500,34.42000000
2018-02-28 20:01:31,0.00142500,47.92000000
2018-02-28 20:01:33,0.00142500,10.25000000
2018-02-28 20:01:33,0.00142500,617.39000000
2018-02-28 20:01:33,0.00142580,499.21000000
2018-02-28 20:01:33,0.00142470,5.11000000
2018-02-28 20:01:33,0.00142460,0.49000000
2018-02-28 20:01:36,0.00142270,59.55000000
2018-02-28 20:01:36,0.00142260,1.10000000
2018-02-28 20:01:37,0.00142490,1.00000000
2018-02-28 20:01:38,0.00142490,1.00000000
2018-02-28 20:01:38,0.00142260,1.00000000
2018-02-28 20:01:38,0.00142260,1.79000000
2018-02-28 20:01:38,0.00142490,2.59000000
2018-02-28 20:01:42,0.00142260,8.00000000
2018-02-28 20:01:42,0.00142450,7.43000000
2018-02-28 20:01:43,0.00142450,47.53000000
2018-02-28 20:01:43,0.00142460,72.56000000
2018-02-28 20:01:43,0.00142490,204.16000000
2018-02-28 20:01:43,0.00142500,551.40000000
2018-02-28 20:01:45,0.00142500,12.93000000
2018-02-28 20:01:45,0.00142500,13.68000000
2018-02-28 20:01:45,0.00142500,2449.78000000
2018-02-28 20:01:45,0.00142530,3.51000000
2018-02-28 20:01:45,0.00142560,2.73000000
2018-02-28 20:01:45,0.00142570,21.03000000
2018-02-28 20:01:45,0.00142580,19.27000000
2018-02-28 20:01:46,0.00142580,8.61000000
2018-02-28 20:01:46,0.00142270,59.70000000
2018-02-28 20:01:46,0.00142260,22.81000000
2018-02-28 20:01:46,0.00142500,7.19000000
2018-02-28 20:01:47,0.00142540,6.96000000
2018-02-28 20:01:49,0.00142560,62.58000000
2018-02-28 20:01:49,0.00142540,67.42000000
2018-02-28 20:01:49,0.00142530,57.65000000
2018-02-28 20:01:49,0.00142510,22.11000000
2018-02-28 20:01:49,0.00142500,12.03000000
2018-02-28 20:01:49,0.00142500,182.57000000
2018-02-28 20:01:49,0.00142260,54.33000000
2018-02-28 20:01:49,0.00142250,108.44000000
2018-02-28 20:01:49,0.00142210,67.23000000
2018-02-28 20:01:49,0.00142300,351.95000000
2018-02-28 20:01:50,0.00142280,300.09000000
2018-02-28 20:01:50,0.00142490,59.70000000
2018-02-28 20:01:50,0.00142500,314.31000000
2018-02-28 20:01:50,0.00142490,13.00000000
2018-02-28 20:01:50,0.00142220,27.38000000
2018-02-28 20:01:51,0.00142280,1.00000000
2018-02-28 20:01:51,0.00142270,27.38000000
2018-02-28 20:01:51,0.00142350,31.46000000
2018-02-28 20:01:54,0.00142350,27.38000000
2018-02-28 20:01:54,0.00142460,50.00000000
2018-02-28 20:01:54,0.00142490,1.02000000
2018-02-28 20:01:54,0.00142490,3.62000000
2018-02-28 20:01:55,0.00142500,21.18000000
2018-02-28 20:01:55,0.00142580,20.82000000
2018-02-28 20:01:55,0.00142580,0.11000000
2018-02-28 20:01:55,0.00142580,14.44000000
2018-02-28 20:01:55,0.00142600,37.76000000
2018-02-28 20:01:55,0.00142690,2.00000000
2018-02-28 20:01:55,0.00142700,88.01000000
2018-02-28 20:01:55,0.00142740,4.22000000
2018-02-28 20:01:55,0.00142800,136.26000000
2018-02-28 20:01:55,0.00142890,9.95000000
2018-02-28 20:01:55,0.00142940,32.30000000
2018-02-28 20:01:55,0.00142960,2.09000000
2018-02-28 20:01:55,0.00142970,109.58000000
2018-02-28 20:01:55,0.00142980,257.15000000
2018-02-28 20:01:55,0.00142990,63.76000000
2018-02-28 20:01:55,0.00143000,1205.70000000
2018-02-28 20:01:55,0.00143000,694.01000000
2018-02-28 20:01:55,0.00143000,247.95000000
2018-02-28 20:01:55,0.00143000,19.80000000
2018-02-28 20:01:55,0.00143000,417.04000000
2018-02-28 20:01:55,0.00142510,5.37000000
2018-02-28 20:01:56,0.00142530,1.00000000
2018-02-28 20:01:57,0.00143000,14.64000000
2018-02-28 20:01:57,0.00142590,22.95000000
2018-02-28 20:01:58,0.00142590,40.83000000
2018-02-28 20:01:58,0.00142580,39.62000000
2018-02-28 20:01:58,0.00142560,14.02000000
2018-02-28 20:01:58,0.00142540,1.95000000
2018-02-28 20:01:58,0.00142500,18.33000000
2018-02-28 20:01:58,0.00142580,14.94000000
2018-02-28 20:01:58,0.00142500,60.47000000
2018-02-28 20:01:58,0.00142490,98.12000000
2018-02-28 20:01:58,0.00142310,59.78000000
2018-02-28 20:01:58,0.00142300,164.00000000
2018-02-28 20:01:58,0.00142250,132.72000000
2018-02-28 20:01:58,0.00142240,33.92000000
2018-02-28 20:01:59,0.00142770,10.86000000
2018-02-28 20:01:59,0.00142770,0.65000000
2018-02-28 20:02:00,0.00142500,41.44000000
2018-02-28 20:02:01,0.00142490,30.00000000
2018-02-28 20:02:01,0.00142350,8.79000000
2018-02-28 20:02:01,0.00142490,28.64000000
2018-02-28 20:02:01,0.00142500,39.09000000
2018-02-28 20:02:02,0.00142350,15.66000000
2018-02-28 20:02:02,0.00142350,59.78000000
2018-02-28 20:02:02,0.00142360,294.75000000
2018-02-28 20:02:04,0.00142350,20.00000000
2018-02-28 20:02:06,0.00142250,14.75000000
2018-02-28 20:02:07,0.00142360,31.01000000
2018-02-28 20:02:07,0.00142300,6.87000000
2018-02-28 20:02:07,0.00142300,9.66000000
2018-02-28 20:02:07,0.00142300,2.51000000
2018-02-28 20:02:09,0.00142300,28.98000000
2018-02-28 20:02:09,0.00142310,8.89000000
2018-02-28 20:02:09,0.00142340,52.50000000
2018-02-28 20:02:09,0.00142310,1.56000000
2018-02-28 20:02:10,0.00142310,2.49000000
2018-02-28 20:02:10,0.00142310,4.84000000
2018-02-28 20:02:10,0.00142250,0.49000000
2018-02-28 20:02:10,0.00142330,1.51000000
2018-02-28 20:02:11,0.00142330,18.77000000
2018-02-28 20:02:11,0.00142340,87.00000000
2018-02-28 20:02:11,0.00142360,217.23000000
2018-02-28 20:02:11,0.00142250,182.57000000
2018-02-28 20:02:11,0.00142250,6.70000000
2018-02-28 20:02:11,0.00142240,9.71000000
2018-02-28 20:02:11,0.00142230,76.89000000
2018-02-28 20:02:12,0.00142350,3.28000000
2018-02-28 20:02:14,0.00142300,133.81000000
2018-02-28 20:02:14,0.00142350,14.58000000
2018-02-28 20:02:15,0.00142300,20.64000000
2018-02-28 20:02:15,0.00142300,4.50000000
2018-02-28 20:02:16,0.00142300,15.49000000
2018-02-28 20:02:16,0.00142300,9.37000000
2018-02-28 20:02:16,0.00142250,10.69000000
2018-02-28 20:02:16,0.00142230,32.17000000
2018-02-28 20:02:20,0.00142300,4.59000000
2018-02-28 20:02:20,0.00142350,225.41000000
2018-02-28 20:02:22,0.00142350,8.14000000
2018-02-28 20:02:22,0.00142350,0.94000000
2018-02-28 20:02:22,0.00142350,25.92000000
2018-02-28 20:02:22,0.00142420,63.55000000
2018-02-28 20:02:23,0.00142350,147.57000000
2018-02-28 20:02:23,0.00142240,59.69000000
2018-02-28 20:02:23,0.00142230,25.42000000
2018-02-28 20:02:23,0.00142350,3.87000000
2018-02-28 20:02:23,0.00142230,2.68000000
2018-02-28 20:02:24,0.00142350,23.19000000
2018-02-28 20:02:24,0.00142410,59.69000000
2018-02-28 20:02:24,0.00142500,22.43000000
2018-02-28 20:02:25,0.00142510,4.99000000
2018-02-28 20:02:25,0.00142650,1.30000000
2018-02-28 20:02:25,0.00142650,42.96000000
2018-02-28 20:02:26,0.00142510,14.91000000
2018-02-28 20:02:26,0.00142720,3.00000000
2018-02-28 20:02:26,0.00142760,14.02000000
2018-02-28 20:02:26,0.00142800,4.00000000
2018-02-28 20:02:26,0.00142800,885.43000000
2018-02-28 20:02:26,0.00142510,44.71000000
2018-02-28 20:02:26,0.00142500,626.85000000
2018-02-28 20:02:28,0.00142760,11.98000000
2018-02-28 20:02:28,0.00142850,15.02000000
2018-02-28 20:02:31,0.00142870,10.02000000
2018-02-28 20:02:32,0.00142650,0.77000000
2018-02-28 20:02:33,0.00142860,3.61000000
2018-02-28 20:02:34,0.00142840,1.37000000
2018-02-28 20:02:34,0.00142850,3.29000000
2018-02-28 20:02:35,0.00142850,37.50000000
2018-02-28 20:02:35,0.00142850,19.81000000
2018-02-28 20:02:35,0.00142860,13.00000000
2018-02-28 20:02:35,0.00142870,63.99000000
2018-02-28 20:02:35,0.00142910,77.00000000
2018-02-28 20:02:35,0.00142920,119.60000000
2018-02-28 20:02:37,0.00142860,28.65000000
2018-02-28 20:02:38,0.00142850,3.16000000
2018-02-28 20:02:38,0.00142860,20.57000000
2018-02-28 20:02:38,0.00142850,2.50000000
2018-02-28 20:02:38,0.00142850,10.39000000
2018-02-28 20:02:39,0.00142730,13.50000000
2018-02-28 20:02:40,0.00142660,20.00000000
2018-02-28 20:02:40,0.00142650,6.61000000
2018-02-28 20:02:41,0.00142850,13.00000000
2018-02-28 20:02:41,0.00142850,5.78000000
2018-02-28 20:02:41,0.00142850,5.78000000
2018-02-28 20:02:41,0.00142850,2.30000000
2018-02-28 20:02:41,0.00142600,1.63000000
2018-02-28 20:02:42,0.00142850,2.33000000
2018-02-28 20:02:42,0.00142850,2.65000000
2018-02-28 20:02:42,0.00142860,85.44000000
2018-02-28 20:02:42,0.00142900,4.28000000
2018-02-28 20:02:42,0.00142920,130.40000000
2018-02-28 20:02:42,0.00142960,200.00000000
2018-02-28 20:02:42,0.00142970,163.23000000
2018-02-28 20:02:43,0.00142610,110.03000000
2018-02-28 20:02:43,0.00142600,75.37000000
2018-02-28 20:02:43,0.00142590,1.80000000
2018-02-28 20:02:43,0.00142590,5.00000000
2018-02-28 20:02:45,0.00142820,1.16000000
2018-02-28 20:02:45,0.00142820,41.40000000
2018-02-28 20:02:46,0.00142800,27.55000000
2018-02-28 20:02:46,0.00142810,20.00000000
2018-02-28 20:02:46,0.00142820,2.12000000
2018-02-28 20:02:46,0.00142830,13.00000000
2018-02-28 20:02:46,0.00142850,29.13000000
2018-02-28 20:02:46,0.00142900,53.84000000
2018-02-28 20:02:46,0.00142960,18.33000000
2018-02-28 20:02:46,0.00142600,12.24000000
2018-02-28 20:02:47,0.00142950,0.58000000
2018-02-28 20:02:49,0.00142930,0.29000000
2018-02-28 20:02:50,0.00142820,3.91000000
2018-02-28 20:02:50,0.00142920,0.15000000
2018-02-28 20:02:51,0.00142920,0.14000000
2018-02-28 20:02:51,0.00142820,23.02000000
2018-02-28 20:02:51,0.00142650,2.58000000
2018-02-28 20:02:51,0.00142620,59.44000000
2018-02-28 20:02:51,0.00142610,169.38000000
2018-02-28 20:02:51,0.00142600,88.04000000
2018-02-28 20:02:52,0.00142880,0.07000000
2018-02-28 20:02:53,0.00142660,22.99000000
2018-02-28 20:02:54,0.00142620,68.15000000
2018-02-28 20:02:55,0.00142650,21.10000000
2018-02-28 20:02:55,0.00142650,8.26000000
2018-02-28 20:02:55,0.00142650,0.08000000
2018-02-28 20:02:56,0.00142600,5.39000000
2018-02-28 20:02:56,0.00142650,152.09000000
2018-02-28 20:02:56,0.00142600,125.30000000
2018-02-28 20:02:57,0.00142600,14.41000000
2018-02-28 20:02:59,0.00142610,2.77000000
2018-02-28 20:02:59,0.00142650,7.33000000
2018-02-28 20:03:00,0.00142610,46.57000000
2018-02-28 20:03:00,0.00142650,102.09000000
2018-02-28 20:03:01,0.00142650,53.56000000
2018-02-28 20:03:02,0.00142650,452.79000000
2018-02-28 20:03:02,0.00142650,82.59000000
2018-02-28 20:03:02,0.00142650,164.93000000
2018-02-28 20:03:02,0.00142610,9.00000000
2018-02-28 20:03:02,0.00142650,1.13000000
2018-02-28 20:03:03,0.00142650,187.15000000
2018-02-28 20:03:03,0.00142650,2.00000000
2018-02-28 20:03:03,0.00142650,15.72000000
2018-02-28 20:03:03,0.00142610,5.77000000
2018-02-28 20:03:05,0.00142650,2.00000000
2018-02-28 20:03:06,0.00142610,3.87000000
2018-02-28 20:03:07,0.00142650,24.78000000
2018-02-28 20:03:08,0.00142650,25.72000000
2018-02-28 20:03:08,0.00142610,40.55000000
2018-02-28 20:03:08,0.00142600,79.11000000
2018-02-28 20:03:08,0.00142590,13.81000000
2018-02-28 20:03:08,0.00142570,70.14000000
2018-02-28 20:03:08,0.00142560,31.98000000
2018-02-28 20:03:08,0.00142510,504.00000000
2018-02-28 20:03:08,0.00142500,393.88000000
2018-02-28 20:03:08,0.00142500,0.56000000
2018-02-28 20:03:10,0.00142540,18.21000000
2018-02-28 20:03:11,0.00142590,0.59000000
2018-02-28 20:03:11,0.00142600,10.27000000
2018-02-28 20:03:12,0.00142600,18.72000000
2018-02-28 20:03:12,0.00142600,370.89000000
2018-02-28 20:03:13,0.00142600,49.00000000
2018-02-28 20:03:13,0.00142600,20.02000000
2018-02-28 20:03:13,0.00142600,3.62000000
2018-02-28 20:03:14,0.00142600,15.29000000
2018-02-28 20:03:14,0.00142570,3.00000000
2018-02-28 20:03:15,0.00142570,2.34000000
2018-02-28 20:03:16,0.00142570,94.66000000
2018-02-28 20:03:16,0.00142500,251.71000000
2018-02-28 20:03:18,0.00142540,3.50000000
2018-02-28 20:03:18,0.00142550,45.34000000
2018-02-28 20:03:21,0.00142550,77.94000000
2018-02-28 20:03:22,0.00142570,12.81000000
2018-02-28 20:03:22,0.00142600,87.19000000
2018-02-28 20:03:22,0.00142600,27.69000000
2018-02-28 20:03:22,0.00142650,74.82000000
2018-02-28 20:03:22,0.00142770,21.07000000
2018-02-28 20:03:23,0.00142570,7.21000000
2018-02-28 20:03:24,0.00142570,69.75000000
2018-02-28 20:03:24,0.00142500,56.29000000
2018-02-28 20:03:24,0.00142600,4.00000000
2018-02-28 20:03:25,0.00142540,72.86000000
2018-02-28 20:03:28,0.00142550,8.88000000
2018-02-28 20:03:28,0.00142540,32.77000000
2018-02-28 20:03:28,0.00142600,176.54000000
2018-02-28 20:03:29,0.00142600,45.29000000
2018-02-28 20:03:29,0.00142500,823.25000000
2018-02-28 20:03:29,0.00142410,246.46000000
2018-02-28 20:03:29,0.00142350,26.71000000
2018-02-28 20:03:29,0.00142300,273.04000000
2018-02-28 20:03:29,0.00142230,1195.39000000
2018-02-28 20:03:29,0.00142180,24.09000000
2018-02-28 20:03:29,0.00142160,5.78000000
2018-02-28 20:03:29,0.00142100,12.32000000
2018-02-28 20:03:29,0.00142010,158.24000000
2018-02-28 20:03:29,0.00142000,1658.07000000
2018-02-28 20:03:29,0.00142000,3.57000000
2018-02-28 20:03:29,0.00142000,13.02000000
2018-02-28 20:03:29,0.00142000,91.80000000
2018-02-28 20:03:29,0.00142010,67.23000000
2018-02-28 20:03:30,0.00142500,3.79000000
2018-02-28 20:03:30,0.00142600,17.57000000
2018-02-28 20:03:30,0.00142500,9.19000000
2018-02-28 20:03:31,0.00142080,38.51000000
2018-02-28 20:03:31,0.00142070,3.51000000
2018-02-28 20:03:31,0.00142030,45.96000000
2018-02-28 20:03:31,0.00142020,112.66000000
2018-02-28 20:03:31,0.00142010,834.10000000
2018-02-28 20:03:31,0.00142000,1312.46000000
2018-02-28 20:03:31,0.00142380,9.85000000
2018-02-28 20:03:32,0.00142080,9.96000000
2018-02-28 20:03:32,0.00142050,39.24000000
2018-02-28 20:03:32,0.00142050,52.76000000
2018-02-28 20:03:33,0.00142320,57.38000000
2018-02-28 20:03:33,0.00142330,20.00000000
2018-02-28 20:03:33,0.00142350,58.56000000
2018-02-28 20:03:35,0.00142300,75.11000000
2018-02-28 20:03:35,0.00142300,5.51000000
2018-02-28 20:03:36,0.00142080,3.51000000
2018-02-28 20:03:36,0.00142070,3.51000000
2018-02-28 20:03:36,0.00142000,14.42000000
2018-02-28 20:03:37,0.00142010,70.41000000
2018-02-28 20:03:37,0.00142000,112.16000000
2018-02-28 20:03:37,0.00142280,18.98000000
2018-02-28 20:03:37,0.00142000,0.54000000
2018-02-28 20:03:38,0.00142080,2.81000000
2018-02-28 20:03:38,0.00142000,38.55000000
2018-02-28 20:03:39,0.00142240,0.84000000
2018-02-28 20:03:39,0.00142240,7.01000000
2018-02-28 20:03:39,0.00142240,8.55000000
2018-02-28 20:03:39,0.00142240,2.83000000
2018-02-28 20:03:40,0.00142200,26.48000000
2018-02-28 20:03:40,0.00142000,160.98000000
2018-02-28 20:03:40,0.00142080,76.96000000
2018-02-28 20:03:40,0.00142000,299.70000000
2018-02-28 20:03:42,0.00142000,25.73000000
2018-02-28 20:03:42,0.00142170,34.91000000
2018-02-28 20:03:42,0.00142000,71.22000000
2018-02-28 20:03:43,0.00142050,92.00000000
2018-02-28 20:03:43,0.00142050,14.12000000
2018-02-28 20:03:43,0.00142170,16.27000000
2018-02-28 20:03:43,0.00142050,14.56000000
2018-02-28 20:03:44,0.00142050,92.55000000
2018-02-28 20:03:44,0.00142000,247.53000000
2018-02-28 20:03:44,0.00142080,22.92000000
2018-02-28 20:03:44,0.00142000,629.05000000
2018-02-28 20:03:45,0.00142000,147.68000000
2018-02-28 20:03:45,0.00142000,30.00000000
2018-02-28 20:03:45,0.00142170,1.81000000
2018-02-28 20:03:45,0.00142000,12.98000000
2018-02-28 20:03:46,0.00142000,125.62000000
2018-02-28 20:03:46,0.00142000,1801.54000000
2018-02-28 20:03:46,0.00142170,6.03000000
2018-02-28 20:03:46,0.00142180,72.94000000
2018-02-28 20:03:46,0.00142000,313.03000000
2018-02-28 20:03:46,0.00141990,12459.12000000
2018-02-28 20:03:46,0.00141850,1.19000000
2018-02-28 20:03:46,0.00141800,19.15000000
2018-02-28 20:03:46,0.00141780,2.82000000
2018-02-28 20:03:46,0.00141730,109.37000000
2018-02-28 20:03:46,0.00141680,0.74000000
2018-02-28 20:03:46,0.00141600,73.69000000
2018-02-28 20:03:46,0.00141590,1.41000000
2018-02-28 20:03:46,0.00141540,3.52000000
2018-02-28 20:03:46,0.00141500,764.57000000
2018-02-28 20:03:46,0.00141470,70.68000000
2018-02-28 20:03:46,0.00141370,3.54000000
2018-02-28 20:03:46,0.00141280,2.83000000
2018-02-28 20:03:46,0.00141240,17.71000000
2018-02-28 20:03:46,0.00141160,4.23000000
2018-02-28 20:03:46,0.00141150,7.08000000
2018-02-28 20:03:46,0.00141140,4.47000000
2018-02-28 20:03:46,0.00141130,4.25000000
2018-02-28 20:03:46,0.00141110,1.12000000
2018-02-28 20:03:46,0.00141100,31.09000000
2018-02-28 20:03:46,0.00141500,16.98000000
2018-02-28 20:03:46,0.00141750,70.00000000
2018-02-28 20:03:46,0.00141750,2.57000000
2018-02-28 20:03:46,0.00141750,104.86000000
2018-02-28 20:03:46,0.00141750,1.56000000
2018-02-28 20:03:46,0.00141750,7.03000000
2018-02-28 20:03:46,0.00141750,12.78000000
2018-02-28 20:03:46,0.00141750,3.51000000
2018-02-28 20:03:46,0.00141750,3.51000000
2018-02-28 20:03:46,0.00141750,12.78000000
2018-02-28 20:03:46,0.00141750,1.64000000
2018-02-28 20:03:47,0.00141510,3.51000000
2018-02-28 20:03:47,0.00141510,25.00000000
2018-02-28 20:03:47,0.00141850,3.39000000
2018-02-28 20:03:47,0.00141850,53.07000000
2018-02-28 20:03:47,0.00141520,70.63000000
2018-02-28 20:03:47,0.00141510,99.49000000
2018-02-28 20:03:47,0.00141500,7.48000000
2018-02-28 20:03:47,0.00141170,0.66000000
2018-02-28 20:03:48,0.00141520,17.41000000
2018-02-28 20:03:48,0.00141370,59.65000000
2018-02-28 20:03:48,0.00141940,3.84000000
2018-02-28 20:03:48,0.00141190,39.21000000
2018-02-28 20:03:48,0.00141180,72.87000000
2018-02-28 20:03:48,0.00141170,2.88000000
2018-02-28 20:03:48,0.00141100,49.69000000
2018-02-28 20:03:48,0.00141090,15.20000000
2018-02-28 20:03:48,0.00141070,2.66000000
2018-02-28 20:03:48,0.00141050,70.00000000
2018-02-28 20:03:48,0.00141020,3.53000000
2018-02-28 20:03:48,0.00141010,66.96000000
2018-02-28 20:03:48,0.00141200,18.37000000
2018-02-28 20:03:48,0.00141200,5.47000000
2018-02-28 20:03:48,0.00141010,974.32000000
2018-02-28 20:03:49,0.00141550,4.23000000
2018-02-28 20:03:49,0.00141250,7.07000000
2018-02-28 20:03:49,0.00141200,4.19000000
2018-02-28 20:03:49,0.00141200,9.13000000
2018-02-28 20:03:49,0.00141190,62.42000000
2018-02-28 20:03:49,0.00141010,128.45000000
2018-02-28 20:03:49,0.00141770,6.09000000
2018-02-28 20:03:49,0.00141780,0.91000000
2018-02-28 20:03:49,0.00141200,6.34000000
2018-02-28 20:03:49,0.00141010,8.12000000
2018-02-28 20:03:49,0.00141210,6.98000000
2018-02-28 20:03:49,0.00141010,29.45000000
2018-02-28 20:03:49,0.00141000,89.79000000
2018-02-28 20:03:50,0.00141500,4.50000000
2018-02-28 20:03:50,0.00141000,67.39000000
2018-02-28 20:03:50,0.00141480,14.11000000
2018-02-28 20:03:51,0.00141460,1.78000000
2018-02-28 20:03:51,0.00141460,3.56000000
2018-02-28 20:03:51,0.00141000,70.30000000
2018-02-28 20:03:52,0.00141000,85.11000000
2018-02-28 20:03:52,0.00140990,1.00000000
2018-02-28 20:03:52,0.00140960,6.65000000
2018-02-28 20:03:52,0.00140920,2.56000000
2018-02-28 20:03:52,0.00140910,78.02000000
2018-02-28 20:03:52,0.00140900,43.27000000
2018-02-28 20:03:52,0.00140830,158.00000000
2018-02-28 20:03:52,0.00140810,5.32000000
2018-02-28 20:03:52,0.00140790,11.50000000
2018-02-28 20:03:52,0.00140770,3.55000000
2018-02-28 20:03:52,0.00140730,1.19000000
2018-02-28 20:03:52,0.00140690,3.55000000
2018-02-28 20:03:52,0.00140680,4.23000000
2018-02-28 20:03:52,0.00140650,0.78000000
2018-02-28 20:03:52,0.00140640,5.37000000
2018-02-28 20:03:52,0.00140630,2.48000000
2018-02-28 20:03:52,0.00140610,92.13000000
2018-02-28 20:03:52,0.00140600,252.47000000
2018-02-28 20:03:52,0.00140600,293.10000000
2018-02-28 20:03:52,0.00141420,56.52000000
2018-02-28 20:03:52,0.00141430,76.36000000
2018-02-28 20:03:52,0.00140620,3.48000000
2018-02-28 20:03:53,0.00141000,4.47000000
2018-02-28 20:03:53,0.00141000,4.47000000
2018-02-28 20:03:53,0.00141000,21.02000000
2018-02-28 20:03:53,0.00141000,16.51000000
2018-02-28 20:03:53,0.00141000,7.07000000
2018-02-28 20:03:53,0.00141000,2.47000000
2018-02-28 20:03:53,0.00140630,7.07000000
2018-02-28 20:03:53,0.00140630,8.90000000
2018-02-28 20:03:53,0.00141000,4.15000000
2018-02-28 20:03:53,0.00141000,16.52000000
2018-02-28 20:03:54,0.00141000,1.32000000
2018-02-28 20:03:54,0.00141290,8.65000000
2018-02-28 20:03:54,0.00141300,9.76000000
2018-02-28 20:03:54,0.00140630,5.16000000
2018-02-28 20:03:54,0.00140630,49.95000000
2018-02-28 20:03:54,0.00140630,21.27000000
2018-02-28 20:03:54,0.00140630,13.48000000
2018-02-28 20:03:54,0.00140630,13.48000000
2018-02-28 20:03:54,0.00140630,1.05000000
2018-02-28 20:03:55,0.00140620,6.36000000
2018-02-28 20:03:55,0.00140610,16.17000000
2018-02-28 20:03:55,0.00140550,10.64000000
2018-02-28 20:03:55,0.00140630,13.01000000
2018-02-28 20:03:55,0.00140630,2.93000000
2018-02-28 20:03:55,0.00140620,71.08000000
2018-02-28 20:03:55,0.00140630,128.38000000
2018-02-28 20:03:56,0.00140620,1.00000000
2018-02-28 20:03:56,0.00140620,1.00000000
2018-02-28 20:03:57,0.00140550,25.00000000
2018-02-28 20:03:57,0.00140620,2.66000000
2018-02-28 20:03:57,0.00140630,2.24000000
2018-02-28 20:03:57,0.00140630,5.00000000
2018-02-28 20:03:57,0.00140630,3.55000000
2018-02-28 20:03:58,0.00140630,5.20000000
2018-02-28 20:03:58,0.00140630,46.79000000
2018-02-28 20:03:58,0.00140550,11.15000000
2018-02-28 20:03:58,0.00140630,381.63000000
2018-02-28 20:03:58,0.00140630,146.03000000
2018-02-28 20:03:59,0.00140660,21.83000000
2018-02-28 20:03:59,0.00140660,49.27000000
2018-02-28 20:03:59,0.00140650,14.21000000
2018-02-28 20:03:59,0.00140630,172.68000000
2018-02-28 20:03:59,0.00140550,163.44000000
2018-02-28 20:03:59,0.00140800,3.89000000
2018-02-28 20:04:00,0.00140800,20.55000000
2018-02-28 20:04:00,0.00140800,46.58000000
2018-02-28 20:04:00,0.00140580,15.78000000
2018-02-28 20:04:01,0.00140930,14.21000000
2018-02-28 20:04:01,0.00140940,4.17000000
2018-02-28 20:04:02,0.00140660,77.58000000
2018-02-28 20:04:02,0.00140600,108.86000000
2018-02-28 20:04:03,0.00140740,6.10000000
2018-02-28 20:04:04,0.00140740,8.56000000
2018-02-28 20:04:04,0.00140740,52.27000000
2018-02-28 20:04:04,0.00140750,70.68000000
2018-02-28 20:04:04,0.00140770,6.98000000
2018-02-28 20:04:04,0.00140790,66.34000000
2018-02-28 20:04:04,0.00140800,23.39000000
2018-02-28 20:04:04,0.00140950,7.73000000
2018-02-28 20:04:04,0.00140960,33.87000000
2018-02-28 20:04:04,0.00140990,41.53000000
2018-02-28 20:04:06,0.00140750,1.57000000
2018-02-28 20:04:07,0.00140610,1351.15000000
2018-02-28 20:04:07,0.00140610,115.04000000
2018-02-28 20:04:07,0.00140610,533.81000000
2018-02-28 20:04:07,0.00140600,231.53000000
2018-02-28 20:04:07,0.00140550,69.77000000
2018-02-28 20:04:07,0.00140750,3.74000000
2018-02-28 20:04:07,0.00140750,50.43000000
2018-02-28 20:04:08,0.00140800,3.78000000
2018-02-28 20:04:08,0.00140800,23.65000000
2018-02-28 20:04:08,0.00140550,14.56000000
2018-02-28 20:04:09,0.00140610,66.47000000
2018-02-28 20:04:09,0.00140840,10.10000000
2018-02-28 20:04:09,0.00140840,5.68000000
2018-02-28 20:04:09,0.00140840,9.92000000
2018-02-28 20:04:09,0.00140610,61.84000000
2018-02-28 20:04:09,0.00140610,82.17000000
2018-02-28 20:04:09,0.00140940,10.03000000
2018-02-28 20:04:09,0.00141000,29.97000000
2018-02-28 20:04:10,0.00141000,3.14000000
2018-02-28 20:04:10,0.00140970,13.51000000
2018-02-28 20:04:10,0.00141000,86.49000000
2018-02-28 20:04:11,0.00140650,10.19000000
2018-02-28 20:04:11,0.00140800,1.61000000
2018-02-28 20:04:11,0.00140800,15.00000000
2018-02-28 20:04:11,0.00140650,4.02000000
2018-02-28 20:04:11,0.00140630,9.96000000
2018-02-28 20:04:11,0.00140610,72.78000000
2018-02-28 20:04:12,0.00140750,9.00000000
2018-02-28 20:04:12,0.00140800,91.00000000
2018-02-28 20:04:12,0.00140800,24.35000000
2018-02-28 20:04:12,0.00140800,1.57000000
2018-02-28 20:04:13,0.00140800,213.93000000
2018-02-28 20:04:13,0.00140800,1.00000000
2018-02-28 20:04:13,0.00140800,252.16000000
2018-02-28 20:04:13,0.00140800,78.52000000
2018-02-28 20:04:13,0.00140750,25.46000000
2018-02-28 20:04:14,0.00140750,123.46000000
2018-02-28 20:04:14,0.00140910,9.96000000
2018-02-28 20:04:14,0.00141000,173.91000000
2018-02-28 20:04:15,0.00141000,49.12000000
2018-02-28 20:04:15,0.00140800,83.83000000
2018-02-28 20:04:15,0.00140750,216.17000000
2018-02-28 20:04:16,0.00141000,1306.86000000
2018-02-28 20:04:17,0.00141000,35.01000000
2018-02-28 20:04:17,0.00141000,35.00000000
2018-02-28 20:04:17,0.00141000,35.01000000
2018-02-28 20:04:17,0.00141000,35.06000000
2018-02-28 20:04:17,0.00141000,21.00000000
2018-02-28 20:04:17,0.00141000,107.96000000
2018-02-28 20:04:17,0.00141000,290.10000000
2018-02-28 20:04:17,0.00141010,44.70000000
2018-02-28 20:04:17,0.00141080,14.21000000
2018-02-28 20:04:18,0.00141000,50.94000000
2018-02-28 20:04:18,0.00141000,199.99000000
2018-02-28 20:04:18,0.00141000,113.17000000
2018-02-28 20:04:19,0.00141000,18.43000000
2018-02-28 20:04:19,0.00141000,58.31000000
2018-02-28 20:04:20,0.00141000,113.04000000
2018-02-28 20:04:21,0.00141170,1.00000000
2018-02-28 20:04:21,0.00141500,24.00000000
2018-02-28 20:04:21,0.00141010,70.89000000
2018-02-28 20:04:21,0.00141000,6.80000000
2018-02-28 20:04:21,0.00140800,624.61000000
2018-02-28 20:04:21,0.00141250,27.64000000
2018-02-28 20:04:21,0.00141500,0.01000000
2018-02-28 20:04:22,0.00141480,0.01000000
2018-02-28 20:04:22,0.00140770,16.64000000
2018-02-28 20:04:22,0.00140760,24.36000000
2018-02-28 20:04:23,0.00140970,7.04000000
2018-02-28 20:04:23,0.00140760,3.39000000
2018-02-28 20:04:23,0.00140760,3.39000000
2018-02-28 20:04:23,0.00140970,15.00000000
2018-02-28 20:04:23,0.00140810,13.36000000
2018-02-28 20:04:23,0.00140810,2.00000000
2018-02-28 20:04:23,0.00140970,68.84000000
2018-02-28 20:04:23,0.00140980,16.64000000
2018-02-28 20:04:23,0.00141000,32.06000000
2018-02-28 20:04:23,0.00141110,6.68000000
2018-02-28 20:04:24,0.00141120,3.34000000
2018-02-28 20:04:25,0.00141140,1.00000000
2018-02-28 20:04:25,0.00141140,2.20000000
2018-02-28 20:04:26,0.00141140,52.67000000
2018-02-28 20:04:26,0.00141490,16.82000000
2018-02-28 20:04:26,0.00141140,11.65000000
2018-02-28 20:04:26,0.00141130,12.97000000
2018-02-28 20:04:27,0.00141130,1.20000000
2018-02-28 20:04:27,0.00141110,6.80000000
2018-02-28 20:04:27,0.00141470,70.86000000
2018-02-28 20:04:27,0.00141480,14.17000000
2018-02-28 20:04:27,0.00141490,111.18000000
2018-02-28 20:04:27,0.00141500,121.64000000
2018-02-28 20:04:27,0.00141500,11.14000000
2018-02-28 20:04:27,0.00141500,524.25000000
2018-02-28 20:04:28,0.00141150,4.39000000
2018-02-28 20:04:28,0.00141150,3.71000000
2018-02-28 20:04:28,0.00141150,1.86000000
2018-02-28 20:04:28,0.00141110,24.49000000
2018-02-28 20:04:28,0.00141000,54.08000000
2018-02-28 20:04:28,0.00141160,70.82000000
2018-02-28 20:04:28,0.00140830,5.57000000
2018-02-28 20:04:30,0.00140920,2.00000000
2018-02-28 20:04:31,0.00140920,27.00000000
2018-02-28 20:04:31,0.00140910,14.19000000
2018-02-28 20:04:31,0.00140900,26.17000000
2018-02-28 20:04:31,0.00140900,47.93000000
2018-02-28 20:04:31,0.00141350,3.29000000
2018-02-28 20:04:34,0.00141090,2.12000000
2018-02-28 20:04:34,0.00141090,65.41000000
2018-02-28 20:04:34,0.00141100,20.00000000
2018-02-28 20:04:34,0.00141120,5.57000000
2018-02-28 20:04:34,0.00141140,402.44000000
2018-02-28 20:04:36,0.00140920,152.09000000
2018-02-28 20:04:37,0.00140920,1.34000000
2018-02-28 20:04:38,0.00141100,0.76000000
2018-02-28 20:04:40,0.00141000,20.49000000
2018-02-28 20:04:40,0.00141000,11.81000000
2018-02-28 20:04:41,0.00141100,0.28000000
2018-02-28 20:04:41,0.00141000,82.29000000
2018-02-28 20:04:41,0.00140920,153.29000000
2018-02-28 20:04:43,0.00141010,11.09000000
2018-02-28 20:04:44,0.00140920,53.50000000
2018-02-28 20:04:45,0.00140990,1.24000000
2018-02-28 20:04:45,0.00141000,3.05000000
2018-02-28 20:04:45,0.00140920,623.01000000
2018-02-28 20:04:46,0.00141000,28.57000000
2018-02-28 20:04:46,0.00141000,7.54000000
2018-02-28 20:04:47,0.00140920,74.10000000
2018-02-28 20:04:47,0.00140920,4.22000000
2018-02-28 20:04:47,0.00140920,2.26000000
2018-02-28 20:04:48,0.00140920,6.29000000
2018-02-28 20:04:48,0.00140900,220.32000000
2018-02-28 20:04:48,0.00141000,17.26000000
2018-02-28 20:04:49,0.00140900,171.52000000
2018-02-28 20:04:49,0.00140860,191.00000000
2018-02-28 20:04:49,0.00140840,22.65000000
2018-02-28 20:04:49,0.00140830,1.58000000
2018-02-28 20:04:50,0.00140810,108.51000000
2018-02-28 20:04:50,0.00140760,29.37000000
2018-02-28 20:04:50,0.00140660,2.88000000
2018-02-28 20:04:50,0.00140610,1166.10000000
2018-02-28 20:04:50,0.00140830,5.49000000
2018-02-28 20:04:51,0.00140830,18.47000000
2018-02-28 20:04:52,0.00140610,1.64000000
2018-02-28 20:04:52,0.00140610,183.88000000
2018-02-28 20:04:52,0.00140610,658.07000000
2018-02-28 20:04:53,0.00140610,7.96000000
2018-02-28 20:04:54,0.00140830,0.01000000
2018-02-28 20:04:54,0.00140610,732.16000000
2018-02-28 20:04:54,0.00140610,89.00000000
2018-02-28 20:04:54,0.00140610,136.17000000
2018-02-28 20:04:55,0.00140610,679.84000000
2018-02-28 20:04:55,0.00140610,102.77000000
2018-02-28 20:04:55,0.00140600,5.10000000
2018-02-28 20:04:55,0.00140610,5.83000000
2018-02-28 20:04:55,0.00140610,1.58000000
2018-02-28 20:04:55,0.00140610,1.00000000
2018-02-28 20:04:56,0.00140550,28.62000000
2018-02-28 20:04:56,0.00140550,20.47000000
2018-02-28 20:04:56,0.00140550,71.02000000
2018-02-28 20:04:56,0.00140550,3.27000000
2018-02-28 20:04:56,0.00140540,1.67000000
2018-02-28 20:04:56,0.00140490,35.20000000
2018-02-28 20:04:56,0.00140470,2.14000000
2018-02-28 20:04:57,0.00140610,20.11000000
2018-02-28 20:04:58,0.00140610,53.27000000
2018-02-28 20:04:58,0.00140610,0.70000000
2018-02-28 20:04:58,0.00140430,2.22000000
2018-02-28 20:04:58,0.00140420,0.72000000
2018-02-28 20:04:58,0.00140400,0.78000000
2018-02-28 20:04:58,0.00140380,7.71000000
2018-02-28 20:04:58,0.00140360,4.42000000
2018-02-28 20:04:58,0.00140340,0.72000000
2018-02-28 20:04:58,0.00140310,3.53000000
2018-02-28 20:04:58,0.00140290,2.52000000
2018-02-28 20:04:58,0.00140160,4.23000000
2018-02-28 20:04:58,0.00140140,5.41000000
2018-02-28 20:04:59,0.00140550,35.00000000
2018-02-28 20:04:59,0.00140550,91.19000000
2018-02-28 20:04:59,0.00140580,1.00000000
2018-02-28 20:04:59,0.00140580,11.52000000
2018-02-28 20:04:59,0.00140580,1.67000000
2018-02-28 20:04:59,0.00140590,9.83000000
2018-02-28 20:05:00,0.00140600,40.72000000
2018-02-28 20:05:00,0.00140580,12.00000000
2018-02-28 20:05:00,0.00140140,3.15000000
2018-02-28 20:05:00,0.00140100,0.84000000
2018-02-28 20:05:01,0.00140360,32.35000000
2018-02-28 20:05:01,0.00140190,3.76000000
2018-02-28 20:05:01,0.00140550,23.87000000
2018-02-28 20:05:01,0.00140550,1.24000000
2018-02-28 20:05:02,0.00140190,23.82000000
2018-02-28 20:05:02,0.00140550,4.34000000
2018-02-28 20:05:02,0.00140210,14.26000000
2018-02-28 20:05:02,0.00140200,9.83000000
2018-02-28 20:05:02,0.00140190,49.40000000
2018-02-28 20:05:02,0.00140170,7.92000000
2018-02-28 20:05:02,0.00140100,0.16000000
2018-02-28 20:05:02,0.00140080,38.27000000
2018-02-28 20:05:02,0.00140550,1.00000000
2018-02-28 20:05:02,0.00140430,8.90000000
2018-02-28 20:05:02,0.00140080,233.30000000
2018-02-28 20:05:02,0.00140080,5.56000000
2018-02-28 20:05:03,0.00140410,7.92000000
2018-02-28 20:05:03,0.00140080,88.12000000
2018-02-28 20:05:03,0.00140050,1.33000000
2018-02-28 20:05:03,0.00140280,1.58000000
2018-02-28 20:05:04,0.00140280,69.76000000
2018-02-28 20:05:04,0.00140290,4.23000000
2018-02-28 20:05:04,0.00140380,14.26000000
2018-02-28 20:05:04,0.00140430,63.62000000
2018-02-28 20:05:04,0.00140550,69.79000000
2018-02-28 20:05:04,0.00140600,70.02000000
2018-02-28 20:05:04,0.00140100,139.46000000
2018-02-28 20:05:04,0.00140040,13.70000000
2018-02-28 20:05:04,0.00140010,79.20000000
2018-02-28 20:05:05,0.00140110,164.74000000
2018-02-28 20:05:05,0.00140010,783.59000000
2018-02-28 20:05:05,0.00140200,1.33000000
2018-02-28 20:05:05,0.00140360,7.21000000
2018-02-28 20:05:05,0.00140010,3.99000000
2018-02-28 20:05:05,0.00140080,28.81000000
2018-02-28 20:05:05,0.00140080,104.24000000
2018-02-28 20:05:05,0.00140080,34.82000000
2018-02-28 20:05:05,0.00140080,104.24000000
2018-02-28 20:05:05,0.00140080,7.12000000
2018-02-28 20:05:05,0.00140010,57.81000000
2018-02-28 20:05:06,0.00140080,3.44000000
2018-02-28 20:05:06,0.00140070,0.04000000
2018-02-28 20:05:06,0.00140060,71.34000000
2018-02-28 20:05:06,0.00140070,0.06000000
2018-02-28 20:05:06,0.00140070,42.89000000
2018-02-28 20:05:06,0.00140020,11.71000000
2018-02-28 20:05:06,0.00140070,42.48000000
2018-02-28 20:05:06,0.00140080,61.86000000
2018-02-28 20:05:06,0.00140080,117.85000000
2018-02-28 20:05:06,0.00140080,217.80000000
2018-02-28 20:05:06,0.00140080,229.73000000
2018-02-28 20:05:06,0.00140080,10.77000000
2018-02-28 20:05:07,0.00140090,71.40000000
2018-02-28 20:05:07,0.00140080,14.27000000
2018-02-28 20:05:07,0.00140070,7.10000000
2018-02-28 20:05:07,0.00140020,117.13000000
2018-02-28 20:05:07,0.00140010,201.39000000
2018-02-28 20:05:07,0.00140000,47.19000000
2018-02-28 20:05:07,0.00140000,133.20000000
2018-02-28 20:05:07,0.00140070,1.56000000
2018-02-28 20:05:07,0.00140070,2.14000000
2018-02-28 20:05:08,0.00140070,39.00000000
2018-02-28 20:05:08,0.00140000,359.43000000
2018-02-28 20:05:08,0.00140000,1514.03000000
2018-02-28 20:05:08,0.00139980,3.90000000
2018-02-28 20:05:08,0.00139970,2.50000000
2018-02-28 20:05:08,0.00139960,4.25000000
2018-02-28 20:05:08,0.00139950,7.14000000
2018-02-28 20:05:08,0.00139880,286.83000000
2018-02-28 20:05:08,0.00139780,6.00000000
2018-02-28 20:05:08,0.00139780,35.89000000
2018-02-28 20:05:09,0.00139970,1.58000000
2018-02-28 20:05:09,0.00139930,1.75000000
2018-02-28 20:05:09,0.00139970,0.66000000
2018-02-28 20:05:09,0.00139780,456.12000000
2018-02-28 20:05:09,0.00139780,218.97000000
2018-02-28 20:05:09,0.00139960,27.12000000
2018-02-28 20:05:09,0.00139970,7.27000000
2018-02-28 20:05:09,0.00139980,60.89000000
2018-02-28 20:05:10,0.00139780,27.00000000
2018-02-28 20:05:10,0.00139980,16.14000000
2018-02-28 20:05:10,0.00140000,0.98000000
2018-02-28 20:05:10,0.00140000,188.60000000
2018-02-28 20:05:10,0.00140050,14.27000000
2018-02-28 20:05:10,0.00140080,106.53000000
2018-02-28 20:05:10,0.00140080,25.37000000
2018-02-28 20:05:10,0.00139780,200.87000000
2018-02-28 20:05:10,0.00139780,1736.46000000
2018-02-28 20:05:11,0.00139780,162.65000000
2018-02-28 20:05:11,0.00139770,9.39000000
2018-02-28 20:05:11,0.00139760,10.61000000
2018-02-28 20:05:11,0.00139740,8.28000000
2018-02-28 20:05:11,0.00139730,2.66000000
2018-02-28 20:05:11,0.00139720,6.56000000
2018-02-28 20:05:11,0.00139710,70.00000000
2018-02-28 20:05:11,0.00140000,0.05000000
2018-02-28 20:05:11,0.00139720,71.53000000
2018-02-28 20:05:12,0.00139770,10.00000000
2018-02-28 20:05:12,0.00139770,33.35000000
2018-02-28 20:05:12,0.00139690,0.79000000
2018-02-28 20:05:12,0.00139680,10.02000000
2018-02-28 20:05:12,0.00139640,8.17000000
2018-02-28 20:05:12,0.00139640,3.73000000
2018-02-28 20:05:12,0.00139630,6.20000000
2018-02-28 20:05:12,0.00139610,3.53000000
2018-02-28 20:05:12,0.00139600,9.84000000
2018-02-28 20:05:12,0.00139540,16.90000000
2018-02-28 20:05:12,0.00139500,138.85000000
2018-02-28 20:05:12,0.00139470,1.20000000
2018-02-28 20:05:12,0.00139470,0.63000000
2018-02-28 20:05:12,0.00139450,7.54000000
2018-02-28 20:05:12,0.00139420,5.08000000
2018-02-28 20:05:12,0.00139400,3.74000000
2018-02-28 20:05:12,0.00139360,6.66000000
2018-02-28 20:05:12,0.00139250,7.14000000
2018-02-28 20:05:12,0.00139250,24.11000000
2018-02-28 20:05:12,0.00139270,7.14000000
2018-02-28 20:05:12,0.00139270,44.90000000
2018-02-28 20:05:12,0.00139270,74.05000000
2018-02-28 20:05:13,0.00139220,24.35000000
2018-02-28 20:05:13,0.00139710,3.76000000
2018-02-28 20:05:13,0.00139710,7.94000000
2018-02-28 20:05:13,0.00139710,0.01000000
2018-02-28 20:05:14,0.00139710,3.39000000
2018-02-28 20:05:14,0.00139710,0.97000000
2018-02-28 20:05:14,0.00139270,14.36000000
2018-02-28 20:05:14,0.00139260,24.34000000
2018-02-28 20:05:14,0.00139260,49.50000000
2018-02-28 20:05:14,0.00139220,50.50000000
2018-02-28 20:05:14,0.00139430,1.72000000
2018-02-28 20:05:14,0.00139430,0.96000000
2018-02-28 20:05:14,0.00139710,0.47000000
2018-02-28 20:05:14,0.00139220,26.75000000
2018-02-28 20:05:14,0.00139570,1.19000000
2018-02-28 20:05:14,0.00139720,0.73000000
2018-02-28 20:05:15,0.00139230,11.00000000
2018-02-28 20:05:15,0.00139220,3.17000000
2018-02-28 20:05:15,0.00139220,313.13000000
2018-02-28 20:05:15,0.00139470,2.31000000
2018-02-28 20:05:16,0.00139210,0.78000000
2018-02-28 20:05:16,0.00139200,64.08000000
2018-02-28 20:05:16,0.00139200,6.91000000
2018-02-28 20:05:16,0.00139200,12.42000000
2018-02-28 20:05:16,0.00139250,7.79000000
2018-02-28 20:05:16,0.00139200,114.90000000
2018-02-28 20:05:17,0.00139200,14.99000000
2018-02-28 20:05:17,0.00139200,4.98000000
2018-02-28 20:05:17,0.00139200,4.98000000
2018-02-28 20:05:17,0.00139250,3.85000000
2018-02-28 20:05:17,0.00139260,53.49000000
2018-02-28 20:05:17,0.00139200,280.06000000
2018-02-28 20:05:17,0.00139180,1.44000000
2018-02-28 20:05:17,0.00139160,9.19000000
2018-02-28 20:05:17,0.00139160,2.87000000
2018-02-28 20:05:18,0.00139140,0.94000000
2018-02-28 20:05:18,0.00139100,2.14000000
2018-02-28 20:05:18,0.00139160,63.32000000
2018-02-28 20:05:18,0.00139160,10.56000000
2018-02-28 20:05:18,0.00139100,22.97000000
2018-02-28 20:05:18,0.00139100,25.00000000
2018-02-28 20:05:19,0.00139100,2.00000000
2018-02-28 20:05:19,0.00139160,19.43000000
2018-02-28 20:05:19,0.00139100,252.82000000
2018-02-28 20:05:19,0.00139050,2.68000000
2018-02-28 20:05:19,0.00139020,0.72000000
2018-02-28 20:05:19,0.00139010,1.27000000
2018-02-28 20:05:19,0.00139000,73.84000000
2018-02-28 20:05:19,0.00139000,3.61000000
2018-02-28 20:05:19,0.00139000,28.25000000
2018-02-28 20:05:19,0.00139000,3.65000000
2018-02-28 20:05:20,0.00139160,3.27000000
2018-02-28 20:05:20,0.00139160,20.00000000
2018-02-28 20:05:20,0.00139000,46.65000000
2018-02-28 20:05:20,0.00139000,36.42000000
2018-02-28 20:05:20,0.00139070,4.68000000
2018-02-28 20:05:20,0.00139070,82.32000000
2018-02-28 20:05:21,0.00139070,4.68000000
2018-02-28 20:05:21,0.00139000,202.84000000
2018-02-28 20:05:21,0.00139000,0.44000000
2018-02-28 20:05:21,0.00139000,15.00000000
2018-02-28 20:05:23,0.00139100,8.07000000
2018-02-28 20:05:23,0.00139000,43.81000000
2018-02-28 20:05:23,0.00139000,8.78000000
2018-02-28 20:05:23,0.00139000,1.13000000
2018-02-28 20:05:24,0.00139000,13.00000000
2018-02-28 20:05:24,0.00139150,0.99000000
2018-02-28 20:05:24,0.00139000,978.60000000
2018-02-28 20:05:24,0.00139000,144.87000000
2018-02-28 20:05:24,0.00138980,13.03000000
2018-02-28 20:05:24,0.00138910,3.53000000
2018-02-28 20:05:24,0.00139000,2.66000000
2018-02-28 20:05:25,0.00139000,1.87000000
2018-02-28 20:05:25,0.00139000,11.00000000
2018-02-28 20:05:25,0.00138900,29.91000000
2018-02-28 20:05:25,0.00138900,3.09000000
2018-02-28 20:05:25,0.00138890,129.08000000
2018-02-28 20:05:25,0.00138830,5.60000000
2018-02-28 20:05:25,0.00138820,132.30000000
2018-02-28 20:05:25,0.00138800,5.00000000
2018-02-28 20:05:25,0.00138790,0.73000000
2018-02-28 20:05:26,0.00138990,6.98000000
2018-02-28 20:05:26,0.00139000,47.81000000
2018-02-28 20:05:26,0.00139000,1.16000000
2018-02-28 20:05:26,0.00138740,2.72000000
2018-02-28 20:05:26,0.00138700,50.00000000
2018-02-28 20:05:26,0.00138680,4.43000000
2018-02-28 20:05:26,0.00138640,17.68000000
2018-02-28 20:05:26,0.00138600,12.93000000
2018-02-28 20:05:26,0.00138580,3.79000000
2018-02-28 20:05:26,0.00138560,13.29000000
2018-02-28 20:05:26,0.00138500,192.11000000
2018-02-28 20:05:26,0.00138450,5.00000000
2018-02-28 20:05:26,0.00138420,5.10000000
2018-02-28 20:05:26,0.00138400,211.33000000
2018-02-28 20:05:26,0.00138410,16.85000000
2018-02-28 20:05:27,0.00138990,17.70000000
2018-02-28 20:05:27,0.00138990,17.70000000
2018-02-28 20:05:27,0.00138990,5.81000000
2018-02-28 20:05:27,0.00138990,11.80000000
2018-02-28 20:05:27,0.00138990,1.16000000
2018-02-28 20:05:27,0.00138710,2.61000000
2018-02-28 20:05:27,0.00138720,2.64000000
2018-02-28 20:05:28,0.00138990,3.88000000
2018-02-28 20:05:28,0.00138990,1.16000000
2018-02-28 20:05:28,0.00138720,69.58000000
2018-02-28 20:05:28,0.00138460,34.10000000
2018-02-28 20:05:28,0.00138450,27.35000000
2018-02-28 20:05:29,0.00138900,2.66000000
2018-02-28 20:05:29,0.00138900,1.66000000
2018-02-28 20:05:29,0.00138510,8.00000000
2018-02-28 20:05:29,0.00138500,19.88000000
2018-02-28 20:05:30,0.00138500,74.12000000
2018-02-28 20:05:30,0.00138410,2.25000000
2018-02-28 20:05:30,0.00138400,10.80000000
2018-02-28 20:05:31,0.00138510,26.24000000
2018-02-28 20:05:31,0.00138800,89.07000000
2018-02-28 20:05:31,0.00138810,34.10000000
2018-02-28 20:05:31,0.00138830,14.36000000
2018-02-28 20:05:31,0.00138840,11.80000000
2018-02-28 20:05:31,0.00138850,0.91000000
2018-02-28 20:05:31,0.00138900,17.26000000
2018-02-28 20:05:31,0.00138990,144.72000000
2018-02-28 20:05:31,0.00139000,1881.39000000
2018-02-28 20:05:31,0.00139000,7.86000000
2018-02-28 20:05:32,0.00139000,94.00000000
2018-02-28 20:05:32,0.00139000,8.00000000
2018-02-28 20:05:32,0.00139000,13.19000000
2018-02-28 20:05:33,0.00139000,123.42000000
2018-02-28 20:05:33,0.00139150,71.82000000
2018-02-28 20:05:33,0.00139000,5.54000000
2018-02-28 20:05:33,0.00139000,74.79000000
2018-02-28 20:05:33,0.00139000,28.93000000
2018-02-28 20:05:34,0.00139150,14.11000000
2018-02-28 20:05:34,0.00139000,11.21000000
2018-02-28 20:05:34,0.00139150,1.58000000
2018-02-28 20:05:35,0.00139150,84.10000000
2018-02-28 20:05:35,0.00139160,169.87000000
2018-02-28 20:05:35,0.00139010,3.10000000
2018-02-28 20:05:35,0.00139010,2.00000000
2018-02-28 20:05:35,0.00139010,58.20000000
2018-02-28 20:05:35,0.00139000,45.01000000
2018-02-28 20:05:35,0.00139160,10.72000000
2018-02-28 20:05:35,0.00139200,96.56000000
2018-02-28 20:05:35,0.00139220,649.41000000
2018-02-28 20:05:35,0.00139250,146.51000000
2018-02-28 20:05:36,0.00139450,29.94000000
2018-02-28 20:05:36,0.00139460,2.08000000
2018-02-28 20:05:36,0.00139500,35.48000000
2018-02-28 20:05:36,0.00139300,33.00000000
2018-02-28 20:05:37,0.00139300,4.30000000
2018-02-28 20:05:37,0.00139300,105.58000000
2018-02-28 20:05:37,0.00139500,11.27000000
2018-02-28 20:05:37,0.00139640,1.48000000
2018-02-28 20:05:37,0.00139310,1.74000000
2018-02-28 20:05:37,0.00139310,7.21000000
2018-02-28 20:05:38,0.00139470,1.00000000
2018-02-28 20:05:38,0.00139470,35.95000000
2018-02-28 20:05:38,0.00139470,1.00000000
2018-02-28 20:05:38,0.00139640,24.43000000
2018-02-28 20:05:39,0.00139500,5.00000000
2018-02-28 20:05:39,0.00139500,29.22000000
2018-02-28 20:05:39,0.00139500,75.06000000
2018-02-28 20:05:39,0.00139630,1.58000000
2018-02-28 20:05:39,0.00139500,218.72000000
2018-02-28 20:05:39,0.00139350,70.00000000
2018-02-28 20:05:39,0.00139300,19.83000000
2018-02-28 20:05:39,0.00139300,18.35000000
2018-02-28 20:05:40,0.00139300,41.83000000
2018-02-28 20:05:40,0.00139300,10.00000000
2018-02-28 20:05:40,0.00139630,3.58000000
2018-02-28 20:05:41,0.00139630,3.79000000
2018-02-28 20:05:41,0.00139640,1.45000000
2018-02-28 20:05:41,0.00139640,81.70000000
2018-02-28 20:05:42,0.00139640,44.91000000
2018-02-28 20:05:42,0.00139780,3.72000000
2018-02-28 20:05:42,0.00139800,56.31000000
2018-02-28 20:05:42,0.00139640,53.31000000
2018-02-28 20:05:42,0.00139630,58.84000000
2018-02-28 20:05:43,0.00139590,4.88000000
2018-02-28 20:05:43,0.00139500,26.04000000
2018-02-28 20:05:43,0.00139590,136.94000000
2018-02-28 20:05:45,0.00139800,1.79000000
2018-02-28 20:05:45,0.00139730,8.80000000
2018-02-28 20:05:45,0.00139800,164.03000000
2018-02-28 20:05:45,0.00140000,674.97000000
2018-02-28 20:05:45,0.00140010,18.20000000
2018-02-28 20:05:46,0.00140010,1.00000000
2018-02-28 20:05:46,0.00140010,4.21000000
2018-02-28 20:05:46,0.00140010,0.76000000
2018-02-28 20:05:47,0.00140010,12.38000000
2018-02-28 20:05:47,0.00140010,7.17000000
2018-02-28 20:05:47,0.00140010,3.63000000
2018-02-28 20:05:48,0.00140010,3.50000000
2018-02-28 20:05:48,0.00140100,30.00000000
2018-02-28 20:05:48,0.00140130,2.72000000
2018-02-28 20:05:48,0.00140400,219.82000000
2018-02-28 20:05:48,0.00140410,60.41000000
2018-02-28 20:05:48,0.00140470,13.29000000
2018-02-28 20:05:48,0.00140490,238.14000000
2018-02-28 20:05:48,0.00140500,289.56000000
2018-02-28 20:05:48,0.00140500,25.00000000
2018-02-28 20:05:49,0.00140500,72.13000000
2018-02-28 20:05:49,0.00140520,6.30000000
2018-02-28 20:05:49,0.00140590,28.24000000
2018-02-28 20:05:49,0.00140610,29.21000000
2018-02-28 20:05:49,0.00140610,3.55000000
2018-02-28 20:05:49,0.00140130,71.39000000
2018-02-28 20:05:49,0.00140120,14.27000000
2018-02-28 20:05:49,0.00140110,13.06000000
2018-02-28 20:05:49,0.00140100,24.74000000
2018-02-28 20:05:49,0.00140010,140.27000000
2018-02-28 20:05:49,0.00140000,238.04000000
2018-02-28 20:05:50,0.00140380,59.33000000
2018-02-28 20:05:50,0.00140120,9.52000000
2018-02-28 20:05:51,0.00140240,91.61000000
2018-02-28 20:05:51,0.00140230,21.58000000
2018-02-28 20:05:51,0.00140370,7.07000000
2018-02-28 20:05:51,0.00140390,4.98000000
2018-02-28 20:05:51,0.00140460,8.07000000
2018-02-28 20:05:51,0.00140600,5.88000000
2018-02-28 20:05:51,0.00140500,14.23000000
2018-02-28 20:05:51,0.00140500,54.24000000
2018-02-28 20:05:51,0.00140450,14.27000000
2018-02-28 20:05:51,0.00140460,1.00000000
2018-02-28 20:05:51,0.00140500,14.35000000
2018-02-28 20:05:51,0.00140600,2.20000000
2018-02-28 20:05:51,0.00140610,28.65000000
2018-02-28 20:05:51,0.00140660,4.82000000
2018-02-28 20:05:51,0.00140690,1.72000000
2018-02-28 20:05:51,0.00140790,3.37000000
2018-02-28 20:05:51,0.00140900,15.35000000
2018-02-28 20:05:51,0.00140970,7.99000000
2018-02-28 20:05:51,0.00141000,169.59000000
2018-02-28 20:05:51,0.00140130,71.33000000
2018-02-28 20:05:51,0.00140120,55.94000000
2018-02-28 20:05:51,0.00140110,4.98000000
2018-02-28 20:05:51,0.00140000,1024.70000000
2018-02-28 20:05:52,0.00139980,74.04000000
2018-02-28 20:05:52,0.00139990,55.94000000
2018-02-28 20:05:52,0.00140000,11.95000000
2018-02-28 20:05:52,0.00139800,33.06000000
2018-02-28 20:05:52,0.00139730,44.09000000
2018-02-28 20:05:52,0.00139590,6.93000000
2018-02-28 20:05:52,0.00139500,90.52000000
2018-02-28 20:05:53,0.00140000,2.00000000
2018-02-28 20:05:53,0.00139990,4.23000000
2018-02-28 20:05:53,0.00139990,57.52000000
2018-02-28 20:05:53,0.00140390,1.64000000
2018-02-28 20:05:53,0.00140390,0.10000000
2018-02-28 20:05:53,0.00140390,3.24000000
2018-02-28 20:05:53,0.00140400,33.29000000
2018-02-28 20:05:54,0.00140020,14.20000000
2018-02-28 20:05:54,0.00140010,8.21000000
2018-02-28 20:05:54,0.00140000,14.30000000
2018-02-28 20:05:54,0.00140020,12.01000000
2018-02-28 20:05:54,0.00140000,1.99000000
2018-02-28 20:05:54,0.00140000,3.56000000
2018-02-28 20:05:54,0.00140090,1.43000000
2018-02-28 20:05:54,0.00140350,71.82000000
2018-02-28 20:05:55,0.00140010,142.13000000
2018-02-28 20:05:55,0.00140000,90.55000000
2018-02-28 20:05:55,0.00140000,84.13000000
2018-02-28 20:05:55,0.00140000,4.77000000
2018-02-28 20:05:55,0.00140080,14.20000000
2018-02-28 20:05:56,0.00140400,4.24000000
2018-02-28 20:05:56,0.00140400,67.43000000
2018-02-28 20:05:56,0.00140400,49.99000000
2018-02-28 20:05:57,0.00140500,64.63000000
2018-02-28 20:05:58,0.00140490,2.37000000
2018-02-28 20:05:58,0.00140490,5.84000000
2018-02-28 20:05:58,0.00140500,2.93000000
2018-02-28 20:05:59,0.00140640,4.00000000
2018-02-28 20:05:59,0.00140520,2.73000000
2018-02-28 20:05:59,0.00140400,67.17000000
2018-02-28 20:06:00,0.00140640,138.13000000
2018-02-28 20:06:00,0.00140650,99.99000000
2018-02-28 20:06:00,0.00140660,10.80000000
2018-02-28 20:06:00,0.00140660,19.00000000
2018-02-28 20:06:00,0.00140660,1.18000000
2018-02-28 20:06:00,0.00140660,17.12000000
2018-02-28 20:06:01,0.00140660,0.71000000
2018-02-28 20:06:01,0.00140970,5.84000000
2018-02-28 20:06:02,0.00140680,22.25000000
2018-02-28 20:06:02,0.00140670,12.94000000
2018-02-28 20:06:02,0.00140670,1.27000000
2018-02-28 20:06:02,0.00140650,47.57000000
2018-02-28 20:06:03,0.00140960,10.88000000
2018-02-28 20:06:03,0.00140950,14.21000000
2018-02-28 20:06:03,0.00140970,5.16000000
2018-02-28 20:06:03,0.00140990,20.63000000
2018-02-28 20:06:04,0.00140800,41.66000000
2018-02-28 20:06:04,0.00140940,1.76000000
2018-02-28 20:06:05,0.00140940,17.27000000
2018-02-28 20:06:05,0.00140940,41.15000000
2018-02-28 20:06:05,0.00140990,11.96000000
2018-02-28 20:06:05,0.00140990,1.01000000
2018-02-28 20:06:05,0.00141000,3.58000000
2018-02-28 20:06:05,0.00140990,54.22000000
2018-02-28 20:06:05,0.00140670,17.86000000
2018-02-28 20:06:07,0.00140700,71.08000000
2018-02-28 20:06:07,0.00140690,14.21000000
2018-02-28 20:06:07,0.00140670,281.45000000
2018-02-28 20:06:07,0.00140650,89.57000000
2018-02-28 20:06:07,0.00140640,28.44000000
2018-02-28 20:06:07,0.00141000,20.00000000
2018-02-28 20:06:07,0.00141000,175.98000000
2018-02-28 20:06:07,0.00141000,12.57000000
2018-02-28 20:06:07,0.00140990,1.57000000
2018-02-28 20:06:08,0.00140990,69.51000000
2018-02-28 20:06:08,0.00141000,126.47000000
2018-02-28 20:06:10,0.00140990,10.50000000
2018-02-28 20:06:10,0.00140990,3.57000000
2018-02-28 20:06:11,0.00140990,0.14000000
2018-02-28 20:06:11,0.00140990,44.78000000
2018-02-28 20:06:11,0.00141000,12.36000000
2018-02-28 20:06:12,0.00140990,5.50000000
2018-02-28 20:06:12,0.00140990,9.58000000
2018-02-28 20:06:12,0.00141000,76.88000000
2018-02-28 20:06:13,0.00141000,19.10000000
2018-02-28 20:06:14,0.00140720,18.09000000
2018-02-28 20:06:15,0.00140890,3.05000000
2018-02-28 20:06:15,0.00140890,15.04000000
2018-02-28 20:06:15,0.00140900,9.66000000
2018-02-28 20:06:15,0.00140990,158.67000000
2018-02-28 20:06:16,0.00140710,14.21000000
2018-02-28 20:06:16,0.00140510,71.15000000
2018-02-28 20:06:16,0.00140500,375.45000000
2018-02-28 20:06:17,0.00140690,96.32000000
2018-02-28 20:06:17,0.00140880,44.86000000
2018-02-28 20:06:18,0.00140870,1.33000000
2018-02-28 20:06:18,0.00140500,14.74000000
2018-02-28 20:06:18,0.00140500,10.49000000
2018-02-28 20:06:18,0.00140500,4.98000000
2018-02-28 20:06:18,0.00140490,14.23000000
2018-02-28 20:06:18,0.00140500,4.98000000
2018-02-28 20:06:20,0.00140490,14.00000000
2018-02-28 20:06:20,0.00140490,12.29000000
2018-02-28 20:06:20,0.00140500,114.76000000
2018-02-28 20:06:20,0.00140490,12.88000000
2018-02-28 20:06:20,0.00140500,89.22000000
2018-02-28 20:06:20,0.00140500,4.81000000
2018-02-28 20:06:20,0.00140500,9.76000000
2018-02-28 20:06:20,0.00140110,71.36000000
2018-02-28 20:06:20,0.00140100,150.57000000
2018-02-28 20:06:20,0.00140010,96.49000000
2018-02-28 20:06:20,0.00140000,671.64000000
2018-02-28 20:06:20,0.00140000,10.12000000
2018-02-28 20:06:20,0.00140000,328.00000000
2018-02-28 20:06:21,0.00140300,3.94000000
2018-02-28 20:06:22,0.00140000,220.80000000
2018-02-28 20:06:23,0.00140100,1.00000000
2018-02-28 20:06:23,0.00140010,14.28000000
2018-02-28 20:06:23,0.00140000,101.84000000
2018-02-28 20:06:24,0.00140000,93.00000000
2018-02-28 20:06:24,0.00140000,28.39000000
2018-02-28 20:06:24,0.00140090,16.21000000
2018-02-28 20:06:25,0.00140000,30.50000000
2018-02-28 20:06:25,0.00140000,160.73000000
2018-02-28 20:06:25,0.00140000,377.00000000
2018-02-28 20:06:25,0.00140000,268.51000000
2018-02-28 20:06:25,0.00139960,0.74000000
2018-02-28 20:06:25,0.00140090,1.00000000
2018-02-28 20:06:26,0.00139810,2.33000000
2018-02-28 20:06:26,0.00139510,3.29000000
2018-02-28 20:06:27,0.00139520,85.74000000
2018-02-28 20:06:27,0.00139510,96.71000000
2018-02-28 20:06:27,0.00139500,251.69000000
2018-02-28 20:06:27,0.00139400,8.29000000
2018-02-28 20:06:27,0.00139380,6.27000000
2018-02-28 20:06:27,0.00139300,187.79000000
2018-02-28 20:06:27,0.00139250,2.65000000
2018-02-28 20:06:27,0.00139200,0.73000000
2018-02-28 20:06:27,0.00139120,59.77000000
2018-02-28 20:06:27,0.00139970,5.90000000
2018-02-28 20:06:27,0.00139520,8.19000000
2018-02-28 20:06:28,0.00139950,44.31000000
2018-02-28 20:06:28,0.00139960,14.28000000
2018-02-28 20:06:28,0.00139980,55.70000000
2018-02-28 20:06:28,0.00139120,3.55000000
2018-02-28 20:06:28,0.00139510,35.70000000
2018-02-28 20:06:29,0.00139970,6.11000000
2018-02-28 20:06:29,0.00139170,48.47000000
2018-02-28 20:06:29,0.00139160,71.83000000
2018-02-28 20:06:29,0.00139150,20.00000000
2018-02-28 20:06:29,0.00139140,44.86000000
2018-02-28 20:06:30,0.00139560,2.73000000
2018-02-28 20:06:30,0.00139560,43.65000000
2018-02-28 20:06:30,0.00139550,1.00000000
2018-02-28 20:06:30,0.00139550,1.00000000
2018-02-28 20:06:30,0.00139550,1.00000000
2018-02-28 20:06:30,0.00139550,10.89000000
2018-02-28 20:06:30,0.00139560,2.00000000
2018-02-28 20:06:30,0.00139550,1.00000000
2018-02-28 20:06:31,0.00139510,0.75000000
2018-02-28 20:06:31,0.00139510,14.37000000
2018-02-28 20:06:32,0.00139480,14.37000000
2018-02-28 20:06:32,0.00139490,56.71000000
2018-02-28 20:06:32,0.00139500,29.65000000
2018-02-28 20:06:33,0.00139480,7.86000000
2018-02-28 20:06:34,0.00139160,49.20000000
2018-02-28 20:06:35,0.00139470,0.01000000
2018-02-28 20:06:35,0.00139470,4.74000000
2018-02-28 20:06:35,0.00139470,9.47000000
2018-02-28 20:06:36,0.00139460,1.43000000
2018-02-28 20:06:36,0.00139460,0.56000000
2018-02-28 20:06:36,0.00139460,4.74000000
2018-02-28 20:06:36,0.00139460,19.51000000
2018-02-28 20:06:36,0.00139470,127.91000000
2018-02-28 20:06:36,0.00139540,43.83000000
2018-02-28 20:06:36,0.00139560,0.73000000
2018-02-28 20:06:36,0.00139800,6.76000000
2018-02-28 20:06:36,0.00139960,8.19000000
2018-02-28 20:06:36,0.00139970,101.07000000
2018-02-28 20:06:36,0.00139220,2.30000000
2018-02-28 20:06:36,0.00139190,2.42000000
2018-02-28 20:06:36,0.00139170,14.37000000
2018-02-28 20:06:36,0.00139150,1.03000000
2018-02-28 20:06:37,0.00139430,25.00000000
2018-02-28 20:06:38,0.00139410,4.09000000
2018-02-28 20:06:38,0.00139150,9.97000000
2018-02-28 20:06:38,0.00139120,2.39000000
2018-02-28 20:06:39,0.00139410,11.00000000
2018-02-28 20:06:39,0.00139400,1.52000000
2018-02-28 20:06:39,0.00139400,4.00000000
2018-02-28 20:06:39,0.00139400,1.43000000
2018-02-28 20:06:40,0.00139390,9.11000000
2018-02-28 20:06:40,0.00139400,3.75000000
2018-02-28 20:06:40,0.00139420,10.65000000
2018-02-28 20:06:40,0.00139440,14.37000000
2018-02-28 20:06:41,0.00139970,3.75000000
2018-02-28 20:06:41,0.00139430,102.35000000
2018-02-28 20:06:41,0.00139430,0.42000000
2018-02-28 20:06:42,0.00139230,124.92000000
2018-02-28 20:06:43,0.00139300,101.03000000
2018-02-28 20:06:43,0.00139390,7.13000000
2018-02-28 20:06:43,0.00139400,2.21000000
2018-02-28 20:06:43,0.00139430,7.43000000
2018-02-28 20:06:44,0.00139430,3.56000000
2018-02-28 20:06:44,0.00139230,10.00000000
2018-02-28 20:06:44,0.00139430,3.99000000
2018-02-28 20:06:46,0.00139950,0.32000000
2018-02-28 20:06:46,0.00139480,11.08000000
2018-02-28 20:06:46,0.00139940,3.13000000
2018-02-28 20:06:47,0.00139940,16.87000000
2018-02-28 20:06:47,0.00139950,131.70000000
2018-02-28 20:06:47,0.00139970,70.83000000
2018-02-28 20:06:47,0.00139960,11.09000000
2018-02-28 20:06:47,0.00139970,44.11000000
2018-02-28 20:06:47,0.00140000,709.45000000
2018-02-28 20:06:47,0.00140000,4.71000000
2018-02-28 20:06:47,0.00140080,2.68000000
2018-02-28 20:06:47,0.00140090,20.00000000
2018-02-28 20:06:47,0.00140000,3.19000000
2018-02-28 20:06:49,0.00140220,1.56000000
2018-02-28 20:06:49,0.00140220,0.24000000
2018-02-28 20:06:49,0.00140010,15.85000000
2018-02-28 20:06:50,0.00140080,1.01000000
2018-02-28 20:06:50,0.00140220,1.79000000
2018-02-28 20:06:50,0.00140240,7.17000000
2018-02-28 20:06:50,0.00140300,29.04000000
2018-02-28 20:06:50,0.00140300,13.36000000
2018-02-28 20:06:50,0.00140090,4.15000000
2018-02-28 20:06:50,0.00140080,182.93000000
2018-02-28 20:06:50,0.00140000,165.76000000
2018-02-28 20:06:51,0.00140010,51.78000000
2018-02-28 20:06:51,0.00140450,0.18000000
2018-02-28 20:06:52,0.00140080,90.73000000
2018-02-28 20:06:52,0.00140080,109.27000000
2018-02-28 20:06:52,0.00140440,10.93000000
2018-02-28 20:06:53,0.00140410,0.13000000
2018-02-28 20:06:53,0.00140410,51.65000000
2018-02-28 20:06:53,0.00140420,44.48000000
2018-02-28 20:06:53,0.00140440,0.07000000
2018-02-28 20:06:53,0.00140460,2.13000000
2018-02-28 20:06:53,0.00140500,473.23000000
2018-02-28 20:06:53,0.00140510,138.32000000
2018-02-28 20:06:53,0.00140510,0.81000000
2018-02-28 20:06:54,0.00140600,2.84000000
2018-02-28 20:06:55,0.00140600,3.91000000
2018-02-28 20:06:55,0.00140620,4.57000000
2018-02-28 20:06:55,0.00140640,2.65000000
2018-02-28 20:06:55,0.00140800,4.54000000
2018-02-28 20:06:55,0.00140330,40.00000000
2018-02-28 20:06:56,0.00140790,0.41000000
2018-02-28 20:06:56,0.00140790,5.20000000
2018-02-28 20:06:56,0.00140350,31.23000000
2018-02-28 20:06:56,0.00140340,21.58000000
2018-02-28 20:06:56,0.00140320,70.35000000
2018-02-28 20:06:56,0.00140310,14.25000000
2018-02-28 20:06:56,0.00140300,146.23000000
2018-02-28 20:06:56,0.00140090,9.44000000
2018-02-28 20:06:59,0.00140390,71.23000000
2018-02-28 20:06:59,0.00140400,7.77000000
2018-02-28 20:06:59,0.00140300,51.09000000
2018-02-28 20:06:59,0.00140410,7.03000000
2018-02-28 20:06:59,0.00140420,87.76000000
2018-02-28 20:06:59,0.00140300,51.09000000
2018-02-28 20:06:59,0.00140200,28.68000000
2018-02-28 20:06:59,0.00140100,70.00000000
2018-02-28 20:06:59,0.00140090,8.31000000
2018-02-28 20:06:59,0.00140050,70.00000000
2018-02-28 20:06:59,0.00140010,536.41000000
2018-02-28 20:07:00,0.00139500,15.09000000
2018-02-28 20:07:01,0.00140410,8.31000000
2018-02-28 20:07:01,0.00140420,71.69000000
2018-02-28 20:07:01,0.00140200,250.00000000
2018-02-28 20:07:01,0.00140420,6.67000000
2018-02-28 20:07:02,0.00139550,33.64000000
2018-02-28 20:07:02,0.00139540,136.00000000
2018-02-28 20:07:02,0.00139530,108.12000000
2018-02-28 20:07:02,0.00139520,3.58000000
2018-02-28 20:07:02,0.00139510,47.64000000
2018-02-28 20:07:02,0.00139490,71.68000000
2018-02-28 20:07:03,0.00139490,9.41000000
2018-02-28 20:07:03,0.00139480,6.42000000
2018-02-28 20:07:03,0.00139480,8.66000000
2018-02-28 20:07:03,0.00139470,1.00000000
2018-02-28 20:07:03,0.00139470,3.38000000
2018-02-28 20:07:03,0.00139470,1.59000000
2018-02-28 20:07:04,0.00139470,14.01000000
2018-02-28 20:07:04,0.00139460,33.64000000
2018-02-28 20:07:04,0.00139490,6.10000000
2018-02-28 20:07:04,0.00139490,5.20000000
2018-02-28 20:07:05,0.00139490,8.75000000
2018-02-28 20:07:06,0.00139470,1.79000000
2018-02-28 20:07:06,0.00139450,61.52000000
2018-02-28 20:07:06,0.00139460,6.85000000
2018-02-28 20:07:07,0.00139450,5.86000000
2018-02-28 20:07:07,0.00139450,100.00000000
2018-02-28 20:07:07,0.00139450,54.29000000
2018-02-28 20:07:07,0.00139430,275.91000000
2018-02-28 20:07:07,0.00139400,261.80000000
2018-02-28 20:07:07,0.00139460,202.05000000
2018-02-28 20:07:07,0.00139460,5.23000000
2018-02-28 20:07:08,0.00139450,3.55000000
2018-02-28 20:07:09,0.00139440,3.59000000
2018-02-28 20:07:09,0.00139440,2.64000000
2018-02-28 20:07:09,0.00139440,1.59000000
2018-02-28 20:07:09,0.00139440,15.00000000
2018-02-28 20:07:10,0.00139440,3.97000000
2018-02-28 20:07:10,0.00139440,9.85000000
2018-02-28 20:07:10,0.00139320,3.57000000
2018-02-28 20:07:10,0.00139310,12.91000000
2018-02-28 20:07:11,0.00139310,2.83000000
2018-02-28 20:07:11,0.00139310,28.78000000
2018-02-28 20:07:11,0.00139310,1.42000000
2018-02-28 20:07:11,0.00139310,22.17000000
2018-02-28 20:07:12,0.00139300,8.12000000
2018-02-28 20:07:13,0.00139320,22.96000000
2018-02-28 20:07:14,0.00139440,50.06000000
2018-02-28 20:07:14,0.00139450,32.68000000
2018-02-28 20:07:14,0.00139460,150.43000000
2018-02-28 20:07:15,0.00139460,24.78000000
2018-02-28 20:07:15,0.00139470,19.70000000
2018-02-28 20:07:15,0.00139500,82.98000000
2018-02-28 20:07:15,0.00139320,71.65000000
2018-02-28 20:07:15,0.00139320,489.95000000
2018-02-28 20:07:16,0.00139490,4.01000000
2018-02-28 20:07:18,0.00139950,1.00000000
2018-02-28 20:07:19,0.00139520,8.11000000
2018-02-28 20:07:19,0.00139510,19.98000000
2018-02-28 20:07:19,0.00139500,89.60000000
2018-02-28 20:07:19,0.00139490,9.22000000
2018-02-28 20:07:20,0.00139900,1.79000000
2018-02-28 20:07:21,0.00139830,1.57000000
2018-02-28 20:07:22,0.00139500,36.09000000
2018-02-28 20:07:22,0.00139810,20.00000000
2018-02-28 20:07:22,0.00139820,5.92000000
2018-02-28 20:07:27,0.00139690,46.80000000
2018-02-28 20:07:28,0.00139520,53.33000000
2018-02-28 20:07:29,0.00139670,4.34000000
2018-02-28 20:07:30,0.00139670,13.60000000
2018-02-28 20:07:30,0.00139690,3.11000000
2018-02-28 20:07:30,0.00139790,14.25000000
2018-02-28 20:07:30,0.00139800,19.04000000
2018-02-28 20:07:30,0.00139520,4.24000000
2018-02-28 20:07:30,0.00139580,55.80000000
2018-02-28 20:07:33,0.00139600,5.16000000
2018-02-28 20:07:33,0.00139600,4.00000000
2018-02-28 20:07:33,0.00139600,5.74000000
2018-02-28 20:07:33,0.00139600,34.23000000
2018-02-28 20:07:33,0.00139660,8.11000000
2018-02-28 20:07:34,0.00139690,8.40000000
2018-02-28 20:07:34,0.00139800,31.01000000
2018-02-28 20:07:34,0.00139870,299.01000000
2018-02-28 20:07:34,0.00139870,20.48000000
2018-02-28 20:07:35,0.00139870,6.37000000
2018-02-28 20:07:35,0.00139870,5.50000000
2018-02-28 20:07:35,0.00139870,5.25000000
2018-02-28 20:07:36,0.00139940,212.80000000
2018-02-28 20:07:36,0.00139940,22.18000000
2018-02-28 20:07:36,0.00139940,1.00000000
2018-02-28 20:07:36,0.00139940,735.07000000
2018-02-28 20:07:37,0.00139680,14.31000000
2018-02-28 20:07:37,0.00139670,71.55000000
2018-02-28 20:07:37,0.00139660,8.42000000
2018-02-28 20:07:37,0.00139990,71.55000000
2018-02-28 20:07:37,0.00140000,1500.28000000
2018-02-28 20:07:37,0.00139660,73.75000000
2018-02-28 20:07:37,0.00139600,69.56000000
2018-02-28 20:07:37,0.00139520,33.96000000
2018-02-28 20:07:37,0.00139510,10.74000000
2018-02-28 20:07:38,0.00139940,2.14000000
2018-02-28 20:07:40,0.00139880,1.79000000
2018-02-28 20:07:40,0.00139880,14.27000000
2018-02-28 20:07:41,0.00139820,2.10000000
2018-02-28 20:07:41,0.00139520,1.47000000
2018-02-28 20:07:41,0.00139520,65.00000000
2018-02-28 20:07:41,0.00139520,5.20000000
2018-02-28 20:07:41,0.00139510,103.42000000
2018-02-28 20:07:43,0.00139650,7.18000000
2018-02-28 20:07:43,0.00139810,14.31000000
2018-02-28 20:07:43,0.00139820,2.12000000
2018-02-28 20:07:43,0.00139880,33.28000000
2018-02-28 20:07:43,0.00139610,1.08000000
2018-02-28 20:07:46,0.00139660,11.31000000
2018-02-28 20:07:48,0.00139700,5.86000000
2018-02-28 20:07:49,0.00139750,62.45000000
2018-02-28 20:07:51,0.00139660,9.00000000
2018-02-28 20:07:52,0.00139710,71.59000000
2018-02-28 20:07:52,0.00139700,4.17000000
2018-02-28 20:07:54,0.00139990,72.67000000
2018-02-28 20:07:54,0.00140000,347.33000000
2018-02-28 20:07:55,0.00139710,14.31000000
2018-02-28 20:07:55,0.00139700,21.69000000
2018-02-28 20:07:56,0.00139980,16.32000000
2018-02-28 20:07:57,0.00140000,8.52000000
2018-02-28 20:07:57,0.00139990,71.57000000
2018-02-28 20:07:58,0.00140000,33.06000000
2018-02-28 20:07:58,0.00140030,1.00000000
2018-02-28 20:07:58,0.00140030,20.00000000
2018-02-28 20:07:59,0.00140030,6.99000000
2018-02-28 20:07:59,0.00140330,69.76000000
2018-02-28 20:07:59,0.00140350,5.24000000
2018-02-28 20:08:00,0.00140030,8.89000000
2018-02-28 20:08:00,0.00140030,4.00000000
2018-02-28 20:08:01,0.00140350,3.11000000
2018-02-28 20:08:01,0.00140050,5.17000000
2018-02-28 20:08:02,0.00140350,193.19000000
2018-02-28 20:08:02,0.00140400,3.79000000
2018-02-28 20:08:02,0.00140410,3.65000000
2018-02-28 20:08:02,0.00140420,224.37000000
2018-02-28 20:08:03,0.00140110,7.18000000
2018-02-28 20:08:04,0.00140390,11.00000000
2018-02-28 20:08:04,0.00140420,49.45000000
2018-02-28 20:08:04,0.00140420,1.55000000
2018-02-28 20:08:04,0.00140420,535.38000000
2018-02-28 20:08:04,0.00140110,18.16000000
2018-02-28 20:08:04,0.00140100,14.27000000
2018-02-28 20:08:04,0.00140080,62.71000000
2018-02-28 20:08:05,0.00140100,5.00000000
2018-02-28 20:08:05,0.00140400,2.25000000
2018-02-28 20:08:06,0.00140100,1.00000000
2018-02-28 20:08:07,0.00140390,0.67000000
2018-02-28 20:08:08,0.00140230,78.80000000
2018-02-28 20:08:08,0.00140100,90.19000000
2018-02-28 20:08:09,0.00140370,37.53000000
2018-02-28 20:08:09,0.00140370,33.19000000
2018-02-28 20:08:09,0.00140380,12.02000000
2018-02-28 20:08:09,0.00140410,10.42000000
2018-02-28 20:08:09,0.00140420,6.00000000
2018-02-28 20:08:09,0.00140500,12.93000000
2018-02-28 20:08:13,0.00140190,71.35000000
2018-02-28 20:08:13,0.00140180,14.26000000
2018-02-28 20:08:13,0.00140160,20.00000000
2018-02-28 20:08:13,0.00140100,331.39000000
2018-02-28 20:08:13,0.00140080,80.06000000
2018-02-28 20:08:13,0.00140030,68.02000000
2018-02-28 20:08:13,0.00140000,414.92000000
2018-02-28 20:08:13,0.00140480,8.61000000
2018-02-28 20:08:15,0.00140430,9.58000000
2018-02-28 20:08:16,0.00140230,206.05000000
2018-02-28 20:08:16,0.00140400,11.39000000
2018-02-28 20:08:16,0.00140410,61.77000000
2018-02-28 20:08:16,0.00140440,14.26000000
2018-02-28 20:08:16,0.00140490,11.00000000
2018-02-28 20:08:16,0.00140500,96.41000000
2018-02-28 20:08:16,0.00140600,4.98000000
2018-02-28 20:08:16,0.00140800,5.42000000
2018-02-28 20:08:16,0.00140880,1.86000000
2018-02-28 20:08:16,0.00140890,20.97000000
2018-02-28 20:08:16,0.00140480,2.47000000
2018-02-28 20:08:16,0.00140890,28.15000000
2018-02-28 20:08:16,0.00140900,2.38000000
2018-02-28 20:08:16,0.00140110,8.61000000
2018-02-28 20:08:16,0.00140100,1.39000000
2018-02-28 20:08:16,0.00140120,7.88000000
2018-02-28 20:08:17,0.00140490,2.27000000
2018-02-28 20:08:17,0.00140490,5.50000000
2018-02-28 20:08:17,0.00140520,3.57000000
2018-02-28 20:08:17,0.00140520,59.83000000
2018-02-28 20:08:17,0.00140510,14.23000000
2018-02-28 20:08:17,0.00140500,11.39000000
2018-02-28 20:08:17,0.00140890,28.61000000
2018-02-28 20:08:17,0.00140900,37.84000000
2018-02-28 20:08:18,0.00140500,7.80000000
2018-02-28 20:08:18,0.00140480,10.03000000
2018-02-28 20:08:18,0.00140870,71.17000000
2018-02-28 20:08:18,0.00140880,7.80000000
2018-02-28 20:08:18,0.00140900,22.92000000
2018-02-28 20:08:18,0.00140490,1.00000000
2018-02-28 20:08:19,0.00140900,41.20000000
2018-02-28 20:08:19,0.00140920,24.81000000
2018-02-28 20:08:19,0.00140970,305.44000000
2018-02-28 20:08:19,0.00141000,255.97000000
2018-02-28 20:08:19,0.00140990,0.12000000
2018-02-28 20:08:20,0.00140520,71.16000000
2018-02-28 20:08:20,0.00140510,110.68000000
2018-02-28 20:08:20,0.00140480,51.95000000
2018-02-28 20:08:20,0.00140470,19.88000000
2018-02-28 20:08:20,0.00140480,618.26000000
2018-02-28 20:08:21,0.00140460,72.74000000
2018-02-28 20:08:21,0.00140470,31.91000000
2018-02-28 20:08:21,0.00140470,10.97000000
2018-02-28 20:08:21,0.00140470,22.40000000
2018-02-28 20:08:21,0.00140480,192.76000000
2018-02-28 20:08:22,0.00140480,54.25000000
2018-02-28 20:08:22,0.00140480,7.88000000
2018-02-28 20:08:23,0.00140490,4.88000000
2018-02-28 20:08:23,0.00140760,3.69000000
2018-02-28 20:08:23,0.00140490,8.49000000
2018-02-28 20:08:23,0.00140760,15.34000000
2018-02-28 20:08:23,0.00140760,58.81000000
2018-02-28 20:08:23,0.00140770,11.00000000
2018-02-28 20:08:23,0.00140780,14.23000000
2018-02-28 20:08:23,0.00140790,9.96000000
2018-02-28 20:08:23,0.00140990,51.41000000
2018-02-28 20:08:23,0.00141000,9.78000000
2018-02-28 20:08:23,0.00141000,53.79000000
2018-02-28 20:08:24,0.00140500,97.22000000
2018-02-28 20:08:24,0.00140490,7.78000000
2018-02-28 20:08:25,0.00140510,1.03000000
2018-02-28 20:08:25,0.00140980,7.83000000
2018-02-28 20:08:25,0.00140990,29.16000000
2018-02-28 20:08:26,0.00140550,12.73000000
2018-02-28 20:08:26,0.00140980,13.25000000
2018-02-28 20:08:27,0.00140760,28.95000000
2018-02-28 20:08:27,0.00140760,28.95000000
2018-02-28 20:08:27,0.00140960,1.58000000
2018-02-28 20:08:27,0.00140970,1.03000000
2018-02-28 20:08:27,0.00140980,6.75000000
2018-02-28 20:08:27,0.00140990,242.43000000
2018-02-28 20:08:27,0.00141000,1358.92000000
2018-02-28 20:08:27,0.00140570,45.03000000
2018-02-28 20:08:27,0.00141000,9.83000000
2018-02-28 20:08:28,0.00140570,12.17000000
2018-02-28 20:08:28,0.00140990,78.91000000
2018-02-28 20:08:28,0.00141000,825.33000000
2018-02-28 20:08:28,0.00141000,284.27000000
2018-02-28 20:08:28,0.00141000,1085.11000000
2018-02-28 20:08:28,0.00141010,7.83000000
2018-02-28 20:08:28,0.00141000,7.09000000
2018-02-28 20:08:28,0.00141000,13.84000000
2018-02-28 20:08:28,0.00141000,75.08000000
2018-02-28 20:08:28,0.00140580,7.85000000
2018-02-28 20:08:28,0.00140560,13.19000000
2018-02-28 20:08:28,0.00140540,4.98000000
2018-02-28 20:08:28,0.00140520,1.08000000
2018-02-28 20:08:28,0.00140500,68.91000000
2018-02-28 20:08:28,0.00140510,7.09000000
2018-02-28 20:08:28,0.00140820,4.98000000
2018-02-28 20:08:28,0.00140920,5.50000000
2018-02-28 20:08:28,0.00140990,11.00000000
2018-02-28 20:08:28,0.00141000,29.64000000
2018-02-28 20:08:28,0.00141000,21.86000000
2018-02-28 20:08:29,0.00141000,7.30000000
2018-02-28 20:08:29,0.00141010,3.31000000
2018-02-28 20:08:29,0.00141000,1.00000000
2018-02-28 20:08:29,0.00141010,2.17000000
2018-02-28 20:08:29,0.00141090,1.42000000
2018-02-28 20:08:29,0.00141100,76.88000000
2018-02-28 20:08:29,0.00141160,14.53000000
2018-02-28 20:08:29,0.00141000,1.54000000
2018-02-28 20:08:29,0.00141000,3.65000000
2018-02-28 20:08:29,0.00141000,7.09000000
2018-02-28 20:08:29,0.00141000,11.11000000
2018-02-28 20:08:30,0.00141000,12.74000000
2018-02-28 20:08:30,0.00141000,49.95000000
2018-02-28 20:08:30,0.00141000,49.95000000
2018-02-28 20:08:30,0.00141000,452.86000000
2018-02-28 20:08:30,0.00141140,0.55000000
2018-02-28 20:08:30,0.00141140,6.54000000
2018-02-28 20:08:30,0.00141150,0.17000000
2018-02-28 20:08:31,0.00141150,0.91000000
2018-02-28 20:08:31,0.00141160,32.73000000
2018-02-28 20:08:31,0.00141200,4.71000000
2018-02-28 20:08:32,0.00141000,4.88000000
2018-02-28 20:08:32,0.00141000,69.95000000
2018-02-28 20:08:32,0.00141130,3.24000000
2018-02-28 20:08:35,0.00141120,9.00000000
2018-02-28 20:08:35,0.00141010,15.44000000
2018-02-28 20:08:35,0.00141000,88.58000000
2018-02-28 20:08:36,0.00141120,9.54000000
2018-02-28 20:08:36,0.00140910,16.72000000
2018-02-28 20:08:38,0.00141000,27.34000000
2018-02-28 20:08:40,0.00140780,1.31000000
2018-02-28 20:08:40,0.00140780,28.66000000
2018-02-28 20:08:41,0.00140780,14.79000000
2018-02-28 20:08:41,0.00140990,83.19000000
2018-02-28 20:08:41,0.00141000,606.95000000
2018-02-28 20:08:41,0.00141000,258.22000000
2018-02-28 20:08:42,0.00141000,27.77000000
2018-02-28 20:08:42,0.00140840,55.73000000
2018-02-28 20:08:42,0.00140840,27.77000000
2018-02-28 20:08:42,0.00140580,3.88000000
2018-02-28 20:08:43,0.00140580,1.87000000
2018-02-28 20:08:44,0.00140750,14.54000000
2018-02-28 20:08:44,0.00140750,26.60000000
2018-02-28 20:08:44,0.00140860,4.98000000
2018-02-28 20:08:44,0.00141000,747.37000000
2018-02-28 20:08:45,0.00141000,59.42000000
2018-02-28 20:08:46,0.00140750,344.13000000
2018-02-28 20:08:46,0.00140990,0.13000000
2018-02-28 20:08:47,0.00140750,3.59000000
2018-02-28 20:08:49,0.00140750,6.54000000
2018-02-28 20:08:51,0.00140940,1.58000000
2018-02-28 20:08:51,0.00140950,148.75000000
2018-02-28 20:08:52,0.00140950,105.35000000
2018-02-28 20:08:52,0.00140980,50.00000000
2018-02-28 20:08:52,0.00140990,129.31000000
2018-02-28 20:08:53,0.00140930,49.65000000
2018-02-28 20:08:53,0.00140930,0.37000000
2018-02-28 20:08:53,0.00140970,0.42000000
2018-02-28 20:08:54,0.00140970,5.34000000
2018-02-28 20:08:54,0.00140970,21.71000000
2018-02-28 20:08:54,0.00140990,128.70000000
2018-02-28 20:08:55,0.00140960,7.03000000
2018-02-28 20:08:55,0.00140990,181.01000000
2018-02-28 20:08:56,0.00141000,26.82000000
2018-02-28 20:08:57,0.00141000,0.60000000
2018-02-28 20:08:59,0.00140990,6.40000000
2018-02-28 20:08:59,0.00141000,69.28000000
2018-02-28 20:09:00,0.00141000,1.94000000
2018-02-28 20:09:00,0.00141000,0.01000000
2018-02-28 20:09:00,0.00141000,0.90000000
2018-02-28 20:09:02,0.00140970,24.23000000
2018-02-28 20:09:02,0.00140970,5.55000000
2018-02-28 20:09:02,0.00140990,602.64000000
2018-02-28 20:09:02,0.00141000,389.26000000
2018-02-28 20:09:02,0.00140900,33.65000000
2018-02-28 20:09:03,0.00141000,150.73000000
2018-02-28 20:09:03,0.00141000,25.23000000
2018-02-28 20:09:03,0.00141000,425.50000000
2018-02-28 20:09:04,0.00141000,10.97000000
2018-02-28 20:09:05,0.00141000,300.70000000
2018-02-28 20:09:06,0.00141000,11.82000000
2018-02-28 20:09:06,0.00140810,47.47000000
2018-02-28 20:09:06,0.00140780,58.56000000
2018-02-28 20:09:06,0.00140760,230.80000000
2018-02-28 20:09:07,0.00141000,5.54000000
2018-02-28 20:09:07,0.00141000,53.58000000
2018-02-28 20:09:08,0.00140760,391.75000000
2018-02-28 20:09:08,0.00140760,193.42000000
2018-02-28 20:09:09,0.00140760,51.71000000
2018-02-28 20:09:10,0.00140760,4.79000000
2018-02-28 20:09:10,0.00140750,181.80000000
2018-02-28 20:09:11,0.00140760,0.81000000
2018-02-28 20:09:11,0.00140760,135.69000000
2018-02-28 20:09:11,0.00140980,351.96000000
2018-02-28 20:09:11,0.00141000,90.69000000
2018-02-28 20:09:12,0.00140750,132.55000000
2018-02-28 20:09:12,0.00140750,181.80000000
2018-02-28 20:09:12,0.00141000,234.43000000
2018-02-28 20:09:12,0.00141000,2.33000000
2018-02-28 20:09:13,0.00141000,16.00000000
2018-02-28 20:09:14,0.00141000,2.23000000
2018-02-28 20:09:14,0.00141000,4.77000000
2018-02-28 20:09:15,0.00141000,36.50000000
2018-02-28 20:09:17,0.00141000,13.97000000
2018-02-28 20:09:17,0.00141000,6.32000000
2018-02-28 20:09:19,0.00141000,134.04000000
2018-02-28 20:09:20,0.00140990,12.22000000
2018-02-28 20:09:20,0.00141000,2.78000000
2018-02-28 20:09:20,0.00141000,38.83000000
2018-02-28 20:09:21,0.00141000,13.39000000
2018-02-28 20:09:23,0.00140870,88.21000000
2018-02-28 20:09:23,0.00141000,188.86000000
2018-02-28 20:09:23,0.00141000,21.27000000
2018-02-28 20:09:23,0.00141000,188.85000000
2018-02-28 20:09:23,0.00141000,7.07000000
2018-02-28 20:09:23,0.00140760,36.69000000
2018-02-28 20:09:23,0.00140750,12.32000000
2018-02-28 20:09:23,0.00140710,1.58000000
2018-02-28 20:09:23,0.00140710,7.07000000
2018-02-28 20:09:23,0.00141000,209.69000000
2018-02-28 20:09:25,0.00141000,6.25000000
2018-02-28 20:09:29,0.00141120,6.76000000
2018-02-28 20:09:29,0.00141130,13.33000000
2018-02-28 20:09:29,0.00141130,21.03000000
2018-02-28 20:09:29,0.00141200,7.63000000
2018-02-28 20:09:29,0.00141330,17.80000000
2018-02-28 20:09:30,0.00141010,76.41000000
2018-02-28 20:09:30,0.00141000,42.74000000
2018-02-28 20:09:32,0.00140970,70.89000000
2018-02-28 20:09:32,0.00140980,20.00000000
2018-02-28 20:09:32,0.00141000,323.25000000
2018-02-28 20:09:33,0.00140990,8.08000000
2018-02-28 20:09:34,0.00140990,6.09000000
2018-02-28 20:09:34,0.00141000,3.95000000
2018-02-28 20:09:35,0.00140730,36.28000000
2018-02-28 20:09:36,0.00140980,17.47000000
2018-02-28 20:09:37,0.00140980,18.81000000
2018-02-28 20:09:37,0.00140990,136.65000000
2018-02-28 20:09:37,0.00141000,32.54000000
2018-02-28 20:09:39,0.00141000,10.05000000
2018-02-28 20:09:42,0.00140860,38.35000000
2018-02-28 20:09:45,0.00140720,20.00000000
2018-02-28 20:09:45,0.00140710,30.57000000
2018-02-28 20:09:47,0.00140730,0.80000000
2018-02-28 20:09:48,0.00140730,2.00000000
2018-02-28 20:09:49,0.00140850,1.52000000
2018-02-28 20:09:49,0.00140860,17.68000000
2018-02-28 20:09:50,0.00140730,0.55000000
2018-02-28 20:09:51,0.00140730,0.20000000
2018-02-28 20:09:52,0.00140710,40.49000000
2018-02-28 20:09:52,0.00140700,1.01000000
2018-02-28 20:09:52,0.00140610,65.73000000
2018-02-28 20:09:52,0.00140600,57.46000000
2018-02-28 20:09:52,0.00140580,13.38000000
2018-02-28 20:09:52,0.00140570,610.51000000
2018-02-28 20:09:53,0.00140730,10.74000000
2018-02-28 20:09:54,0.00140570,21.60000000
2018-02-28 20:09:54,0.00140500,285.89000000
2018-02-28 20:09:54,0.00140490,253.14000000
2018-02-28 20:09:54,0.00140480,359.91000000
2018-02-28 20:09:54,0.00140480,4.54000000
2018-02-28 20:09:54,0.00140480,4.54000000
2018-02-28 20:09:54,0.00140480,2.59000000
2018-02-28 20:09:54,0.00140480,2.55000000
2018-02-28 20:09:54,0.00140480,7.11000000
2018-02-28 20:09:54,0.00140300,2.10000000
2018-02-28 20:09:54,0.00140290,130.76000000
2018-02-28 20:09:54,0.00140280,291.72000000
2018-02-28 20:09:55,0.00140480,1.15000000
2018-02-28 20:09:56,0.00140300,1.00000000
2018-02-28 20:09:56,0.00140280,266.41000000
2018-02-28 20:09:56,0.00140280,4.78000000
2018-02-28 20:09:56,0.00140300,182.19000000
2018-02-28 20:09:56,0.00140480,954.94000000
2018-02-28 20:09:57,0.00140290,3.69000000
2018-02-28 20:09:57,0.00140290,16.38000000
2018-02-28 20:09:58,0.00140290,13.01000000
2018-02-28 20:09:58,0.00140280,69.08000000
2018-02-28 20:09:58,0.00140470,100.00000000
2018-02-28 20:09:58,0.00140480,463.42000000
2018-02-28 20:09:58,0.00140570,146.09000000
2018-02-28 20:09:58,0.00140700,38.83000000
2018-02-28 20:09:58,0.00140730,69.73000000
2018-02-28 20:09:58,0.00140850,14.22000000
2018-02-28 20:09:58,0.00140860,4.98000000
2018-02-28 20:09:58,0.00140900,108.75000000
2018-02-28 20:09:58,0.00140990,269.35000000
2018-02-28 20:09:58,0.00141000,3176.64000000
2018-02-28 20:09:58,0.00140280,71.27000000
2018-02-28 20:09:58,0.00140280,11.00000000
2018-02-28 20:09:58,0.00140280,26.07000000
2018-02-28 20:10:00,0.00140970,4.45000000
2018-02-28 20:10:00,0.00140320,0.98000000
2018-02-28 20:10:00,0.00140310,0.60000000
2018-02-28 20:10:00,0.00140460,66.82000000
2018-02-28 20:10:00,0.00140470,22.11000000
2018-02-28 20:10:01,0.00140660,92.91000000
2018-02-28 20:10:02,0.00140370,2.00000000
2018-02-28 20:10:03,0.00140400,20.00000000
2018-02-28 20:10:03,0.00140390,13.64000000
2018-02-28 20:10:03,0.00140380,41.67000000
2018-02-28 20:10:03,0.00140300,68.95000000
2018-02-28 20:10:03,0.00140290,10.40000000
2018-02-28 20:10:03,0.00140280,6.38000000
2018-02-28 20:10:03,0.00140270,4.28000000
2018-02-28 20:10:03,0.00140150,70.00000000
2018-02-28 20:10:03,0.00140100,14.04000000
2018-02-28 20:10:07,0.00140410,9.23000000
2018-02-28 20:10:08,0.00140410,60.01000000
2018-02-28 20:10:08,0.00140350,11.23000000
2018-02-28 20:10:09,0.00140130,14.98000000
2018-02-28 20:10:10,0.00140500,20.00000000
2018-02-28 20:10:11,0.00140640,1.56000000
2018-02-28 20:10:12,0.00140640,2.78000000
2018-02-28 20:10:14,0.00140580,14.98000000
2018-02-28 20:10:14,0.00140500,79.26000000
2018-02-28 20:10:14,0.00140240,3.02000000
2018-02-28 20:10:14,0.00140110,205.25000000
2018-02-28 20:10:14,0.00140100,725.84000000
2018-02-28 20:10:14,0.00140580,51.92000000
2018-02-28 20:10:15,0.00140370,6.69000000
2018-02-28 20:10:15,0.00140140,2.62000000
2018-02-28 20:10:15,0.00140110,7.04000000
2018-02-28 20:10:18,0.00140400,40.64000000
2018-02-28 20:10:18,0.00140390,4.70000000
2018-02-28 20:10:19,0.00140260,43.06000000
2018-02-28 20:10:20,0.00140380,35.40000000
2018-02-28 20:10:20,0.00140150,9.96000000
2018-02-28 20:10:20,0.00140110,270.75000000
2018-02-28 20:10:20,0.00140100,310.83000000
2018-02-28 20:10:20,0.00140080,116.00000000
2018-02-28 20:10:20,0.00140030,64.07000000
2018-02-28 20:10:20,0.00140000,68.29000000
2018-02-28 20:10:20,0.00140000,607.70000000
2018-02-28 20:10:21,0.00140110,2.00000000
2018-02-28 20:10:22,0.00140020,71.38000000
2018-02-28 20:10:22,0.00140010,17.66000000
2018-02-28 20:10:22,0.00140000,211.35000000
2018-02-28 20:10:23,0.00140000,36.66000000
2018-02-28 20:10:23,0.00140110,2.78000000
2018-02-28 20:10:24,0.00140110,44.28000000
2018-02-28 20:10:24,0.00140000,1593.74000000
2018-02-28 20:10:24,0.00140140,20.00000000
2018-02-28 20:10:24,0.00140150,6.02000000
2018-02-28 20:10:25,0.00140130,14.15000000
2018-02-28 20:10:25,0.00140150,29.36000000
2018-02-28 20:10:26,0.00140120,71.38000000
2018-02-28 20:10:26,0.00140130,8.08000000
2018-02-28 20:10:28,0.00140290,158.86000000
2018-02-28 20:10:29,0.00140030,1.39000000
2018-02-28 20:10:29,0.00140010,53.52000000
2018-02-28 20:10:29,0.00140000,31.73000000
2018-02-28 20:10:30,0.00140010,9.16000000
2018-02-28 20:10:31,0.00140140,97.51000000
2018-02-28 20:10:31,0.00140060,82.45000000
2018-02-28 20:10:31,0.00140140,97.51000000
2018-02-28 20:10:33,0.00140260,9.16000000
2018-02-28 20:10:33,0.00140270,3.57000000
2018-02-28 20:10:33,0.00140280,17.27000000
2018-02-28 20:10:34,0.00140280,2.77000000
2018-02-28 20:10:34,0.00140060,15.65000000
2018-02-28 20:10:34,0.00140000,8.19000000
2018-02-28 20:10:38,0.00140280,45.34000000
2018-02-28 20:10:39,0.00140270,46.39000000
2018-02-28 20:10:40,0.00140200,8.00000000
2018-02-28 20:10:40,0.00140280,67.95000000
2018-02-28 20:10:40,0.00140290,50.91000000
2018-02-28 20:10:40,0.00140370,14.24000000
2018-02-28 20:10:40,0.00140430,9.96000000
2018-02-28 20:10:40,0.00140500,302.00000000
2018-02-28 20:10:41,0.00140500,40.88000000
2018-02-28 20:10:41,0.00140500,2.58000000
2018-02-28 20:10:42,0.00140580,22.80000000
2018-02-28 20:10:43,0.00140500,1.00000000
2018-02-28 20:10:45,0.00140500,293.76000000
2018-02-28 20:10:45,0.00140580,8.38000000
2018-02-28 20:10:45,0.00140610,1.62000000
2018-02-28 20:10:46,0.00140500,90.64000000
2018-02-28 20:10:48,0.00140500,42.05000000
2018-02-28 20:10:48,0.00140500,1.15000000
2018-02-28 20:10:48,0.00140550,47.66000000
2018-02-28 20:10:49,0.00140610,0.01000000
2018-02-28 20:10:53,0.00140500,82.88000000
2018-02-28 20:10:54,0.00140500,1.52000000
2018-02-28 20:10:55,0.00140300,2.99000000
2018-02-28 20:10:56,0.00140500,40.30000000
2018-02-28 20:10:56,0.00140550,114.86000000
2018-02-28 20:10:57,0.00140320,14.25000000
2018-02-28 20:10:57,0.00140310,71.24000000
2018-02-28 20:10:57,0.00140300,6.97000000
2018-02-28 20:10:57,0.00140280,53.38000000
2018-02-28 20:10:57,0.00140270,39.90000000
2018-02-28 20:10:57,0.00140140,132.62000000
2018-02-28 20:10:57,0.00140100,10.61000000
2018-02-28 20:10:57,0.00140100,71.92000000
2018-02-28 20:10:58,0.00140570,5.18000000
2018-02-28 20:10:59,0.00140560,5.18000000
2018-02-28 20:10:59,0.00140550,7.94000000
2018-02-28 20:10:59,0.00140570,86.06000000
2018-02-28 20:10:59,0.00140580,9.96000000
2018-02-28 20:10:59,0.00140610,18.46000000
2018-02-28 20:10:59,0.00140750,103.92000000
2018-02-28 20:10:59,0.00140760,41.60000000
2018-02-28 20:11:01,0.00140610,0.64000000
2018-02-28 20:11:02,0.00140610,43.01000000
2018-02-28 20:11:02,0.00140750,14.25000000
2018-02-28 20:11:02,0.00140760,359.83000000
2018-02-28 20:11:03,0.00140360,71.24000000
2018-02-28 20:11:03,0.00140350,47.31000000
2018-02-28 20:11:03,0.00140300,10.83000000
2018-02-28 20:11:03,0.00140280,71.23000000
2018-02-28 20:11:03,0.00140110,107.08000000
2018-02-28 20:11:05,0.00140550,1.52000000
2018-02-28 20:11:05,0.00140520,102.21000000
2018-02-28 20:11:05,0.00140500,20.00000000
2018-02-28 20:11:08,0.00140510,69.72000000
2018-02-28 20:11:08,0.00140520,107.08000000
2018-02-28 20:11:08,0.00140580,9.96000000
2018-02-28 20:11:08,0.00140730,0.87000000
2018-02-28 20:11:08,0.00140750,142.77000000
2018-02-28 20:11:08,0.00140760,61.15000000
2018-02-28 20:11:08,0.00140830,4.28000000
2018-02-28 20:11:08,0.00140890,2.10000000
2018-02-28 20:11:08,0.00140900,283.41000000
2018-02-28 20:11:08,0.00140500,118.53000000
2018-02-28 20:11:08,0.00140500,7.86000000
2018-02-28 20:11:11,0.00140510,4.78000000
2018-02-28 20:11:12,0.00140550,54.99000000
2018-02-28 20:11:12,0.00140550,1.85000000
2018-02-28 20:11:12,0.00140550,45.41000000
2018-02-28 20:11:13,0.00140640,42.98000000
2018-02-28 20:11:13,0.00140860,20.36000000
2018-02-28 20:11:13,0.00140900,39.66000000
2018-02-28 20:11:17,0.00140660,71.09000000
2018-02-28 20:11:17,0.00140650,9.96000000
2018-02-28 20:11:17,0.00140630,14.22000000
2018-02-28 20:11:17,0.00140610,1.57000000
2018-02-28 20:11:17,0.00140510,23.42000000
2018-02-28 20:11:17,0.00140500,21.35000000
2018-02-28 20:11:17,0.00140930,9.96000000
2018-02-28 20:11:17,0.00141000,229.73000000
2018-02-28 20:11:17,0.00140740,52.36000000
2018-02-28 20:11:19,0.00140900,9.23000000
2018-02-28 20:11:19,0.00140920,47.56000000
2018-02-28 20:11:22,0.00140920,23.53000000
2018-02-28 20:11:22,0.00140990,98.00000000
2018-02-28 20:11:22,0.00141000,186.34000000
2018-02-28 20:11:22,0.00141000,520.46000000
2018-02-28 20:11:22,0.00141000,258.17000000
2018-02-28 20:11:23,0.00141000,71.33000000
2018-02-28 20:11:23,0.00141000,394.64000000
2018-02-28 20:11:23,0.00140990,140.94000000
2018-02-28 20:11:24,0.00140990,50.66000000
2018-02-28 20:11:25,0.00141200,76.00000000
2018-02-28 20:11:26,0.00140990,7.48000000
2018-02-28 20:11:28,0.00141200,15.57000000
2018-02-28 20:11:28,0.00141020,31.61000000
2018-02-28 20:11:34,0.00141170,51.46000000
2018-02-28 20:11:34,0.00141200,448.54000000
2018-02-28 20:11:34,0.00141200,133.98000000
2018-02-28 20:11:34,0.00141280,14.22000000
2018-02-28 20:11:34,0.00141340,5.78000000
2018-02-28 20:11:37,0.00141140,4.84000000
2018-02-28 20:11:38,0.00141200,4.33000000
2018-02-28 20:11:38,0.00141200,13.91000000
2018-02-28 20:11:39,0.00141200,1.95000000
2018-02-28 20:11:39,0.00141300,13.94000000
2018-02-28 20:11:39,0.00141340,78.53000000
2018-02-28 20:11:39,0.00141340,14.14000000
2018-02-28 20:11:39,0.00141340,7.65000000
2018-02-28 20:11:40,0.00141370,2.00000000
2018-02-28 20:11:41,0.00141370,264.07000000
2018-02-28 20:11:41,0.00141150,114.54000000
2018-02-28 20:11:41,0.00141370,4.62000000
2018-02-28 20:11:41,0.00141370,21.18000000
2018-02-28 20:11:41,0.00141150,183.60000000
2018-02-28 20:11:43,0.00141370,85.19000000
2018-02-28 20:11:43,0.00141400,826.00000000
2018-02-28 20:11:43,0.00141410,5.00000000
2018-02-28 20:11:43,0.00141420,52.53000000
2018-02-28 20:11:43,0.00141430,122.87000000
2018-02-28 20:11:43,0.00141430,1.40000000
2018-02-28 20:11:43,0.00141430,30.00000000
2018-02-28 20:11:44,0.00141370,3.01000000
2018-02-28 20:11:44,0.00141160,70.84000000
2018-02-28 20:11:45,0.00141360,70.84000000
2018-02-28 20:11:45,0.00141370,26.20000000
2018-02-28 20:11:46,0.00141370,36.27000000
2018-02-28 20:11:46,0.00141430,340.35000000
2018-02-28 20:11:46,0.00141460,1.41000000
2018-02-28 20:11:46,0.00141500,42.58000000
2018-02-28 20:11:46,0.00141180,70.81000000
2018-02-28 20:11:47,0.00141200,29.91000000
2018-02-28 20:11:48,0.00141400,33.39000000
2018-02-28 20:11:48,0.00141400,66.61000000
2018-02-28 20:11:48,0.00141200,33.39000000
2018-02-28 20:11:49,0.00141500,296.92000000
2018-02-28 20:11:49,0.00141370,20.00000000
2018-02-28 20:11:49,0.00141500,744.19000000
2018-02-28 20:11:49,0.00141500,16.30000000
2018-02-28 20:11:50,0.00141240,7.52000000
2018-02-28 20:11:50,0.00141230,4.98000000
2018-02-28 20:11:50,0.00141210,3.07000000
2018-02-28 20:11:51,0.00141520,119.13000000
2018-02-28 20:11:51,0.00141500,42.21000000
2018-02-28 20:11:51,0.00141500,7.06000000
2018-02-28 20:11:51,0.00141500,77.15000000
2018-02-28 20:11:51,0.00141500,0.01000000
2018-02-28 20:11:52,0.00141490,25.57000000
2018-02-28 20:11:52,0.00141500,14.43000000
2018-02-28 20:11:53,0.00141500,33.81000000
2018-02-28 20:11:54,0.00141500,1.50000000
2018-02-28 20:11:55,0.00141500,161.81000000
2018-02-28 20:11:56,0.00141500,6.80000000
2018-02-28 20:12:01,0.00141510,7.14000000
2018-02-28 20:12:01,0.00141530,9.24000000
