DATE,PRICE,VOLUME
2018-02-25 23:00:01,0.00130700,4.59000000
2018-02-25 23:00:02,0.00130700,22.78000000
2018-02-25 23:00:02,0.00130700,1.46000000
2018-02-25 23:00:02,0.00130670,120.88000000
2018-02-25 23:00:05,0.00130700,4.06000000
2018-02-25 23:00:05,0.00130640,20.00000000
2018-02-25 23:00:05,0.00130600,59.95000000
2018-02-25 23:00:05,0.00130600,60.05000000
2018-02-25 23:00:06,0.00130600,442.99000000
2018-02-25 23:00:06,0.00130700,3.35000000
2018-02-25 23:00:06,0.00130730,142.12000000
2018-02-25 23:00:07,0.00130730,158.43000000
2018-02-25 23:00:07,0.00130560,76.76000000
2018-02-25 23:00:07,0.00130520,850.79000000
2018-02-25 23:00:10,0.00130830,10.66000000
2018-02-25 23:00:14,0.00130710,119.12000000
2018-02-25 23:00:14,0.00130700,13.44000000
2018-02-25 23:00:15,0.00130700,17.56000000
2018-02-25 23:00:18,0.00130570,1.87000000
2018-02-25 23:00:18,0.00130520,62.08000000
2018-02-25 23:00:19,0.00130640,20.51000000
2018-02-25 23:00:19,0.00130700,3.11000000
2018-02-25 23:00:20,0.00130700,31.32000000
2018-02-25 23:00:20,0.00130520,207.52000000
2018-02-25 23:00:22,0.00130640,74.80000000
2018-02-25 23:00:22,0.00130670,1.00000000
2018-02-25 23:00:22,0.00130700,251.00000000
2018-02-25 23:00:23,0.00130730,2.31000000
2018-02-25 23:00:24,0.00130700,22.67000000
2018-02-25 23:00:25,0.00130640,10.36000000
2018-02-25 23:00:30,0.00130610,57.49000000
2018-02-25 23:00:31,0.00130620,74.94000000
2018-02-25 23:00:31,0.00130620,9.64000000
2018-02-25 23:00:33,0.00130620,2.29000000
2018-02-25 23:00:34,0.00130620,7.90000000
2018-02-25 23:00:34,0.00130620,3.82000000
2018-02-25 23:00:34,0.00130620,2.43000000
2018-02-25 23:00:34,0.00130600,53.91000000
2018-02-25 23:00:34,0.00130600,96.09000000
2018-02-25 23:00:34,0.00130600,144.72000000
2018-02-25 23:00:34,0.00130620,32.13000000
2018-02-25 23:00:35,0.00130620,17.00000000
2018-02-25 23:00:35,0.00130640,23.00000000
2018-02-25 23:00:35,0.00130610,14.50000000
2018-02-25 23:00:35,0.00130610,6.05000000
2018-02-25 23:00:38,0.00130530,249.23000000
2018-02-25 23:00:38,0.00130520,284.04000000
2018-02-25 23:00:38,0.00130500,311.40000000
2018-02-25 23:00:38,0.00130500,35.32000000
2018-02-25 23:00:39,0.00130450,92.00000000
2018-02-25 23:00:39,0.00130440,160.73000000
2018-02-25 23:00:39,0.00130280,0.56000000
2018-02-25 23:00:39,0.00130280,3.00000000
2018-02-25 23:00:39,0.00130280,0.28000000
2018-02-25 23:00:39,0.00130270,11.51000000
2018-02-25 23:00:39,0.00130250,1.66000000
2018-02-25 23:00:39,0.00130240,258.80000000
2018-02-25 23:00:39,0.00130230,26.58000000
2018-02-25 23:00:39,0.00130200,13.28000000
2018-02-25 23:00:39,0.00130250,1.49000000
2018-02-25 23:00:39,0.00130250,22.78000000
2018-02-25 23:00:40,0.00130380,1.88000000
2018-02-25 23:00:40,0.00130250,23.00000000
2018-02-25 23:00:40,0.00130210,5.09000000
2018-02-25 23:00:41,0.00130220,2.54000000
2018-02-25 23:00:41,0.00130490,2.54000000
2018-02-25 23:00:42,0.00130500,22.94000000
2018-02-25 23:00:42,0.00130500,38.43000000
2018-02-25 23:00:42,0.00130500,27.18000000
2018-02-25 23:00:44,0.00130390,3.97000000
2018-02-25 23:00:44,0.00130300,47.52000000
2018-02-25 23:00:44,0.00130270,189.15000000
2018-02-25 23:00:44,0.00130240,3.83000000
2018-02-25 23:00:44,0.00130210,10.26000000
2018-02-25 23:00:44,0.00130210,22.96000000
2018-02-25 23:00:44,0.00130210,2.92000000
2018-02-25 23:00:44,0.00130520,25.83000000
2018-02-25 23:00:44,0.00130450,25.59000000
2018-02-25 23:00:45,0.00130200,52.31000000
2018-02-25 23:00:45,0.00130200,11.34000000
2018-02-25 23:00:47,0.00130450,1.00000000
2018-02-25 23:00:48,0.00130210,15.00000000
2018-02-25 23:00:48,0.00130200,104.52000000
2018-02-25 23:00:48,0.00130440,3.84000000
2018-02-25 23:00:48,0.00130450,4.62000000
2018-02-25 23:00:48,0.00130200,22.82000000
2018-02-25 23:00:49,0.00130380,1.88000000
2018-02-25 23:00:49,0.00130200,92.73000000
2018-02-25 23:00:49,0.00130100,48.47000000
2018-02-25 23:00:49,0.00130090,2.99000000
2018-02-25 23:00:49,0.00130030,102.04000000
2018-02-25 23:00:50,0.00130340,1.00000000
2018-02-25 23:00:50,0.00130390,1.00000000
2018-02-25 23:00:50,0.00130290,123.94000000
2018-02-25 23:00:51,0.00130290,1.00000000
2018-02-25 23:00:51,0.00130200,4.74000000
2018-02-25 23:00:51,0.00130200,4.74000000
2018-02-25 23:00:51,0.00130200,4.74000000
2018-02-25 23:00:51,0.00130200,4.74000000
2018-02-25 23:00:51,0.00130200,4.74000000
2018-02-25 23:00:51,0.00130200,3.95000000
2018-02-25 23:00:51,0.00130200,3.95000000
2018-02-25 23:00:51,0.00130200,4.74000000
2018-02-25 23:00:51,0.00130200,1.01000000
2018-02-25 23:00:51,0.00130200,3.98000000
2018-02-25 23:00:51,0.00130200,18.00000000
2018-02-25 23:00:51,0.00130200,5.85000000
2018-02-25 23:00:52,0.00130150,23.00000000
2018-02-25 23:00:52,0.00130150,59.74000000
2018-02-25 23:00:52,0.00130200,10.45000000
2018-02-25 23:00:53,0.00130040,1.97000000
2018-02-25 23:00:54,0.00130040,90.03000000
2018-02-25 23:00:54,0.00130030,338.06000000
2018-02-25 23:00:54,0.00130030,7.82000000
2018-02-25 23:00:54,0.00130030,170.44000000
2018-02-25 23:00:54,0.00130000,1487.42000000
2018-02-25 23:00:55,0.00130000,1.00000000
2018-02-25 23:00:55,0.00130000,9.78000000
2018-02-25 23:00:55,0.00130200,22.00000000
2018-02-25 23:00:55,0.00130100,1.95000000
2018-02-25 23:00:55,0.00130030,8.05000000
2018-02-25 23:00:56,0.00130200,175.65000000
2018-02-25 23:00:57,0.00130170,300.45000000
2018-02-25 23:00:57,0.00130030,17.26000000
2018-02-25 23:00:57,0.00130010,231.97000000
2018-02-25 23:00:57,0.00130010,48.27000000
2018-02-25 23:01:01,0.00130030,10.72000000
2018-02-25 23:01:02,0.00130010,367.83000000
2018-02-25 23:01:02,0.00129990,63.30000000
2018-02-25 23:01:03,0.00129980,63.32000000
2018-02-25 23:01:03,0.00129980,2.25000000
2018-02-25 23:01:04,0.00129980,94.92000000
2018-02-25 23:01:04,0.00129950,16.94000000
2018-02-25 23:01:04,0.00129860,3.85000000
2018-02-25 23:01:04,0.00129710,8.85000000
2018-02-25 23:01:04,0.00129510,18.32000000
2018-02-25 23:01:04,0.00129500,89.63000000
2018-02-25 23:01:04,0.00129500,140.86000000
2018-02-25 23:01:04,0.00129900,1.00000000
2018-02-25 23:01:05,0.00129830,1.00000000
2018-02-25 23:01:05,0.00129730,77.19000000
2018-02-25 23:01:05,0.00129690,1.95000000
2018-02-25 23:01:05,0.00129510,6.16000000
2018-02-25 23:01:05,0.00129510,5.18000000
2018-02-25 23:01:05,0.00129510,5.18000000
2018-02-25 23:01:05,0.00129510,6.68000000
2018-02-25 23:01:05,0.00129510,10.00000000
2018-02-25 23:01:05,0.00129510,5.00000000
2018-02-25 23:01:05,0.00129510,5.18000000
2018-02-25 23:01:05,0.00129500,52.71000000
2018-02-25 23:01:05,0.00129500,77.19000000
2018-02-25 23:01:05,0.00129500,5.18000000
2018-02-25 23:01:05,0.00129500,21.06000000
2018-02-25 23:01:05,0.00129400,3.63000000
2018-02-25 23:01:05,0.00129390,1.62000000
2018-02-25 23:01:05,0.00129380,0.78000000
2018-02-25 23:01:05,0.00129360,4.60000000
2018-02-25 23:01:05,0.00129330,1.14000000
2018-02-25 23:01:05,0.00129200,7.73000000
2018-02-25 23:01:05,0.00129160,14.33000000
2018-02-25 23:01:05,0.00129150,37.43000000
2018-02-25 23:01:05,0.00129410,1.30000000
2018-02-25 23:01:05,0.00129250,1.30000000
2018-02-25 23:01:05,0.00129160,38.66000000
2018-02-25 23:01:06,0.00129410,3.08000000
2018-02-25 23:01:07,0.00129260,3.08000000
2018-02-25 23:01:07,0.00129180,7.74000000
2018-02-25 23:01:07,0.00129150,3.27000000
2018-02-25 23:01:07,0.00129110,5.00000000
2018-02-25 23:01:07,0.00129100,18.46000000
2018-02-25 23:01:07,0.00129090,8.35000000
2018-02-25 23:01:07,0.00129080,11.62000000
2018-02-25 23:01:07,0.00129070,3.09000000
2018-02-25 23:01:07,0.00129030,3.41000000
2018-02-25 23:01:08,0.00129280,1.80000000
2018-02-25 23:01:08,0.00129280,6.00000000
2018-02-25 23:01:08,0.00129280,1.80000000
2018-02-25 23:01:08,0.00129280,29.06000000
2018-02-25 23:01:08,0.00129510,3.44000000
2018-02-25 23:01:11,0.00129660,1.00000000
2018-02-25 23:01:11,0.00129760,0.92000000
2018-02-25 23:01:12,0.00129520,1.00000000
2018-02-25 23:01:12,0.00129430,1.00000000
2018-02-25 23:01:13,0.00129510,1.92000000
2018-02-25 23:01:14,0.00129430,14.67000000
2018-02-25 23:01:14,0.00129410,4.77000000
2018-02-25 23:01:15,0.00129430,1.48000000
2018-02-25 23:01:15,0.00129430,1.48000000
2018-02-25 23:01:15,0.00129430,4.01000000
2018-02-25 23:01:15,0.00129430,1.48000000
2018-02-25 23:01:15,0.00129430,1.49000000
2018-02-25 23:01:15,0.00129410,1.48000000
2018-02-25 23:01:15,0.00129410,1.48000000
2018-02-25 23:01:16,0.00129420,1.85000000
2018-02-25 23:01:16,0.00129410,2.47000000
2018-02-25 23:01:16,0.00129400,48.73000000
2018-02-25 23:01:16,0.00129400,65.00000000
2018-02-25 23:01:17,0.00129400,13.87000000
2018-02-25 23:01:17,0.00129400,2.93000000
2018-02-25 23:01:17,0.00129400,76.06000000
2018-02-25 23:01:17,0.00129420,39.49000000
2018-02-25 23:01:17,0.00129420,2.32000000
2018-02-25 23:01:18,0.00129300,15.00000000
2018-02-25 23:01:18,0.00129290,31.07000000
2018-02-25 23:01:18,0.00129340,1.96000000
2018-02-25 23:01:18,0.00129290,7.21000000
2018-02-25 23:01:19,0.00129290,5.01000000
2018-02-25 23:01:19,0.00129290,5.01000000
2018-02-25 23:01:19,0.00129290,0.93000000
2018-02-25 23:01:20,0.00129290,5.01000000
2018-02-25 23:01:20,0.00129290,154.59000000
2018-02-25 23:01:20,0.00129290,5.01000000
2018-02-25 23:01:20,0.00129280,2.90000000
2018-02-25 23:01:20,0.00129270,1.96000000
2018-02-25 23:01:20,0.00129200,105.40000000
2018-02-25 23:01:20,0.00129200,264.36000000
2018-02-25 23:01:20,0.00129030,341.50000000
2018-02-25 23:01:20,0.00129290,5.01000000
2018-02-25 23:01:20,0.00129290,29.10000000
2018-02-25 23:01:20,0.00129040,47.63000000
2018-02-25 23:01:21,0.00129290,5.00000000
2018-02-25 23:01:21,0.00129050,4.02000000
2018-02-25 23:01:21,0.00129040,15.00000000
2018-02-25 23:01:21,0.00129030,16.06000000
2018-02-25 23:01:21,0.00129000,43.97000000
2018-02-25 23:01:22,0.00129280,1.78000000
2018-02-25 23:01:22,0.00129280,4.01000000
2018-02-25 23:01:23,0.00129150,38.67000000
2018-02-25 23:01:23,0.00129010,15.00000000
2018-02-25 23:01:23,0.00129000,366.03000000
2018-02-25 23:01:23,0.00128900,1.03000000
2018-02-25 23:01:24,0.00129180,1.00000000
2018-02-25 23:01:24,0.00129280,11.08000000
2018-02-25 23:01:24,0.00129000,1.00000000
2018-02-25 23:01:24,0.00129000,62.87000000
2018-02-25 23:01:24,0.00129270,5.01000000
2018-02-25 23:01:24,0.00129260,31.76000000
2018-02-25 23:01:24,0.00129270,3.85000000
2018-02-25 23:01:25,0.00129000,10.04000000
2018-02-25 23:01:25,0.00128900,10.83000000
2018-02-25 23:01:25,0.00128890,24.00000000
2018-02-25 23:01:25,0.00128850,32.90000000
2018-02-25 23:01:25,0.00128840,4.66000000
2018-02-25 23:01:25,0.00128830,12.56000000
2018-02-25 23:01:25,0.00129170,1.95000000
2018-02-25 23:01:25,0.00129270,6.49000000
2018-02-25 23:01:25,0.00129280,3.85000000
2018-02-25 23:01:25,0.00129290,1.95000000
2018-02-25 23:01:25,0.00129280,1.07000000
2018-02-25 23:01:25,0.00128840,15.29000000
2018-02-25 23:01:25,0.00128840,62.31000000
2018-02-25 23:01:25,0.00128830,38.56000000
2018-02-25 23:01:25,0.00129190,3.00000000
2018-02-25 23:01:26,0.00128930,3.00000000
2018-02-25 23:01:26,0.00128840,3.63000000
2018-02-25 23:01:26,0.00128840,6.63000000
2018-02-25 23:01:27,0.00129240,5.01000000
2018-02-25 23:01:27,0.00129240,72.59000000
2018-02-25 23:01:28,0.00129190,1.96000000
2018-02-25 23:01:28,0.00129150,65.89000000
2018-02-25 23:01:28,0.00129000,6.37000000
2018-02-25 23:01:28,0.00129090,10.26000000
2018-02-25 23:01:28,0.00129190,3.11000000
2018-02-25 23:01:28,0.00129290,0.74000000
2018-02-25 23:01:29,0.00129240,5.01000000
2018-02-25 23:01:29,0.00129240,4.93000000
2018-02-25 23:01:30,0.00129190,3.11000000
2018-02-25 23:01:30,0.00129090,10.26000000
2018-02-25 23:01:30,0.00128980,15.50000000
2018-02-25 23:01:30,0.00128830,27.56000000
2018-02-25 23:01:30,0.00128980,20.04000000
2018-02-25 23:01:30,0.00128980,15.49000000
2018-02-25 23:01:30,0.00128980,16.70000000
2018-02-25 23:01:30,0.00128980,16.76000000
2018-02-25 23:01:30,0.00129140,1.00000000
2018-02-25 23:01:31,0.00129080,1.00000000
2018-02-25 23:01:31,0.00128980,68.99000000
2018-02-25 23:01:31,0.00128840,85.66000000
2018-02-25 23:01:31,0.00128840,2.88000000
2018-02-25 23:01:31,0.00128840,23.20000000
2018-02-25 23:01:31,0.00128840,85.66000000
2018-02-25 23:01:31,0.00128840,85.89000000
2018-02-25 23:01:31,0.00128840,9.11000000
2018-02-25 23:01:31,0.00128840,0.88000000
2018-02-25 23:01:31,0.00128840,20.02000000
2018-02-25 23:01:31,0.00128840,1.96000000
2018-02-25 23:01:31,0.00128830,23.20000000
2018-02-25 23:01:31,0.00128840,31.13000000
2018-02-25 23:01:32,0.00128830,3.90000000
2018-02-25 23:01:32,0.00128820,44.06000000
2018-02-25 23:01:33,0.00128820,246.98000000
2018-02-25 23:01:33,0.00128820,1.00000000
2018-02-25 23:01:33,0.00129030,1.53000000
2018-02-25 23:01:35,0.00128820,435.28000000
2018-02-25 23:01:35,0.00129000,118.62000000
2018-02-25 23:01:35,0.00129030,158.59000000
2018-02-25 23:01:36,0.00128840,38.85000000
2018-02-25 23:01:36,0.00128840,0.72000000
2018-02-25 23:01:37,0.00128840,142.61000000
2018-02-25 23:01:38,0.00128840,9.24000000
2018-02-25 23:01:38,0.00128840,20.08000000
2018-02-25 23:01:39,0.00129000,3.47000000
2018-02-25 23:01:39,0.00129000,1.66000000
2018-02-25 23:01:39,0.00129000,3.47000000
2018-02-25 23:01:39,0.00128840,3.47000000
2018-02-25 23:01:40,0.00128840,25.36000000
2018-02-25 23:01:40,0.00128820,1.53000000
2018-02-25 23:01:41,0.00128840,1.01000000
2018-02-25 23:01:41,0.00128840,1.01000000
2018-02-25 23:01:41,0.00128840,1.01000000
2018-02-25 23:01:41,0.00128840,68.76000000
2018-02-25 23:01:41,0.00128890,266.15000000
2018-02-25 23:01:43,0.00128890,280.54000000
2018-02-25 23:01:43,0.00128850,7.76000000
2018-02-25 23:01:43,0.00128820,148.80000000
2018-02-25 23:01:43,0.00128800,22.55000000
2018-02-25 23:01:43,0.00128790,82.83000000
2018-02-25 23:01:43,0.00128770,5.51000000
2018-02-25 23:01:43,0.00128700,10.48000000
2018-02-25 23:01:43,0.00128560,2.33000000
2018-02-25 23:01:43,0.00128550,254.95000000
2018-02-25 23:01:43,0.00128560,14.57000000
2018-02-25 23:01:43,0.00128840,307.95000000
2018-02-25 23:01:44,0.00128990,3.94000000
2018-02-25 23:01:45,0.00128940,7.36000000
2018-02-25 23:01:46,0.00128900,101.39000000
2018-02-25 23:01:48,0.00128990,10.63000000
2018-02-25 23:01:48,0.00129000,248.20000000
2018-02-25 23:01:48,0.00129030,126.74000000
2018-02-25 23:01:48,0.00129050,59.42000000
2018-02-25 23:01:50,0.00129050,108.61000000
2018-02-25 23:01:50,0.00129070,3.88000000
2018-02-25 23:01:50,0.00129080,15.50000000
2018-02-25 23:01:50,0.00129090,225.47000000
2018-02-25 23:01:50,0.00129260,2.52000000
2018-02-25 23:01:50,0.00129260,300.55000000
2018-02-25 23:01:50,0.00129290,629.17000000
2018-02-25 23:01:50,0.00129400,737.85000000
2018-02-25 23:01:50,0.00129430,63.73000000
2018-02-25 23:01:50,0.00129510,13.08000000
2018-02-25 23:01:50,0.00129510,14.67000000
2018-02-25 23:01:55,0.00129610,1.11000000
2018-02-25 23:01:55,0.00129510,1.11000000
2018-02-25 23:01:56,0.00129290,15.46000000
2018-02-25 23:01:56,0.00129280,5.73000000
2018-02-25 23:01:56,0.00129150,26.52000000
2018-02-25 23:01:56,0.00129120,109.40000000
2018-02-25 23:01:56,0.00129090,6.46000000
2018-02-25 23:01:56,0.00129490,13.12000000
2018-02-25 23:01:57,0.00129340,74.80000000
2018-02-25 23:01:57,0.00129420,13.26000000
2018-02-25 23:01:57,0.00129490,122.23000000
2018-02-25 23:01:58,0.00129100,3.46000000
2018-02-25 23:02:00,0.00129120,9.80000000
2018-02-25 23:02:01,0.00129410,15.46000000
2018-02-25 23:02:01,0.00129420,2.23000000
2018-02-25 23:02:01,0.00129420,11.03000000
2018-02-25 23:02:02,0.00129180,64.12000000
2018-02-25 23:02:02,0.00129130,15.00000000
2018-02-25 23:02:02,0.00129110,13.26000000
2018-02-25 23:02:02,0.00129100,16.90000000
2018-02-25 23:02:02,0.00129090,99.43000000
2018-02-25 23:02:05,0.00129370,0.50000000
2018-02-25 23:02:06,0.00129370,27.93000000
2018-02-25 23:02:06,0.00129370,48.95000000
2018-02-25 23:02:08,0.00129310,13.17000000
2018-02-25 23:02:09,0.00129270,1.96000000
2018-02-25 23:02:09,0.00129180,5.39000000
2018-02-25 23:02:10,0.00129370,30.96000000
2018-02-25 23:02:12,0.00129180,0.02000000
2018-02-25 23:02:13,0.00129370,2.59000000
2018-02-25 23:02:13,0.00129370,18.50000000
2018-02-25 23:02:14,0.00129370,43.85000000
2018-02-25 23:02:14,0.00129380,25.01000000
2018-02-25 23:02:14,0.00129460,541.95000000
2018-02-25 23:02:14,0.00129500,452.39000000
2018-02-25 23:02:14,0.00129510,432.23000000
2018-02-25 23:02:14,0.00129510,116.58000000
2018-02-25 23:02:15,0.00129510,35.09000000
2018-02-25 23:02:15,0.00129510,48.82000000
2018-02-25 23:02:19,0.00129510,4.50000000
2018-02-25 23:02:20,0.00129710,6.91000000
2018-02-25 23:02:20,0.00129510,32.05000000
2018-02-25 23:02:20,0.00129400,71.46000000
2018-02-25 23:02:20,0.00129380,3.87000000
2018-02-25 23:02:20,0.00129330,11.40000000
2018-02-25 23:02:20,0.00129290,101.71000000
2018-02-25 23:02:20,0.00129200,50.00000000
2018-02-25 23:02:20,0.00129180,378.97000000
2018-02-25 23:02:21,0.00129710,5.24000000
2018-02-25 23:02:23,0.00129710,7.99000000
2018-02-25 23:02:24,0.00129710,30.27000000
2018-02-25 23:02:24,0.00129720,15.48000000
2018-02-25 23:02:24,0.00129740,4.66000000
2018-02-25 23:02:24,0.00129800,37.54000000
2018-02-25 23:02:24,0.00129970,3.10000000
2018-02-25 23:02:24,0.00129980,34.96000000
2018-02-25 23:02:24,0.00129600,5.00000000
2018-02-25 23:02:25,0.00129840,80.62000000
2018-02-25 23:02:26,0.00129720,5.00000000
2018-02-25 23:02:28,0.00129720,5.00000000
2018-02-25 23:02:30,0.00129720,3.00000000
2018-02-25 23:02:31,0.00129950,10.00000000
2018-02-25 23:02:31,0.00129960,3.87000000
2018-02-25 23:02:31,0.00129970,8.96000000
2018-02-25 23:02:31,0.00129720,3.85000000
2018-02-25 23:02:32,0.00129730,5.00000000
2018-02-25 23:02:33,0.00129720,38.58000000
2018-02-25 23:02:34,0.00129720,1.50000000
2018-02-25 23:02:36,0.00129720,1.50000000
2018-02-25 23:02:38,0.00129720,66.75000000
2018-02-25 23:02:39,0.00129720,5.00000000
2018-02-25 23:02:41,0.00129720,1.00000000
2018-02-25 23:02:45,0.00129730,15.65000000
2018-02-25 23:02:47,0.00129730,2.37000000
2018-02-25 23:02:47,0.00129800,5.99000000
2018-02-25 23:02:47,0.00129800,7.98000000
2018-02-25 23:02:49,0.00129800,71.23000000
2018-02-25 23:02:49,0.00129840,68.77000000
2018-02-25 23:02:51,0.00129720,5.00000000
2018-02-25 23:02:52,0.00129720,3.08000000
2018-02-25 23:02:52,0.00129840,66.76000000
2018-02-25 23:02:53,0.00129840,24.72000000
2018-02-25 23:02:54,0.00129720,8.36000000
2018-02-25 23:02:56,0.00129840,28.87000000
2018-02-25 23:02:56,0.00129870,1.00000000
2018-02-25 23:02:57,0.00129910,86.43000000
2018-02-25 23:02:58,0.00129870,2.94000000
2018-02-25 23:02:59,0.00129840,67.34000000
2018-02-25 23:02:59,0.00129970,7.61000000
2018-02-25 23:02:59,0.00129980,147.76000000
2018-02-25 23:02:59,0.00130000,179.30000000
2018-02-25 23:02:59,0.00130010,17.99000000
2018-02-25 23:03:01,0.00129990,5.00000000
2018-02-25 23:03:01,0.00129990,29.08000000
2018-02-25 23:03:01,0.00129990,2.83000000
2018-02-25 23:03:01,0.00129990,34.59000000
2018-02-25 23:03:02,0.00129750,15.00000000
2018-02-25 23:03:02,0.00129970,0.50000000
2018-02-25 23:03:03,0.00129970,5.00000000
2018-02-25 23:03:05,0.00129970,4.59000000
2018-02-25 23:03:06,0.00129970,10.71000000
2018-02-25 23:03:06,0.00129740,10.71000000
2018-02-25 23:03:08,0.00129980,7.69000000
2018-02-25 23:03:09,0.00129980,7.31000000
2018-02-25 23:03:09,0.00129990,65.93000000
2018-02-25 23:03:09,0.00129970,5.00000000
2018-02-25 23:03:09,0.00129970,1.00000000
2018-02-25 23:03:09,0.00129970,18.88000000
2018-02-25 23:03:10,0.00129990,7.91000000
2018-02-25 23:03:11,0.00129810,3.00000000
2018-02-25 23:03:11,0.00129800,1.19000000
2018-02-25 23:03:11,0.00129740,4.34000000
2018-02-25 23:03:12,0.00129750,77.05000000
2018-02-25 23:03:12,0.00129740,195.35000000
2018-02-25 23:03:12,0.00129740,1.22000000
2018-02-25 23:03:12,0.00129990,77.05000000
2018-02-25 23:03:12,0.00130000,87.09000000
2018-02-25 23:03:12,0.00130010,432.63000000
2018-02-25 23:03:14,0.00129840,24.80000000
2018-02-25 23:03:14,0.00129950,2.54000000
2018-02-25 23:03:17,0.00129740,11.62000000
2018-02-25 23:03:18,0.00129740,18.00000000
2018-02-25 23:03:21,0.00129800,20.00000000
2018-02-25 23:03:21,0.00129800,5.00000000
2018-02-25 23:03:23,0.00129800,3.40000000
2018-02-25 23:03:24,0.00129910,306.68000000
2018-02-25 23:03:24,0.00129940,123.32000000
2018-02-25 23:03:26,0.00129800,35.72000000
2018-02-25 23:03:29,0.00129810,3.69000000
2018-02-25 23:03:29,0.00129800,29.13000000
2018-02-25 23:03:30,0.00129930,44.33000000
2018-02-25 23:03:30,0.00129930,12.46000000
2018-02-25 23:03:31,0.00129800,161.37000000
2018-02-25 23:03:31,0.00129800,5.00000000
2018-02-25 23:03:31,0.00129900,14.71000000
2018-02-25 23:03:32,0.00129800,19.00000000
2018-02-25 23:03:32,0.00129800,15.00000000
2018-02-25 23:03:32,0.00129800,192.17000000
2018-02-25 23:03:32,0.00129750,111.46000000
2018-02-25 23:03:32,0.00129750,326.92000000
2018-02-25 23:03:32,0.00129750,23.06000000
2018-02-25 23:03:32,0.00129740,175.35000000
2018-02-25 23:03:32,0.00129740,188.93000000
2018-02-25 23:03:32,0.00129740,178.54000000
2018-02-25 23:03:32,0.00129740,171.90000000
2018-02-25 23:03:32,0.00129740,168.75000000
2018-02-25 23:03:32,0.00129740,169.07000000
2018-02-25 23:03:33,0.00129800,148.48000000
2018-02-25 23:03:33,0.00129900,182.87000000
2018-02-25 23:03:34,0.00129800,101.33000000
2018-02-25 23:03:34,0.00129760,92.25000000
2018-02-25 23:03:34,0.00129740,155.38000000
2018-02-25 23:03:36,0.00129740,138.30000000
2018-02-25 23:03:36,0.00129740,8.83000000
2018-02-25 23:03:36,0.00129730,20.17000000
2018-02-25 23:03:36,0.00129720,289.36000000
2018-02-25 23:03:36,0.00129700,124.42000000
2018-02-25 23:03:36,0.00129610,22.00000000
2018-02-25 23:03:36,0.00129600,81.35000000
2018-02-25 23:03:36,0.00129570,3.86000000
2018-02-25 23:03:36,0.00129510,11.67000000
2018-02-25 23:03:36,0.00129420,22.00000000
2018-02-25 23:03:36,0.00129150,53.60000000
2018-02-25 23:03:36,0.00129110,23.85000000
2018-02-25 23:03:36,0.00129110,3.00000000
2018-02-25 23:03:36,0.00129400,1.00000000
2018-02-25 23:03:36,0.00129400,1.00000000
2018-02-25 23:03:36,0.00129400,1.00000000
2018-02-25 23:03:36,0.00129400,16.78000000
2018-02-25 23:03:36,0.00129400,13.98000000
2018-02-25 23:03:36,0.00129400,12.14000000
2018-02-25 23:03:36,0.00129400,1.00000000
2018-02-25 23:03:37,0.00129350,0.52000000
2018-02-25 23:03:37,0.00129250,2.52000000
2018-02-25 23:03:39,0.00129290,16.97000000
2018-02-25 23:03:39,0.00129260,91.00000000
2018-02-25 23:03:39,0.00129240,1.96000000
2018-02-25 23:03:39,0.00129110,55.34000000
2018-02-25 23:03:42,0.00129380,2.52000000
2018-02-25 23:03:42,0.00129490,15.41000000
2018-02-25 23:03:42,0.00129400,4.16000000
2018-02-25 23:03:43,0.00129340,4.64000000
2018-02-25 23:03:43,0.00129240,15.47000000
2018-02-25 23:03:43,0.00129110,17.06000000
2018-02-25 23:03:43,0.00129100,4.15000000
2018-02-25 23:03:45,0.00129380,3.86000000
2018-02-25 23:03:45,0.00129390,15.47000000
2018-02-25 23:03:46,0.00129430,1.78000000
2018-02-25 23:03:47,0.00129120,2.30000000
2018-02-25 23:03:47,0.00129100,199.86000000
2018-02-25 23:03:48,0.00129100,10.33000000
2018-02-25 23:03:48,0.00129340,1.70000000
2018-02-25 23:03:51,0.00129340,23.52000000
2018-02-25 23:03:51,0.00129390,24.94000000
2018-02-25 23:03:51,0.00129400,1.54000000
2018-02-25 23:03:51,0.00129250,30.62000000
2018-02-25 23:03:55,0.00129400,44.80000000
2018-02-25 23:03:57,0.00129250,15.00000000
2018-02-25 23:03:59,0.00129250,53.39000000
2018-02-25 23:04:01,0.00129390,13.56000000
2018-02-25 23:04:01,0.00129400,18.70000000
2018-02-25 23:04:01,0.00129500,20.00000000
2018-02-25 23:04:01,0.00129620,2.00000000
2018-02-25 23:04:01,0.00129770,31.04000000
2018-02-25 23:04:01,0.00129790,8.15000000
2018-02-25 23:04:01,0.00129800,117.31000000
2018-02-25 23:04:05,0.00129690,1.00000000
2018-02-25 23:04:05,0.00129780,84.64000000
2018-02-25 23:04:05,0.00129790,101.85000000
2018-02-25 23:04:06,0.00129720,1.96000000
2018-02-25 23:04:06,0.00129650,1.00000000
2018-02-25 23:04:06,0.00129550,20.00000000
2018-02-25 23:04:07,0.00129420,15.45000000
2018-02-25 23:04:07,0.00129400,6.07000000
2018-02-25 23:04:07,0.00129420,2.00000000
2018-02-25 23:04:09,0.00129470,97.93000000
2018-02-25 23:04:12,0.00129420,3.99000000
2018-02-25 23:04:13,0.00129420,1.90000000
2018-02-25 23:04:18,0.00129420,38.80000000
2018-02-25 23:04:18,0.00129400,167.33000000
2018-02-25 23:04:23,0.00129400,0.86000000
2018-02-25 23:04:29,0.00129510,36.30000000
2018-02-25 23:04:32,0.00129620,15.00000000
2018-02-25 23:04:32,0.00129620,7.72000000
2018-02-25 23:04:37,0.00129620,8.63000000
2018-02-25 23:04:40,0.00129610,7.89000000
2018-02-25 23:04:40,0.00129620,117.27000000
2018-02-25 23:04:40,0.00129630,11.39000000
2018-02-25 23:04:40,0.00129640,177.68000000
2018-02-25 23:04:41,0.00129510,103.75000000
2018-02-25 23:04:44,0.00129620,8.23000000
2018-02-25 23:04:44,0.00129620,4.02000000
2018-02-25 23:04:44,0.00129620,11.97000000
2018-02-25 23:04:44,0.00129620,1.63000000
2018-02-25 23:04:46,0.00129620,0.77000000
2018-02-25 23:04:46,0.00129590,1.96000000
2018-02-25 23:04:50,0.00129590,0.89000000
2018-02-25 23:04:50,0.00129590,10.20000000
2018-02-25 23:04:52,0.00129410,1.01000000
2018-02-25 23:04:57,0.00129520,1.00000000
2018-02-25 23:04:58,0.00129520,33.33000000
2018-02-25 23:04:58,0.00129520,7.79000000
2018-02-25 23:05:05,0.00129630,44.33000000
2018-02-25 23:05:09,0.00129520,0.41000000
2018-02-25 23:05:09,0.00129560,109.56000000
2018-02-25 23:05:10,0.00129610,0.18000000
2018-02-25 23:05:13,0.00129560,68.14000000
2018-02-25 23:05:14,0.00129560,7.98000000
2018-02-25 23:05:18,0.00129560,5.50000000
2018-02-25 23:05:19,0.00129560,97.69000000
2018-02-25 23:05:20,0.00129530,50.00000000
2018-02-25 23:05:20,0.00129520,44.75000000
2018-02-25 23:05:20,0.00129510,59.33000000
2018-02-25 23:05:20,0.00129500,28.30000000
2018-02-25 23:05:25,0.00129560,406.01000000
2018-02-25 23:05:25,0.00129600,277.68000000
2018-02-25 23:05:27,0.00129500,1.79000000
2018-02-25 23:05:27,0.00129420,3.86000000
2018-02-25 23:05:27,0.00129400,4.13000000
2018-02-25 23:05:27,0.00129400,11.63000000
2018-02-25 23:05:27,0.00129400,11.63000000
2018-02-25 23:05:27,0.00129400,2.33000000
2018-02-25 23:05:27,0.00129400,13.96000000
2018-02-25 23:05:27,0.00129400,100.67000000
2018-02-25 23:05:28,0.00129450,138.62000000
2018-02-25 23:05:30,0.00129600,59.39000000
2018-02-25 23:05:30,0.00129610,6.02000000
2018-02-25 23:05:32,0.00129620,39.72000000
2018-02-25 23:05:32,0.00129600,1.53000000
2018-02-25 23:05:33,0.00129620,56.49000000
2018-02-25 23:05:35,0.00129620,5.35000000
2018-02-25 23:05:35,0.00129620,259.04000000
2018-02-25 23:05:35,0.00129560,147.82000000
2018-02-25 23:05:39,0.00129630,127.10000000
2018-02-25 23:05:39,0.00129640,711.12000000
2018-02-25 23:05:39,0.00129660,15.45000000
2018-02-25 23:05:39,0.00129780,50.00000000
2018-02-25 23:05:40,0.00129670,71.14000000
2018-02-25 23:05:41,0.00129800,1.93000000
2018-02-25 23:05:41,0.00129560,12.09000000
2018-02-25 23:05:41,0.00129800,5.58000000
2018-02-25 23:05:42,0.00129670,1.00000000
2018-02-25 23:05:42,0.00129570,2.88000000
2018-02-25 23:05:43,0.00129800,1.00000000
2018-02-25 23:05:43,0.00129900,13.55000000
2018-02-25 23:05:43,0.00129930,5.00000000
2018-02-25 23:05:43,0.00129930,32.00000000
2018-02-25 23:05:44,0.00129930,5.00000000
2018-02-25 23:05:45,0.00129930,0.06000000
2018-02-25 23:05:45,0.00129930,1.54000000
2018-02-25 23:05:46,0.00129930,10.69000000
2018-02-25 23:05:46,0.00129900,3.20000000
2018-02-25 23:05:46,0.00129940,2.35000000
2018-02-25 23:05:46,0.00129990,18.30000000
2018-02-25 23:05:46,0.00130000,88.20000000
2018-02-25 23:05:46,0.00130000,26.41000000
2018-02-25 23:05:47,0.00129900,15.00000000
2018-02-25 23:05:47,0.00129900,10.00000000
2018-02-25 23:05:48,0.00130000,36.21000000
2018-02-25 23:05:48,0.00129900,8.64000000
2018-02-25 23:05:48,0.00129900,5.00000000
2018-02-25 23:05:51,0.00130000,109.58000000
2018-02-25 23:05:52,0.00129900,25.34000000
2018-02-25 23:05:53,0.00129900,8.94000000
2018-02-25 23:05:53,0.00130000,20.64000000
2018-02-25 23:05:54,0.00129940,5.64000000
2018-02-25 23:05:54,0.00129910,135.12000000
2018-02-25 23:05:57,0.00129930,59.54000000
2018-02-25 23:05:58,0.00129910,9.92000000
2018-02-25 23:05:58,0.00129930,300.00000000
2018-02-25 23:05:59,0.00129930,63.31000000
2018-02-25 23:06:01,0.00129930,8.79000000
2018-02-25 23:06:01,0.00129930,200.00000000
2018-02-25 23:06:01,0.00129930,11.34000000
2018-02-25 23:06:01,0.00129920,3.48000000
2018-02-25 23:06:01,0.00129920,45.50000000
2018-02-25 23:06:01,0.00129930,102.45000000
2018-02-25 23:06:01,0.00129990,100.00000000
2018-02-25 23:06:01,0.00130000,152.55000000
2018-02-25 23:06:02,0.00129990,14.89000000
2018-02-25 23:06:03,0.00129930,3.59000000
2018-02-25 23:06:04,0.00129990,3.72000000
2018-02-25 23:06:04,0.00129930,71.08000000
2018-02-25 23:06:05,0.00129990,109.09000000
2018-02-25 23:06:05,0.00129930,41.62000000
2018-02-25 23:06:05,0.00129930,8.33000000
2018-02-25 23:06:06,0.00129930,1.66000000
2018-02-25 23:06:06,0.00129930,1.74000000
2018-02-25 23:06:07,0.00129930,104.02000000
2018-02-25 23:06:07,0.00129920,368.81000000
2018-02-25 23:06:07,0.00129900,84.56000000
2018-02-25 23:06:07,0.00129720,3.00000000
2018-02-25 23:06:07,0.00129690,11.38000000
2018-02-25 23:06:07,0.00129620,3.87000000
2018-02-25 23:06:07,0.00129570,16.72000000
2018-02-25 23:06:08,0.00129680,77.10000000
2018-02-25 23:06:08,0.00129570,36.31000000
2018-02-25 23:06:08,0.00129560,247.19000000
2018-02-25 23:06:09,0.00129920,163.77000000
2018-02-25 23:06:10,0.00129660,1.00000000
2018-02-25 23:06:10,0.00129570,6.96000000
2018-02-25 23:06:11,0.00129580,77.51000000
2018-02-25 23:06:11,0.00129570,1.00000000
2018-02-25 23:06:12,0.00129590,1.69000000
2018-02-25 23:06:12,0.00129590,10.00000000
2018-02-25 23:06:13,0.00129570,1.00000000
2018-02-25 23:06:13,0.00129590,8.15000000
2018-02-25 23:06:16,0.00129590,54.29000000
2018-02-25 23:06:21,0.00129700,1.00000000
2018-02-25 23:06:21,0.00129610,6.47000000
2018-02-25 23:06:21,0.00129600,1.37000000
2018-02-25 23:06:21,0.00129570,26.16000000
2018-02-25 23:06:21,0.00129570,4.01000000
2018-02-25 23:06:24,0.00129580,1.00000000
2018-02-25 23:06:24,0.00129620,10.04000000
2018-02-25 23:06:31,0.00129700,1.53000000
2018-02-25 23:06:31,0.00129590,18.98000000
2018-02-25 23:06:32,0.00129620,16.05000000
2018-02-25 23:06:33,0.00129770,10.88000000
2018-02-25 23:06:33,0.00129780,133.70000000
2018-02-25 23:06:33,0.00129840,15.43000000
2018-02-25 23:06:33,0.00129900,22.15000000
2018-02-25 23:06:33,0.00129910,59.95000000
2018-02-25 23:06:33,0.00129630,18.75000000
2018-02-25 23:06:38,0.00129760,18.75000000
2018-02-25 23:06:38,0.00129770,64.98000000
2018-02-25 23:06:42,0.00129660,80.68000000
2018-02-25 23:06:42,0.00129650,80.68000000
2018-02-25 23:06:42,0.00129650,52.47000000
2018-02-25 23:06:42,0.00129630,51.85000000
2018-02-25 23:06:42,0.00129630,23.00000000
2018-02-25 23:06:42,0.00129630,23.00000000
2018-02-25 23:06:42,0.00129630,7.42000000
2018-02-25 23:06:42,0.00129630,37.89000000
2018-02-25 23:06:42,0.00129590,42.18000000
2018-02-25 23:06:42,0.00129580,14.00000000
2018-02-25 23:06:42,0.00129570,49.39000000
2018-02-25 23:06:42,0.00129560,1.59000000
2018-02-25 23:06:42,0.00129560,64.70000000
2018-02-25 23:06:42,0.00129560,23.14000000
2018-02-25 23:06:42,0.00129560,10.66000000
2018-02-25 23:06:43,0.00129560,80.68000000
2018-02-25 23:06:43,0.00129560,53.41000000
2018-02-25 23:06:43,0.00129590,42.18000000
2018-02-25 23:06:43,0.00129660,6.95000000
2018-02-25 23:06:43,0.00129560,3.92000000
2018-02-25 23:06:43,0.00129560,97.58000000
2018-02-25 23:06:43,0.00129560,22.01000000
2018-02-25 23:06:44,0.00129660,8.78000000
2018-02-25 23:06:47,0.00129660,65.27000000
2018-02-25 23:06:48,0.00129560,88.60000000
2018-02-25 23:06:51,0.00129570,7.50000000
2018-02-25 23:06:52,0.00129570,0.66000000
2018-02-25 23:06:52,0.00129560,159.86000000
2018-02-25 23:06:52,0.00129560,37.50000000
2018-02-25 23:06:52,0.00129560,7.39000000
2018-02-25 23:06:52,0.00129560,1.30000000
2018-02-25 23:06:53,0.00129560,3.60000000
2018-02-25 23:06:53,0.00129560,192.46000000
2018-02-25 23:06:55,0.00129570,17.45000000
2018-02-25 23:06:57,0.00129570,3.27000000
2018-02-25 23:06:58,0.00129570,3.75000000
2018-02-25 23:06:58,0.00129570,5.00000000
2018-02-25 23:06:59,0.00129570,1.00000000
2018-02-25 23:07:00,0.00129580,8.00000000
2018-02-25 23:07:00,0.00129570,0.01000000
2018-02-25 23:07:02,0.00129570,17.98000000
2018-02-25 23:07:04,0.00129570,96.80000000
2018-02-25 23:07:04,0.00129560,192.46000000
2018-02-25 23:07:04,0.00129520,12.00000000
2018-02-25 23:07:04,0.00129500,0.75000000
2018-02-25 23:07:04,0.00129500,28.74000000
2018-02-25 23:07:06,0.00129490,2.43000000
2018-02-25 23:07:06,0.00129500,16.25000000
2018-02-25 23:07:06,0.00129570,142.31000000
2018-02-25 23:07:10,0.00129570,36.74000000
2018-02-25 23:07:10,0.00129570,0.05000000
2018-02-25 23:07:10,0.00129710,0.45000000
2018-02-25 23:07:13,0.00129560,30.06000000
2018-02-25 23:07:13,0.00129560,60.04000000
2018-02-25 23:07:17,0.00129420,13.26000000
2018-02-25 23:07:17,0.00129400,151.30000000
2018-02-25 23:07:19,0.00129430,18.75000000
2018-02-25 23:07:26,0.00129430,39.62000000
2018-02-25 23:07:26,0.00129400,6.05000000
2018-02-25 23:07:27,0.00129400,62.36000000
2018-02-25 23:07:27,0.00129320,7.85000000
2018-02-25 23:07:27,0.00129310,7.34000000
2018-02-25 23:07:27,0.00129290,33.19000000
2018-02-25 23:07:27,0.00129290,3.00000000
2018-02-25 23:07:30,0.00129400,22.63000000
2018-02-25 23:07:31,0.00129290,15.00000000
2018-02-25 23:07:32,0.00129430,2.12000000
2018-02-25 23:07:35,0.00129290,26.12000000
2018-02-25 23:07:35,0.00129280,830.46000000
2018-02-25 23:07:35,0.00129280,78.07000000
2018-02-25 23:07:36,0.00129280,91.62000000
2018-02-25 23:07:37,0.00129250,2.23000000
2018-02-25 23:07:42,0.00129280,7.73000000
2018-02-25 23:07:42,0.00129250,60.65000000
2018-02-25 23:07:43,0.00129250,51.63000000
2018-02-25 23:07:43,0.00129250,1.62000000
2018-02-25 23:07:45,0.00129220,96.46000000
2018-02-25 23:07:46,0.00129250,0.40000000
2018-02-25 23:07:47,0.00129200,6.54000000
2018-02-25 23:07:47,0.00129200,1.88000000
2018-02-25 23:07:50,0.00129200,10.38000000
2018-02-25 23:07:51,0.00129200,2.08000000
2018-02-25 23:07:51,0.00129200,2.80000000
2018-02-25 23:07:51,0.00129190,1.22000000
2018-02-25 23:07:51,0.00129240,0.01000000
2018-02-25 23:07:52,0.00129200,3.00000000
2018-02-25 23:07:53,0.00129200,406.80000000
2018-02-25 23:07:53,0.00129190,0.94000000
2018-02-25 23:07:56,0.00129190,0.14000000
2018-02-25 23:07:56,0.00129130,1.36000000
2018-02-25 23:07:56,0.00129130,4.02000000
2018-02-25 23:07:56,0.00129200,7.73000000
2018-02-25 23:07:57,0.00129130,8.62000000
2018-02-25 23:07:57,0.00129110,5.04000000
2018-02-25 23:08:00,0.00129120,4.24000000
2018-02-25 23:08:00,0.00129120,25.39000000
2018-02-25 23:08:00,0.00129110,3.79000000
2018-02-25 23:08:00,0.00129100,264.83000000
2018-02-25 23:08:00,0.00129090,1086.91000000
2018-02-25 23:08:00,0.00129000,534.45000000
2018-02-25 23:08:00,0.00129000,104.52000000
2018-02-25 23:08:06,0.00128990,10.00000000
2018-02-25 23:08:06,0.00128990,10.44000000
2018-02-25 23:08:07,0.00128990,2.30000000
2018-02-25 23:08:08,0.00128960,2.30000000
2018-02-25 23:08:08,0.00128910,22.00000000
2018-02-25 23:08:08,0.00128890,46.18000000
2018-02-25 23:08:08,0.00128840,23.00000000
2018-02-25 23:08:08,0.00128830,25.69000000
2018-02-25 23:08:08,0.00128890,9.99000000
2018-02-25 23:08:11,0.00128970,0.94000000
2018-02-25 23:08:11,0.00128840,1.79000000
2018-02-25 23:08:11,0.00128830,6.45000000
2018-02-25 23:08:11,0.00128750,101.23000000
2018-02-25 23:08:11,0.00128970,1.53000000
2018-02-25 23:08:17,0.00128750,86.03000000
2018-02-25 23:08:18,0.00128930,1.79000000
2018-02-25 23:08:19,0.00128950,2.30000000
2018-02-25 23:08:19,0.00128750,0.50000000
2018-02-25 23:08:21,0.00128760,1.79000000
2018-02-25 23:08:21,0.00128750,9.88000000
2018-02-25 23:08:21,0.00128750,66.51000000
2018-02-25 23:08:22,0.00128750,0.51000000
2018-02-25 23:08:22,0.00128750,76.39000000
2018-02-25 23:08:22,0.00128850,1.79000000
2018-02-25 23:08:22,0.00128930,2.48000000
2018-02-25 23:08:23,0.00128740,2.30000000
2018-02-25 23:08:23,0.00128700,33.00000000
2018-02-25 23:08:23,0.00128620,3.86000000
2018-02-25 23:08:23,0.00128540,1.94000000
2018-02-25 23:08:23,0.00128520,7.95000000
2018-02-25 23:08:23,0.00128720,102.83000000
2018-02-25 23:08:23,0.00128830,1.00000000
2018-02-25 23:08:23,0.00128930,4.01000000
2018-02-25 23:08:24,0.00128920,15.42000000
2018-02-25 23:08:24,0.00128930,45.28000000
2018-02-25 23:08:25,0.00128740,1.00000000
2018-02-25 23:08:25,0.00128530,19.16000000
2018-02-25 23:08:25,0.00128520,16.60000000
2018-02-25 23:08:25,0.00128830,1.00000000
2018-02-25 23:08:25,0.00128930,5.01000000
2018-02-25 23:08:26,0.00128760,1.00000000
2018-02-25 23:08:26,0.00128750,25.66000000
2018-02-25 23:08:26,0.00128750,0.01000000
2018-02-25 23:08:30,0.00128580,79.75000000
2018-02-25 23:08:30,0.00128570,19.43000000
2018-02-25 23:08:30,0.00128570,33.28000000
2018-02-25 23:08:30,0.00128820,81.15000000
2018-02-25 23:08:31,0.00128800,1.80000000
2018-02-25 23:08:31,0.00128580,4.03000000
2018-02-25 23:08:31,0.00128530,18.00000000
2018-02-25 23:08:31,0.00128520,476.74000000
2018-02-25 23:08:34,0.00128580,23.28000000
2018-02-25 23:08:34,0.00128580,44.78000000
2018-02-25 23:08:35,0.00128750,2.30000000
2018-02-25 23:08:36,0.00128750,1.00000000
2018-02-25 23:08:36,0.00128590,4.03000000
2018-02-25 23:08:36,0.00128580,90.87000000
2018-02-25 23:08:36,0.00128580,272.06000000
2018-02-25 23:08:36,0.00128580,229.30000000
2018-02-25 23:08:37,0.00128750,2.30000000
2018-02-25 23:08:38,0.00128630,35.36000000
2018-02-25 23:08:43,0.00128750,1.50000000
2018-02-25 23:08:43,0.00128680,2.00000000
2018-02-25 23:08:44,0.00128680,0.30000000
2018-02-25 23:08:44,0.00128630,35.36000000
2018-02-25 23:08:44,0.00128560,241.16000000
2018-02-25 23:08:45,0.00128750,14.22000000
2018-02-25 23:08:46,0.00128750,10.78000000
2018-02-25 23:08:46,0.00128750,1.79000000
2018-02-25 23:08:48,0.00128630,214.78000000
2018-02-25 23:08:48,0.00128720,2.06000000
2018-02-25 23:08:48,0.00128730,85.49000000
2018-02-25 23:08:49,0.00128750,2.30000000
2018-02-25 23:08:49,0.00128750,266.36000000
2018-02-25 23:08:50,0.00128780,109.19000000
2018-02-25 23:08:50,0.00128850,1.79000000
2018-02-25 23:08:50,0.00128730,7.85000000
2018-02-25 23:08:53,0.00128810,2.30000000
2018-02-25 23:08:53,0.00128750,67.70000000
2018-02-25 23:08:54,0.00128740,1.79000000
2018-02-25 23:08:54,0.00128730,8.21000000
2018-02-25 23:08:56,0.00128750,150.60000000
2018-02-25 23:08:56,0.00128750,21.54000000
2018-02-25 23:08:56,0.00128810,79.73000000
2018-02-25 23:08:56,0.00128830,1.79000000
2018-02-25 23:08:56,0.00128750,19.21000000
2018-02-25 23:08:58,0.00128770,28.45000000
2018-02-25 23:09:00,0.00128910,1.92000000
2018-02-25 23:09:00,0.00128770,8.10000000
2018-02-25 23:09:00,0.00128910,27.84000000
2018-02-25 23:09:02,0.00128930,600.10000000
2018-02-25 23:09:02,0.00128910,149.10000000
2018-02-25 23:09:02,0.00128930,382.52000000
2018-02-25 23:09:02,0.00128930,80.98000000
2018-02-25 23:09:05,0.00128990,1.16000000
2018-02-25 23:09:05,0.00128990,0.95000000
2018-02-25 23:09:05,0.00128910,59.80000000
2018-02-25 23:09:05,0.00128990,8.91000000
2018-02-25 23:09:05,0.00129000,94.07000000
2018-02-25 23:09:06,0.00129000,0.50000000
2018-02-25 23:09:07,0.00129000,88.97000000
2018-02-25 23:09:08,0.00128950,41.72000000
2018-02-25 23:09:08,0.00128910,68.34000000
2018-02-25 23:09:08,0.00128910,6.12000000
2018-02-25 23:09:09,0.00128990,1.00000000
2018-02-25 23:09:09,0.00128990,4.03000000
2018-02-25 23:09:09,0.00128990,4.03000000
2018-02-25 23:09:09,0.00128990,0.50000000
2018-02-25 23:09:09,0.00128990,20.55000000
2018-02-25 23:09:09,0.00129000,12.50000000
2018-02-25 23:09:09,0.00128990,4.03000000
2018-02-25 23:09:09,0.00128990,4.03000000
2018-02-25 23:09:09,0.00128990,132.29000000
2018-02-25 23:09:11,0.00128980,4.02000000
2018-02-25 23:09:11,0.00128990,4.16000000
2018-02-25 23:09:11,0.00129000,29.91000000
2018-02-25 23:09:11,0.00129000,72.68000000
2018-02-25 23:09:15,0.00128990,4.03000000
2018-02-25 23:09:20,0.00128920,38.55000000
2018-02-25 23:09:20,0.00128920,4.03000000
2018-02-25 23:09:20,0.00128920,72.98000000
2018-02-25 23:09:20,0.00128920,42.58000000
2018-02-25 23:09:21,0.00128950,233.00000000
2018-02-25 23:09:21,0.00128950,5.48000000
2018-02-25 23:09:21,0.00128950,76.33000000
2018-02-25 23:09:22,0.00128990,3.51000000
2018-02-25 23:09:27,0.00128990,1.71000000
2018-02-25 23:09:28,0.00128950,3.66000000
2018-02-25 23:09:31,0.00128950,21.92000000
2018-02-25 23:09:32,0.00128960,47.95000000
2018-02-25 23:09:33,0.00128990,24.78000000
2018-02-25 23:09:33,0.00129000,76.17000000
2018-02-25 23:09:33,0.00129190,172.56000000
2018-02-25 23:09:34,0.00128950,45.62000000
2018-02-25 23:09:34,0.00128950,1.78000000
2018-02-25 23:09:34,0.00128950,253.62000000
2018-02-25 23:09:37,0.00128990,1.45000000
2018-02-25 23:09:38,0.00128990,0.30000000
2018-02-25 23:09:38,0.00129050,1.78000000
2018-02-25 23:09:38,0.00129200,43.33000000
2018-02-25 23:09:40,0.00129200,1.16000000
2018-02-25 23:09:41,0.00128980,1.78000000
2018-02-25 23:09:41,0.00128970,6.83000000
2018-02-25 23:09:42,0.00129070,1.78000000
2018-02-25 23:09:42,0.00129200,1.08000000
2018-02-25 23:09:47,0.00128970,0.50000000
2018-02-25 23:09:48,0.00129080,121.78000000
2018-02-25 23:09:51,0.00129200,5.72000000
2018-02-25 23:09:56,0.00128980,16.13000000
2018-02-25 23:10:00,0.00129000,36.59000000
2018-02-25 23:10:01,0.00129090,10.16000000
2018-02-25 23:10:01,0.00129090,44.15000000
2018-02-25 23:10:09,0.00129080,31.81000000
2018-02-25 23:10:09,0.00129090,5.23000000
2018-02-25 23:10:10,0.00129080,9.52000000
2018-02-25 23:10:10,0.00129090,4.82000000
2018-02-25 23:10:10,0.00129080,3.00000000
2018-02-25 23:10:11,0.00129080,19.28000000
2018-02-25 23:10:12,0.00129080,2.79000000
2018-02-25 23:10:13,0.00129090,0.11000000
2018-02-25 23:10:14,0.00129130,128.15000000
2018-02-25 23:10:18,0.00129090,39.13000000
2018-02-25 23:10:18,0.00129190,1.55000000
2018-02-25 23:10:18,0.00129090,5.43000000
2018-02-25 23:10:20,0.00129090,2.39000000
2018-02-25 23:10:25,0.00129090,13.62000000
2018-02-25 23:10:32,0.00129090,15.49000000
2018-02-25 23:10:34,0.00129090,26.11000000
2018-02-25 23:10:34,0.00129090,116.37000000
2018-02-25 23:10:34,0.00129080,9.77000000
2018-02-25 23:10:35,0.00129080,2.00000000
2018-02-25 23:10:37,0.00129080,15.00000000
2018-02-25 23:10:39,0.00129130,134.51000000
2018-02-25 23:10:42,0.00129080,5.00000000
2018-02-25 23:10:42,0.00129080,35.30000000
2018-02-25 23:10:43,0.00129020,3.72000000
2018-02-25 23:10:43,0.00129010,31.28000000
2018-02-25 23:10:45,0.00129200,7.73000000
2018-02-25 23:10:48,0.00129200,305.29000000
2018-02-25 23:10:51,0.00129200,79.28000000
2018-02-25 23:10:54,0.00129200,3.30000000
2018-02-25 23:10:58,0.00129270,1.55000000
2018-02-25 23:10:59,0.00129300,5.25000000
2018-02-25 23:11:00,0.00129240,67.04000000
2018-02-25 23:11:05,0.00129300,0.01000000
2018-02-25 23:11:05,0.00129400,4.00000000
2018-02-25 23:11:05,0.00129430,1.00000000
2018-02-25 23:11:06,0.00129330,9.14000000
2018-02-25 23:11:06,0.00129200,3.61000000
2018-02-25 23:11:06,0.00129420,14.89000000
2018-02-25 23:11:07,0.00129300,10.00000000
2018-02-25 23:11:08,0.00129300,0.01000000
2018-02-25 23:11:08,0.00129420,2.99000000
2018-02-25 23:11:10,0.00129230,1.02000000
2018-02-25 23:11:11,0.00129320,59.51000000
2018-02-25 23:11:11,0.00129320,81.37000000
2018-02-25 23:11:11,0.00129320,51.75000000
2018-02-25 23:11:12,0.00129320,7.76000000
2018-02-25 23:11:12,0.00129230,1.98000000
2018-02-25 23:11:12,0.00129220,5.76000000
2018-02-25 23:11:13,0.00129230,39.74000000
2018-02-25 23:11:15,0.00129410,3.87000000
2018-02-25 23:11:15,0.00129420,15.90000000
2018-02-25 23:11:15,0.00129420,7.73000000
2018-02-25 23:11:17,0.00129400,181.39000000
2018-02-25 23:11:23,0.00129310,73.41000000
2018-02-25 23:11:25,0.00129390,16.64000000
2018-02-25 23:11:26,0.00129240,47.02000000
2018-02-25 23:11:27,0.00129390,120.72000000
2018-02-25 23:11:27,0.00129400,254.96000000
2018-02-25 23:11:31,0.00129240,95.33000000
2018-02-25 23:11:31,0.00129230,223.27000000
2018-02-25 23:11:31,0.00129390,11.36000000
2018-02-25 23:11:31,0.00129400,165.72000000
2018-02-25 23:11:32,0.00129400,45.85000000
2018-02-25 23:11:34,0.00129250,1.84000000
2018-02-25 23:11:34,0.00129230,110.19000000
2018-02-25 23:11:38,0.00129320,1.02000000
2018-02-25 23:11:38,0.00129320,4.92000000
2018-02-25 23:11:38,0.00129250,23.20000000
2018-02-25 23:11:42,0.00129260,2.00000000
2018-02-25 23:11:42,0.00129280,10.00000000
2018-02-25 23:11:43,0.00129320,4.00000000
2018-02-25 23:11:45,0.00129280,10.00000000
2018-02-25 23:11:47,0.00129320,1.94000000
2018-02-25 23:11:47,0.00129400,11.66000000
2018-02-25 23:11:48,0.00129300,51.38000000
2018-02-25 23:11:49,0.00129400,5.71000000
2018-02-25 23:11:50,0.00129300,2.00000000
2018-02-25 23:11:50,0.00129300,106.11000000
2018-02-25 23:11:51,0.00129340,79.63000000
2018-02-25 23:11:51,0.00129400,2.00000000
2018-02-25 23:11:53,0.00129400,67.43000000
2018-02-25 23:11:54,0.00129300,265.61000000
2018-02-25 23:11:54,0.00129280,196.71000000
2018-02-25 23:11:54,0.00129260,150.28000000
2018-02-25 23:11:54,0.00129390,7.73000000
2018-02-25 23:11:57,0.00129390,120.83000000
2018-02-25 23:12:00,0.00129390,0.99000000
2018-02-25 23:12:00,0.00129300,10.00000000
2018-02-25 23:12:07,0.00129300,4.22000000
2018-02-25 23:12:07,0.00129300,2.26000000
2018-02-25 23:12:10,0.00129340,12.16000000
2018-02-25 23:12:10,0.00129310,15.00000000
2018-02-25 23:12:10,0.00129300,109.60000000
2018-02-25 23:12:10,0.00129270,58.30000000
2018-02-25 23:12:17,0.00129310,16.29000000
2018-02-25 23:12:17,0.00129300,207.35000000
2018-02-25 23:12:22,0.00129270,1.87000000
2018-02-25 23:12:25,0.00129280,86.00000000
2018-02-25 23:12:25,0.00129270,38.29000000
2018-02-25 23:12:28,0.00129270,20.00000000
2018-02-25 23:12:31,0.00129290,5.74000000
2018-02-25 23:12:33,0.00129270,28.45000000
2018-02-25 23:12:42,0.00129270,2.00000000
2018-02-25 23:12:42,0.00129280,18.52000000
2018-02-25 23:12:42,0.00129270,21.50000000
2018-02-25 23:12:43,0.00129270,2.37000000
2018-02-25 23:12:47,0.00129270,44.84000000
2018-02-25 23:12:47,0.00129260,32.79000000
2018-02-25 23:12:47,0.00129250,21.37000000
2018-02-25 23:12:48,0.00129290,8.22000000
2018-02-25 23:12:49,0.00129270,10.90000000
2018-02-25 23:12:50,0.00129270,2.68000000
2018-02-25 23:12:51,0.00129270,152.04000000
2018-02-25 23:13:01,0.00129270,15.31000000
2018-02-25 23:13:04,0.00129270,13.33000000
2018-02-25 23:13:04,0.00129250,128.95000000
2018-02-25 23:13:04,0.00129240,45.52000000
2018-02-25 23:13:06,0.00129250,56.99000000
2018-02-25 23:13:10,0.00129250,77.13000000
2018-02-25 23:13:14,0.00129270,32.00000000
2018-02-25 23:13:14,0.00129240,77.10000000
2018-02-25 23:13:15,0.00129240,226.72000000
2018-02-25 23:13:16,0.00129240,272.57000000
2018-02-25 23:13:18,0.00129250,24.89000000
2018-02-25 23:13:26,0.00129240,38.30000000
2018-02-25 23:13:27,0.00129240,56.72000000
2018-02-25 23:13:28,0.00129230,13.02000000
2018-02-25 23:13:30,0.00129240,62.00000000
2018-02-25 23:13:32,0.00129240,22.81000000
2018-02-25 23:13:32,0.00129230,1.69000000
2018-02-25 23:13:35,0.00129240,98.73000000
2018-02-25 23:13:35,0.00129250,21.20000000
2018-02-25 23:13:35,0.00129230,1.80000000
2018-02-25 23:13:40,0.00129230,0.37000000
2018-02-25 23:13:40,0.00129210,0.63000000
2018-02-25 23:13:44,0.00129230,7.73000000
2018-02-25 23:13:47,0.00129220,31.26000000
2018-02-25 23:13:59,0.00129220,105.09000000
2018-02-25 23:14:05,0.00129210,20.00000000
2018-02-25 23:14:10,0.00129210,59.68000000
2018-02-25 23:14:10,0.00129200,250.51000000
2018-02-25 23:14:10,0.00129200,3.00000000
2018-02-25 23:14:10,0.00129210,37.62000000
2018-02-25 23:14:10,0.00129200,35.16000000
2018-02-25 23:14:13,0.00129200,20.00000000
2018-02-25 23:14:14,0.00129200,39.68000000
2018-02-25 23:14:14,0.00129200,110.66000000
2018-02-25 23:14:17,0.00129200,19.37000000
2018-02-25 23:14:18,0.00129200,174.29000000
2018-02-25 23:14:19,0.00129200,7.17000000
2018-02-25 23:14:20,0.00129200,20.00000000
2018-02-25 23:14:21,0.00129210,4.07000000
2018-02-25 23:14:21,0.00129200,7.66000000
2018-02-25 23:14:21,0.00129200,12.66000000
2018-02-25 23:14:22,0.00129200,39.79000000
2018-02-25 23:14:22,0.00129210,1.29000000
2018-02-25 23:14:22,0.00129220,103.07000000
2018-02-25 23:14:24,0.00129030,3.14000000
2018-02-25 23:14:24,0.00129030,20.00000000
2018-02-25 23:14:32,0.00129110,111.32000000
2018-02-25 23:14:33,0.00129030,71.70000000
2018-02-25 23:14:34,0.00129030,9.16000000
2018-02-25 23:14:34,0.00129020,17.54000000
2018-02-25 23:14:36,0.00129020,31.06000000
2018-02-25 23:14:37,0.00129020,62.94000000
2018-02-25 23:14:41,0.00129020,3.74000000
2018-02-25 23:14:43,0.00129020,200.00000000
2018-02-25 23:14:46,0.00129020,29.52000000
2018-02-25 23:14:49,0.00129200,7.73000000
2018-02-25 23:14:49,0.00129020,38.00000000
2018-02-25 23:14:50,0.00129020,89.71000000
2018-02-25 23:14:52,0.00129100,43.84000000
2018-02-25 23:14:53,0.00129020,12.21000000
2018-02-25 23:14:54,0.00129200,7.37000000
2018-02-25 23:14:55,0.00129200,30.54000000
2018-02-25 23:15:05,0.00129200,3.90000000
2018-02-25 23:15:05,0.00129020,8.74000000
2018-02-25 23:15:07,0.00129200,4.08000000
2018-02-25 23:15:08,0.00129200,5.20000000
2018-02-25 23:15:09,0.00129110,117.68000000
2018-02-25 23:15:12,0.00129200,2.00000000
2018-02-25 23:15:12,0.00129200,20.89000000
2018-02-25 23:15:12,0.00129210,4.09000000
2018-02-25 23:15:14,0.00129030,214.79000000
2018-02-25 23:15:19,0.00129220,241.89000000
2018-02-25 23:15:22,0.00129050,31.00000000
2018-02-25 23:15:25,0.00129220,218.89000000
2018-02-25 23:15:27,0.00129220,162.14000000
2018-02-25 23:15:30,0.00129230,97.67000000
2018-02-25 23:15:30,0.00129250,32.84000000
2018-02-25 23:15:30,0.00129270,7.75000000
2018-02-25 23:15:30,0.00129220,20.00000000
2018-02-25 23:15:34,0.00129350,3.87000000
2018-02-25 23:15:36,0.00129350,2.52000000
2018-02-25 23:15:36,0.00129220,57.18000000
2018-02-25 23:15:37,0.00129350,2.23000000
2018-02-25 23:15:39,0.00129220,54.00000000
2018-02-25 23:15:39,0.00129220,128.15000000
2018-02-25 23:15:39,0.00129220,1.00000000
2018-02-25 23:15:39,0.00129220,4.02000000
2018-02-25 23:15:39,0.00129220,6.80000000
2018-02-25 23:15:40,0.00129240,50.00000000
2018-02-25 23:15:40,0.00129340,15.39000000
2018-02-25 23:15:40,0.00129350,0.07000000
2018-02-25 23:15:42,0.00129220,375.05000000
2018-02-25 23:15:42,0.00129060,421.69000000
2018-02-25 23:15:42,0.00129280,124.05000000
2018-02-25 23:15:43,0.00129350,6.07000000
2018-02-25 23:15:43,0.00129350,4.16000000
2018-02-25 23:15:44,0.00129080,1.66000000
2018-02-25 23:15:53,0.00129130,56.57000000
2018-02-25 23:15:56,0.00129220,3.62000000
2018-02-25 23:15:57,0.00129250,4.47000000
2018-02-25 23:15:57,0.00129060,62.53000000
2018-02-25 23:15:57,0.00129070,3.76000000
2018-02-25 23:16:04,0.00129100,3.87000000
2018-02-25 23:16:04,0.00129090,44.75000000
2018-02-25 23:16:04,0.00129080,13.83000000
2018-02-25 23:16:04,0.00129060,86.56000000
2018-02-25 23:16:08,0.00129330,3.76000000
2018-02-25 23:16:08,0.00129340,1.66000000
2018-02-25 23:16:08,0.00129350,31.43000000
2018-02-25 23:16:08,0.00129360,19.83000000
2018-02-25 23:16:08,0.00129370,40.27000000
2018-02-25 23:16:08,0.00129380,75.72000000
2018-02-25 23:16:08,0.00129400,4.36000000
2018-02-25 23:16:08,0.00129430,112.97000000
2018-02-25 23:16:10,0.00129280,130.41000000
2018-02-25 23:16:12,0.00129430,2.00000000
2018-02-25 23:16:19,0.00129170,2.31000000
2018-02-25 23:16:20,0.00129430,13.63000000
2018-02-25 23:16:21,0.00129430,12.23000000
2018-02-25 23:16:22,0.00129290,62.94000000
2018-02-25 23:16:24,0.00129170,15.00000000
2018-02-25 23:16:26,0.00129420,2.31000000
2018-02-25 23:16:26,0.00129430,3.00000000
2018-02-25 23:16:27,0.00129180,42.37000000
2018-02-25 23:16:30,0.00129430,7.92000000
2018-02-25 23:16:32,0.00129430,3.96000000
2018-02-25 23:16:39,0.00129420,42.37000000
2018-02-25 23:16:39,0.00129430,112.15000000
2018-02-25 23:16:41,0.00129220,15.00000000
2018-02-25 23:16:41,0.00129210,35.00000000
2018-02-25 23:16:42,0.00129430,8.13000000
2018-02-25 23:16:43,0.00129310,136.78000000
2018-02-25 23:16:58,0.00129430,7.72000000
2018-02-25 23:16:59,0.00129430,5.71000000
2018-02-25 23:17:00,0.00129240,2.16000000
2018-02-25 23:17:00,0.00129220,78.05000000
2018-02-25 23:17:00,0.00129200,341.91000000
2018-02-25 23:17:01,0.00129430,7.72000000
2018-02-25 23:17:02,0.00129290,69.31000000
2018-02-25 23:17:03,0.00129400,1.29000000
2018-02-25 23:17:03,0.00129420,5.73000000
2018-02-25 23:17:11,0.00129220,3.54000000
2018-02-25 23:17:11,0.00129210,2.18000000
2018-02-25 23:17:14,0.00129210,13.40000000
2018-02-25 23:17:14,0.00129200,84.91000000
2018-02-25 23:17:16,0.00129230,3.86000000
2018-02-25 23:17:16,0.00129210,1.68000000
2018-02-25 23:17:17,0.00129220,15.00000000
2018-02-25 23:17:17,0.00129210,1.36000000
2018-02-25 23:17:17,0.00129200,84.13000000
2018-02-25 23:17:20,0.00129300,5.97000000
2018-02-25 23:17:23,0.00129200,154.82000000
2018-02-25 23:17:23,0.00129200,16.18000000
2018-02-25 23:17:34,0.00129390,36.00000000
2018-02-25 23:17:36,0.00129390,8.45000000
2018-02-25 23:17:41,0.00129300,75.53000000
2018-02-25 23:17:42,0.00129390,20.20000000
2018-02-25 23:17:46,0.00129390,214.10000000
2018-02-25 23:17:46,0.00129390,381.35000000
2018-02-25 23:17:49,0.00129390,420.39000000
2018-02-25 23:17:59,0.00129400,46.74000000
2018-02-25 23:17:59,0.00129400,3.21000000
2018-02-25 23:18:08,0.00129400,51.63000000
2018-02-25 23:18:10,0.00129410,81.89000000
2018-02-25 23:18:16,0.00129410,55.18000000
2018-02-25 23:18:16,0.00129400,67.71000000
2018-02-25 23:18:16,0.00129390,948.97000000
2018-02-25 23:18:19,0.00129400,10.74000000
2018-02-25 23:18:19,0.00129400,2.52000000
2018-02-25 23:18:19,0.00129400,299.74000000
2018-02-25 23:18:19,0.00129390,267.53000000
2018-02-25 23:18:19,0.00129250,1.87000000
2018-02-25 23:18:19,0.00129220,1.99000000
2018-02-25 23:18:19,0.00129210,106.13000000
2018-02-25 23:18:19,0.00129200,74.56000000
2018-02-25 23:18:19,0.00129170,6.70000000
2018-02-25 23:18:19,0.00129160,15.48000000
2018-02-25 23:18:19,0.00129110,100.00000000
2018-02-25 23:18:19,0.00129100,41.32000000
2018-02-25 23:18:19,0.00129090,3.88000000
2018-02-25 23:18:19,0.00129080,63.84000000
2018-02-25 23:18:19,0.00129070,378.52000000
2018-02-25 23:18:19,0.00129060,204.57000000
2018-02-25 23:18:22,0.00129420,5.09000000
2018-02-25 23:18:22,0.00129410,5.41000000
2018-02-25 23:18:23,0.00129290,14.42000000
2018-02-25 23:18:27,0.00129420,14.73000000
2018-02-25 23:18:27,0.00129430,9.44000000
2018-02-25 23:18:30,0.00129420,3.88000000
2018-02-25 23:18:30,0.00129430,3.54000000
2018-02-25 23:18:31,0.00129200,1.00000000
2018-02-25 23:18:31,0.00129420,44.17000000
2018-02-25 23:18:35,0.00129250,3.12000000
2018-02-25 23:18:35,0.00129250,28.27000000
2018-02-25 23:18:41,0.00129250,3.16000000
2018-02-25 23:18:41,0.00129420,3.64000000
2018-02-25 23:18:43,0.00129330,88.26000000
2018-02-25 23:18:43,0.00129420,3.51000000
2018-02-25 23:18:47,0.00129250,2.39000000
2018-02-25 23:18:48,0.00129250,41.83000000
2018-02-25 23:18:53,0.00129250,2.45000000
2018-02-25 23:18:53,0.00129410,25.56000000
2018-02-25 23:18:55,0.00129300,20.79000000
2018-02-25 23:18:55,0.00129200,13.00000000
2018-02-25 23:18:55,0.00129170,15.48000000
2018-02-25 23:18:55,0.00129070,165.62000000
2018-02-25 23:18:55,0.00129060,95.61000000
2018-02-25 23:19:03,0.00129070,131.00000000
2018-02-25 23:19:03,0.00129060,143.90000000
2018-02-25 23:19:03,0.00129050,23.45000000
2018-02-25 23:19:03,0.00129030,9.68000000
2018-02-25 23:19:03,0.00129010,48.00000000
2018-02-25 23:19:03,0.00129000,199.71000000
2018-02-25 23:19:03,0.00129000,79.20000000
2018-02-25 23:19:04,0.00129000,35.56000000
2018-02-25 23:19:06,0.00129000,762.08000000
2018-02-25 23:19:07,0.00128980,11.00000000
2018-02-25 23:19:07,0.00128960,2.00000000
2018-02-25 23:19:07,0.00128910,4.64000000
2018-02-25 23:19:07,0.00128900,37.03000000
2018-02-25 23:19:07,0.00128880,47.23000000
2018-02-25 23:19:08,0.00128830,15.00000000
2018-02-25 23:19:08,0.00128820,3.87000000
2018-02-25 23:19:08,0.00128800,7.08000000
2018-02-25 23:19:08,0.00128770,1.55000000
2018-02-25 23:19:08,0.00128760,4.12000000
2018-02-25 23:19:08,0.00128750,22.00000000
2018-02-25 23:19:09,0.00128770,9.29000000
2018-02-25 23:19:09,0.00128580,1.55000000
2018-02-25 23:19:09,0.00128570,42.38000000
2018-02-25 23:19:09,0.00128560,11.00000000
2018-02-25 23:19:09,0.00128550,49.05000000
2018-02-25 23:19:09,0.00128520,117.68000000
2018-02-25 23:19:09,0.00128510,7.86000000
2018-02-25 23:19:09,0.00128500,31.68000000
2018-02-25 23:19:09,0.00128460,3.12000000
2018-02-25 23:19:09,0.00128390,20.41000000
2018-02-25 23:19:09,0.00128270,17.91000000
2018-02-25 23:19:09,0.00128230,17.28000000
2018-02-25 23:19:09,0.00128500,305.25000000
2018-02-25 23:19:10,0.00128630,94.63000000
2018-02-25 23:19:10,0.00128590,3.88000000
2018-02-25 23:19:11,0.00128600,4.05000000
2018-02-25 23:19:11,0.00128520,7.68000000
2018-02-25 23:19:11,0.00128500,2.12000000
2018-02-25 23:19:11,0.00128260,7.28000000
2018-02-25 23:19:11,0.00128350,2.23000000
2018-02-25 23:19:12,0.00128650,2.23000000
2018-02-25 23:19:12,0.00128760,0.09000000
2018-02-25 23:19:12,0.00128610,3.88000000
2018-02-25 23:19:12,0.00128530,6.22000000
2018-02-25 23:19:13,0.00128500,7.77000000
2018-02-25 23:19:13,0.00128510,0.30000000
2018-02-25 23:19:14,0.00128510,1.01000000
2018-02-25 23:19:14,0.00128660,1.00000000
2018-02-25 23:19:14,0.00128760,1.00000000
2018-02-25 23:19:14,0.00128660,1.33000000
2018-02-25 23:19:15,0.00128530,23.29000000
2018-02-25 23:19:15,0.00128530,50.32000000
2018-02-25 23:19:15,0.00128530,23.29000000
2018-02-25 23:19:15,0.00128530,12.08000000
2018-02-25 23:19:15,0.00128530,23.29000000
2018-02-25 23:19:16,0.00128510,2.74000000
2018-02-25 23:19:16,0.00128510,23.29000000
2018-02-25 23:19:16,0.00128510,278.96000000
2018-02-25 23:19:17,0.00128660,8.68000000
2018-02-25 23:19:17,0.00128760,8.65000000
2018-02-25 23:19:17,0.00128660,1.55000000
2018-02-25 23:19:17,0.00128760,5.74000000
2018-02-25 23:19:18,0.00128560,2.94000000
2018-02-25 23:19:18,0.00128500,417.79000000
2018-02-25 23:19:20,0.00128540,47.55000000
2018-02-25 23:19:21,0.00128510,4.05000000
2018-02-25 23:19:21,0.00128400,12.98000000
2018-02-25 23:19:21,0.00128400,2.59000000
2018-02-25 23:19:23,0.00128440,15.57000000
2018-02-25 23:19:23,0.00128390,0.94000000
2018-02-25 23:19:23,0.00128490,3.38000000
2018-02-25 23:19:23,0.00128560,31.88000000
2018-02-25 23:19:25,0.00128510,0.79000000
2018-02-25 23:19:26,0.00128390,2.70000000
2018-02-25 23:19:26,0.00128380,5.43000000
2018-02-25 23:19:26,0.00128230,3.86000000
2018-02-25 23:19:28,0.00128370,27.15000000
2018-02-25 23:19:29,0.00128500,0.34000000
2018-02-25 23:19:30,0.00128240,56.72000000
2018-02-25 23:19:30,0.00128240,4.00000000
2018-02-25 23:19:30,0.00128240,17.25000000
2018-02-25 23:19:30,0.00128230,3.82000000
2018-02-25 23:19:30,0.00128200,33.00000000
2018-02-25 23:19:30,0.00128150,6.73000000
2018-02-25 23:19:30,0.00128130,4.18000000
2018-02-25 23:19:33,0.00128380,17.58000000
2018-02-25 23:19:34,0.00128360,0.22000000
2018-02-25 23:19:35,0.00128350,7.68000000
2018-02-25 23:19:35,0.00128350,4.06000000
2018-02-25 23:19:35,0.00128350,91.28000000
2018-02-25 23:19:35,0.00128130,8.63000000
2018-02-25 23:19:35,0.00128130,406.80000000
2018-02-25 23:19:36,0.00128120,25.97000000
2018-02-25 23:19:36,0.00128120,10.00000000
2018-02-25 23:19:37,0.00128120,1.95000000
2018-02-25 23:19:37,0.00128110,10.00000000
2018-02-25 23:19:37,0.00128100,106.47000000
2018-02-25 23:19:37,0.00128120,0.11000000
2018-02-25 23:19:38,0.00128120,1.95000000
2018-02-25 23:19:39,0.00128120,2.34000000
2018-02-25 23:19:40,0.00128110,1.95000000
2018-02-25 23:19:40,0.00128100,17.85000000
2018-02-25 23:19:40,0.00128100,100.81000000
2018-02-25 23:19:40,0.00128080,0.79000000
2018-02-25 23:19:40,0.00128070,78.10000000
2018-02-25 23:19:40,0.00128050,1.72000000
2018-02-25 23:19:40,0.00128010,14.92000000
2018-02-25 23:19:40,0.00128000,629.11000000
2018-02-25 23:19:40,0.00127940,5.52000000
2018-02-25 23:19:40,0.00127900,2.00000000
2018-02-25 23:19:40,0.00127860,0.91000000
2018-02-25 23:19:40,0.00127840,1.00000000
2018-02-25 23:19:40,0.00127830,30.30000000
2018-02-25 23:19:40,0.00127770,53.50000000
2018-02-25 23:19:40,0.00127730,7.52000000
2018-02-25 23:19:40,0.00127650,62.67000000
2018-02-25 23:19:40,0.00127620,41.00000000
2018-02-25 23:19:40,0.00127610,3.32000000
2018-02-25 23:19:40,0.00127900,18.89000000
2018-02-25 23:19:40,0.00127900,15.75000000
2018-02-25 23:19:41,0.00127900,10.00000000
2018-02-25 23:19:42,0.00127900,4.68000000
2018-02-25 23:19:43,0.00127620,62.94000000
2018-02-25 23:19:43,0.00127900,2.35000000
2018-02-25 23:19:43,0.00127890,1.95000000
2018-02-25 23:19:44,0.00127760,100.99000000
2018-02-25 23:19:44,0.00127880,1.95000000
2018-02-25 23:19:44,0.00127880,0.94000000
2018-02-25 23:19:44,0.00127700,23.42000000
2018-02-25 23:19:44,0.00127700,35.74000000
2018-02-25 23:19:44,0.00127700,13.40000000
2018-02-25 23:19:44,0.00127880,25.23000000
2018-02-25 23:19:45,0.00127640,1.98000000
2018-02-25 23:19:45,0.00127610,19.78000000
2018-02-25 23:19:45,0.00127600,30.00000000
2018-02-25 23:19:45,0.00127560,20.13000000
2018-02-25 23:19:45,0.00127520,4.60000000
2018-02-25 23:19:45,0.00127510,25.25000000
2018-02-25 23:19:45,0.00127500,129.00000000
2018-02-25 23:19:45,0.00127490,69.31000000
2018-02-25 23:19:45,0.00127490,38.26000000
2018-02-25 23:19:45,0.00127490,209.81000000
2018-02-25 23:19:47,0.00127510,3.11000000
2018-02-25 23:19:49,0.00127630,34.82000000
2018-02-25 23:19:49,0.00127640,52.45000000
2018-02-25 23:19:49,0.00127760,1.72000000
2018-02-25 23:19:50,0.00127760,7.82000000
2018-02-25 23:19:50,0.00127760,3.74000000
2018-02-25 23:19:50,0.00127900,37.21000000
2018-02-25 23:19:51,0.00127900,236.44000000
2018-02-25 23:19:51,0.00127510,1.84000000
2018-02-25 23:19:51,0.00127490,9.28000000
2018-02-25 23:19:51,0.00127500,6.30000000
2018-02-25 23:19:51,0.00127510,202.67000000
2018-02-25 23:19:53,0.00127780,1.92000000
2018-02-25 23:19:54,0.00127780,1.91000000
2018-02-25 23:19:54,0.00127510,23.33000000
2018-02-25 23:19:56,0.00127780,2.47000000
2018-02-25 23:19:56,0.00128000,1.00000000
2018-02-25 23:19:58,0.00128070,0.94000000
2018-02-25 23:19:59,0.00128070,0.84000000
2018-02-25 23:20:00,0.00127930,33.52000000
2018-02-25 23:20:01,0.00128070,0.14000000
2018-02-25 23:20:03,0.00128040,3.90000000
2018-02-25 23:20:03,0.00128040,3.05000000
2018-02-25 23:20:04,0.00128180,2.00000000
2018-02-25 23:20:04,0.00128340,0.32000000
2018-02-25 23:20:06,0.00128340,3.74000000
2018-02-25 23:20:06,0.00128400,6.26000000
2018-02-25 23:20:07,0.00128390,29.92000000
2018-02-25 23:20:08,0.00128390,46.12000000
2018-02-25 23:20:08,0.00128400,274.22000000
2018-02-25 23:20:09,0.00128400,207.52000000
2018-02-25 23:20:09,0.00128500,1.00000000
2018-02-25 23:20:09,0.00128510,368.75000000
2018-02-25 23:20:09,0.00128670,2.35000000
2018-02-25 23:20:09,0.00129000,4.85000000
2018-02-25 23:20:09,0.00129020,5.43000000
2018-02-25 23:20:09,0.00129050,2.33000000
2018-02-25 23:20:09,0.00129050,1.98000000
2018-02-25 23:20:09,0.00129050,1.98000000
2018-02-25 23:20:09,0.00129050,1.98000000
2018-02-25 23:20:09,0.00129050,1.98000000
2018-02-25 23:20:09,0.00129050,12.41000000
2018-02-25 23:20:09,0.00129050,10.42000000
2018-02-25 23:20:09,0.00129050,10.42000000
2018-02-25 23:20:09,0.00129050,10.37000000
2018-02-25 23:20:09,0.00129050,1.02000000
2018-02-25 23:20:09,0.00129050,10.00000000
2018-02-25 23:20:09,0.00129050,16.57000000
2018-02-25 23:20:10,0.00128370,78.01000000
2018-02-25 23:20:10,0.00128360,1.00000000
2018-02-25 23:20:10,0.00128160,1.79000000
2018-02-25 23:20:10,0.00128140,15.60000000
2018-02-25 23:20:10,0.00128130,21.09000000
2018-02-25 23:20:10,0.00128110,5.70000000
2018-02-25 23:20:11,0.00128830,1.00000000
2018-02-25 23:20:11,0.00128930,15.50000000
2018-02-25 23:20:11,0.00128370,1.38000000
2018-02-25 23:20:11,0.00128280,0.41000000
2018-02-25 23:20:11,0.00128830,1.38000000
2018-02-25 23:20:11,0.00128930,24.01000000
2018-02-25 23:20:14,0.00128890,1.16000000
2018-02-25 23:20:14,0.00128890,57.34000000
2018-02-25 23:20:14,0.00128900,15.60000000
2018-02-25 23:20:14,0.00129040,4.04000000
2018-02-25 23:20:14,0.00129050,15.56000000
2018-02-25 23:20:14,0.00128820,20.00000000
2018-02-25 23:20:15,0.00128810,7.25000000
2018-02-25 23:20:15,0.00128560,3.90000000
2018-02-25 23:20:15,0.00128380,1.91000000
2018-02-25 23:20:15,0.00128950,7.25000000
2018-02-25 23:20:15,0.00129050,7.46000000
2018-02-25 23:20:17,0.00129050,24.00000000
2018-02-25 23:20:18,0.00129000,3.64000000
2018-02-25 23:20:18,0.00128870,107.21000000
2018-02-25 23:20:19,0.00129000,0.50000000
2018-02-25 23:20:22,0.00128750,20.16000000
2018-02-25 23:20:22,0.00129000,68.67000000
2018-02-25 23:20:24,0.00128970,3.90000000
2018-02-25 23:20:24,0.00128990,4.05000000
2018-02-25 23:20:24,0.00129000,10.05000000
2018-02-25 23:20:25,0.00128630,6.63000000
2018-02-25 23:20:25,0.00128620,1.39000000
2018-02-25 23:20:25,0.00128530,8.57000000
2018-02-25 23:20:25,0.00128520,15.56000000
2018-02-25 23:20:25,0.00128380,45.93000000
2018-02-25 23:20:25,0.00128550,1.39000000
2018-02-25 23:20:25,0.00128650,4.42000000
2018-02-25 23:20:29,0.00128330,3.13000000
2018-02-25 23:20:29,0.00128130,6.87000000
2018-02-25 23:20:30,0.00128480,3.13000000
2018-02-25 23:20:32,0.00128430,39.74000000
2018-02-25 23:20:33,0.00128560,10.00000000
2018-02-25 23:20:34,0.00128550,1.94000000
2018-02-25 23:20:35,0.00128550,3.50000000
2018-02-25 23:20:36,0.00128530,5.94000000
2018-02-25 23:20:37,0.00128530,10.72000000
2018-02-25 23:20:37,0.00128540,18.22000000
2018-02-25 23:20:41,0.00128540,10.00000000
2018-02-25 23:20:41,0.00128500,10.00000000
2018-02-25 23:20:41,0.00128540,2.53000000
2018-02-25 23:20:43,0.00128500,9.00000000
2018-02-25 23:20:43,0.00128340,4.05000000
2018-02-25 23:20:44,0.00128340,186.95000000
2018-02-25 23:20:44,0.00128410,0.79000000
2018-02-25 23:20:44,0.00128340,1.79000000
2018-02-25 23:20:44,0.00128330,5.00000000
2018-02-25 23:20:44,0.00128300,83.23000000
2018-02-25 23:20:44,0.00128290,154.11000000
2018-02-25 23:20:44,0.00128240,5.43000000
2018-02-25 23:20:44,0.00128210,3.89000000
2018-02-25 23:20:44,0.00128120,42.00000000
2018-02-25 23:20:44,0.00128110,4.55000000
2018-02-25 23:20:46,0.00128220,10.00000000
2018-02-25 23:20:46,0.00128530,10.00000000
2018-02-25 23:20:46,0.00128420,5.00000000
2018-02-25 23:20:47,0.00128420,5.00000000
2018-02-25 23:20:47,0.00128430,1.79000000
2018-02-25 23:20:47,0.00128540,10.46000000
2018-02-25 23:20:47,0.00128540,17.21000000
2018-02-25 23:20:47,0.00128260,96.37000000
2018-02-25 23:20:49,0.00128550,1.00000000
2018-02-25 23:20:49,0.00128650,2.21000000
2018-02-25 23:20:49,0.00128870,8.57000000
2018-02-25 23:20:49,0.00128880,73.77000000
2018-02-25 23:20:49,0.00128900,6.63000000
2018-02-25 23:20:49,0.00128990,6.20000000
2018-02-25 23:20:49,0.00129000,5.62000000
2018-02-25 23:20:49,0.00128670,1.00000000
2018-02-25 23:20:49,0.00128570,77.81000000
2018-02-25 23:20:49,0.00128470,15.56000000
2018-02-25 23:20:49,0.00128460,152.98000000
2018-02-25 23:20:50,0.00128680,13.26000000
2018-02-25 23:20:52,0.00128650,77.81000000
2018-02-25 23:20:53,0.00128640,15.56000000
2018-02-25 23:20:53,0.00128660,77.72000000
2018-02-25 23:20:53,0.00128650,4.09000000
2018-02-25 23:20:53,0.00128650,58.16000000
2018-02-25 23:20:53,0.00128360,1.79000000
2018-02-25 23:20:53,0.00128350,3.50000000
2018-02-25 23:20:53,0.00128340,8.47000000
2018-02-25 23:20:54,0.00128450,1.79000000
2018-02-25 23:20:54,0.00128680,113.75000000
2018-02-25 23:20:54,0.00128260,17.21000000
2018-02-25 23:20:54,0.00128260,20.31000000
2018-02-25 23:20:54,0.00128260,20.30000000
2018-02-25 23:20:54,0.00128260,16.93000000
2018-02-25 23:20:54,0.00128070,97.21000000
2018-02-25 23:20:54,0.00128000,8.76000000
2018-02-25 23:20:54,0.00128260,4.05000000
2018-02-25 23:20:54,0.00128260,4.05000000
2018-02-25 23:20:54,0.00128260,3.38000000
2018-02-25 23:20:54,0.00128010,20.30000000
2018-02-25 23:20:55,0.00128250,15.17000000
2018-02-25 23:20:55,0.00128250,4.47000000
2018-02-25 23:20:55,0.00128250,9.50000000
2018-02-25 23:20:56,0.00128250,3.65000000
2018-02-25 23:20:58,0.00128230,11.15000000
2018-02-25 23:20:59,0.00128210,33.78000000
2018-02-25 23:20:59,0.00128220,67.95000000
2018-02-25 23:21:00,0.00128220,1.56000000
2018-02-25 23:21:01,0.00128130,46.11000000
2018-02-25 23:21:05,0.00128010,15.00000000
2018-02-25 23:21:05,0.00128000,23.98000000
2018-02-25 23:21:05,0.00127520,28.45000000
2018-02-25 23:21:06,0.00127990,1.00000000
2018-02-25 23:21:07,0.00128080,1.00000000
2018-02-25 23:21:08,0.00128000,14.00000000
2018-02-25 23:21:08,0.00127520,8.44000000
2018-02-25 23:21:08,0.00127750,13.45000000
2018-02-25 23:21:09,0.00128090,10.00000000
2018-02-25 23:21:10,0.00128000,1.01000000
2018-02-25 23:21:10,0.00128090,0.99000000
2018-02-25 23:21:11,0.00128090,1.69000000
2018-02-25 23:21:11,0.00128000,13.18000000
2018-02-25 23:21:11,0.00128090,1.92000000
2018-02-25 23:21:11,0.00128000,17.59000000
2018-02-25 23:21:11,0.00127530,65.55000000
2018-02-25 23:21:11,0.00128050,15.66000000
2018-02-25 23:21:11,0.00128090,1.02000000
2018-02-25 23:21:12,0.00128000,50.00000000
2018-02-25 23:21:12,0.00128000,50.00000000
2018-02-25 23:21:13,0.00127900,1.00000000
2018-02-25 23:21:14,0.00127800,1.00000000
2018-02-25 23:21:14,0.00127700,15.66000000
2018-02-25 23:21:14,0.00127690,14.16000000
2018-02-25 23:21:14,0.00127990,2.34000000
2018-02-25 23:21:15,0.00127840,119.94000000
2018-02-25 23:21:15,0.00127700,63.21000000
2018-02-25 23:21:16,0.00127680,3.92000000
2018-02-25 23:21:16,0.00127600,29.00000000
2018-02-25 23:21:16,0.00127590,58.50000000
2018-02-25 23:21:16,0.00127570,74.69000000
2018-02-25 23:21:16,0.00127520,151.48000000
2018-02-25 23:21:16,0.00127510,2.43000000
2018-02-25 23:21:16,0.00127830,14.16000000
2018-02-25 23:21:16,0.00127840,9.91000000
2018-02-25 23:21:16,0.00127880,1.93000000
2018-02-25 23:21:17,0.00127830,1.93000000
2018-02-25 23:21:17,0.00127730,70.71000000
2018-02-25 23:21:19,0.00127990,1.56000000
2018-02-25 23:21:19,0.00127730,7.55000000
2018-02-25 23:21:19,0.00127620,12.10000000
2018-02-25 23:21:19,0.00127890,2.92000000
2018-02-25 23:21:20,0.00127880,2.92000000
2018-02-25 23:21:20,0.00127880,75.34000000
2018-02-25 23:21:20,0.00127980,26.20000000
2018-02-25 23:21:20,0.00128000,10.41000000
2018-02-25 23:21:21,0.00128130,97.36000000
2018-02-25 23:21:21,0.00128200,10.00000000
2018-02-25 23:21:25,0.00128370,1.95000000
2018-02-25 23:21:25,0.00128370,0.39000000
2018-02-25 23:21:28,0.00128550,8.04000000
2018-02-25 23:21:30,0.00128540,14.78000000
2018-02-25 23:21:31,0.00128540,15.33000000
2018-02-25 23:21:31,0.00128290,7.26000000
2018-02-25 23:21:31,0.00128540,7.64000000
2018-02-25 23:21:32,0.00128520,1.94000000
2018-02-25 23:21:33,0.00128520,5.32000000
2018-02-25 23:21:33,0.00128530,0.72000000
2018-02-25 23:21:33,0.00128520,4.73000000
2018-02-25 23:21:34,0.00128530,3.20000000
2018-02-25 23:21:34,0.00128540,0.78000000
2018-02-25 23:21:34,0.00128520,66.97000000
2018-02-25 23:21:34,0.00128520,0.07000000
2018-02-25 23:21:34,0.00128550,12.45000000
2018-02-25 23:21:34,0.00128550,4.67000000
2018-02-25 23:21:34,0.00128550,35.55000000
2018-02-25 23:21:34,0.00128550,66.31000000
2018-02-25 23:21:34,0.00128290,1.79000000
2018-02-25 23:21:34,0.00128280,15.59000000
2018-02-25 23:21:34,0.00128260,71.29000000
2018-02-25 23:21:34,0.00128260,26.48000000
2018-02-25 23:21:35,0.00128490,15.59000000
2018-02-25 23:21:35,0.00128570,36.88000000
2018-02-25 23:21:38,0.00128380,1.79000000
2018-02-25 23:21:38,0.00128560,99.43000000
2018-02-25 23:21:38,0.00128290,1.40000000
2018-02-25 23:21:39,0.00128460,1.40000000
2018-02-25 23:21:39,0.00128500,91.41000000
2018-02-25 23:21:40,0.00128560,26.08000000
2018-02-25 23:21:40,0.00128570,15.59000000
2018-02-25 23:21:40,0.00128600,69.55000000
2018-02-25 23:21:40,0.00128600,62.67000000
2018-02-25 23:21:40,0.00128600,28.34000000
2018-02-25 23:21:41,0.00128430,77.93000000
2018-02-25 23:21:42,0.00128310,2.89000000
2018-02-25 23:21:42,0.00128210,15.59000000
2018-02-25 23:21:42,0.00127780,46.90000000
2018-02-25 23:21:43,0.00128560,1.55000000
2018-02-25 23:21:43,0.00128340,76.38000000
2018-02-25 23:21:43,0.00128430,2.89000000
2018-02-25 23:21:43,0.00128430,5.16000000
2018-02-25 23:21:45,0.00128380,78.15000000
2018-02-25 23:21:45,0.00128370,1.71000000
2018-02-25 23:21:47,0.00128250,1.00000000
2018-02-25 23:21:50,0.00127990,2.27000000
2018-02-25 23:21:50,0.00127990,0.55000000
2018-02-25 23:21:50,0.00127970,0.45000000
2018-02-25 23:21:52,0.00128000,126.31000000
2018-02-25 23:21:52,0.00127990,42.00000000
2018-02-25 23:21:52,0.00127990,33.00000000
2018-02-25 23:21:53,0.00127990,3.15000000
2018-02-25 23:21:54,0.00128320,1.00000000
2018-02-25 23:21:55,0.00128220,3.91000000
2018-02-25 23:21:55,0.00128110,1.50000000
2018-02-25 23:21:55,0.00128230,77.97000000
2018-02-25 23:21:55,0.00128110,0.30000000
2018-02-25 23:21:55,0.00128040,27.71000000
2018-02-25 23:21:58,0.00128060,1.00000000
2018-02-25 23:21:59,0.00128060,104.83000000
2018-02-25 23:21:59,0.00128040,383.68000000
2018-02-25 23:21:59,0.00128030,2.68000000
2018-02-25 23:22:00,0.00128030,0.63000000
2018-02-25 23:22:03,0.00128030,1.95000000
2018-02-25 23:22:03,0.00127980,62.75000000
2018-02-25 23:22:04,0.00127970,3.91000000
2018-02-25 23:22:05,0.00127980,3.90000000
2018-02-25 23:22:06,0.00127980,0.96000000
2018-02-25 23:22:07,0.00127970,16.29000000
2018-02-25 23:22:10,0.00127980,0.72000000
2018-02-25 23:22:12,0.00127980,0.24000000
2018-02-25 23:22:18,0.00127980,126.38000000
2018-02-25 23:22:22,0.00127970,1.80000000
2018-02-25 23:22:22,0.00127980,22.60000000
2018-02-25 23:22:23,0.00127970,0.27000000
2018-02-25 23:22:24,0.00127900,10.93000000
2018-02-25 23:22:24,0.00127750,7.07000000
2018-02-25 23:22:24,0.00127970,6.25000000
2018-02-25 23:22:25,0.00127970,1.63000000
2018-02-25 23:22:25,0.00127980,0.59000000
2018-02-25 23:22:25,0.00127980,8.29000000
2018-02-25 23:22:25,0.00127990,62.75000000
2018-02-25 23:22:25,0.00128000,30.76000000
2018-02-25 23:22:28,0.00128000,143.04000000
2018-02-25 23:22:28,0.00128000,0.05000000
2018-02-25 23:22:30,0.00127900,13.53000000
2018-02-25 23:22:30,0.00127770,8.15000000
2018-02-25 23:22:30,0.00127760,89.00000000
2018-02-25 23:22:30,0.00127750,16.17000000
2018-02-25 23:22:30,0.00127680,3.91000000
2018-02-25 23:22:30,0.00127600,23.93000000
2018-02-25 23:22:30,0.00127570,73.33000000
2018-02-25 23:22:30,0.00127550,306.50000000
2018-02-25 23:22:30,0.00127550,6.84000000
2018-02-25 23:22:30,0.00127550,5.70000000
2018-02-25 23:22:30,0.00127550,40.00000000
2018-02-25 23:22:30,0.00127550,6.84000000
2018-02-25 23:22:30,0.00127550,23.45000000
2018-02-25 23:22:30,0.00127550,33.33000000
2018-02-25 23:22:30,0.00127550,22.06000000
2018-02-25 23:22:30,0.00127510,6.84000000
2018-02-25 23:22:30,0.00127520,23.45000000
2018-02-25 23:22:31,0.00127890,23.45000000
2018-02-25 23:22:32,0.00127880,73.33000000
2018-02-25 23:22:36,0.00127830,68.36000000
2018-02-25 23:22:37,0.00127870,1.95000000
2018-02-25 23:22:37,0.00127870,3.75000000
2018-02-25 23:22:37,0.00127880,1.25000000
2018-02-25 23:22:39,0.00127870,1.56000000
2018-02-25 23:22:39,0.00127870,1.49000000
2018-02-25 23:22:41,0.00127800,1.00000000
2018-02-25 23:22:41,0.00127560,73.31000000
2018-02-25 23:22:41,0.00127550,26.91000000
2018-02-25 23:22:41,0.00127560,78.38000000
2018-02-25 23:22:41,0.00127550,28.18000000
2018-02-25 23:22:44,0.00127550,17.83000000
2018-02-25 23:22:44,0.00127550,73.47000000
2018-02-25 23:22:44,0.00127500,115.86000000
2018-02-25 23:22:44,0.00127490,2.33000000
2018-02-25 23:22:44,0.00127480,704.04000000
2018-02-25 23:22:44,0.00127450,131.53000000
2018-02-25 23:22:45,0.00127540,1.00000000
2018-02-25 23:22:45,0.00127540,1.25000000
2018-02-25 23:22:45,0.00127540,76.13000000
2018-02-25 23:22:45,0.00127550,68.19000000
2018-02-25 23:22:46,0.00127500,4.47000000
2018-02-25 23:22:46,0.00127500,3.73000000
2018-02-25 23:22:46,0.00127500,3.17000000
2018-02-25 23:22:47,0.00127470,1.80000000
2018-02-25 23:22:47,0.00127460,8.91000000
2018-02-25 23:22:47,0.00127450,118.68000000
2018-02-25 23:22:47,0.00127430,29.54000000
2018-02-25 23:22:47,0.00127410,299.91000000
2018-02-25 23:22:47,0.00127700,1.00000000
2018-02-25 23:22:48,0.00127560,1.00000000
2018-02-25 23:22:48,0.00127560,0.80000000
2018-02-25 23:22:48,0.00127770,2.52000000
2018-02-25 23:22:48,0.00127670,9.82000000
2018-02-25 23:22:49,0.00127660,73.31000000
2018-02-25 23:22:50,0.00127640,8.85000000
2018-02-25 23:22:50,0.00127770,0.26000000
2018-02-25 23:22:52,0.00127520,7.12000000
2018-02-25 23:22:55,0.00127770,2.35000000
2018-02-25 23:22:55,0.00127770,86.45000000
2018-02-25 23:22:56,0.00127870,2.70000000
2018-02-25 23:22:56,0.00127770,15.82000000
2018-02-25 23:22:57,0.00127880,1.88000000
2018-02-25 23:22:57,0.00127880,9.54000000
2018-02-25 23:22:58,0.00127770,160.62000000
2018-02-25 23:22:58,0.00127770,269.18000000
2018-02-25 23:23:00,0.00127770,2.74000000
2018-02-25 23:23:02,0.00127770,102.57000000
2018-02-25 23:23:02,0.00127770,6.96000000
2018-02-25 23:23:04,0.00127770,3.23000000
2018-02-25 23:23:05,0.00127700,37.87000000
2018-02-25 23:23:05,0.00127770,23.52000000
2018-02-25 23:23:06,0.00127530,1.80000000
2018-02-25 23:23:06,0.00127510,15.68000000
2018-02-25 23:23:06,0.00127490,2.33000000
2018-02-25 23:23:06,0.00127420,45.95000000
2018-02-25 23:23:09,0.00127420,4.05000000
2018-02-25 23:23:10,0.00127510,12.93000000
2018-02-25 23:23:10,0.00127510,12.93000000
2018-02-25 23:23:10,0.00127510,5.30000000
2018-02-25 23:23:10,0.00127510,42.69000000
2018-02-25 23:23:10,0.00127620,1.80000000
2018-02-25 23:23:10,0.00127620,0.48000000
2018-02-25 23:23:10,0.00127510,18.47000000
2018-02-25 23:23:11,0.00127510,12.69000000
2018-02-25 23:23:12,0.00127420,42.00000000
2018-02-25 23:23:12,0.00127420,1.72000000
2018-02-25 23:23:13,0.00127420,11.14000000
2018-02-25 23:23:13,0.00127420,8.60000000
2018-02-25 23:23:14,0.00127420,1.96000000
2018-02-25 23:23:15,0.00127420,15.70000000
2018-02-25 23:23:15,0.00127420,1.18000000
2018-02-25 23:23:15,0.00127410,37.87000000
2018-02-25 23:23:15,0.00127420,11.69000000
2018-02-25 23:23:15,0.00127420,1.96000000
2018-02-25 23:23:15,0.00127420,1.96000000
2018-02-25 23:23:15,0.00127410,93.04000000
2018-02-25 23:23:15,0.00127400,25.33000000
2018-02-25 23:23:16,0.00127400,1.96000000
2018-02-25 23:23:16,0.00127400,11.77000000
2018-02-25 23:23:18,0.00127370,1.57000000
2018-02-25 23:23:18,0.00127350,22.39000000
2018-02-25 23:23:18,0.00127330,6.90000000
2018-02-25 23:23:18,0.00127270,3.14000000
2018-02-25 23:23:18,0.00127170,17.24000000
2018-02-25 23:23:18,0.00127130,3.33000000
2018-02-25 23:23:18,0.00127080,3.06000000
2018-02-25 23:23:18,0.00127050,25.88000000
2018-02-25 23:23:18,0.00127040,12.00000000
2018-02-25 23:23:18,0.00127030,73.52000000
2018-02-25 23:23:18,0.00127020,14.05000000
2018-02-25 23:23:18,0.00127010,23.23000000
2018-02-25 23:23:18,0.00127000,144.99000000
2018-02-25 23:23:18,0.00127000,82.37000000
2018-02-25 23:23:18,0.00127010,409.25000000
2018-02-25 23:23:18,0.00127300,1.00000000
2018-02-25 23:23:19,0.00127380,12.79000000
2018-02-25 23:23:20,0.00127370,1.57000000
2018-02-25 23:23:20,0.00127380,1.33000000
2018-02-25 23:23:21,0.00127390,15.68000000
2018-02-25 23:23:21,0.00127400,0.01000000
2018-02-25 23:23:22,0.00127380,0.79000000
2018-02-25 23:23:22,0.00127380,7.85000000
2018-02-25 23:23:23,0.00127380,0.19000000
2018-02-25 23:23:23,0.00127380,3.14000000
2018-02-25 23:23:24,0.00127350,1.00000000
2018-02-25 23:23:24,0.00127250,1.81000000
2018-02-25 23:23:24,0.00127240,1.01000000
2018-02-25 23:23:24,0.00127240,1.01000000
2018-02-25 23:23:24,0.00127240,9.44000000
2018-02-25 23:23:24,0.00127240,9.48000000
2018-02-25 23:23:24,0.00127240,6.25000000
2018-02-25 23:23:25,0.00127240,1.00000000
2018-02-25 23:23:25,0.00127340,1.81000000
2018-02-25 23:23:25,0.00127380,47.43000000
2018-02-25 23:23:25,0.00127400,383.22000000
2018-02-25 23:23:26,0.00127420,27.00000000
2018-02-25 23:23:27,0.00127400,31.82000000
2018-02-25 23:23:27,0.00127400,7.95000000
2018-02-25 23:23:27,0.00127400,16.48000000
2018-02-25 23:23:28,0.00127400,43.17000000
2018-02-25 23:23:28,0.00127300,1.00000000
2018-02-25 23:23:28,0.00127400,56.25000000
2018-02-25 23:23:29,0.00127140,78.71000000
2018-02-25 23:23:29,0.00127020,15.74000000
2018-02-25 23:23:29,0.00127000,166.86000000
2018-02-25 23:23:30,0.00127380,1.56000000
2018-02-25 23:23:31,0.00127360,14.34000000
2018-02-25 23:23:31,0.00127380,1.00000000
2018-02-25 23:23:31,0.00127380,13.10000000
2018-02-25 23:23:31,0.00127250,15.71000000
2018-02-25 23:23:31,0.00127110,1.81000000
2018-02-25 23:23:31,0.00127030,49.20000000
2018-02-25 23:23:31,0.00127030,11.99000000
2018-02-25 23:23:31,0.00127000,53.67000000
2018-02-25 23:23:31,0.00126960,7.22000000
2018-02-25 23:23:31,0.00126950,331.83000000
2018-02-25 23:23:31,0.00126930,20.36000000
2018-02-25 23:23:31,0.00126920,5.44000000
2018-02-25 23:23:31,0.00126910,3.15000000
2018-02-25 23:23:31,0.00126880,405.11000000
2018-02-25 23:23:31,0.00127280,63.05000000
2018-02-25 23:23:31,0.00127290,1.00000000
2018-02-25 23:23:32,0.00127200,1.81000000
2018-02-25 23:23:32,0.00127300,1.00000000
2018-02-25 23:23:32,0.00127200,3.62000000
2018-02-25 23:23:32,0.00126880,4.29000000
2018-02-25 23:23:32,0.00126870,39.92000000
2018-02-25 23:23:32,0.00126850,5.85000000
2018-02-25 23:23:32,0.00126840,1.00000000
2018-02-25 23:23:32,0.00126800,0.79000000
2018-02-25 23:23:32,0.00126790,247.05000000
2018-02-25 23:23:32,0.00126780,5.09000000
2018-02-25 23:23:32,0.00126770,495.22000000
2018-02-25 23:23:32,0.00127290,1.38000000
2018-02-25 23:23:34,0.00127300,20.00000000
2018-02-25 23:23:34,0.00127220,1.38000000
2018-02-25 23:23:34,0.00127000,409.60000000
2018-02-25 23:23:36,0.00127020,33.94000000
2018-02-25 23:23:37,0.00127280,1.00000000
2018-02-25 23:23:37,0.00127340,15.74000000
2018-02-25 23:23:37,0.00127350,16.76000000
2018-02-25 23:23:37,0.00127350,1.92000000
2018-02-25 23:23:40,0.00127290,15.71000000
2018-02-25 23:23:40,0.00127280,4.35000000
2018-02-25 23:23:40,0.00127280,29.59000000
2018-02-25 23:23:40,0.00127290,48.42000000
2018-02-25 23:23:44,0.00127250,79.47000000
2018-02-25 23:23:44,0.00127280,1.00000000
2018-02-25 23:23:46,0.00127230,151.98000000
2018-02-25 23:23:46,0.00127230,1.00000000
2018-02-25 23:23:46,0.00127080,1.81000000
2018-02-25 23:23:46,0.00127070,0.88000000
2018-02-25 23:23:47,0.00127170,1.81000000
2018-02-25 23:23:47,0.00127230,15.40000000
2018-02-25 23:23:48,0.00127070,0.26000000
2018-02-25 23:23:48,0.00127030,15.74000000
2018-02-25 23:23:48,0.00127000,3.00000000
2018-02-25 23:23:49,0.00127290,300.73000000
2018-02-25 23:23:50,0.00127040,26.85000000
2018-02-25 23:23:50,0.00127300,1.00000000
2018-02-25 23:23:51,0.00127250,1.00000000
2018-02-25 23:23:51,0.00127150,29.17000000
2018-02-25 23:23:51,0.00127150,22.69000000
2018-02-25 23:23:51,0.00127030,82.82000000
2018-02-25 23:23:51,0.00127270,130.12000000
2018-02-25 23:23:52,0.00127290,78.71000000
2018-02-25 23:23:53,0.00127300,8.53000000
2018-02-25 23:23:54,0.00127390,8.53000000
2018-02-25 23:23:55,0.00127290,11.37000000
2018-02-25 23:23:55,0.00127200,1.00000000
2018-02-25 23:23:55,0.00127200,19.00000000
2018-02-25 23:23:55,0.00127270,87.88000000
2018-02-25 23:23:59,0.00127170,19.96000000
2018-02-25 23:24:00,0.00127290,1.96000000
2018-02-25 23:24:00,0.00127290,785.42000000
2018-02-25 23:24:01,0.00127340,2.92000000
2018-02-25 23:24:01,0.00127350,7.78000000
2018-02-25 23:24:01,0.00127350,99.52000000
2018-02-25 23:24:03,0.00127290,1.96000000
2018-02-25 23:24:03,0.00127070,15.73000000
2018-02-25 23:24:03,0.00127040,91.64000000
2018-02-25 23:24:03,0.00127300,1.40000000
2018-02-25 23:24:03,0.00127400,51.22000000
2018-02-25 23:24:03,0.00127420,247.79000000
2018-02-25 23:24:03,0.00127500,1.40000000
2018-02-25 23:24:04,0.00127500,3.14000000
2018-02-25 23:24:04,0.00127500,9.02000000
2018-02-25 23:24:06,0.00127490,1.81000000
2018-02-25 23:24:06,0.00127500,3.36000000
2018-02-25 23:24:06,0.00127500,1.96000000
2018-02-25 23:24:06,0.00127290,33.94000000
2018-02-25 23:24:07,0.00127500,3.84000000
2018-02-25 23:24:07,0.00127500,1.96000000
2018-02-25 23:24:07,0.00127500,0.32000000
2018-02-25 23:24:07,0.00127500,0.94000000
2018-02-25 23:24:08,0.00127500,0.24000000
2018-02-25 23:24:08,0.00127540,5.05000000
2018-02-25 23:24:08,0.00127400,0.34000000
2018-02-25 23:24:10,0.00127500,309.19000000
2018-02-25 23:24:10,0.00127540,9.97000000
2018-02-25 23:24:11,0.00127500,3.53000000
2018-02-25 23:24:13,0.00127500,2.00000000
2018-02-25 23:24:13,0.00127500,5.33000000
2018-02-25 23:24:13,0.00127500,1.92000000
2018-02-25 23:24:14,0.00127500,1.54000000
2018-02-25 23:24:15,0.00127500,1.91000000
2018-02-25 23:24:17,0.00127500,9.45000000
2018-02-25 23:24:17,0.00127540,2.71000000
2018-02-25 23:24:17,0.00127540,4.96000000
2018-02-25 23:24:18,0.00127540,5.08000000
2018-02-25 23:24:19,0.00127540,33.79000000
2018-02-25 23:24:19,0.00127550,24.62000000
2018-02-25 23:24:20,0.00127550,5.88000000
2018-02-25 23:24:20,0.00127540,118.32000000
2018-02-25 23:24:20,0.00127450,11.84000000
2018-02-25 23:24:21,0.00127450,3.14000000
2018-02-25 23:24:22,0.00127450,3.92000000
2018-02-25 23:24:24,0.00127450,22.42000000
2018-02-25 23:24:24,0.00127450,24.72000000
2018-02-25 23:24:25,0.00127450,70.68000000
2018-02-25 23:24:25,0.00127550,16.63000000
2018-02-25 23:24:26,0.00127550,1.43000000
2018-02-25 23:24:27,0.00127550,31.88000000
2018-02-25 23:24:28,0.00127750,10.32000000
2018-02-25 23:24:29,0.00127750,1.96000000
2018-02-25 23:24:29,0.00127750,4.70000000
2018-02-25 23:24:29,0.00127640,25.57000000
2018-02-25 23:24:29,0.00127750,20.59000000
2018-02-25 23:24:29,0.00127550,71.71000000
2018-02-25 23:24:30,0.00127750,1.96000000
2018-02-25 23:24:30,0.00127750,3.91000000
2018-02-25 23:24:30,0.00127750,50.78000000
2018-02-25 23:24:31,0.00127740,1.96000000
2018-02-25 23:24:32,0.00127730,7.65000000
2018-02-25 23:24:32,0.00127460,5.41000000
2018-02-25 23:24:32,0.00127730,1.25000000
2018-02-25 23:24:33,0.00127730,1.60000000
2018-02-25 23:24:33,0.00127740,23.63000000
2018-02-25 23:24:34,0.00127720,2.07000000
2018-02-25 23:24:34,0.00127740,4.35000000
2018-02-25 23:24:35,0.00127740,1.96000000
2018-02-25 23:24:35,0.00127740,56.46000000
2018-02-25 23:24:35,0.00127740,20.41000000
2018-02-25 23:24:39,0.00127490,15.68000000
2018-02-25 23:24:41,0.00127480,1.96000000
2018-02-25 23:24:43,0.00127450,2.00000000
2018-02-25 23:24:43,0.00127440,1.96000000
2018-02-25 23:24:46,0.00127440,1.49000000
2018-02-25 23:24:46,0.00127450,31.20000000
2018-02-25 23:24:47,0.00127490,10.00000000
2018-02-25 23:24:50,0.00127490,9.41000000
2018-02-25 23:24:51,0.00127480,4.78000000
2018-02-25 23:24:51,0.00127400,1.19000000
2018-02-25 23:24:51,0.00127300,8.17000000
2018-02-25 23:24:51,0.00127290,83.13000000
2018-02-25 23:24:51,0.00127210,90.03000000
2018-02-25 23:24:53,0.00127490,3.14000000
2018-02-25 23:24:54,0.00127480,1.41000000
2018-02-25 23:24:58,0.00127240,78.60000000
2018-02-25 23:24:58,0.00127230,26.96000000
2018-02-25 23:25:01,0.00127460,1.60000000
2018-02-25 23:25:01,0.00127330,31.18000000
2018-02-25 23:25:02,0.00127230,25.20000000
2018-02-25 23:25:04,0.00127330,1.02000000
2018-02-25 23:25:05,0.00127330,1.73000000
2018-02-25 23:25:06,0.00127240,4.67000000
2018-02-25 23:25:06,0.00127330,1.96000000
2018-02-25 23:25:09,0.00127330,41.11000000
2018-02-25 23:25:09,0.00127340,19.39000000
2018-02-25 23:25:09,0.00127240,1.00000000
2018-02-25 23:25:12,0.00127340,1.23000000
2018-02-25 23:25:12,0.00127340,1.23000000
2018-02-25 23:25:14,0.00127340,1.57000000
2018-02-25 23:25:15,0.00127340,7.76000000
2018-02-25 23:25:16,0.00127480,14.27000000
2018-02-25 23:25:17,0.00127340,42.42000000
2018-02-25 23:25:20,0.00127410,96.31000000
2018-02-25 23:25:21,0.00127340,265.77000000
2018-02-25 23:25:22,0.00127340,120.42000000
2018-02-25 23:25:23,0.00127490,1.96000000
2018-02-25 23:25:23,0.00127490,7.84000000
2018-02-25 23:25:23,0.00127490,1.37000000
2018-02-25 23:25:24,0.00127340,14.14000000
2018-02-25 23:25:25,0.00127490,59.66000000
2018-02-25 23:25:26,0.00127340,30.99000000
2018-02-25 23:25:27,0.00127490,13.34000000
2018-02-25 23:25:28,0.00127490,1.32000000
2018-02-25 23:25:30,0.00127340,15.71000000
2018-02-25 23:25:32,0.00127480,3.00000000
2018-02-25 23:25:34,0.00127480,0.66000000
2018-02-25 23:25:36,0.00127490,290.27000000
2018-02-25 23:25:36,0.00127500,376.88000000
2018-02-25 23:25:36,0.00127500,0.33000000
2018-02-25 23:25:36,0.00127410,36.80000000
2018-02-25 23:25:36,0.00127500,604.83000000
2018-02-25 23:25:39,0.00127480,136.30000000
2018-02-25 23:25:40,0.00127410,36.80000000
2018-02-25 23:25:40,0.00127340,18.20000000
2018-02-25 23:25:43,0.00127640,0.17000000
2018-02-25 23:25:45,0.00127410,37.74000000
2018-02-25 23:25:48,0.00127410,56.93000000
2018-02-25 23:25:51,0.00127570,26.70000000
2018-02-25 23:25:51,0.00127440,28.82000000
2018-02-25 23:25:51,0.00127600,101.92000000
2018-02-25 23:25:51,0.00127440,31.06000000
2018-02-25 23:25:51,0.00127410,90.33000000
2018-02-25 23:25:53,0.00127640,1.00000000
2018-02-25 23:25:54,0.00127730,68.62000000
2018-02-25 23:25:54,0.00127740,8.72000000
2018-02-25 23:25:54,0.00127750,1.17000000
2018-02-25 23:25:55,0.00127740,13.27000000
2018-02-25 23:25:55,0.00127570,2.97000000
2018-02-25 23:25:56,0.00127570,25.00000000
2018-02-25 23:25:58,0.00127750,7.05000000
2018-02-25 23:26:02,0.00127750,11.74000000
2018-02-25 23:26:03,0.00127650,42.29000000
2018-02-25 23:26:06,0.00127750,11.53000000
2018-02-25 23:26:07,0.00127750,2.78000000
2018-02-25 23:26:10,0.00127750,14.26000000
2018-02-25 23:26:12,0.00127750,1.96000000
2018-02-25 23:26:15,0.00127670,107.41000000
2018-02-25 23:26:17,0.00127600,14.67000000
2018-02-25 23:26:19,0.00127720,39.47000000
2018-02-25 23:26:19,0.00127720,117.44000000
2018-02-25 23:26:20,0.00127720,4.15000000
2018-02-25 23:26:22,0.00127720,74.89000000
2018-02-25 23:26:22,0.00127750,86.12000000
2018-02-25 23:26:22,0.00127750,3.92000000
2018-02-25 23:26:22,0.00127750,31.60000000
2018-02-25 23:26:23,0.00127750,15.00000000
2018-02-25 23:26:24,0.00127750,53.75000000
2018-02-25 23:26:25,0.00127750,1.56000000
2018-02-25 23:26:26,0.00127750,96.86000000
2018-02-25 23:26:28,0.00127750,1.96000000
2018-02-25 23:26:30,0.00127720,26.36000000
2018-02-25 23:26:30,0.00127720,52.68000000
2018-02-25 23:26:30,0.00127600,5.17000000
2018-02-25 23:26:32,0.00127720,0.04000000
2018-02-25 23:26:32,0.00127750,128.02000000
2018-02-25 23:26:32,0.00127650,47.90000000
2018-02-25 23:26:33,0.00127750,5.03000000
2018-02-25 23:26:33,0.00127750,12.06000000
2018-02-25 23:26:35,0.00127750,60.44000000
2018-02-25 23:26:38,0.00127880,4.00000000
2018-02-25 23:26:38,0.00127880,39.61000000
2018-02-25 23:26:38,0.00127880,49.25000000
2018-02-25 23:26:38,0.00127750,119.48000000
2018-02-25 23:26:39,0.00127750,2.00000000
2018-02-25 23:26:42,0.00127750,47.25000000
2018-02-25 23:26:42,0.00127600,149.11000000
2018-02-25 23:26:44,0.00127880,8.43000000
2018-02-25 23:26:45,0.00127700,12.45000000
2018-02-25 23:26:47,0.00127700,43.82000000
2018-02-25 23:26:47,0.00127800,61.69000000
2018-02-25 23:26:50,0.00127750,113.03000000
2018-02-25 23:26:53,0.00127800,1.02000000
2018-02-25 23:26:54,0.00127700,178.69000000
2018-02-25 23:26:58,0.00127700,220.00000000
2018-02-25 23:26:58,0.00127600,104.21000000
2018-02-25 23:27:04,0.00127600,51.57000000
2018-02-25 23:27:04,0.00127600,2.11000000
2018-02-25 23:27:04,0.00127790,7.89000000
2018-02-25 23:27:04,0.00127590,169.89000000
2018-02-25 23:27:04,0.00127570,15.93000000
2018-02-25 23:27:04,0.00127540,15.68000000
2018-02-25 23:27:06,0.00127530,50.00000000
2018-02-25 23:27:07,0.00127650,53.52000000
2018-02-25 23:27:10,0.00127540,101.24000000
2018-02-25 23:27:13,0.00127750,17.53000000
2018-02-25 23:27:18,0.00127690,1.71000000
2018-02-25 23:27:18,0.00127690,1.71000000
2018-02-25 23:27:18,0.00127690,2.87000000
2018-02-25 23:27:18,0.00127500,1.71000000
2018-02-25 23:27:22,0.00127690,26.18000000
2018-02-25 23:27:22,0.00127700,23.82000000
2018-02-25 23:27:23,0.00127500,30.50000000
2018-02-25 23:27:23,0.00127500,8.10000000
2018-02-25 23:27:23,0.00127500,8.10000000
2018-02-25 23:27:23,0.00127500,8.12000000
2018-02-25 23:27:23,0.00127470,1.58000000
2018-02-25 23:27:23,0.00127470,1.58000000
2018-02-25 23:27:23,0.00127470,1.58000000
2018-02-25 23:27:23,0.00127450,8.10000000
2018-02-25 23:27:23,0.00127470,113.90000000
2018-02-25 23:27:28,0.00127500,216.32000000
2018-02-25 23:27:33,0.00127470,4.74000000
2018-02-25 23:27:33,0.00127450,15.82000000
2018-02-25 23:27:33,0.00127500,292.96000000
2018-02-25 23:27:42,0.00127450,34.70000000
2018-02-25 23:27:42,0.00127450,58.06000000
2018-02-25 23:27:43,0.00127470,59.13000000
2018-02-25 23:27:43,0.00127490,246.26000000
2018-02-25 23:27:43,0.00127500,194.90000000
2018-02-25 23:27:48,0.00127460,12.00000000
2018-02-25 23:27:52,0.00127460,38.91000000
2018-02-25 23:27:55,0.00127470,124.25000000
2018-02-25 23:27:57,0.00127500,85.71000000
2018-02-25 23:27:59,0.00127540,2.45000000
2018-02-25 23:28:00,0.00127540,64.80000000
2018-02-25 23:28:00,0.00127460,376.14000000
2018-02-25 23:28:05,0.00127410,30.00000000
2018-02-25 23:28:05,0.00127400,14.33000000
2018-02-25 23:28:05,0.00127290,40.60000000
2018-02-25 23:28:05,0.00127240,15.88000000
2018-02-25 23:28:05,0.00127220,3.93000000
2018-02-25 23:28:05,0.00127200,272.76000000
2018-02-25 23:28:05,0.00127170,235.74000000
2018-02-25 23:28:09,0.00127440,1.00000000
2018-02-25 23:28:09,0.00127530,1.00000000
2018-02-25 23:28:09,0.00127460,6.32000000
2018-02-25 23:28:10,0.00127170,58.39000000
2018-02-25 23:28:10,0.00127180,12.37000000
2018-02-25 23:28:14,0.00127300,64.74000000
2018-02-25 23:28:14,0.00127420,12.37000000
2018-02-25 23:28:14,0.00127430,2.31000000
2018-02-25 23:28:15,0.00127430,12.37000000
2018-02-25 23:28:15,0.00127210,5.32000000
2018-02-25 23:28:15,0.00127210,24.68000000
2018-02-25 23:28:15,0.00127190,3.69000000
2018-02-25 23:28:15,0.00127180,15.72000000
2018-02-25 23:28:15,0.00127170,55.43000000
2018-02-25 23:28:15,0.00127020,11.00000000
2018-02-25 23:28:15,0.00127000,161.76000000
2018-02-25 23:28:15,0.00126910,1.61000000
2018-02-25 23:28:15,0.00127000,46.56000000
2018-02-25 23:28:15,0.00127440,0.23000000
2018-02-25 23:28:15,0.00127440,1.77000000
2018-02-25 23:28:15,0.00127540,1.61000000
2018-02-25 23:28:18,0.00127430,161.12000000
2018-02-25 23:28:20,0.00127430,1.84000000
2018-02-25 23:28:24,0.00127400,1.18000000
2018-02-25 23:28:26,0.00127230,22.66000000
2018-02-25 23:28:27,0.00127400,2.76000000
2018-02-25 23:28:31,0.00127400,1.00000000
2018-02-25 23:28:31,0.00127400,2.76000000
2018-02-25 23:28:34,0.00127300,5.23000000
2018-02-25 23:28:37,0.00127400,4.64000000
2018-02-25 23:28:37,0.00127430,0.55000000
2018-02-25 23:28:39,0.00127390,161.10000000
2018-02-25 23:28:46,0.00127300,1.00000000
2018-02-25 23:28:48,0.00127230,20.00000000
2018-02-25 23:28:48,0.00127230,22.00000000
2018-02-25 23:28:51,0.00127250,30.07000000
2018-02-25 23:28:51,0.00127250,30.07000000
2018-02-25 23:28:51,0.00127250,23.52000000
2018-02-25 23:28:51,0.00127250,53.52000000
2018-02-25 23:28:51,0.00127250,53.52000000
2018-02-25 23:28:51,0.00127230,23.52000000
2018-02-25 23:28:52,0.00127240,70.23000000
2018-02-25 23:28:57,0.00127230,277.26000000
2018-02-25 23:28:57,0.00127220,64.66000000
2018-02-25 23:28:57,0.00127220,94.63000000
2018-02-25 23:28:58,0.00127200,11.08000000
2018-02-25 23:28:58,0.00127250,709.74000000
2018-02-25 23:28:59,0.00127300,2.00000000
2018-02-25 23:28:59,0.00127300,2.01000000
2018-02-25 23:28:59,0.00127300,2.00000000
2018-02-25 23:29:00,0.00127300,110.89000000
2018-02-25 23:29:00,0.00127390,33.50000000
2018-02-25 23:29:00,0.00127400,4.04000000
2018-02-25 23:29:00,0.00127090,39.43000000
2018-02-25 23:29:05,0.00127390,2.35000000
2018-02-25 23:29:05,0.00127390,5.00000000
2018-02-25 23:29:08,0.00127230,10.72000000
2018-02-25 23:29:08,0.00127090,146.07000000
2018-02-25 23:29:09,0.00127220,3.00000000
2018-02-25 23:29:10,0.00127220,27.51000000
2018-02-25 23:29:10,0.00127220,3.08000000
2018-02-25 23:29:10,0.00127220,5.84000000
2018-02-25 23:29:10,0.00127230,10.72000000
2018-02-25 23:29:11,0.00127100,78.63000000
2018-02-25 23:29:11,0.00127090,443.12000000
2018-02-25 23:29:16,0.00127240,64.03000000
2018-02-25 23:29:16,0.00127240,92.44000000
2018-02-25 23:29:16,0.00127240,124.12000000
2018-02-25 23:29:16,0.00127240,162.92000000
2018-02-25 23:29:17,0.00127240,206.66000000
2018-02-25 23:29:17,0.00127240,38.50000000
2018-02-25 23:29:17,0.00127090,35.94000000
2018-02-25 23:29:19,0.00127230,23.52000000
2018-02-25 23:29:23,0.00127230,23.48000000
2018-02-25 23:29:23,0.00127230,6.51000000
2018-02-25 23:29:23,0.00127230,23.48000000
2018-02-25 23:29:23,0.00127230,120.52000000
2018-02-25 23:29:23,0.00127230,23.48000000
2018-02-25 23:29:23,0.00127230,24.00000000
2018-02-25 23:29:23,0.00127230,24.00000000
2018-02-25 23:29:23,0.00127230,19.57000000
2018-02-25 23:29:23,0.00127090,19.57000000
2018-02-25 23:29:24,0.00127090,5.62000000
2018-02-25 23:29:25,0.00127090,57.97000000
2018-02-25 23:29:25,0.00127050,1.46000000
2018-02-25 23:29:25,0.00127020,2.00000000
2018-02-25 23:29:25,0.00127000,40.66000000
2018-02-25 23:29:25,0.00127000,45.80000000
2018-02-25 23:29:28,0.00127140,75.85000000
2018-02-25 23:29:28,0.00127090,13.21000000
2018-02-25 23:29:28,0.00127000,19.28000000
2018-02-25 23:29:28,0.00126890,3.93000000
2018-02-25 23:29:28,0.00126820,4.20000000
2018-02-25 23:29:28,0.00126800,12.01000000
2018-02-25 23:29:30,0.00126810,78.81000000
2018-02-25 23:29:30,0.00126790,7.59000000
2018-02-25 23:29:30,0.00126770,734.06000000
2018-02-25 23:29:30,0.00126750,160.67000000
2018-02-25 23:29:30,0.00126740,701.24000000
2018-02-25 23:29:30,0.00126740,342.58000000
2018-02-25 23:29:30,0.00126740,151.83000000
2018-02-25 23:29:30,0.00126980,1.00000000
2018-02-25 23:29:31,0.00127070,1.00000000
2018-02-25 23:29:31,0.00127070,1.97000000
2018-02-25 23:29:32,0.00127070,3.53000000
2018-02-25 23:29:34,0.00127070,3.93000000
2018-02-25 23:29:35,0.00127000,5.00000000
2018-02-25 23:29:35,0.00126990,68.37000000
2018-02-25 23:29:35,0.00126990,0.01000000
2018-02-25 23:29:35,0.00127000,3.53000000
2018-02-25 23:29:35,0.00126790,61.37000000
2018-02-25 23:29:36,0.00127000,134.45000000
2018-02-25 23:29:36,0.00127000,36.09000000
2018-02-25 23:29:37,0.00127000,2.78000000
2018-02-25 23:29:38,0.00126990,3.93000000
2018-02-25 23:29:38,0.00126800,30.00000000
2018-02-25 23:29:38,0.00126790,169.29000000
2018-02-25 23:29:38,0.00126760,3.94000000
2018-02-25 23:29:38,0.00126740,458.36000000
2018-02-25 23:29:38,0.00127000,2.24000000
2018-02-25 23:29:38,0.00126980,52.52000000
2018-02-25 23:29:38,0.00126980,52.52000000
2018-02-25 23:29:40,0.00126750,90.00000000
2018-02-25 23:29:40,0.00126740,130.54000000
2018-02-25 23:29:41,0.00126740,225.47000000
2018-02-25 23:29:41,0.00126700,280.63000000
2018-02-25 23:29:41,0.00126660,174.39000000
2018-02-25 23:29:41,0.00126650,2.56000000
2018-02-25 23:29:41,0.00126620,1.00000000
2018-02-25 23:29:41,0.00126600,88.23000000
2018-02-25 23:29:41,0.00126570,2.37000000
2018-02-25 23:29:41,0.00126520,261.13000000
2018-02-25 23:29:41,0.00126510,2.50000000
2018-02-25 23:29:41,0.00126500,2742.07000000
2018-02-25 23:29:41,0.00126500,8.52000000
2018-02-25 23:29:41,0.00126600,61.61000000
2018-02-25 23:29:42,0.00126610,78.96000000
2018-02-25 23:29:42,0.00126600,108.84000000
2018-02-25 23:29:42,0.00126880,1.22000000
2018-02-25 23:29:42,0.00126970,4.24000000
2018-02-25 23:29:42,0.00126970,3.15000000
2018-02-25 23:29:42,0.00126840,1.22000000
2018-02-25 23:29:44,0.00126960,14.49000000
2018-02-25 23:29:45,0.00126960,1.67000000
2018-02-25 23:29:47,0.00126830,16.34000000
2018-02-25 23:29:48,0.00126740,79.69000000
2018-02-25 23:29:48,0.00126740,2.43000000
2018-02-25 23:29:49,0.00126830,1.97000000
2018-02-25 23:29:49,0.00126830,6.54000000
2018-02-25 23:29:50,0.00126830,2.37000000
2018-02-25 23:29:50,0.00126820,14.98000000
2018-02-25 23:29:50,0.00126810,11.83000000
2018-02-25 23:29:50,0.00126790,125.23000000
2018-02-25 23:29:50,0.00126790,17.01000000
2018-02-25 23:29:54,0.00126810,4.73000000
2018-02-25 23:29:54,0.00126810,1.58000000
2018-02-25 23:29:55,0.00126810,6.36000000
2018-02-25 23:29:56,0.00126740,4.77000000
2018-02-25 23:29:57,0.00126810,11.08000000
2018-02-25 23:29:57,0.00126740,40.81000000
2018-02-25 23:29:57,0.00126700,13.82000000
2018-02-25 23:29:57,0.00126600,398.97000000
2018-02-25 23:29:57,0.00126500,21.96000000
2018-02-25 23:29:58,0.00126530,79.02000000
2018-02-25 23:29:58,0.00126520,83.00000000
2018-02-25 23:29:58,0.00126500,305.32000000
2018-02-25 23:29:58,0.00126490,3.95000000
2018-02-25 23:29:58,0.00126460,41.08000000
2018-02-25 23:29:58,0.00126420,88.61000000
2018-02-25 23:29:58,0.00126400,6.62000000
2018-02-25 23:29:58,0.00126390,27.99000000
2018-02-25 23:29:58,0.00126330,20.79000000
2018-02-25 23:29:58,0.00126320,37.50000000
2018-02-25 23:29:58,0.00126300,265.84000000
2018-02-25 23:29:58,0.00126280,24.32000000
2018-02-25 23:29:58,0.00126260,18.24000000
2018-02-25 23:29:58,0.00126250,39.80000000
2018-02-25 23:29:58,0.00126510,1.72000000
