DATE,PRICE,VOLUME
2018-02-26 04:00:00,0.00123690,1.61000000
2018-02-26 04:00:01,0.00123580,342.09000000
2018-02-26 04:00:01,0.00123690,2.02000000
2018-02-26 04:00:02,0.00123460,2.00000000
2018-02-26 04:00:02,0.00123450,12.73000000
2018-02-26 04:00:04,0.00123660,2.02000000
2018-02-26 04:00:09,0.00123520,36.70000000
2018-02-26 04:00:09,0.00123520,2.84000000
2018-02-26 04:00:11,0.00123520,3.24000000
2018-02-26 04:00:15,0.00123520,52.76000000
2018-02-26 04:00:17,0.00123520,2.37000000
2018-02-26 04:00:17,0.00123520,484.07000000
2018-02-26 04:00:18,0.00123520,855.75000000
2018-02-26 04:00:20,0.00123410,19.01000000
2018-02-26 04:00:20,0.00123310,1.00000000
2018-02-26 04:00:20,0.00123290,417.49000000
2018-02-26 04:00:20,0.00123260,42.18000000
2018-02-26 04:00:20,0.00123250,1.00000000
2018-02-26 04:00:20,0.00123240,1.00000000
2018-02-26 04:00:20,0.00123230,1.00000000
2018-02-26 04:00:20,0.00123220,1.00000000
2018-02-26 04:00:20,0.00123210,6.67000000
2018-02-26 04:00:20,0.00123200,3.02000000
2018-02-26 04:00:20,0.00123190,1.00000000
2018-02-26 04:00:20,0.00123180,1.00000000
2018-02-26 04:00:20,0.00123170,1.00000000
2018-02-26 04:00:20,0.00123160,2.00000000
2018-02-26 04:00:20,0.00123150,3.39000000
2018-02-26 04:00:20,0.00123140,1.00000000
2018-02-26 04:00:20,0.00123130,1.00000000
2018-02-26 04:00:20,0.00123120,1.00000000
2018-02-26 04:00:20,0.00123110,242.46000000
2018-02-26 04:00:20,0.00123100,3.82000000
2018-02-26 04:00:20,0.00123090,1.00000000
2018-02-26 04:00:20,0.00123080,1.00000000
2018-02-26 04:00:20,0.00123070,1.00000000
2018-02-26 04:00:20,0.00123060,1.00000000
2018-02-26 04:00:20,0.00123050,1.00000000
2018-02-26 04:00:20,0.00123040,1.00000000
2018-02-26 04:00:20,0.00123030,1.00000000
2018-02-26 04:00:20,0.00123020,1.00000000
2018-02-26 04:00:20,0.00123010,3.66000000
2018-02-26 04:00:20,0.00123000,52.58000000
2018-02-26 04:00:20,0.00122970,14.03000000
2018-02-26 04:00:20,0.00122960,2.33000000
2018-02-26 04:00:20,0.00122950,1.20000000
2018-02-26 04:00:20,0.00122900,5.00000000
2018-02-26 04:00:20,0.00122820,81.41000000
2018-02-26 04:00:20,0.00122790,3.08000000
2018-02-26 04:00:20,0.00122780,26.98000000
2018-02-26 04:00:20,0.00122630,27.53000000
2018-02-26 04:00:20,0.00122620,2.90000000
2018-02-26 04:00:20,0.00122580,5.61000000
2018-02-26 04:00:20,0.00122500,1.25000000
2018-02-26 04:00:20,0.00122480,11.47000000
2018-02-26 04:00:20,0.00122470,1.93000000
2018-02-26 04:00:20,0.00123520,16.71000000
2018-02-26 04:00:20,0.00122500,17.57000000
2018-02-26 04:00:21,0.00123050,1.00000000
2018-02-26 04:00:21,0.00123150,23.95000000
2018-02-26 04:00:21,0.00123250,16.20000000
2018-02-26 04:00:21,0.00123260,34.15000000
2018-02-26 04:00:21,0.00123400,11.47000000
2018-02-26 04:00:21,0.00123420,2.33000000
2018-02-26 04:00:21,0.00123500,121.64000000
2018-02-26 04:00:21,0.00122860,24.35000000
2018-02-26 04:00:22,0.00122860,4.16000000
2018-02-26 04:00:22,0.00122860,87.07000000
2018-02-26 04:00:22,0.00122860,15.68000000
2018-02-26 04:00:22,0.00122960,1.00000000
2018-02-26 04:00:22,0.00122860,14.67000000
2018-02-26 04:00:22,0.00123370,5.01000000
2018-02-26 04:00:23,0.00123310,5.01000000
2018-02-26 04:00:27,0.00123420,6.39000000
2018-02-26 04:00:28,0.00123420,1.88000000
2018-02-26 04:00:28,0.00123410,47.92000000
2018-02-26 04:00:28,0.00123230,20.00000000
2018-02-26 04:00:28,0.00123220,1.00000000
2018-02-26 04:00:29,0.00123090,6.90000000
2018-02-26 04:00:31,0.00123080,1.22000000
2018-02-26 04:00:31,0.00123080,5.02000000
2018-02-26 04:00:31,0.00123060,1.57000000
2018-02-26 04:00:31,0.00123060,1.49000000
2018-02-26 04:00:31,0.00123070,0.12000000
2018-02-26 04:00:32,0.00123070,3.70000000
2018-02-26 04:00:32,0.00123070,0.97000000
2018-02-26 04:00:32,0.00123070,3.25000000
2018-02-26 04:00:33,0.00123070,3.99000000
2018-02-26 04:00:36,0.00123050,3.90000000
2018-02-26 04:00:36,0.00123040,4.05000000
2018-02-26 04:00:36,0.00123050,1.59000000
2018-02-26 04:00:36,0.00123050,1.02000000
2018-02-26 04:00:36,0.00123050,1.02000000
2018-02-26 04:00:36,0.00123050,12.88000000
2018-02-26 04:00:36,0.00123050,9.43000000
2018-02-26 04:00:37,0.00122960,361.98000000
2018-02-26 04:00:38,0.00123040,2.11000000
2018-02-26 04:00:41,0.00123030,7.00000000
2018-02-26 04:00:41,0.00122890,1.42000000
2018-02-26 04:00:41,0.00123030,2.40000000
2018-02-26 04:00:44,0.00123030,14.88000000
2018-02-26 04:00:45,0.00122890,1.04000000
2018-02-26 04:00:45,0.00122880,19.62000000
2018-02-26 04:00:45,0.00123030,0.98000000
2018-02-26 04:00:46,0.00122880,33.73000000
2018-02-26 04:00:49,0.00122950,151.15000000
2018-02-26 04:00:51,0.00122890,1.74000000
2018-02-26 04:00:51,0.00122870,9.36000000
2018-02-26 04:00:52,0.00122870,4.91000000
2018-02-26 04:00:52,0.00122880,16.09000000
2018-02-26 04:00:53,0.00122880,6.32000000
2018-02-26 04:00:53,0.00123020,8.08000000
2018-02-26 04:00:53,0.00123030,147.70000000
2018-02-26 04:00:53,0.00122870,3.44000000
2018-02-26 04:00:56,0.00122860,108.90000000
2018-02-26 04:00:56,0.00122860,7.69000000
2018-02-26 04:00:57,0.00122860,3.33000000
2018-02-26 04:00:57,0.00122870,4.17000000
2018-02-26 04:00:59,0.00122850,1.61000000
2018-02-26 04:01:00,0.00122850,2.74000000
2018-02-26 04:01:01,0.00122870,8.57000000
2018-02-26 04:01:02,0.00122870,86.07000000
2018-02-26 04:01:03,0.00122880,2.03000000
2018-02-26 04:01:03,0.00122880,1.61000000
2018-02-26 04:01:05,0.00122870,11.10000000
2018-02-26 04:01:07,0.00122880,5.26000000
2018-02-26 04:01:07,0.00122870,14.47000000
2018-02-26 04:01:08,0.00122870,23.89000000
2018-02-26 04:01:09,0.00123000,4.83000000
2018-02-26 04:01:10,0.00123000,0.17000000
2018-02-26 04:01:10,0.00123030,1.20000000
2018-02-26 04:01:10,0.00123000,0.03000000
2018-02-26 04:01:13,0.00123000,9.00000000
2018-02-26 04:01:15,0.00123000,84.32000000
2018-02-26 04:01:19,0.00123020,3.22000000
2018-02-26 04:01:19,0.00123030,32.23000000
2018-02-26 04:01:20,0.00123000,26.68000000
2018-02-26 04:01:22,0.00123030,2.20000000
2018-02-26 04:01:23,0.00123010,171.04000000
2018-02-26 04:01:27,0.00123000,25.00000000
2018-02-26 04:01:28,0.00123020,6.96000000
2018-02-26 04:01:29,0.00123030,4.06000000
2018-02-26 04:01:29,0.00123020,14.06000000
2018-02-26 04:01:29,0.00123030,1.99000000
2018-02-26 04:01:32,0.00123030,348.06000000
2018-02-26 04:01:36,0.00123030,125.19000000
2018-02-26 04:01:37,0.00123110,401.76000000
2018-02-26 04:01:39,0.00123200,4.34000000
2018-02-26 04:01:40,0.00123200,2.44000000
2018-02-26 04:01:42,0.00123200,2.03000000
2018-02-26 04:01:48,0.00123200,3.65000000
2018-02-26 04:01:48,0.00123140,190.93000000
2018-02-26 04:01:49,0.00123200,12.09000000
2018-02-26 04:01:52,0.00123100,1.19000000
2018-02-26 04:01:53,0.00123200,5.37000000
2018-02-26 04:01:56,0.00123200,18.84000000
2018-02-26 04:01:58,0.00123200,46.23000000
2018-02-26 04:02:00,0.00123200,9.82000000
2018-02-26 04:02:02,0.00123200,874.73000000
2018-02-26 04:02:03,0.00123140,421.20000000
2018-02-26 04:02:03,0.00123200,106.18000000
2018-02-26 04:02:04,0.00123200,380.35000000
2018-02-26 04:02:04,0.00123200,16.00000000
2018-02-26 04:02:04,0.00123200,48.57000000
2018-02-26 04:02:04,0.00123200,311.01000000
2018-02-26 04:02:04,0.00123220,7.06000000
2018-02-26 04:02:05,0.00123270,1.21000000
2018-02-26 04:02:05,0.00123270,15.05000000
2018-02-26 04:02:05,0.00123400,12.25000000
2018-02-26 04:02:09,0.00123400,1.82000000
2018-02-26 04:02:09,0.00123400,0.97000000
2018-02-26 04:02:09,0.00123220,180.00000000
2018-02-26 04:02:11,0.00123400,1.01000000
2018-02-26 04:02:11,0.00123220,18.45000000
2018-02-26 04:02:11,0.00123400,0.93000000
2018-02-26 04:02:17,0.00123440,6.80000000
2018-02-26 04:02:19,0.00123440,1.13000000
2018-02-26 04:02:21,0.00123370,210.38000000
2018-02-26 04:02:22,0.00123440,7.53000000
2018-02-26 04:02:25,0.00123300,628.96000000
2018-02-26 04:02:25,0.00123240,107.53000000
2018-02-26 04:02:25,0.00123220,163.36000000
2018-02-26 04:02:25,0.00123440,3.97000000
2018-02-26 04:02:27,0.00123440,3.00000000
2018-02-26 04:02:29,0.00123440,91.53000000
2018-02-26 04:02:30,0.00123440,5.72000000
2018-02-26 04:02:36,0.00123450,0.97000000
2018-02-26 04:02:37,0.00123440,232.97000000
2018-02-26 04:02:37,0.00123400,55.55000000
2018-02-26 04:02:37,0.00123300,268.39000000
2018-02-26 04:02:39,0.00123220,20.60000000
2018-02-26 04:02:40,0.00123210,4.05000000
2018-02-26 04:02:42,0.00123210,2.03000000
2018-02-26 04:02:45,0.00123200,1.52000000
2018-02-26 04:02:45,0.00123150,2.31000000
2018-02-26 04:02:45,0.00123110,4.25000000
2018-02-26 04:02:45,0.00123030,1.00000000
2018-02-26 04:02:45,0.00122900,4.07000000
2018-02-26 04:02:45,0.00122880,100.00000000
2018-02-26 04:02:45,0.00122870,59.77000000
2018-02-26 04:02:45,0.00122850,5.48000000
2018-02-26 04:02:45,0.00122840,2.33000000
2018-02-26 04:02:45,0.00122830,69.99000000
2018-02-26 04:02:45,0.00122810,348.76000000
2018-02-26 04:02:45,0.00122700,2.35000000
2018-02-26 04:02:45,0.00122530,64.45000000
2018-02-26 04:02:45,0.00122510,5.00000000
2018-02-26 04:02:45,0.00122500,3.61000000
2018-02-26 04:02:45,0.00123000,45.54000000
2018-02-26 04:02:45,0.00123210,45.54000000
2018-02-26 04:02:48,0.00123000,28.28000000
2018-02-26 04:02:48,0.00122950,16.26000000
2018-02-26 04:02:48,0.00122500,180.43000000
2018-02-26 04:02:51,0.00123160,2.03000000
2018-02-26 04:02:51,0.00123160,4.06000000
2018-02-26 04:02:51,0.00123170,2.03000000
2018-02-26 04:02:53,0.00123060,230.27000000
2018-02-26 04:02:55,0.00122970,0.43000000
2018-02-26 04:02:57,0.00123150,4.07000000
2018-02-26 04:02:57,0.00123160,2.70000000
2018-02-26 04:03:02,0.00123000,10.00000000
2018-02-26 04:03:02,0.00123110,1.21000000
2018-02-26 04:03:05,0.00123000,26.80000000
2018-02-26 04:03:05,0.00122970,73.45000000
2018-02-26 04:03:05,0.00123110,7.09000000
2018-02-26 04:03:05,0.00123110,25.76000000
2018-02-26 04:03:06,0.00123110,1.21000000
2018-02-26 04:03:07,0.00123000,24.69000000
2018-02-26 04:03:09,0.00123000,102.05000000
2018-02-26 04:03:09,0.00123000,206.08000000
2018-02-26 04:03:10,0.00122990,19.44000000
2018-02-26 04:03:13,0.00122990,14.97000000
2018-02-26 04:03:14,0.00123000,12.78000000
2018-02-26 04:03:15,0.00122980,3.83000000
2018-02-26 04:03:21,0.00122970,7.17000000
2018-02-26 04:03:21,0.00122970,37.14000000
2018-02-26 04:03:22,0.00122970,4.20000000
2018-02-26 04:03:22,0.00122980,250.16000000
2018-02-26 04:03:25,0.00123000,8.13000000
2018-02-26 04:03:28,0.00122990,24.47000000
2018-02-26 04:03:29,0.00123000,8.00000000
2018-02-26 04:03:29,0.00122990,16.14000000
2018-02-26 04:03:31,0.00122990,2.42000000
2018-02-26 04:03:36,0.00122990,34.07000000
2018-02-26 04:03:36,0.00122970,20.54000000
2018-02-26 04:03:36,0.00122950,16.90000000
2018-02-26 04:03:36,0.00122870,143.94000000
2018-02-26 04:03:36,0.00122860,12.69000000
2018-02-26 04:03:36,0.00122690,4.06000000
2018-02-26 04:03:36,0.00122610,11.41000000
2018-02-26 04:03:36,0.00122500,319.50000000
2018-02-26 04:03:36,0.00122500,134.91000000
2018-02-26 04:03:36,0.00122500,20.21000000
2018-02-26 04:03:36,0.00122500,134.91000000
2018-02-26 04:03:36,0.00122500,16.84000000
2018-02-26 04:03:36,0.00122500,20.21000000
2018-02-26 04:03:36,0.00122500,16.00000000
2018-02-26 04:03:36,0.00122500,132.00000000
2018-02-26 04:03:36,0.00122500,4.23000000
2018-02-26 04:03:36,0.00122500,1.86000000
2018-02-26 04:03:36,0.00122500,35.21000000
2018-02-26 04:03:36,0.00122500,6.49000000
2018-02-26 04:03:36,0.00122500,0.86000000
2018-02-26 04:03:36,0.00122500,4.06000000
2018-02-26 04:03:37,0.00122500,7.83000000
2018-02-26 04:03:37,0.00122500,1.64000000
2018-02-26 04:03:37,0.00122500,4.00000000
2018-02-26 04:03:37,0.00122500,7.84000000
2018-02-26 04:03:37,0.00122500,7.84000000
2018-02-26 04:03:37,0.00122500,8.00000000
2018-02-26 04:03:38,0.00122500,3.15000000
2018-02-26 04:03:38,0.00122500,20.21000000
2018-02-26 04:03:39,0.00122500,7.83000000
2018-02-26 04:03:39,0.00122500,3.92000000
2018-02-26 04:03:40,0.00122500,4.70000000
2018-02-26 04:03:40,0.00122500,1.97000000
2018-02-26 04:03:40,0.00122500,46.00000000
2018-02-26 04:03:41,0.00122500,1.22000000
2018-02-26 04:03:41,0.00122500,1.74000000
2018-02-26 04:03:41,0.00122500,33.70000000
2018-02-26 04:03:41,0.00122500,3.93000000
2018-02-26 04:03:42,0.00122500,2.41000000
2018-02-26 04:03:43,0.00122450,183.03000000
2018-02-26 04:03:44,0.00122500,1.77000000
2018-02-26 04:03:46,0.00122500,8.16000000
2018-02-26 04:03:46,0.00122500,8.16000000
2018-02-26 04:03:46,0.00122500,8.16000000
2018-02-26 04:03:46,0.00122500,1.01000000
2018-02-26 04:03:46,0.00122500,1.22000000
2018-02-26 04:03:46,0.00122410,1.12000000
2018-02-26 04:03:46,0.00122410,5.99000000
2018-02-26 04:03:46,0.00122400,8.16000000
2018-02-26 04:03:47,0.00122410,22.89000000
2018-02-26 04:03:49,0.00122500,7.96000000
2018-02-26 04:03:50,0.00122450,161.47000000
2018-02-26 04:03:52,0.00122500,2795.27000000
2018-02-26 04:03:52,0.00122500,1.22000000
2018-02-26 04:03:53,0.00122460,59.64000000
2018-02-26 04:03:55,0.00122460,106.94000000
2018-02-26 04:03:55,0.00122450,46.58000000
2018-02-26 04:03:56,0.00122450,6.86000000
2018-02-26 04:03:56,0.00122450,81.32000000
2018-02-26 04:03:57,0.00122470,65.52000000
2018-02-26 04:03:58,0.00122500,30.34000000
2018-02-26 04:04:00,0.00122460,75.79000000
2018-02-26 04:04:00,0.00122450,343.03000000
2018-02-26 04:04:00,0.00122450,56.82000000
2018-02-26 04:04:00,0.00122450,16.00000000
2018-02-26 04:04:01,0.00122450,16.00000000
2018-02-26 04:04:01,0.00122450,16.00000000
2018-02-26 04:04:01,0.00122450,3.85000000
2018-02-26 04:04:02,0.00122440,3.14000000
2018-02-26 04:04:02,0.00122400,2.00000000
2018-02-26 04:04:02,0.00122400,25.29000000
2018-02-26 04:04:03,0.00122400,28.21000000
2018-02-26 04:04:03,0.00122430,4.06000000
2018-02-26 04:04:03,0.00122440,47.93000000
2018-02-26 04:04:03,0.00122440,2.52000000
2018-02-26 04:04:04,0.00122440,27.30000000
2018-02-26 04:04:06,0.00122440,9.65000000
2018-02-26 04:04:06,0.00122390,37.33000000
2018-02-26 04:04:06,0.00122330,2.16000000
2018-02-26 04:04:06,0.00122310,24.35000000
2018-02-26 04:04:06,0.00122300,136.16000000
2018-02-26 04:04:06,0.00122300,23.29000000
2018-02-26 04:04:07,0.00122440,30.43000000
2018-02-26 04:04:07,0.00122440,25.36000000
2018-02-26 04:04:07,0.00122440,16.17000000
2018-02-26 04:04:07,0.00122440,14.31000000
2018-02-26 04:04:07,0.00122400,1.53000000
2018-02-26 04:04:07,0.00122300,83.84000000
2018-02-26 04:04:08,0.00122300,5.01000000
2018-02-26 04:04:08,0.00122300,5.01000000
2018-02-26 04:04:08,0.00122300,5.01000000
2018-02-26 04:04:08,0.00122300,1.00000000
2018-02-26 04:04:09,0.00122300,243.67000000
2018-02-26 04:04:09,0.00122300,3.37000000
2018-02-26 04:04:09,0.00122300,7.66000000
2018-02-26 04:04:09,0.00122300,5.01000000
2018-02-26 04:04:10,0.00122300,5.01000000
2018-02-26 04:04:10,0.00122300,2.04000000
2018-02-26 04:04:10,0.00122300,4.46000000
2018-02-26 04:04:11,0.00122300,6.31000000
2018-02-26 04:04:11,0.00122300,2.03000000
2018-02-26 04:04:12,0.00122300,12.81000000
2018-02-26 04:04:12,0.00122290,1.00000000
2018-02-26 04:04:12,0.00122290,2.45000000
2018-02-26 04:04:13,0.00122290,16.26000000
2018-02-26 04:04:14,0.00122290,219.16000000
2018-02-26 04:04:15,0.00122330,19.88000000
2018-02-26 04:04:15,0.00122440,83.73000000
2018-02-26 04:04:15,0.00122440,103.60000000
2018-02-26 04:04:15,0.00122440,1.73000000
2018-02-26 04:04:16,0.00122300,5.00000000
2018-02-26 04:04:16,0.00122290,9.10000000
2018-02-26 04:04:16,0.00122290,210.06000000
2018-02-26 04:04:16,0.00122280,1.00000000
2018-02-26 04:04:16,0.00122280,16.02000000
2018-02-26 04:04:17,0.00122280,3.90000000
2018-02-26 04:04:17,0.00122280,5.14000000
2018-02-26 04:04:17,0.00122280,13.12000000
2018-02-26 04:04:17,0.00122280,3.40000000
2018-02-26 04:04:18,0.00122280,4.03000000
2018-02-26 04:04:18,0.00122280,13.10000000
2018-02-26 04:04:18,0.00122280,4.56000000
2018-02-26 04:04:18,0.00122280,15.66000000
2018-02-26 04:04:19,0.00122280,163.32000000
2018-02-26 04:04:19,0.00122440,16.61000000
2018-02-26 04:04:20,0.00122450,2.36000000
2018-02-26 04:04:20,0.00122440,135.63000000
2018-02-26 04:04:21,0.00122450,44.36000000
2018-02-26 04:04:21,0.00122450,20.00000000
2018-02-26 04:04:22,0.00122450,16.00000000
2018-02-26 04:04:22,0.00122450,1.97000000
2018-02-26 04:04:22,0.00122440,6.02000000
2018-02-26 04:04:23,0.00122450,6.26000000
2018-02-26 04:04:23,0.00122450,4.69000000
2018-02-26 04:04:24,0.00122450,1.80000000
2018-02-26 04:04:24,0.00122450,0.96000000
2018-02-26 04:04:24,0.00122440,40.00000000
2018-02-26 04:04:24,0.00122450,114.32000000
2018-02-26 04:04:24,0.00122450,1.06000000
2018-02-26 04:04:24,0.00122450,2.00000000
2018-02-26 04:04:24,0.00122450,29.98000000
2018-02-26 04:04:24,0.00122450,3.92000000
2018-02-26 04:04:24,0.00122450,2.04000000
2018-02-26 04:04:25,0.00122450,1.28000000
2018-02-26 04:04:25,0.00122450,28.58000000
2018-02-26 04:04:25,0.00122450,7.55000000
2018-02-26 04:04:25,0.00122440,611.15000000
2018-02-26 04:04:25,0.00122450,7.52000000
2018-02-26 04:04:25,0.00122450,0.90000000
2018-02-26 04:04:25,0.00122450,8.94000000
2018-02-26 04:04:25,0.00122450,8.08000000
2018-02-26 04:04:25,0.00122450,1.97000000
2018-02-26 04:04:25,0.00122450,49.75000000
2018-02-26 04:04:25,0.00122450,1.88000000
2018-02-26 04:04:26,0.00122450,8.02000000
2018-02-26 04:04:26,0.00122440,27.13000000
2018-02-26 04:04:26,0.00122280,205.15000000
2018-02-26 04:04:26,0.00122270,4.00000000
2018-02-26 04:04:26,0.00122260,1.00000000
2018-02-26 04:04:26,0.00122250,1.00000000
2018-02-26 04:04:26,0.00122240,1.00000000
2018-02-26 04:04:26,0.00122230,1.00000000
2018-02-26 04:04:26,0.00122220,1.00000000
2018-02-26 04:04:26,0.00122210,6.34000000
2018-02-26 04:04:26,0.00122200,1.00000000
2018-02-26 04:04:26,0.00122190,1.00000000
2018-02-26 04:04:26,0.00122180,8.76000000
2018-02-26 04:04:26,0.00122180,15.74000000
2018-02-26 04:04:26,0.00122450,10.84000000
2018-02-26 04:04:27,0.00122280,3.00000000
2018-02-26 04:04:27,0.00122280,3.00000000
2018-02-26 04:04:27,0.00122280,3.13000000
2018-02-26 04:04:27,0.00122280,24.48000000
2018-02-26 04:04:27,0.00122280,226.30000000
2018-02-26 04:04:27,0.00122490,17.37000000
2018-02-26 04:04:27,0.00122480,5.01000000
2018-02-26 04:04:28,0.00122480,9.22000000
2018-02-26 04:04:28,0.00122490,13.60000000
2018-02-26 04:04:30,0.00122490,12.80000000
2018-02-26 04:04:32,0.00122370,76.36000000
2018-02-26 04:04:32,0.00122490,5.01000000
2018-02-26 04:04:34,0.00122490,2.00000000
2018-02-26 04:04:35,0.00122260,13.82000000
2018-02-26 04:04:36,0.00122450,4.28000000
2018-02-26 04:04:37,0.00122450,10.53000000
2018-02-26 04:04:39,0.00122450,26.37000000
2018-02-26 04:04:44,0.00122370,204.96000000
2018-02-26 04:04:45,0.00122310,8.17000000
2018-02-26 04:04:45,0.00122300,3.34000000
2018-02-26 04:04:45,0.00122290,14.71000000
2018-02-26 04:04:45,0.00122280,1.76000000
2018-02-26 04:04:47,0.00122270,18.58000000
2018-02-26 04:04:47,0.00122260,31.99000000
2018-02-26 04:04:47,0.00122260,95.20000000
2018-02-26 04:04:47,0.00122260,98.50000000
2018-02-26 04:04:50,0.00122260,1.91000000
2018-02-26 04:04:51,0.00122450,2.45000000
2018-02-26 04:04:51,0.00122450,2.36000000
2018-02-26 04:04:52,0.00122450,40.00000000
2018-02-26 04:04:53,0.00122450,3.84000000
2018-02-26 04:04:55,0.00122440,25.01000000
2018-02-26 04:04:56,0.00122450,42.05000000
2018-02-26 04:04:57,0.00122450,1.00000000
2018-02-26 04:05:03,0.00122260,7.72000000
2018-02-26 04:05:04,0.00122330,46.22000000
2018-02-26 04:05:04,0.00122330,27.44000000
2018-02-26 04:05:04,0.00122330,13.79000000
2018-02-26 04:05:04,0.00122400,10.00000000
2018-02-26 04:05:04,0.00122450,20.10000000
2018-02-26 04:05:04,0.00122330,13.79000000
2018-02-26 04:05:06,0.00122430,5.82000000
2018-02-26 04:05:07,0.00122450,0.82000000
2018-02-26 04:05:09,0.00122450,0.82000000
2018-02-26 04:05:10,0.00122330,73.66000000
2018-02-26 04:05:10,0.00122330,4.08000000
2018-02-26 04:05:11,0.00122330,22.26000000
2018-02-26 04:05:13,0.00122450,1.80000000
2018-02-26 04:05:13,0.00122270,8.26000000
2018-02-26 04:05:13,0.00122260,286.73000000
2018-02-26 04:05:18,0.00122440,4.08000000
2018-02-26 04:05:19,0.00122440,66.31000000
2018-02-26 04:05:20,0.00122450,9.78000000
2018-02-26 04:05:21,0.00122450,1.62000000
2018-02-26 04:05:21,0.00122450,17.84000000
2018-02-26 04:05:21,0.00122500,82.16000000
2018-02-26 04:05:22,0.00122500,2.69000000
2018-02-26 04:05:23,0.00122290,4.29000000
2018-02-26 04:05:23,0.00122390,16.00000000
2018-02-26 04:05:23,0.00122390,200.04000000
2018-02-26 04:05:24,0.00122390,16.00000000
2018-02-26 04:05:24,0.00122280,20.08000000
2018-02-26 04:05:24,0.00122270,5.17000000
2018-02-26 04:05:24,0.00122260,34.23000000
2018-02-26 04:05:24,0.00122250,24.52000000
2018-02-26 04:05:25,0.00122500,14.69000000
2018-02-26 04:05:27,0.00122340,2.69000000
2018-02-26 04:05:27,0.00122310,63.42000000
2018-02-26 04:05:28,0.00122500,8.57000000
2018-02-26 04:05:29,0.00122690,1.47000000
2018-02-26 04:05:30,0.00122530,81.58000000
2018-02-26 04:05:30,0.00122520,16.32000000
2018-02-26 04:05:30,0.00122500,2.10000000
2018-02-26 04:05:31,0.00122600,1.78000000
2018-02-26 04:05:31,0.00122780,2.44000000
2018-02-26 04:05:32,0.00122780,7.78000000
2018-02-26 04:05:32,0.00122600,0.02000000
2018-02-26 04:05:32,0.00122540,3.98000000
2018-02-26 04:05:33,0.00122540,0.01000000
2018-02-26 04:05:33,0.00122540,9.27000000
2018-02-26 04:05:33,0.00122500,164.20000000
2018-02-26 04:05:33,0.00122770,12.54000000
2018-02-26 04:05:33,0.00122760,3.76000000
2018-02-26 04:05:33,0.00122760,4.39000000
2018-02-26 04:05:33,0.00122760,8.00000000
2018-02-26 04:05:33,0.00122760,4.07000000
2018-02-26 04:05:35,0.00122740,8.05000000
2018-02-26 04:05:36,0.00122720,5.42000000
2018-02-26 04:05:36,0.00122720,3.26000000
2018-02-26 04:05:37,0.00122720,34.41000000
2018-02-26 04:05:37,0.00122730,54.03000000
2018-02-26 04:05:37,0.00122750,16.32000000
2018-02-26 04:05:37,0.00122800,1.69000000
2018-02-26 04:05:40,0.00122740,29.42000000
2018-02-26 04:05:41,0.00122740,3.91000000
2018-02-26 04:05:41,0.00122740,43.09000000
2018-02-26 04:05:43,0.00122650,98.54000000
2018-02-26 04:05:43,0.00122740,2.04000000
2018-02-26 04:05:46,0.00122740,1.63000000
2018-02-26 04:05:46,0.00122740,23.94000000
2018-02-26 04:05:46,0.00122800,11.57000000
2018-02-26 04:05:46,0.00122810,134.91000000
2018-02-26 04:05:48,0.00122810,5.09000000
2018-02-26 04:05:48,0.00122880,1.94000000
2018-02-26 04:05:49,0.00122810,38.50000000
2018-02-26 04:05:50,0.00122880,0.98000000
2018-02-26 04:05:51,0.00122880,4.07000000
2018-02-26 04:05:51,0.00122880,8.14000000
2018-02-26 04:05:51,0.00122880,2.03000000
2018-02-26 04:05:52,0.00122880,1.63000000
2018-02-26 04:05:52,0.00122880,4.07000000
2018-02-26 04:05:54,0.00122880,14.47000000
2018-02-26 04:05:54,0.00122990,4.07000000
2018-02-26 04:05:54,0.00123000,13.48000000
2018-02-26 04:05:54,0.00123000,23.87000000
2018-02-26 04:05:54,0.00123000,127.68000000
2018-02-26 04:05:54,0.00122880,5.70000000
2018-02-26 04:05:54,0.00122810,37.04000000
2018-02-26 04:05:57,0.00122880,16.25000000
2018-02-26 04:05:57,0.00122880,5.33000000
2018-02-26 04:05:59,0.00122810,9.84000000
2018-02-26 04:05:59,0.00122880,194.67000000
2018-02-26 04:06:01,0.00122950,227.13000000
2018-02-26 04:06:03,0.00123030,13.54000000
2018-02-26 04:06:03,0.00123150,6.21000000
2018-02-26 04:06:07,0.00122930,97.61000000
2018-02-26 04:06:07,0.00122920,13.26000000
2018-02-26 04:06:07,0.00122900,200.00000000
2018-02-26 04:06:07,0.00122880,214.11000000
2018-02-26 04:06:08,0.00123160,2.03000000
2018-02-26 04:06:08,0.00122880,25.12000000
2018-02-26 04:06:08,0.00123150,54.31000000
2018-02-26 04:06:09,0.00123150,27.04000000
2018-02-26 04:06:09,0.00123160,14.23000000
2018-02-26 04:06:09,0.00123180,6.73000000
2018-02-26 04:06:09,0.00123180,0.88000000
2018-02-26 04:06:10,0.00123170,5.90000000
2018-02-26 04:06:10,0.00122910,2.69000000
2018-02-26 04:06:12,0.00123170,2.69000000
2018-02-26 04:06:14,0.00123180,4.06000000
2018-02-26 04:06:14,0.00123180,3.94000000
2018-02-26 04:06:15,0.00123200,3.57000000
2018-02-26 04:06:16,0.00123180,2.00000000
2018-02-26 04:06:17,0.00123200,12.01000000
2018-02-26 04:06:17,0.00123200,1.87000000
2018-02-26 04:06:17,0.00123200,1.79000000
2018-02-26 04:06:17,0.00123200,8.12000000
2018-02-26 04:06:20,0.00123190,109.62000000
2018-02-26 04:06:21,0.00123180,1.07000000
2018-02-26 04:06:21,0.00123200,1.62000000
2018-02-26 04:06:21,0.00123200,0.88000000
2018-02-26 04:06:21,0.00123200,10.43000000
2018-02-26 04:06:21,0.00123200,10.94000000
2018-02-26 04:06:21,0.00123180,25.05000000
2018-02-26 04:06:21,0.00122900,71.49000000
2018-02-26 04:06:21,0.00122890,4.09000000
2018-02-26 04:06:21,0.00122880,32.57000000
2018-02-26 04:06:21,0.00122820,76.93000000
2018-02-26 04:06:21,0.00122810,537.17000000
2018-02-26 04:06:21,0.00122720,4.09000000
2018-02-26 04:06:21,0.00122550,92.16000000
2018-02-26 04:06:21,0.00122510,17.49000000
2018-02-26 04:06:21,0.00122500,1228.38000000
2018-02-26 04:06:21,0.00122500,26.12000000
2018-02-26 04:06:21,0.00122500,106.01000000
2018-02-26 04:06:21,0.00122500,153.12000000
2018-02-26 04:06:21,0.00122500,24.40000000
2018-02-26 04:06:21,0.00122500,26.10000000
2018-02-26 04:06:21,0.00122500,6.26000000
2018-02-26 04:06:21,0.00122500,1.46000000
2018-02-26 04:06:21,0.00122500,117.41000000
2018-02-26 04:06:23,0.00122500,2.44000000
2018-02-26 04:06:24,0.00122500,5.00000000
2018-02-26 04:06:24,0.00122500,405.51000000
2018-02-26 04:06:24,0.00122500,3.83000000
2018-02-26 04:06:24,0.00122500,3.83000000
2018-02-26 04:06:24,0.00122500,3.83000000
2018-02-26 04:06:25,0.00122500,2.01000000
2018-02-26 04:06:27,0.00122500,1.55000000
2018-02-26 04:06:27,0.00122500,610.85000000
2018-02-26 04:06:27,0.00122500,1.22000000
2018-02-26 04:06:29,0.00122440,6.06000000
2018-02-26 04:06:29,0.00122430,2.02000000
2018-02-26 04:06:30,0.00122430,2.07000000
2018-02-26 04:06:30,0.00122440,0.38000000
2018-02-26 04:06:30,0.00122440,75.15000000
2018-02-26 04:06:31,0.00122500,104.00000000
2018-02-26 04:06:32,0.00122500,36.13000000
2018-02-26 04:06:33,0.00122390,220.71000000
2018-02-26 04:06:33,0.00122390,17.51000000
2018-02-26 04:06:33,0.00122500,68.14000000
2018-02-26 04:06:37,0.00122540,1.00000000
2018-02-26 04:06:42,0.00122770,3.83000000
2018-02-26 04:06:42,0.00122780,0.08000000
2018-02-26 04:06:42,0.00122780,4.01000000
2018-02-26 04:06:42,0.00122780,3.99000000
2018-02-26 04:06:44,0.00122780,2.12000000
2018-02-26 04:06:46,0.00122530,81.59000000
2018-02-26 04:06:46,0.00122520,4.15000000
2018-02-26 04:06:46,0.00122510,3.90000000
2018-02-26 04:06:47,0.00122500,17.05000000
2018-02-26 04:06:48,0.00122500,5.00000000
2018-02-26 04:06:49,0.00122500,59.54000000
2018-02-26 04:06:49,0.00122510,86.13000000
2018-02-26 04:06:50,0.00122510,7.62000000
2018-02-26 04:06:50,0.00122770,6.34000000
2018-02-26 04:06:50,0.00122480,81.62000000
2018-02-26 04:06:50,0.00122470,4.08000000
2018-02-26 04:06:50,0.00122390,14.58000000
2018-02-26 04:06:55,0.00122660,4.08000000
2018-02-26 04:06:56,0.00122660,77.54000000
2018-02-26 04:06:58,0.00122760,4.08000000
2018-02-26 04:06:58,0.00122770,1.80000000
2018-02-26 04:06:58,0.00122780,15.61000000
2018-02-26 04:06:58,0.00122810,20.51000000
2018-02-26 04:06:58,0.00122730,4.21000000
2018-02-26 04:07:00,0.00122660,4.08000000
2018-02-26 04:07:00,0.00122500,14.51000000
2018-02-26 04:07:00,0.00122480,1.23000000
2018-02-26 04:07:00,0.00122390,80.18000000
2018-02-26 04:07:01,0.00122700,0.33000000
2018-02-26 04:07:02,0.00122700,0.08000000
2018-02-26 04:07:04,0.00122700,0.02000000
2018-02-26 04:07:04,0.00122700,1.00000000
2018-02-26 04:07:05,0.00122800,0.01000000
2018-02-26 04:07:05,0.00122560,1.02000000
2018-02-26 04:07:08,0.00122510,1.00000000
2018-02-26 04:07:09,0.00122510,10.63000000
2018-02-26 04:07:10,0.00122490,81.62000000
2018-02-26 04:07:10,0.00122480,42.29000000
2018-02-26 04:07:10,0.00122450,176.09000000
2018-02-26 04:07:10,0.00122700,1.00000000
2018-02-26 04:07:10,0.00122800,1.04000000
2018-02-26 04:07:13,0.00122790,2.04000000
2018-02-26 04:07:14,0.00122790,1.02000000
2018-02-26 04:07:15,0.00122790,87.32000000
2018-02-26 04:07:15,0.00122810,1.00000000
2018-02-26 04:07:16,0.00122800,131.55000000
2018-02-26 04:07:22,0.00122810,2.44000000
2018-02-26 04:07:23,0.00122810,27.23000000
2018-02-26 04:07:23,0.00122810,2.44000000
2018-02-26 04:07:23,0.00122790,0.62000000
2018-02-26 04:07:25,0.00122790,2.44000000
2018-02-26 04:07:26,0.00122790,8.13000000
2018-02-26 04:07:27,0.00122790,2.03000000
2018-02-26 04:07:27,0.00122790,1.62000000
2018-02-26 04:07:28,0.00122790,3.88000000
2018-02-26 04:07:28,0.00122790,4.07000000
2018-02-26 04:07:30,0.00122730,16.29000000
2018-02-26 04:07:30,0.00122720,12.96000000
2018-02-26 04:07:30,0.00122790,213.93000000
2018-02-26 04:07:32,0.00122780,8.13000000
2018-02-26 04:07:33,0.00122780,8.16000000
2018-02-26 04:07:33,0.00122790,1.84000000
2018-02-26 04:07:36,0.00122790,95.19000000
2018-02-26 04:07:37,0.00122670,14.04000000
2018-02-26 04:07:37,0.00122790,8.14000000
2018-02-26 04:07:38,0.00122560,4.07000000
2018-02-26 04:07:38,0.00122540,11.60000000
2018-02-26 04:07:43,0.00122600,4.07000000
2018-02-26 04:07:43,0.00122580,1.00000000
2018-02-26 04:07:44,0.00122600,0.94000000
2018-02-26 04:07:47,0.00122540,1.18000000
2018-02-26 04:07:50,0.00122600,1.63000000
2018-02-26 04:07:50,0.00122600,309.18000000
2018-02-26 04:07:55,0.00122600,3.00000000
2018-02-26 04:07:55,0.00122780,1.96000000
2018-02-26 04:07:57,0.00122680,142.63000000
2018-02-26 04:07:57,0.00122600,18.75000000
2018-02-26 04:07:58,0.00122600,17.27000000
2018-02-26 04:08:00,0.00122780,24.43000000
2018-02-26 04:08:00,0.00122780,4.48000000
2018-02-26 04:08:01,0.00122640,38.60000000
2018-02-26 04:08:05,0.00122640,4.32000000
2018-02-26 04:08:08,0.00122640,10.00000000
2018-02-26 04:08:09,0.00122640,2.04000000
2018-02-26 04:08:09,0.00122610,25.12000000
2018-02-26 04:08:09,0.00122640,2.04000000
2018-02-26 04:08:09,0.00122640,12.40000000
2018-02-26 04:08:09,0.00122670,69.40000000
2018-02-26 04:08:12,0.00122680,158.20000000
2018-02-26 04:08:12,0.00122600,9.36000000
2018-02-26 04:08:13,0.00122600,87.27000000
2018-02-26 04:08:16,0.00122640,343.18000000
2018-02-26 04:08:19,0.00122640,33.40000000
2018-02-26 04:08:19,0.00122640,16.00000000
2018-02-26 04:08:19,0.00122640,2.71000000
2018-02-26 04:08:21,0.00122780,10.00000000
2018-02-26 04:08:25,0.00122780,2.04000000
2018-02-26 04:08:25,0.00122660,153.72000000
2018-02-26 04:08:26,0.00122780,2.04000000
2018-02-26 04:08:26,0.00122780,81.45000000
2018-02-26 04:08:26,0.00122780,1.22000000
2018-02-26 04:08:27,0.00122780,5.13000000
2018-02-26 04:08:27,0.00122780,2.04000000
2018-02-26 04:08:27,0.00122550,17.69000000
2018-02-26 04:08:28,0.00122780,2.04000000
2018-02-26 04:08:28,0.00122780,1.22000000
2018-02-26 04:08:30,0.00122780,2.31000000
2018-02-26 04:08:31,0.00122780,2.52000000
2018-02-26 04:08:31,0.00122780,6.35000000
2018-02-26 04:08:35,0.00122780,4.89000000
2018-02-26 04:08:35,0.00122700,75.29000000
2018-02-26 04:08:37,0.00122780,2.04000000
2018-02-26 04:08:43,0.00122730,36.21000000
2018-02-26 04:08:46,0.00122780,1.79000000
2018-02-26 04:08:46,0.00122780,17.22000000
2018-02-26 04:08:47,0.00122700,2.04000000
2018-02-26 04:08:47,0.00122700,203.62000000
2018-02-26 04:08:47,0.00122700,13.90000000
2018-02-26 04:08:47,0.00122700,42.00000000
2018-02-26 04:08:47,0.00122700,16.00000000
2018-02-26 04:08:49,0.00122700,21.63000000
2018-02-26 04:08:49,0.00122700,17.62000000
2018-02-26 04:08:51,0.00122700,3.20000000
2018-02-26 04:08:53,0.00122640,1.63000000
2018-02-26 04:08:53,0.00122600,15.15000000
2018-02-26 04:08:53,0.00122550,165.28000000
2018-02-26 04:08:53,0.00122540,227.94000000
2018-02-26 04:08:53,0.00122700,1.63000000
2018-02-26 04:08:54,0.00122700,1.79000000
2018-02-26 04:08:55,0.00122700,2.31000000
2018-02-26 04:08:55,0.00122730,9.53000000
2018-02-26 04:08:55,0.00122780,2.52000000
2018-02-26 04:08:56,0.00122710,164.80000000
2018-02-26 04:09:02,0.00122780,1.79000000
2018-02-26 04:09:04,0.00122670,64.08000000
2018-02-26 04:09:04,0.00122670,2.80000000
2018-02-26 04:09:04,0.00122670,7.19000000
2018-02-26 04:09:04,0.00122670,7.20000000
2018-02-26 04:09:04,0.00122670,7.19000000
2018-02-26 04:09:05,0.00122670,7.83000000
2018-02-26 04:09:05,0.00122670,7.83000000
2018-02-26 04:09:05,0.00122670,7.83000000
2018-02-26 04:09:06,0.00122670,11.28000000
2018-02-26 04:09:08,0.00122630,4.02000000
2018-02-26 04:09:09,0.00122630,3.36000000
2018-02-26 04:09:09,0.00122630,39.91000000
2018-02-26 04:09:10,0.00122670,12.17000000
2018-02-26 04:09:10,0.00122670,10.00000000
2018-02-26 04:09:11,0.00122670,2.45000000
2018-02-26 04:09:12,0.00122630,7.38000000
2018-02-26 04:09:12,0.00122600,18.00000000
2018-02-26 04:09:12,0.00122560,32.33000000
2018-02-26 04:09:12,0.00122550,8.03000000
2018-02-26 04:09:12,0.00122540,120.85000000
2018-02-26 04:09:16,0.00122670,2.04000000
2018-02-26 04:09:16,0.00122670,42.84000000
2018-02-26 04:09:16,0.00122700,87.01000000
2018-02-26 04:09:16,0.00122770,1.13000000
2018-02-26 04:09:16,0.00122780,277.38000000
2018-02-26 04:09:17,0.00122660,1.05000000
2018-02-26 04:09:17,0.00122660,31.52000000
2018-02-26 04:09:18,0.00122650,2.85000000
2018-02-26 04:09:20,0.00122650,4.08000000
2018-02-26 04:09:20,0.00122650,3.02000000
2018-02-26 04:09:22,0.00122650,6.61000000
2018-02-26 04:09:22,0.00122600,103.29000000
2018-02-26 04:09:22,0.00122550,90.29000000
2018-02-26 04:09:22,0.00122540,299.82000000
2018-02-26 04:09:22,0.00122470,4.09000000
2018-02-26 04:09:22,0.00122460,108.32000000
2018-02-26 04:09:22,0.00122450,621.05000000
2018-02-26 04:09:22,0.00122450,77.66000000
2018-02-26 04:09:25,0.00122570,175.89000000
2018-02-26 04:09:27,0.00122500,278.41000000
2018-02-26 04:09:30,0.00122640,2.45000000
2018-02-26 04:09:31,0.00122640,1.64000000
2018-02-26 04:09:31,0.00122650,60.51000000
2018-02-26 04:09:31,0.00122650,5.90000000
2018-02-26 04:09:35,0.00122650,41.98000000
2018-02-26 04:09:36,0.00122460,140.22000000
2018-02-26 04:09:36,0.00122450,1.11000000
2018-02-26 04:09:36,0.00122400,1.00000000
2018-02-26 04:09:36,0.00122650,10.99000000
2018-02-26 04:09:38,0.00122650,2.04000000
2018-02-26 04:09:39,0.00122600,2.04000000
2018-02-26 04:09:41,0.00122600,4.08000000
2018-02-26 04:09:42,0.00122500,5.00000000
2018-02-26 04:09:42,0.00122400,16.33000000
2018-02-26 04:09:46,0.00122540,19.58000000
2018-02-26 04:09:46,0.00122390,80.81000000
2018-02-26 04:09:47,0.00122480,58.38000000
2018-02-26 04:09:49,0.00122590,1.22000000
2018-02-26 04:09:49,0.00122390,45.14000000
2018-02-26 04:09:49,0.00122300,126.72000000
2018-02-26 04:09:53,0.00122580,4.51000000
2018-02-26 04:09:53,0.00122340,50.88000000
2018-02-26 04:09:53,0.00122320,58.00000000
2018-02-26 04:09:53,0.00122300,187.74000000
2018-02-26 04:10:00,0.00122580,5.40000000
2018-02-26 04:10:00,0.00122580,1.22000000
2018-02-26 04:10:01,0.00122500,5.00000000
2018-02-26 04:10:01,0.00122300,42.72000000
2018-02-26 04:10:01,0.00122580,5.20000000
2018-02-26 04:10:01,0.00122590,52.67000000
2018-02-26 04:10:01,0.00122590,8.56000000
2018-02-26 04:10:01,0.00122590,8.66000000
2018-02-26 04:10:01,0.00122600,40.36000000
2018-02-26 04:10:01,0.00122640,87.19000000
2018-02-26 04:10:02,0.00122300,77.66000000
2018-02-26 04:10:05,0.00122540,1.00000000
2018-02-26 04:10:05,0.00122580,0.62000000
2018-02-26 04:10:06,0.00122540,1.00000000
2018-02-26 04:10:06,0.00122440,5.63000000
2018-02-26 04:10:06,0.00122420,40.59000000
2018-02-26 04:10:06,0.00122420,10.40000000
2018-02-26 04:10:08,0.00122490,186.73000000
2018-02-26 04:10:08,0.00122420,193.01000000
2018-02-26 04:10:09,0.00122420,48.95000000
2018-02-26 04:10:10,0.00122420,6.13000000
2018-02-26 04:10:10,0.00122420,1.88000000
2018-02-26 04:10:10,0.00122580,11.50000000
2018-02-26 04:10:11,0.00122310,81.74000000
2018-02-26 04:10:11,0.00122300,16.41000000
2018-02-26 04:10:11,0.00122300,70.47000000
2018-02-26 04:10:11,0.00122300,93.30000000
2018-02-26 04:10:11,0.00122290,18.44000000
2018-02-26 04:10:12,0.00122290,32.89000000
2018-02-26 04:10:13,0.00122250,12.44000000
2018-02-26 04:10:13,0.00122240,25.77000000
2018-02-26 04:10:13,0.00122210,19.34000000
2018-02-26 04:10:13,0.00122200,10.88000000
2018-02-26 04:10:13,0.00122180,136.65000000
2018-02-26 04:10:13,0.00122170,14.50000000
2018-02-26 04:10:13,0.00122160,1.00000000
2018-02-26 04:10:13,0.00122150,1.00000000
2018-02-26 04:10:13,0.00122140,28.56000000
2018-02-26 04:10:13,0.00122130,1.00000000
2018-02-26 04:10:13,0.00122120,73.82000000
2018-02-26 04:10:13,0.00122110,1.00000000
2018-02-26 04:10:13,0.00122100,12.05000000
2018-02-26 04:10:13,0.00122090,1.00000000
2018-02-26 04:10:13,0.00122080,3.99000000
2018-02-26 04:10:14,0.00122290,2.04000000
2018-02-26 04:10:15,0.00122270,28.29000000
2018-02-26 04:10:15,0.00122270,0.08000000
2018-02-26 04:10:15,0.00122280,2.04000000
2018-02-26 04:10:16,0.00122280,2.01000000
2018-02-26 04:10:17,0.00122280,7.52000000
2018-02-26 04:10:19,0.00122280,24.47000000
2018-02-26 04:10:19,0.00122090,5.91000000
2018-02-26 04:10:19,0.00122280,8.17000000
2018-02-26 04:10:19,0.00122080,181.07000000
2018-02-26 04:10:20,0.00122280,12.27000000
2018-02-26 04:10:21,0.00122170,69.22000000
2018-02-26 04:10:22,0.00122280,0.82000000
2018-02-26 04:10:23,0.00122280,6.13000000
2018-02-26 04:10:25,0.00122280,1.22000000
2018-02-26 04:10:28,0.00122080,290.94000000
2018-02-26 04:10:28,0.00122070,2.63000000
2018-02-26 04:10:28,0.00122060,1.00000000
2018-02-26 04:10:28,0.00122050,11.01000000
2018-02-26 04:10:28,0.00122040,14.20000000
2018-02-26 04:10:28,0.00122030,35.94000000
2018-02-26 04:10:28,0.00122020,11.00000000
2018-02-26 04:10:28,0.00122010,64.37000000
2018-02-26 04:10:28,0.00122000,444.90000000
2018-02-26 04:10:28,0.00122000,75.42000000
2018-02-26 04:10:28,0.00122000,37.92000000
2018-02-26 04:10:28,0.00122000,3.51000000
2018-02-26 04:10:28,0.00122000,39.16000000
2018-02-26 04:10:28,0.00122050,21.48000000
2018-02-26 04:10:28,0.00122050,16.68000000
2018-02-26 04:10:28,0.00122280,12.28000000
2018-02-26 04:10:28,0.00122300,9.19000000
2018-02-26 04:10:32,0.00122050,14.28000000
2018-02-26 04:10:32,0.00122050,32.27000000
2018-02-26 04:10:35,0.00122290,16.38000000
2018-02-26 04:10:36,0.00122050,43.14000000
2018-02-26 04:10:36,0.00122010,59.88000000
2018-02-26 04:10:37,0.00122050,23.00000000
2018-02-26 04:10:38,0.00122150,197.81000000
2018-02-26 04:10:40,0.00122240,81.94000000
2018-02-26 04:10:41,0.00122030,10.00000000
2018-02-26 04:10:41,0.00122050,30.14000000
2018-02-26 04:10:41,0.00122250,94.16000000
2018-02-26 04:10:43,0.00122020,10.00000000
2018-02-26 04:10:44,0.00122020,6.39000000
2018-02-26 04:10:44,0.00122010,7.13000000
2018-02-26 04:10:44,0.00122000,873.16000000
2018-02-26 04:10:44,0.00122000,40.00000000
2018-02-26 04:10:44,0.00122000,24.52000000
2018-02-26 04:10:44,0.00122000,1.52000000
2018-02-26 04:10:44,0.00122000,33.87000000
2018-02-26 04:10:44,0.00122000,33.77000000
2018-02-26 04:10:45,0.00122000,455.58000000
2018-02-26 04:10:47,0.00122000,15.04000000
2018-02-26 04:10:48,0.00121990,11.47000000
2018-02-26 04:10:48,0.00121980,2.38000000
2018-02-26 04:10:48,0.00121960,8.00000000
2018-02-26 04:10:48,0.00121910,0.91000000
2018-02-26 04:10:48,0.00121900,4.86000000
2018-02-26 04:10:48,0.00121990,16.39000000
2018-02-26 04:10:48,0.00121990,4.79000000
2018-02-26 04:10:49,0.00121910,17.43000000
2018-02-26 04:10:49,0.00121900,90.00000000
2018-02-26 04:10:49,0.00121990,2.05000000
2018-02-26 04:10:50,0.00121990,29.38000000
2018-02-26 04:10:50,0.00122000,8.14000000
2018-02-26 04:10:50,0.00121910,4.00000000
2018-02-26 04:10:50,0.00121900,12.00000000
2018-02-26 04:10:50,0.00122000,0.94000000
2018-02-26 04:10:50,0.00121900,1.93000000
2018-02-26 04:10:52,0.00122000,5.00000000
2018-02-26 04:10:52,0.00121910,5.00000000
2018-02-26 04:10:53,0.00121920,17.05000000
2018-02-26 04:10:53,0.00121910,45.26000000
2018-02-26 04:10:53,0.00121900,146.13000000
2018-02-26 04:10:53,0.00121860,5.87000000
2018-02-26 04:10:53,0.00121850,10.89000000
2018-02-26 04:10:53,0.00121830,13.80000000
2018-02-26 04:10:54,0.00121910,22.39000000
2018-02-26 04:10:54,0.00121910,22.42000000
2018-02-26 04:10:54,0.00121910,22.42000000
2018-02-26 04:10:54,0.00121910,13.08000000
2018-02-26 04:10:54,0.00122000,9.34000000
2018-02-26 04:10:54,0.00122000,6.56000000
2018-02-26 04:10:54,0.00122000,21.55000000
2018-02-26 04:10:55,0.00122000,27.82000000
2018-02-26 04:10:55,0.00122000,24.54000000
2018-02-26 04:10:55,0.00121910,24.54000000
2018-02-26 04:10:56,0.00121910,0.81000000
2018-02-26 04:10:56,0.00122000,335.80000000
2018-02-26 04:10:56,0.00122000,68.33000000
2018-02-26 04:10:57,0.00122000,5.58000000
2018-02-26 04:10:57,0.00121910,4.42000000
2018-02-26 04:11:01,0.00121910,50.54000000
2018-02-26 04:11:01,0.00121840,4.10000000
2018-02-26 04:11:01,0.00121830,56.77000000
2018-02-26 04:11:01,0.00121820,70.28000000
2018-02-26 04:11:01,0.00121810,1.58000000
2018-02-26 04:11:01,0.00121800,62.45000000
2018-02-26 04:11:01,0.00121800,22.33000000
2018-02-26 04:11:07,0.00121990,2.84000000
2018-02-26 04:11:08,0.00121850,50.00000000
2018-02-26 04:11:09,0.00121990,16.39000000
2018-02-26 04:11:09,0.00121850,100.96000000
2018-02-26 04:11:09,0.00121810,58.00000000
2018-02-26 04:11:09,0.00121800,378.83000000
2018-02-26 04:11:09,0.00121750,71.62000000
2018-02-26 04:11:09,0.00121710,5.39000000
2018-02-26 04:11:09,0.00121700,80.11000000
2018-02-26 04:11:09,0.00121990,2.01000000
2018-02-26 04:11:10,0.00121800,5.65000000
2018-02-26 04:11:10,0.00121800,44.21000000
2018-02-26 04:11:10,0.00121990,5.65000000
2018-02-26 04:11:10,0.00121710,6.63000000
2018-02-26 04:11:10,0.00121710,6.63000000
2018-02-26 04:11:10,0.00121750,55.37000000
2018-02-26 04:11:10,0.00121750,1.52000000
2018-02-26 04:11:10,0.00121750,326.47000000
2018-02-26 04:11:10,0.00121750,1.52000000
2018-02-26 04:11:10,0.00121750,1.52000000
2018-02-26 04:11:10,0.00121750,23.09000000
2018-02-26 04:11:11,0.00121740,2.03000000
2018-02-26 04:11:11,0.00121740,11.23000000
2018-02-26 04:11:12,0.00121720,47.92000000
2018-02-26 04:11:12,0.00121720,3.20000000
2018-02-26 04:11:12,0.00121700,72.38000000
2018-02-26 04:11:12,0.00121720,157.78000000
2018-02-26 04:11:14,0.00121750,1.23000000
2018-02-26 04:11:15,0.00121750,245.33000000
2018-02-26 04:11:15,0.00121750,36.90000000
2018-02-26 04:11:15,0.00121720,22.40000000
2018-02-26 04:11:16,0.00121750,1.03000000
2018-02-26 04:11:16,0.00121750,3.70000000
2018-02-26 04:11:17,0.00121750,5.00000000
2018-02-26 04:11:17,0.00121750,20.00000000
2018-02-26 04:11:17,0.00121750,10.00000000
2018-02-26 04:11:18,0.00121720,28.72000000
2018-02-26 04:11:18,0.00121700,71.28000000
2018-02-26 04:11:19,0.00121750,245.33000000
2018-02-26 04:11:19,0.00121750,9.22000000
2018-02-26 04:11:19,0.00121750,71.71000000
2018-02-26 04:11:19,0.00121780,13.23000000
2018-02-26 04:11:20,0.00121990,4.48000000
2018-02-26 04:11:21,0.00121780,3.83000000
2018-02-26 04:11:21,0.00121990,11.86000000
2018-02-26 04:11:21,0.00121990,4.84000000
2018-02-26 04:11:21,0.00121990,2.98000000
2018-02-26 04:11:21,0.00121990,1.61000000
2018-02-26 04:11:22,0.00121990,12.50000000
2018-02-26 04:11:22,0.00121990,4.68000000
2018-02-26 04:11:22,0.00121990,4.03000000
2018-02-26 04:11:22,0.00121990,1.86000000
2018-02-26 04:11:22,0.00121990,4.00000000
2018-02-26 04:11:22,0.00121990,2.02000000
2018-02-26 04:11:22,0.00121990,3.90000000
2018-02-26 04:11:22,0.00121990,11.09000000
2018-02-26 04:11:22,0.00121990,1.21000000
2018-02-26 04:11:22,0.00121990,1.97000000
2018-02-26 04:11:22,0.00121990,0.88000000
2018-02-26 04:11:22,0.00121990,2.01000000
2018-02-26 04:11:22,0.00121990,3.89000000
2018-02-26 04:11:23,0.00121990,2.34000000
2018-02-26 04:11:23,0.00121990,18.96000000
2018-02-26 04:11:23,0.00121780,25.36000000
2018-02-26 04:11:23,0.00121990,1.62000000
2018-02-26 04:11:23,0.00121990,2.37000000
2018-02-26 04:11:23,0.00121990,5.52000000
2018-02-26 04:11:23,0.00121990,17.07000000
2018-02-26 04:11:23,0.00121990,16.03000000
2018-02-26 04:11:23,0.00121990,3.12000000
2018-02-26 04:11:23,0.00121990,2.25000000
2018-02-26 04:11:23,0.00121990,5.96000000
2018-02-26 04:11:24,0.00121990,6.97000000
2018-02-26 04:11:24,0.00121990,14.74000000
2018-02-26 04:11:24,0.00121990,5.05000000
2018-02-26 04:11:25,0.00122020,1.64000000
2018-02-26 04:11:25,0.00122020,2.69000000
2018-02-26 04:11:26,0.00122020,7.80000000
2018-02-26 04:11:26,0.00122020,1.61000000
2018-02-26 04:11:26,0.00122020,26.00000000
2018-02-26 04:11:26,0.00122020,36.08000000
2018-02-26 04:11:26,0.00122020,2.76000000
2018-02-26 04:11:26,0.00122020,3.00000000
2018-02-26 04:11:26,0.00122020,1.69000000
2018-02-26 04:11:27,0.00122020,8.87000000
2018-02-26 04:11:27,0.00122020,4.52000000
2018-02-26 04:11:29,0.00122020,4.58000000
2018-02-26 04:11:29,0.00122020,1.44000000
2018-02-26 04:11:30,0.00122020,2.46000000
2018-02-26 04:11:30,0.00122020,2.40000000
2018-02-26 04:11:30,0.00122020,1.85000000
2018-02-26 04:11:30,0.00122020,16.10000000
2018-02-26 04:11:31,0.00122020,1.86000000
2018-02-26 04:11:31,0.00122020,92.93000000
2018-02-26 04:11:31,0.00122020,3.77000000
2018-02-26 04:11:31,0.00122020,17.57000000
2018-02-26 04:11:32,0.00122020,383.56000000
2018-02-26 04:11:32,0.00121900,91.39000000
2018-02-26 04:11:32,0.00122020,525.30000000
2018-02-26 04:11:33,0.00122020,6.31000000
2018-02-26 04:11:33,0.00122020,4.82000000
2018-02-26 04:11:33,0.00122020,2.34000000
2018-02-26 04:11:34,0.00121800,5.00000000
2018-02-26 04:11:34,0.00121800,6.26000000
2018-02-26 04:11:34,0.00121800,30.00000000
2018-02-26 04:11:34,0.00121800,45.97000000
2018-02-26 04:11:36,0.00121800,1.63000000
2018-02-26 04:11:36,0.00121800,10.00000000
2018-02-26 04:11:38,0.00121780,155.36000000
2018-02-26 04:11:38,0.00121800,15.57000000
2018-02-26 04:11:38,0.00122020,406.57000000
2018-02-26 04:11:38,0.00122080,88.35000000
2018-02-26 04:11:38,0.00122250,36.70000000
2018-02-26 04:11:38,0.00122270,563.00000000
2018-02-26 04:11:38,0.00122300,169.19000000
2018-02-26 04:11:39,0.00122300,3.05000000
2018-02-26 04:11:39,0.00122000,1.00000000
2018-02-26 04:11:39,0.00121910,16.40000000
2018-02-26 04:11:39,0.00121900,40.63000000
2018-02-26 04:11:39,0.00121910,12.98000000
2018-02-26 04:11:39,0.00121900,41.47000000
2018-02-26 04:11:39,0.00121790,58.20000000
2018-02-26 04:11:39,0.00121780,436.66000000
2018-02-26 04:11:39,0.00121780,3.28000000
2018-02-26 04:11:39,0.00121700,1.00000000
2018-02-26 04:11:40,0.00121770,2.45000000
2018-02-26 04:11:40,0.00121770,7.25000000
2018-02-26 04:11:40,0.00121770,72.40000000
2018-02-26 04:11:40,0.00121780,42.42000000
2018-02-26 04:11:41,0.00121780,9.52000000
2018-02-26 04:11:41,0.00121780,2.04000000
2018-02-26 04:11:41,0.00121780,2.33000000
2018-02-26 04:11:42,0.00121780,20.00000000
2018-02-26 04:11:43,0.00121780,4.08000000
2018-02-26 04:11:44,0.00121700,383.56000000
2018-02-26 04:11:45,0.00121780,3.87000000
2018-02-26 04:11:45,0.00121780,1.48000000
2018-02-26 04:11:45,0.00121700,524.77000000
2018-02-26 04:11:47,0.00121700,65.77000000
2018-02-26 04:11:47,0.00121780,9.70000000
2018-02-26 04:11:47,0.00121780,3.76000000
2018-02-26 04:11:47,0.00121800,5.00000000
2018-02-26 04:11:48,0.00122190,1.52000000
2018-02-26 04:11:48,0.00122290,4.08000000
2018-02-26 04:11:49,0.00122270,2.01000000
2018-02-26 04:11:49,0.00122270,0.98000000
2018-02-26 04:11:50,0.00122270,1.42000000
2018-02-26 04:11:51,0.00122260,1.97000000
2018-02-26 04:11:51,0.00122260,2.11000000
2018-02-26 04:11:51,0.00122270,0.41000000
2018-02-26 04:11:51,0.00122290,3.61000000
2018-02-26 04:11:51,0.00122290,3.93000000
2018-02-26 04:11:52,0.00122220,219.99000000
2018-02-26 04:11:52,0.00122290,1.52000000
2018-02-26 04:11:52,0.00122290,7.34000000
2018-02-26 04:11:52,0.00122280,2.00000000
2018-02-26 04:11:52,0.00122300,1.10000000
2018-02-26 04:11:53,0.00122020,6.63000000
2018-02-26 04:11:53,0.00122010,10.19000000
2018-02-26 04:11:54,0.00122270,4.09000000
2018-02-26 04:11:54,0.00122270,2.04000000
2018-02-26 04:11:55,0.00122270,2.04000000
2018-02-26 04:11:55,0.00122270,0.82000000
2018-02-26 04:11:56,0.00122270,1.20000000
2018-02-26 04:11:56,0.00122280,5.43000000
2018-02-26 04:11:57,0.00122180,2.01000000
2018-02-26 04:11:58,0.00122180,10.06000000
2018-02-26 04:11:58,0.00122170,6.54000000
2018-02-26 04:11:58,0.00122040,16.38000000
2018-02-26 04:11:58,0.00122020,6.63000000
2018-02-26 04:11:58,0.00121830,40.41000000
2018-02-26 04:11:58,0.00122280,7.83000000
2018-02-26 04:11:58,0.00122300,2.17000000
2018-02-26 04:12:00,0.00122300,5.00000000
2018-02-26 04:12:01,0.00122050,46.00000000
2018-02-26 04:12:01,0.00122300,371.71000000
2018-02-26 04:12:01,0.00122300,44.62000000
2018-02-26 04:12:02,0.00122300,53.60000000
2018-02-26 04:12:02,0.00122300,6.40000000
2018-02-26 04:12:03,0.00122300,1.59000000
2018-02-26 04:12:03,0.00122460,16.33000000
2018-02-26 04:12:03,0.00122300,12.59000000
2018-02-26 04:12:03,0.00122300,24.52000000
2018-02-26 04:12:03,0.00122300,12.60000000
2018-02-26 04:12:03,0.00122300,53.86000000
2018-02-26 04:12:03,0.00122300,85.18000000
2018-02-26 04:12:03,0.00122460,2.04000000
2018-02-26 04:12:03,0.00122290,3.87000000
2018-02-26 04:12:03,0.00122290,5.72000000
2018-02-26 04:12:04,0.00122290,1.80000000
2018-02-26 04:12:04,0.00122290,16.24000000
2018-02-26 04:12:04,0.00122300,6.70000000
2018-02-26 04:12:05,0.00122300,4.05000000
2018-02-26 04:12:05,0.00122300,3.60000000
2018-02-26 04:12:05,0.00122300,4.42000000
2018-02-26 04:12:05,0.00122300,1.99000000
2018-02-26 04:12:07,0.00122230,102.48000000
2018-02-26 04:12:09,0.00122170,1.00000000
2018-02-26 04:12:10,0.00122200,1.00000000
2018-02-26 04:12:10,0.00122300,0.94000000
2018-02-26 04:12:11,0.00122300,64.25000000
2018-02-26 04:12:15,0.00122460,6.94000000
2018-02-26 04:12:16,0.00122180,10.38000000
2018-02-26 04:12:16,0.00122460,3.27000000
2018-02-26 04:12:16,0.00122460,6.17000000
2018-02-26 04:12:18,0.00122200,59.19000000
2018-02-26 04:12:18,0.00122210,16.36000000
2018-02-26 04:12:23,0.00122460,13.16000000
2018-02-26 04:12:23,0.00122460,2.04000000
2018-02-26 04:12:23,0.00122460,1.16000000
2018-02-26 04:12:23,0.00122470,1.64000000
2018-02-26 04:12:23,0.00122550,18.02000000
2018-02-26 04:12:24,0.00122310,1.00000000
2018-02-26 04:12:24,0.00122310,11.23000000
2018-02-26 04:12:24,0.00122300,1.00000000
2018-02-26 04:12:24,0.00122210,10.29000000
2018-02-26 04:12:25,0.00122350,231.07000000
2018-02-26 04:12:25,0.00122250,1.00000000
2018-02-26 04:12:27,0.00122470,20.08000000
2018-02-26 04:12:29,0.00122460,3.51000000
2018-02-26 04:12:29,0.00122450,19.76000000
2018-02-26 04:12:30,0.00122450,2.04000000
2018-02-26 04:12:30,0.00122450,8.16000000
2018-02-26 04:12:31,0.00122450,17.23000000
2018-02-26 04:12:31,0.00122290,14.53000000
2018-02-26 04:12:31,0.00122300,4.00000000
2018-02-26 04:12:32,0.00122460,6.78000000
2018-02-26 04:12:32,0.00122600,0.90000000
2018-02-26 04:12:32,0.00122630,7.26000000
2018-02-26 04:12:35,0.00122500,27.32000000
2018-02-26 04:12:35,0.00122450,72.61000000
2018-02-26 04:12:35,0.00122630,50.59000000
2018-02-26 04:12:35,0.00122660,7.75000000
2018-02-26 04:12:35,0.00122670,452.05000000
2018-02-26 04:12:35,0.00122670,9.71000000
2018-02-26 04:12:39,0.00122760,3.84000000
2018-02-26 04:12:39,0.00122550,3.15000000
2018-02-26 04:12:39,0.00122470,4.34000000
2018-02-26 04:12:39,0.00122760,10.00000000
2018-02-26 04:12:40,0.00122660,3.15000000
2018-02-26 04:12:40,0.00122760,0.19000000
2018-02-26 04:12:40,0.00122480,81.61000000
2018-02-26 04:12:40,0.00122470,11.99000000
2018-02-26 04:12:40,0.00122460,26.52000000
2018-02-26 04:12:40,0.00122450,107.36000000
2018-02-26 04:12:41,0.00122740,2.04000000
2018-02-26 04:12:41,0.00122720,1.06000000
2018-02-26 04:12:41,0.00122570,113.56000000
2018-02-26 04:12:42,0.00122560,81.61000000
2018-02-26 04:12:42,0.00122720,25.46000000
2018-02-26 04:12:42,0.00122740,14.29000000
2018-02-26 04:12:42,0.00122760,56.92000000
2018-02-26 04:12:43,0.00122770,24.57000000
2018-02-26 04:12:43,0.00122770,3.41000000
2018-02-26 04:12:43,0.00122760,2.13000000
2018-02-26 04:12:44,0.00122550,6.94000000
2018-02-26 04:12:44,0.00122680,6.94000000
2018-02-26 04:12:45,0.00122550,3.73000000
2018-02-26 04:12:46,0.00122680,3.73000000
2018-02-26 04:12:46,0.00122750,96.09000000
2018-02-26 04:12:47,0.00122510,4.74000000
2018-02-26 04:12:50,0.00122690,0.98000000
2018-02-26 04:12:52,0.00122560,3.76000000
2018-02-26 04:12:52,0.00122570,238.15000000
2018-02-26 04:12:53,0.00122570,1.79000000
2018-02-26 04:12:54,0.00122570,1.71000000
2018-02-26 04:12:56,0.00122570,0.98000000
2018-02-26 04:12:56,0.00122570,13.18000000
2018-02-26 04:12:56,0.00122650,419.56000000
2018-02-26 04:12:57,0.00122650,114.82000000
2018-02-26 04:12:58,0.00122650,50.83000000
2018-02-26 04:13:02,0.00122740,2.04000000
2018-02-26 04:13:03,0.00122740,37.56000000
2018-02-26 04:13:04,0.00122740,20.36000000
2018-02-26 04:13:04,0.00122650,234.97000000
2018-02-26 04:13:05,0.00122650,49.90000000
2018-02-26 04:13:05,0.00122650,237.87000000
2018-02-26 04:13:06,0.00122690,124.40000000
2018-02-26 04:13:07,0.00122650,484.40000000
2018-02-26 04:13:07,0.00122500,5.00000000
2018-02-26 04:13:07,0.00122450,30.18000000
2018-02-26 04:13:07,0.00122740,2.44000000
2018-02-26 04:13:07,0.00122740,7.33000000
2018-02-26 04:13:10,0.00122730,5.00000000
2018-02-26 04:13:10,0.00122730,5.00000000
2018-02-26 04:13:12,0.00122520,5.95000000
2018-02-26 04:13:12,0.00122500,14.05000000
2018-02-26 04:13:16,0.00122510,2.93000000
2018-02-26 04:13:16,0.00122500,29.85000000
2018-02-26 04:13:24,0.00122510,13.00000000
2018-02-26 04:13:26,0.00122610,6.89000000
2018-02-26 04:13:29,0.00122730,10.00000000
2018-02-26 04:13:29,0.00122730,18.31000000
2018-02-26 04:13:32,0.00122530,3.42000000
2018-02-26 04:13:32,0.00122510,0.38000000
2018-02-26 04:13:32,0.00122500,15.93000000
2018-02-26 04:13:32,0.00122500,40.17000000
2018-02-26 04:13:32,0.00122470,20.61000000
2018-02-26 04:13:32,0.00122450,70.61000000
2018-02-26 04:13:32,0.00122450,111.86000000
2018-02-26 04:13:32,0.00122450,37.35000000
2018-02-26 04:13:33,0.00122450,10.00000000
2018-02-26 04:13:33,0.00122420,4.09000000
2018-02-26 04:13:33,0.00122300,1.27000000
2018-02-26 04:13:33,0.00122210,15.44000000
2018-02-26 04:13:34,0.00122220,2.69000000
2018-02-26 04:13:34,0.00122450,129.79000000
2018-02-26 04:13:34,0.00122450,1.55000000
2018-02-26 04:13:37,0.00122440,2.69000000
2018-02-26 04:13:37,0.00122450,7.31000000
2018-02-26 04:13:38,0.00122450,13.52000000
2018-02-26 04:13:39,0.00122450,7.51000000
2018-02-26 04:13:40,0.00122450,10.00000000
2018-02-26 04:13:40,0.00122260,94.34000000
2018-02-26 04:13:40,0.00122210,52.56000000
2018-02-26 04:13:40,0.00122040,42.56000000
2018-02-26 04:13:41,0.00122190,7.21000000
2018-02-26 04:13:41,0.00122190,7.21000000
2018-02-26 04:13:41,0.00122190,7.21000000
2018-02-26 04:13:41,0.00122190,22.83000000
2018-02-26 04:13:41,0.00122190,24.50000000
2018-02-26 04:13:41,0.00122190,66.53000000
2018-02-26 04:13:41,0.00122190,7.21000000
2018-02-26 04:13:41,0.00122190,24.50000000
2018-02-26 04:13:43,0.00122430,10.00000000
2018-02-26 04:13:44,0.00122430,2.04000000
2018-02-26 04:13:46,0.00122420,4.09000000
2018-02-26 04:13:46,0.00122430,4.29000000
2018-02-26 04:13:46,0.00122450,1.62000000
2018-02-26 04:13:48,0.00122200,50.00000000
2018-02-26 04:13:48,0.00122440,10.00000000
2018-02-26 04:13:51,0.00122400,10.00000000
2018-02-26 04:13:53,0.00122400,10.00000000
2018-02-26 04:13:55,0.00122280,17.98000000
2018-02-26 04:13:55,0.00122200,131.82000000
2018-02-26 04:13:55,0.00122190,12.02000000
2018-02-26 04:13:55,0.00122200,8.65000000
2018-02-26 04:13:55,0.00122200,13.38000000
2018-02-26 04:13:55,0.00122200,13.38000000
2018-02-26 04:13:56,0.00122190,13.38000000
2018-02-26 04:13:56,0.00122200,10.00000000
2018-02-26 04:13:56,0.00122200,34.95000000
2018-02-26 04:13:56,0.00122200,24.50000000
2018-02-26 04:13:58,0.00122200,10.00000000
2018-02-26 04:13:58,0.00122200,1.97000000
2018-02-26 04:13:58,0.00122200,211.27000000
2018-02-26 04:13:58,0.00122200,18.49000000
2018-02-26 04:14:00,0.00122290,10.00000000
2018-02-26 04:14:00,0.00122200,16.39000000
2018-02-26 04:14:02,0.00122200,180.23000000
2018-02-26 04:14:02,0.00122290,7.98000000
2018-02-26 04:14:02,0.00122410,2.02000000
2018-02-26 04:14:05,0.00122280,10.00000000
2018-02-26 04:14:06,0.00122200,178.01000000
2018-02-26 04:14:08,0.00122200,1.84000000
2018-02-26 04:14:08,0.00122200,10.00000000
2018-02-26 04:14:08,0.00122190,3.31000000
2018-02-26 04:14:10,0.00122200,7.36000000
2018-02-26 04:14:12,0.00122200,0.88000000
2018-02-26 04:14:12,0.00122200,9.00000000
2018-02-26 04:14:13,0.00122200,2.05000000
2018-02-26 04:14:14,0.00122200,10.00000000
2018-02-26 04:14:15,0.00122190,8.54000000
2018-02-26 04:14:16,0.00122190,3.14000000
2018-02-26 04:14:16,0.00122190,3.14000000
2018-02-26 04:14:17,0.00122050,5.48000000
2018-02-26 04:14:17,0.00122190,0.78000000
2018-02-26 04:14:17,0.00122200,9.22000000
2018-02-26 04:14:17,0.00122200,108.58000000
2018-02-26 04:14:19,0.00122280,0.88000000
2018-02-26 04:14:21,0.00122390,2.22000000
2018-02-26 04:14:21,0.00122390,2.22000000
2018-02-26 04:14:21,0.00122390,2.21000000
2018-02-26 04:14:21,0.00122390,2.00000000
2018-02-26 04:14:21,0.00122390,2.22000000
2018-02-26 04:14:21,0.00122390,2.22000000
2018-02-26 04:14:22,0.00122390,2.01000000
2018-02-26 04:14:22,0.00122200,124.08000000
2018-02-26 04:14:22,0.00122080,4.10000000
2018-02-26 04:14:22,0.00122050,23.07000000
2018-02-26 04:14:22,0.00122290,1.00000000
2018-02-26 04:14:22,0.00122390,1.41000000
2018-02-26 04:14:22,0.00122380,5.72000000
2018-02-26 04:14:23,0.00122380,2.04000000
2018-02-26 04:14:23,0.00122380,5.62000000
2018-02-26 04:14:23,0.00122380,1.00000000
2018-02-26 04:14:27,0.00122290,29.06000000
2018-02-26 04:14:28,0.00122380,4.15000000
2018-02-26 04:14:28,0.00122390,3.46000000
2018-02-26 04:14:28,0.00122390,0.85000000
2018-02-26 04:14:31,0.00122230,20.00000000
2018-02-26 04:14:31,0.00122220,65.52000000
2018-02-26 04:14:32,0.00122380,4.10000000
2018-02-26 04:14:37,0.00122350,76.81000000
2018-02-26 04:14:37,0.00122390,12.35000000
2018-02-26 04:14:40,0.00122390,16.34000000
2018-02-26 04:14:43,0.00122290,157.66000000
2018-02-26 04:14:45,0.00122210,3.97000000
2018-02-26 04:14:45,0.00122390,1.97000000
2018-02-26 04:14:48,0.00122200,5.00000000
2018-02-26 04:14:53,0.00122140,24.00000000
2018-02-26 04:15:00,0.00122190,3.55000000
2018-02-26 04:15:00,0.00122190,20.45000000
2018-02-26 04:15:02,0.00122200,3.52000000
2018-02-26 04:15:03,0.00122090,2.57000000
2018-02-26 04:15:04,0.00122090,13.43000000
2018-02-26 04:15:04,0.00122090,8.10000000
2018-02-26 04:15:04,0.00122200,125.21000000
2018-02-26 04:15:04,0.00122140,8.04000000
2018-02-26 04:15:04,0.00122140,27.70000000
2018-02-26 04:15:04,0.00122140,4.41000000
2018-02-26 04:15:05,0.00122190,10.00000000
2018-02-26 04:15:08,0.00122190,1.06000000
2018-02-26 04:15:10,0.00122190,1.86000000
2018-02-26 04:15:10,0.00122150,238.60000000
2018-02-26 04:15:10,0.00122190,10.00000000
2018-02-26 04:15:10,0.00122190,5.00000000
2018-02-26 04:15:12,0.00122190,10.00000000
2018-02-26 04:15:13,0.00122190,3.92000000
2018-02-26 04:15:14,0.00122380,10.00000000
2018-02-26 04:15:16,0.00122150,6.78000000
2018-02-26 04:15:16,0.00122140,31.33000000
2018-02-26 04:15:18,0.00122380,19.45000000
2018-02-26 04:15:23,0.00122370,2.04000000
2018-02-26 04:15:24,0.00122200,0.04000000
2018-02-26 04:15:24,0.00122370,0.57000000
2018-02-26 04:15:26,0.00122370,22.34000000
2018-02-26 04:15:29,0.00122370,27.08000000
2018-02-26 04:15:30,0.00122370,0.01000000
2018-02-26 04:15:30,0.00122370,4.33000000
2018-02-26 04:15:33,0.00122370,4.97000000
2018-02-26 04:15:45,0.00122280,50.99000000
2018-02-26 04:15:53,0.00122300,13.55000000
2018-02-26 04:15:55,0.00122280,10.00000000
2018-02-26 04:15:56,0.00122200,1.59000000
2018-02-26 04:15:56,0.00122190,2.60000000
2018-02-26 04:15:56,0.00122150,8.96000000
2018-02-26 04:15:56,0.00122140,0.69000000
2018-02-26 04:15:57,0.00122140,8.13000000
2018-02-26 04:15:57,0.00122120,16.37000000
2018-02-26 04:15:57,0.00122020,89.24000000
2018-02-26 04:15:57,0.00122010,31.52000000
2018-02-26 04:15:57,0.00122000,60.00000000
2018-02-26 04:16:01,0.00121970,4.09000000
2018-02-26 04:16:01,0.00121780,2.70000000
2018-02-26 04:16:01,0.00121770,19.58000000
2018-02-26 04:16:02,0.00121880,179.58000000
2018-02-26 04:16:02,0.00121770,80.42000000
2018-02-26 04:16:02,0.00121760,82.12000000
2018-02-26 04:16:02,0.00121750,8.90000000
2018-02-26 04:16:03,0.00121990,19.58000000
2018-02-26 04:16:03,0.00121990,2.01000000
2018-02-26 04:16:04,0.00121970,2.00000000
2018-02-26 04:16:05,0.00121900,2.02000000
2018-02-26 04:16:05,0.00121890,2.00000000
2018-02-26 04:16:05,0.00121890,11.76000000
2018-02-26 04:16:06,0.00121890,2.01000000
2018-02-26 04:16:06,0.00121890,1.68000000
2018-02-26 04:16:07,0.00121890,12.07000000
2018-02-26 04:16:07,0.00121870,7.18000000
2018-02-26 04:16:07,0.00121870,8.05000000
2018-02-26 04:16:08,0.00121870,10.00000000
2018-02-26 04:16:08,0.00121860,24.12000000
2018-02-26 04:16:10,0.00121760,143.00000000
2018-02-26 04:16:10,0.00121760,19.89000000
2018-02-26 04:16:10,0.00121760,1.72000000
2018-02-26 04:16:10,0.00121760,1.72000000
2018-02-26 04:16:10,0.00121760,79.80000000
2018-02-26 04:16:10,0.00121850,23.29000000
2018-02-26 04:16:10,0.00121850,56.37000000
2018-02-26 04:16:10,0.00121900,25.08000000
2018-02-26 04:16:15,0.00121890,1.64000000
2018-02-26 04:16:16,0.00121890,2.45000000
2018-02-26 04:16:16,0.00121900,89.62000000
2018-02-26 04:16:18,0.00121900,10.00000000
2018-02-26 04:16:18,0.00121820,62.08000000
2018-02-26 04:16:18,0.00121750,9.65000000
2018-02-26 04:16:19,0.00121750,91.88000000
2018-02-26 04:16:19,0.00121750,6.33000000
2018-02-26 04:16:19,0.00121750,28.77000000
2018-02-26 04:16:20,0.00121750,4.98000000
2018-02-26 04:16:20,0.00121700,52.64000000
2018-02-26 04:16:20,0.00121690,11.94000000
2018-02-26 04:16:20,0.00121650,5.79000000
2018-02-26 04:16:20,0.00121620,54.50000000
2018-02-26 04:16:20,0.00121600,76.66000000
2018-02-26 04:16:20,0.00121750,103.57000000
2018-02-26 04:16:23,0.00121750,251.21000000
2018-02-26 04:16:24,0.00121750,2.95000000
2018-02-26 04:16:26,0.00121750,12.10000000
2018-02-26 04:16:26,0.00121610,50.37000000
2018-02-26 04:16:26,0.00121750,2.42000000
2018-02-26 04:16:32,0.00121750,6.27000000
2018-02-26 04:16:34,0.00121700,6.35000000
2018-02-26 04:16:34,0.00121700,10.00000000
2018-02-26 04:16:34,0.00121700,154.87000000
2018-02-26 04:16:35,0.00121700,1.64000000
2018-02-26 04:16:35,0.00121640,98.69000000
2018-02-26 04:16:35,0.00121630,4.05000000
2018-02-26 04:16:35,0.00121580,12.99000000
2018-02-26 04:16:35,0.00121560,19.02000000
2018-02-26 04:16:37,0.00121620,190.67000000
2018-02-26 04:16:37,0.00121700,294.20000000
2018-02-26 04:16:37,0.00121630,16.44000000
2018-02-26 04:16:37,0.00121560,33.87000000
2018-02-26 04:16:37,0.00121550,23.52000000
2018-02-26 04:16:37,0.00121540,46.04000000
2018-02-26 04:16:37,0.00121510,14.61000000
2018-02-26 04:16:37,0.00121500,1143.62000000
2018-02-26 04:16:37,0.00121500,3.22000000
2018-02-26 04:16:37,0.00121500,28.67000000
2018-02-26 04:16:37,0.00121500,29.00000000
2018-02-26 04:16:37,0.00121500,24.63000000
2018-02-26 04:16:37,0.00121500,1.09000000
2018-02-26 04:16:37,0.00121500,7.26000000
2018-02-26 04:16:37,0.00121480,24.63000000
2018-02-26 04:16:38,0.00121500,12.43000000
2018-02-26 04:16:39,0.00121500,10.00000000
2018-02-26 04:16:40,0.00121480,1.51000000
2018-02-26 04:16:40,0.00121430,4.95000000
2018-02-26 04:16:40,0.00121420,2.53000000
2018-02-26 04:16:40,0.00121440,35.00000000
2018-02-26 04:16:41,0.00121500,4.10000000
2018-02-26 04:16:41,0.00121500,7.13000000
2018-02-26 04:16:41,0.00121500,2.03000000
2018-02-26 04:16:41,0.00121500,8.21000000
2018-02-26 04:16:41,0.00121500,10.00000000
2018-02-26 04:16:43,0.00121500,15.04000000
2018-02-26 04:16:44,0.00121500,18.53000000
2018-02-26 04:16:44,0.00121500,14.87000000
2018-02-26 04:16:44,0.00121420,131.15000000
2018-02-26 04:16:44,0.00121410,2.45000000
2018-02-26 04:16:44,0.00121400,14.09000000
2018-02-26 04:16:44,0.00121500,5.76000000
2018-02-26 04:16:45,0.00121400,2.03000000
2018-02-26 04:16:46,0.00121500,0.32000000
2018-02-26 04:16:46,0.00121430,45.54000000
2018-02-26 04:16:46,0.00121400,0.45000000
2018-02-26 04:16:46,0.00121390,55.51000000
2018-02-26 04:16:47,0.00121500,5.63000000
2018-02-26 04:16:50,0.00121500,10.00000000
2018-02-26 04:16:51,0.00121500,61.62000000
2018-02-26 04:16:52,0.00121500,16.00000000
2018-02-26 04:16:53,0.00121500,30.00000000
2018-02-26 04:16:53,0.00121430,75.54000000
2018-02-26 04:16:56,0.00121460,73.16000000
2018-02-26 04:16:56,0.00121500,1.00000000
2018-02-26 04:16:57,0.00121430,10.45000000
2018-02-26 04:16:57,0.00121410,8.10000000
2018-02-26 04:16:57,0.00121390,144.49000000
2018-02-26 04:16:57,0.00121340,78.88000000
2018-02-26 04:16:58,0.00121430,4.11000000
2018-02-26 04:16:58,0.00121430,4.10000000
2018-02-26 04:16:59,0.00121430,2.95000000
2018-02-26 04:17:00,0.00121430,7.08000000
2018-02-26 04:17:00,0.00121340,130.92000000
2018-02-26 04:17:01,0.00121500,29.10000000
2018-02-26 04:17:03,0.00121430,1.00000000
2018-02-26 04:17:03,0.00121430,4.10000000
2018-02-26 04:17:04,0.00121430,36.90000000
2018-02-26 04:17:04,0.00121460,48.15000000
2018-02-26 04:17:04,0.00121500,385.14000000
2018-02-26 04:17:05,0.00121560,6.80000000
2018-02-26 04:17:05,0.00121560,2.34000000
2018-02-26 04:17:06,0.00121520,122.40000000
2018-02-26 04:17:06,0.00121560,10.24000000
2018-02-26 04:17:07,0.00121560,5.59000000
2018-02-26 04:17:07,0.00121560,3.44000000
2018-02-26 04:17:07,0.00121500,106.16000000
2018-02-26 04:17:07,0.00121350,6.18000000
2018-02-26 04:17:07,0.00121340,21.40000000
2018-02-26 04:17:07,0.00121330,42.17000000
2018-02-26 04:17:07,0.00121320,54.94000000
2018-02-26 04:17:07,0.00121300,41.85000000
2018-02-26 04:17:07,0.00121290,151.69000000
2018-02-26 04:17:07,0.00121280,0.91000000
2018-02-26 04:17:07,0.00121260,13.19000000
2018-02-26 04:17:07,0.00121240,9.05000000
2018-02-26 04:17:07,0.00121230,110.28000000
2018-02-26 04:17:07,0.00121220,48.59000000
2018-02-26 04:17:07,0.00121200,111.22000000
2018-02-26 04:17:07,0.00121200,8.32000000
2018-02-26 04:17:08,0.00121290,8.48000000
2018-02-26 04:17:08,0.00121560,2.34000000
2018-02-26 04:17:09,0.00121560,1.90000000
2018-02-26 04:17:09,0.00121740,8.10000000
2018-02-26 04:17:09,0.00121640,1.00000000
2018-02-26 04:17:09,0.00121740,51.90000000
2018-02-26 04:17:09,0.00121750,1.00000000
2018-02-26 04:17:09,0.00121740,209.81000000
2018-02-26 04:17:09,0.00121300,290.19000000
2018-02-26 04:17:11,0.00121500,39.16000000
2018-02-26 04:17:11,0.00121500,1.60000000
2018-02-26 04:17:11,0.00121500,7.99000000
2018-02-26 04:17:11,0.00121500,3.24000000
2018-02-26 04:17:11,0.00121500,8.10000000
2018-02-26 04:17:12,0.00121500,0.98000000
2018-02-26 04:17:12,0.00121500,2.40000000
2018-02-26 04:17:12,0.00121500,65.08000000
2018-02-26 04:17:13,0.00121500,9.04000000
2018-02-26 04:17:13,0.00121500,0.98000000
2018-02-26 04:17:13,0.00121500,1.62000000
2018-02-26 04:17:13,0.00121500,2.02000000
2018-02-26 04:17:13,0.00121500,2.02000000
2018-02-26 04:17:13,0.00121500,15.44000000
2018-02-26 04:17:13,0.00121300,2.77000000
2018-02-26 04:17:13,0.00121500,2.82000000
2018-02-26 04:17:13,0.00121500,92.39000000
2018-02-26 04:17:14,0.00121500,15.46000000
2018-02-26 04:17:14,0.00121500,2.04000000
2018-02-26 04:17:14,0.00121500,4.88000000
2018-02-26 04:17:14,0.00121500,6.38000000
2018-02-26 04:17:15,0.00121500,25.32000000
2018-02-26 04:17:15,0.00121300,24.16000000
2018-02-26 04:17:15,0.00121500,3.04000000
2018-02-26 04:17:15,0.00121300,1.63000000
2018-02-26 04:17:16,0.00121500,9.66000000
2018-02-26 04:17:16,0.00121500,5.66000000
2018-02-26 04:17:16,0.00121400,4.86000000
2018-02-26 04:17:17,0.00121400,523.94000000
2018-02-26 04:17:18,0.00121400,4.52000000
2018-02-26 04:17:19,0.00121400,1.01000000
2018-02-26 04:17:20,0.00121400,1.70000000
2018-02-26 04:17:21,0.00121400,80.80000000
2018-02-26 04:17:21,0.00121400,1.64000000
2018-02-26 04:17:22,0.00121400,8.07000000
2018-02-26 04:17:22,0.00121400,10.27000000
2018-02-26 04:17:25,0.00121300,67.38000000
2018-02-26 04:17:25,0.00121340,84.25000000
2018-02-26 04:17:29,0.00121300,184.27000000
2018-02-26 04:17:33,0.00121300,51.33000000
2018-02-26 04:17:34,0.00121400,100.00000000
2018-02-26 04:17:37,0.00121400,38.71000000
2018-02-26 04:17:38,0.00121370,41.18000000
2018-02-26 04:17:38,0.00121330,9.98000000
2018-02-26 04:17:42,0.00121330,132.84000000
2018-02-26 04:17:44,0.00121370,15.14000000
2018-02-26 04:17:45,0.00121380,212.84000000
2018-02-26 04:17:46,0.00121400,662.64000000
2018-02-26 04:17:46,0.00121500,367.90000000
2018-02-26 04:17:46,0.00121500,432.79000000
2018-02-26 04:17:47,0.00121500,10.00000000
2018-02-26 04:17:49,0.00121500,87.30000000
2018-02-26 04:17:49,0.00121500,2.40000000
2018-02-26 04:17:49,0.00121500,3.55000000
2018-02-26 04:17:49,0.00121500,4.92000000
2018-02-26 04:17:50,0.00121500,1.00000000
2018-02-26 04:17:50,0.00121500,465.18000000
2018-02-26 04:17:51,0.00121540,12.60000000
2018-02-26 04:17:53,0.00121510,82.26000000
2018-02-26 04:17:53,0.00121500,177.71000000
2018-02-26 04:17:53,0.00121390,2.98000000
2018-02-26 04:17:53,0.00121390,3.94000000
2018-02-26 04:17:53,0.00121390,0.97000000
2018-02-26 04:17:54,0.00121390,2.01000000
2018-02-26 04:17:54,0.00121390,8.03000000
2018-02-26 04:17:54,0.00121390,1.61000000
2018-02-26 04:17:55,0.00121390,3.60000000
2018-02-26 04:17:55,0.00121390,59.12000000
2018-02-26 04:17:55,0.00121400,73.36000000
2018-02-26 04:17:55,0.00121400,3.04000000
2018-02-26 04:17:55,0.00121400,32.12000000
2018-02-26 04:17:56,0.00121400,1.79000000
2018-02-26 04:17:56,0.00121400,7.29000000
2018-02-26 04:17:57,0.00121370,0.71000000
2018-02-26 04:17:57,0.00121400,10.00000000
2018-02-26 04:17:58,0.00121400,2.46000000
2018-02-26 04:18:00,0.00121400,7.76000000
2018-02-26 04:18:01,0.00121400,10.00000000
2018-02-26 04:18:02,0.00121400,92.21000000
2018-02-26 04:18:02,0.00121430,40.97000000
2018-02-26 04:18:03,0.00121580,95.33000000
2018-02-26 04:18:04,0.00121630,1.99000000
2018-02-26 04:18:04,0.00121630,38.98000000
2018-02-26 04:18:04,0.00121740,1.68000000
2018-02-26 04:18:05,0.00121740,2.09000000
2018-02-26 04:18:05,0.00121420,78.45000000
2018-02-26 04:18:07,0.00121600,2.04000000
2018-02-26 04:18:08,0.00121600,0.89000000
2018-02-26 04:18:08,0.00121600,3.84000000
2018-02-26 04:18:09,0.00121600,3.60000000
2018-02-26 04:18:09,0.00121600,13.35000000
2018-02-26 04:18:09,0.00121600,3.82000000
2018-02-26 04:18:09,0.00121590,7.83000000
2018-02-26 04:18:09,0.00121590,8.90000000
2018-02-26 04:18:09,0.00121590,15.10000000
2018-02-26 04:18:10,0.00121590,37.70000000
2018-02-26 04:18:10,0.00121600,14.16000000
2018-02-26 04:18:10,0.00121600,3.14000000
2018-02-26 04:18:10,0.00121600,6.30000000
2018-02-26 04:18:15,0.00121600,3.90000000
2018-02-26 04:18:15,0.00121600,14.11000000
2018-02-26 04:18:15,0.00121500,223.93000000
2018-02-26 04:18:16,0.00121600,2.04000000
2018-02-26 04:18:21,0.00121600,3.59000000
2018-02-26 04:18:21,0.00121600,8.22000000
2018-02-26 04:18:21,0.00121590,1395.19000000
2018-02-26 04:18:25,0.00121590,25.31000000
2018-02-26 04:18:31,0.00121550,8.93000000
2018-02-26 04:18:32,0.00121570,5.71000000
2018-02-26 04:18:34,0.00121570,8.57000000
2018-02-26 04:18:34,0.00121560,106.42000000
2018-02-26 04:18:35,0.00121570,4.06000000
2018-02-26 04:18:35,0.00121570,8.58000000
2018-02-26 04:18:36,0.00121550,1.22000000
2018-02-26 04:18:36,0.00121550,33.66000000
2018-02-26 04:18:36,0.00121400,53.90000000
2018-02-26 04:18:37,0.00121570,2.25000000
2018-02-26 04:18:39,0.00121570,71.78000000
2018-02-26 04:18:39,0.00121590,14.51000000
2018-02-26 04:18:40,0.00121570,10.00000000
2018-02-26 04:18:42,0.00121550,13.24000000
2018-02-26 04:18:42,0.00121590,525.78000000
2018-02-26 04:18:42,0.00121600,470.98000000
2018-02-26 04:18:43,0.00121580,4.07000000
2018-02-26 04:18:43,0.00121590,5.93000000
2018-02-26 04:18:45,0.00121590,2.47000000
2018-02-26 04:18:46,0.00121590,10.00000000
2018-02-26 04:18:47,0.00121550,138.26000000
2018-02-26 04:18:47,0.00121500,2.26000000
2018-02-26 04:18:49,0.00121400,1.23000000
2018-02-26 04:18:49,0.00121400,3.00000000
2018-02-26 04:18:49,0.00121400,1.54000000
2018-02-26 04:18:49,0.00121400,10.00000000
2018-02-26 04:18:50,0.00121380,234.77000000
2018-02-26 04:18:52,0.00121400,10.00000000
2018-02-26 04:18:53,0.00121370,38.00000000
2018-02-26 04:18:53,0.00121370,1.00000000
2018-02-26 04:18:54,0.00121400,10.06000000
2018-02-26 04:18:54,0.00121400,123.17000000
2018-02-26 04:18:57,0.00121590,2.03000000
2018-02-26 04:18:57,0.00121430,41.81000000
2018-02-26 04:18:57,0.00121400,155.36000000
2018-02-26 04:18:58,0.00121590,10.90000000
2018-02-26 04:18:58,0.00121590,2.02000000
2018-02-26 04:18:58,0.00121590,29.63000000
2018-02-26 04:18:58,0.00121600,259.61000000
2018-02-26 04:19:01,0.00121500,7.29000000
2018-02-26 04:19:02,0.00121600,1.37000000
2018-02-26 04:19:02,0.00121600,100.16000000
2018-02-26 04:19:03,0.00121600,6.28000000
2018-02-26 04:19:03,0.00121600,50.41000000
2018-02-26 04:19:03,0.00121600,5.52000000
2018-02-26 04:19:03,0.00121600,2.83000000
2018-02-26 04:19:03,0.00121600,11.56000000
2018-02-26 04:19:04,0.00121600,2.02000000
2018-02-26 04:19:05,0.00121540,5.38000000
2018-02-26 04:19:05,0.00121540,111.88000000
2018-02-26 04:19:07,0.00121540,5.38000000
2018-02-26 04:19:07,0.00121500,4.74000000
2018-02-26 04:19:12,0.00121600,10.00000000
2018-02-26 04:19:14,0.00121540,3.03000000
2018-02-26 04:19:14,0.00121500,0.81000000
2018-02-26 04:19:17,0.00121550,0.01000000
2018-02-26 04:19:18,0.00121520,245.85000000
2018-02-26 04:19:20,0.00121500,40.25000000
2018-02-26 04:19:20,0.00121400,329.36000000
2018-02-26 04:19:21,0.00121550,10.00000000
2018-02-26 04:19:21,0.00121550,3.21000000
2018-02-26 04:19:25,0.00121400,88.30000000
2018-02-26 04:19:26,0.00121550,10.00000000
2018-02-26 04:19:27,0.00121550,16.45000000
2018-02-26 04:19:29,0.00121470,128.34000000
2018-02-26 04:19:32,0.00121550,1.91000000
2018-02-26 04:19:36,0.00121400,0.01000000
2018-02-26 04:19:36,0.00121400,10.01000000
2018-02-26 04:19:43,0.00121400,10.00000000
2018-02-26 04:19:47,0.00121470,2.91000000
2018-02-26 04:19:47,0.00121430,10.83000000
2018-02-26 04:19:47,0.00121470,97.55000000
2018-02-26 04:19:48,0.00121400,174.76000000
2018-02-26 04:19:50,0.00121370,2.18000000
2018-02-26 04:19:50,0.00121320,69.32000000
2018-02-26 04:19:50,0.00121310,42.76000000
2018-02-26 04:19:54,0.00121310,263.93000000
2018-02-26 04:19:54,0.00121300,134.57000000
2018-02-26 04:19:56,0.00121310,2.56000000
2018-02-26 04:19:56,0.00121300,22.97000000
2018-02-26 04:19:57,0.00121300,57.32000000
2018-02-26 04:19:58,0.00121290,2.56000000
2018-02-26 04:19:58,0.00121280,17.75000000
2018-02-26 04:19:58,0.00121210,5.04000000
2018-02-26 04:19:58,0.00121200,2.56000000
2018-02-26 04:19:59,0.00121210,0.01000000
2018-02-26 04:19:59,0.00121260,14.79000000
2018-02-26 04:19:59,0.00121280,2.05000000
2018-02-26 04:19:59,0.00121290,2.56000000
2018-02-26 04:19:59,0.00121300,22.06000000
2018-02-26 04:20:00,0.00121200,10.00000000
2018-02-26 04:20:02,0.00121200,98.05000000
2018-02-26 04:20:03,0.00121200,126.58000000
2018-02-26 04:20:03,0.00121160,47.19000000
2018-02-26 04:20:03,0.00121140,99.58000000
2018-02-26 04:20:03,0.00121120,10.32000000
2018-02-26 04:20:03,0.00121110,24.26000000
2018-02-26 04:20:03,0.00121100,85.28000000
2018-02-26 04:20:03,0.00121300,1.73000000
2018-02-26 04:20:05,0.00121200,1.61000000
2018-02-26 04:20:06,0.00121130,20.22000000
2018-02-26 04:20:06,0.00121160,139.43000000
2018-02-26 04:20:07,0.00121200,1.21000000
2018-02-26 04:20:08,0.00121200,0.83000000
2018-02-26 04:20:10,0.00121200,30.08000000
2018-02-26 04:20:10,0.00121140,115.73000000
2018-02-26 04:20:10,0.00121140,39.14000000
2018-02-26 04:20:10,0.00121130,8.88000000
2018-02-26 04:20:10,0.00121100,52.03000000
2018-02-26 04:20:12,0.00121100,195.86000000
2018-02-26 04:20:12,0.00121090,74.33000000
2018-02-26 04:20:12,0.00121070,28.77000000
2018-02-26 04:20:12,0.00121060,241.14000000
2018-02-26 04:20:13,0.00121060,106.77000000
2018-02-26 04:20:13,0.00121060,20.50000000
2018-02-26 04:20:14,0.00121060,6.20000000
2018-02-26 04:20:15,0.00121060,7.88000000
2018-02-26 04:20:16,0.00121040,1.28000000
2018-02-26 04:20:16,0.00121030,9.86000000
2018-02-26 04:20:16,0.00121020,291.00000000
2018-02-26 04:20:16,0.00121010,118.75000000
2018-02-26 04:20:16,0.00121000,2806.76000000
2018-02-26 04:20:16,0.00120990,1.08000000
2018-02-26 04:20:16,0.00120980,7.20000000
2018-02-26 04:20:16,0.00120970,2.39000000
2018-02-26 04:20:16,0.00120970,35.00000000
2018-02-26 04:20:16,0.00120970,116.60000000
2018-02-26 04:20:16,0.00120970,15.78000000
2018-02-26 04:20:16,0.00120970,1.53000000
2018-02-26 04:20:16,0.00121060,15.72000000
2018-02-26 04:20:17,0.00121060,48.24000000
2018-02-26 04:20:17,0.00120970,21.46000000
2018-02-26 04:20:18,0.00121010,45.16000000
2018-02-26 04:20:19,0.00120980,5.34000000
2018-02-26 04:20:19,0.00120970,631.21000000
2018-02-26 04:20:19,0.00120960,84.07000000
2018-02-26 04:20:19,0.00120930,13.57000000
2018-02-26 04:20:19,0.00120910,1.65000000
2018-02-26 04:20:19,0.00121000,2.48000000
2018-02-26 04:20:19,0.00121000,21.81000000
2018-02-26 04:20:20,0.00120900,5.40000000
2018-02-26 04:20:20,0.00121000,10.00000000
2018-02-26 04:20:21,0.00120970,4.14000000
2018-02-26 04:20:21,0.00120970,1.65000000
2018-02-26 04:20:22,0.00120880,116.73000000
2018-02-26 04:20:22,0.00120970,650.76000000
2018-02-26 04:20:22,0.00120990,171.34000000
2018-02-26 04:20:22,0.00121000,123.83000000
2018-02-26 04:20:23,0.00121000,0.50000000
2018-02-26 04:20:24,0.00120900,0.24000000
2018-02-26 04:20:25,0.00120990,2.48000000
2018-02-26 04:20:26,0.00120990,66.83000000
2018-02-26 04:20:26,0.00121000,47.58000000
2018-02-26 04:20:27,0.00120980,268.65000000
2018-02-26 04:20:28,0.00120980,1.12000000
2018-02-26 04:20:28,0.00121000,4.55000000
2018-02-26 04:20:28,0.00120980,34.69000000
2018-02-26 04:20:29,0.00120970,5.04000000
2018-02-26 04:20:29,0.00120900,34.22000000
2018-02-26 04:20:29,0.00120860,8.95000000
2018-02-26 04:20:29,0.00120800,387.55000000
2018-02-26 04:20:29,0.00120790,16.08000000
2018-02-26 04:20:29,0.00120800,8.26000000
2018-02-26 04:20:30,0.00120800,8.44000000
2018-02-26 04:20:30,0.00120800,7.15000000
2018-02-26 04:20:31,0.00120800,173.75000000
2018-02-26 04:20:31,0.00120800,10.00000000
2018-02-26 04:20:33,0.00120800,150.00000000
2018-02-26 04:20:33,0.00120800,9.38000000
2018-02-26 04:20:33,0.00120800,10.22000000
2018-02-26 04:20:33,0.00120800,15.69000000
2018-02-26 04:20:33,0.00120800,28.23000000
2018-02-26 04:20:33,0.00120800,12.22000000
2018-02-26 04:20:33,0.00120800,36.55000000
2018-02-26 04:20:33,0.00120800,36.55000000
2018-02-26 04:20:33,0.00120800,36.55000000
2018-02-26 04:20:34,0.00120790,1.18000000
2018-02-26 04:20:34,0.00120750,260.53000000
2018-02-26 04:20:36,0.00120800,10.17000000
2018-02-26 04:20:36,0.00120800,15.69000000
2018-02-26 04:20:37,0.00120750,10.19000000
2018-02-26 04:20:38,0.00120800,7.28000000
2018-02-26 04:20:38,0.00120770,4.14000000
2018-02-26 04:20:39,0.00120770,2.45000000
2018-02-26 04:20:39,0.00120770,127.03000000
2018-02-26 04:20:39,0.00120800,10.97000000
2018-02-26 04:20:39,0.00120770,6.59000000
2018-02-26 04:20:39,0.00120750,711.61000000
2018-02-26 04:20:40,0.00120800,9.10000000
2018-02-26 04:20:41,0.00120800,8.27000000
2018-02-26 04:20:42,0.00120800,202.40000000
2018-02-26 04:20:42,0.00120770,1.84000000
2018-02-26 04:20:42,0.00120750,35.16000000
2018-02-26 04:20:42,0.00120770,1.84000000
2018-02-26 04:20:43,0.00120750,253.01000000
2018-02-26 04:20:43,0.00120750,82.28000000
2018-02-26 04:20:43,0.00120750,17.72000000
2018-02-26 04:20:43,0.00120770,3.30000000
2018-02-26 04:20:43,0.00120800,8.08000000
2018-02-26 04:20:44,0.00120800,7.00000000
2018-02-26 04:20:45,0.00120800,7.16000000
2018-02-26 04:20:47,0.00120720,57.27000000
2018-02-26 04:20:47,0.00120720,59.39000000
2018-02-26 04:20:47,0.00120700,7.72000000
2018-02-26 04:20:47,0.00120690,22.82000000
2018-02-26 04:20:47,0.00120650,164.93000000
2018-02-26 04:20:47,0.00120640,8.29000000
2018-02-26 04:20:47,0.00120600,3.70000000
2018-02-26 04:20:47,0.00120580,45.36000000
2018-02-26 04:20:47,0.00120670,8.95000000
2018-02-26 04:20:49,0.00120800,125.60000000
2018-02-26 04:20:49,0.00120800,166.42000000
2018-02-26 04:20:49,0.00120800,40.38000000
2018-02-26 04:20:49,0.00120780,984.84000000
2018-02-26 04:20:49,0.00120780,7.64000000
2018-02-26 04:20:50,0.00120780,22.80000000
2018-02-26 04:20:51,0.00120800,10.96000000
2018-02-26 04:20:51,0.00120800,39.42000000
2018-02-26 04:20:51,0.00120800,60.58000000
2018-02-26 04:20:51,0.00120780,53.31000000
2018-02-26 04:20:52,0.00120780,0.90000000
2018-02-26 04:20:52,0.00120780,5.87000000
2018-02-26 04:20:52,0.00120780,29.08000000
2018-02-26 04:20:53,0.00120780,3.97000000
2018-02-26 04:20:53,0.00120780,34.33000000
2018-02-26 04:20:53,0.00120780,8.05000000
2018-02-26 04:20:53,0.00120780,3.83000000
2018-02-26 04:20:53,0.00120720,4.14000000
2018-02-26 04:20:53,0.00120670,8.86000000
2018-02-26 04:20:53,0.00120780,11.21000000
2018-02-26 04:20:54,0.00120720,52.63000000
2018-02-26 04:20:55,0.00120780,4.30000000
2018-02-26 04:20:58,0.00120680,52.38000000
2018-02-26 04:20:58,0.00120670,105.28000000
2018-02-26 04:20:58,0.00120660,100.00000000
2018-02-26 04:20:58,0.00120650,100.02000000
2018-02-26 04:20:58,0.00120580,32.07000000
2018-02-26 04:20:58,0.00120570,6.94000000
2018-02-26 04:20:58,0.00120550,207.79000000
2018-02-26 04:21:00,0.00120780,1.61000000
2018-02-26 04:21:00,0.00120780,58.44000000
2018-02-26 04:21:00,0.00120780,60.05000000
2018-02-26 04:21:04,0.00120750,77.26000000
2018-02-26 04:21:07,0.00120770,8.28000000
2018-02-26 04:21:07,0.00120770,8.28000000
2018-02-26 04:21:11,0.00120760,141.26000000
2018-02-26 04:21:13,0.00120770,9.11000000
2018-02-26 04:21:13,0.00120750,6.55000000
2018-02-26 04:21:14,0.00120570,7.74000000
2018-02-26 04:21:14,0.00120550,43.30000000
2018-02-26 04:21:14,0.00120520,19.20000000
2018-02-26 04:21:14,0.00120510,0.95000000
2018-02-26 04:21:14,0.00120500,633.74000000
2018-02-26 04:21:14,0.00120490,1.11000000
2018-02-26 04:21:14,0.00120470,1.70000000
2018-02-26 04:21:14,0.00120470,13.23000000
2018-02-26 04:21:14,0.00120460,24.43000000
2018-02-26 04:21:14,0.00120460,13.31000000
2018-02-26 04:21:14,0.00120450,28.67000000
2018-02-26 04:21:14,0.00120410,8.02000000
2018-02-26 04:21:14,0.00120500,399.76000000
2018-02-26 04:21:14,0.00120500,53.00000000
2018-02-26 04:21:14,0.00120500,93.37000000
2018-02-26 04:21:14,0.00120750,93.45000000
2018-02-26 04:21:14,0.00120770,6.75000000
2018-02-26 04:21:15,0.00120670,1.00000000
2018-02-26 04:21:16,0.00120730,11.64000000
2018-02-26 04:21:17,0.00120730,1.00000000
2018-02-26 04:21:17,0.00120640,1.00000000
2018-02-26 04:21:18,0.00120730,4.00000000
2018-02-26 04:21:20,0.00120710,24.64000000
2018-02-26 04:21:20,0.00120640,1.60000000
2018-02-26 04:21:20,0.00120500,73.76000000
2018-02-26 04:21:22,0.00120760,2.34000000
2018-02-26 04:21:22,0.00120760,1.77000000
2018-02-26 04:21:22,0.00120770,7.55000000
2018-02-26 04:21:22,0.00120770,3.91000000
2018-02-26 04:21:22,0.00120530,82.97000000
2018-02-26 04:21:22,0.00120520,43.00000000
2018-02-26 04:21:22,0.00120500,275.12000000
2018-02-26 04:21:23,0.00120760,3.46000000
2018-02-26 04:21:23,0.00120760,13.00000000
2018-02-26 04:21:23,0.00120760,23.52000000
2018-02-26 04:21:23,0.00120760,0.96000000
2018-02-26 04:21:23,0.00120760,3.92000000
2018-02-26 04:21:24,0.00120520,38.11000000
2018-02-26 04:21:24,0.00120530,53.78000000
2018-02-26 04:21:24,0.00120770,2.07000000
2018-02-26 04:21:24,0.00120760,0.19000000
2018-02-26 04:21:24,0.00120760,8.73000000
2018-02-26 04:21:24,0.00120770,21.15000000
2018-02-26 04:21:25,0.00120770,113.14000000
2018-02-26 04:21:25,0.00120770,103.36000000
2018-02-26 04:21:25,0.00120770,92.64000000
2018-02-26 04:21:26,0.00120520,5.86000000
2018-02-26 04:21:26,0.00120770,69.99000000
2018-02-26 04:21:26,0.00120780,1880.36000000
2018-02-26 04:21:27,0.00120780,451.91000000
2018-02-26 04:21:28,0.00120780,5.86000000
2018-02-26 04:21:28,0.00120790,25.34000000
2018-02-26 04:21:29,0.00120830,60.27000000
2018-02-26 04:21:31,0.00120780,6.45000000
2018-02-26 04:21:31,0.00121000,54.69000000
2018-02-26 04:21:31,0.00121000,4.88000000
2018-02-26 04:21:32,0.00121000,12.48000000
2018-02-26 04:21:32,0.00121000,1.62000000
2018-02-26 04:21:32,0.00121000,20.78000000
2018-02-26 04:21:32,0.00121000,247.93000000
2018-02-26 04:21:32,0.00121000,4.72000000
2018-02-26 04:21:33,0.00121000,9.90000000
2018-02-26 04:21:33,0.00121000,4.00000000
2018-02-26 04:21:33,0.00121000,4.06000000
2018-02-26 04:21:33,0.00121000,47.16000000
2018-02-26 04:21:33,0.00121000,3.32000000
2018-02-26 04:21:33,0.00121000,1.57000000
2018-02-26 04:21:33,0.00121000,117.00000000
2018-02-26 04:21:33,0.00121000,8.02000000
2018-02-26 04:21:34,0.00121000,3.94000000
2018-02-26 04:21:34,0.00121000,5.62000000
2018-02-26 04:21:34,0.00121000,38.83000000
2018-02-26 04:21:35,0.00121000,26.52000000
2018-02-26 04:21:35,0.00121200,2.43000000
2018-02-26 04:21:36,0.00121200,2.06000000
2018-02-26 04:21:37,0.00121200,2.44000000
2018-02-26 04:21:37,0.00121200,2.19000000
2018-02-26 04:21:37,0.00121490,59.11000000
2018-02-26 04:21:37,0.00121500,111.01000000
2018-02-26 04:21:37,0.00121500,79.47000000
2018-02-26 04:21:37,0.00121520,1.65000000
2018-02-26 04:21:37,0.00121630,16.44000000
2018-02-26 04:21:37,0.00121750,1.19000000
2018-02-26 04:21:37,0.00121800,97.21000000
2018-02-26 04:21:37,0.00121790,13.00000000
2018-02-26 04:21:38,0.00121430,1.00000000
2018-02-26 04:21:38,0.00121330,1.00000000
2018-02-26 04:21:38,0.00121330,2.35000000
2018-02-26 04:21:39,0.00121370,3.20000000
2018-02-26 04:21:39,0.00121220,11.42000000
2018-02-26 04:21:39,0.00121370,0.15000000
2018-02-26 04:21:39,0.00121380,1.00000000
2018-02-26 04:21:39,0.00121780,6.95000000
2018-02-26 04:21:39,0.00121320,8.65000000
2018-02-26 04:21:39,0.00121220,1.58000000
2018-02-26 04:21:39,0.00121200,7.08000000
2018-02-26 04:21:39,0.00121200,23.19000000
2018-02-26 04:21:39,0.00121200,69.73000000
2018-02-26 04:21:39,0.00121120,6.26000000
2018-02-26 04:21:39,0.00121120,8.65000000
2018-02-26 04:21:40,0.00121120,4.00000000
2018-02-26 04:21:40,0.00121120,7.61000000
2018-02-26 04:21:40,0.00121070,3.81000000
2018-02-26 04:21:40,0.00121200,3.67000000
2018-02-26 04:21:40,0.00121200,1.76000000
2018-02-26 04:21:40,0.00121200,3.98000000
2018-02-26 04:21:40,0.00121200,2.32000000
2018-02-26 04:21:41,0.00121200,10.72000000
2018-02-26 04:21:41,0.00121200,0.82000000
2018-02-26 04:21:41,0.00121370,3.88000000
2018-02-26 04:21:41,0.00121370,1.76000000
2018-02-26 04:21:41,0.00121370,20.88000000
2018-02-26 04:21:42,0.00121290,2.64000000
2018-02-26 04:21:42,0.00121470,0.90000000
2018-02-26 04:21:43,0.00121210,10.25000000
2018-02-26 04:21:44,0.00121250,1.61000000
2018-02-26 04:21:45,0.00121250,80.94000000
2018-02-26 04:21:45,0.00121240,16.49000000
2018-02-26 04:21:45,0.00121220,17.40000000
2018-02-26 04:21:45,0.00121200,6.18000000
2018-02-26 04:21:45,0.00121120,1.07000000
2018-02-26 04:21:45,0.00121120,6.92000000
2018-02-26 04:21:45,0.00121220,61.68000000
2018-02-26 04:21:45,0.00121200,8.85000000
2018-02-26 04:21:45,0.00121100,1.74000000
2018-02-26 04:21:46,0.00121190,24.27000000
2018-02-26 04:21:47,0.00121190,22.50000000
2018-02-26 04:21:47,0.00121190,2.88000000
2018-02-26 04:21:47,0.00121190,16.16000000
2018-02-26 04:21:48,0.00121190,4.04000000
2018-02-26 04:21:48,0.00121190,22.95000000
2018-02-26 04:21:48,0.00121200,7.73000000
2018-02-26 04:21:50,0.00121140,148.90000000
2018-02-26 04:21:51,0.00121200,10.23000000
2018-02-26 04:21:51,0.00121200,67.34000000
2018-02-26 04:21:51,0.00121470,13.26000000
2018-02-26 04:21:51,0.00121590,352.44000000
2018-02-26 04:21:52,0.00121310,2.00000000
2018-02-26 04:21:54,0.00121300,2.06000000
2018-02-26 04:21:54,0.00121300,2.63000000
2018-02-26 04:21:54,0.00121300,2.06000000
2018-02-26 04:21:54,0.00121300,1.86000000
2018-02-26 04:21:55,0.00121290,7.95000000
2018-02-26 04:21:55,0.00121300,0.24000000
2018-02-26 04:21:55,0.00121310,38.85000000
2018-02-26 04:21:55,0.00121560,16.49000000
2018-02-26 04:21:55,0.00121590,59.13000000
2018-02-26 04:21:55,0.00121680,288.91000000
2018-02-26 04:21:55,0.00121680,10.00000000
2018-02-26 04:21:57,0.00121680,3.41000000
2018-02-26 04:21:59,0.00121120,16.51000000
2018-02-26 04:21:59,0.00121110,68.68000000
2018-02-26 04:21:59,0.00121550,2.00000000
2018-02-26 04:21:59,0.00121550,2.42000000
2018-02-26 04:21:59,0.00121550,12.42000000
2018-02-26 04:21:59,0.00121550,5.76000000
2018-02-26 04:21:59,0.00121550,4.11000000
2018-02-26 04:22:00,0.00121550,2.22000000
2018-02-26 04:22:01,0.00121550,64.00000000
2018-02-26 04:22:01,0.00121550,15.97000000
2018-02-26 04:22:01,0.00121670,68.68000000
2018-02-26 04:22:01,0.00121680,109.25000000
2018-02-26 04:22:01,0.00121680,594.08000000
2018-02-26 04:22:02,0.00121560,5.75000000
2018-02-26 04:22:02,0.00121560,62.16000000
2018-02-26 04:22:04,0.00121600,2.46000000
2018-02-26 04:22:04,0.00121600,78.88000000
2018-02-26 04:22:04,0.00121770,69.40000000
2018-02-26 04:22:04,0.00121780,16.51000000
2018-02-26 04:22:04,0.00122000,26.40000000
2018-02-26 04:22:04,0.00122120,10.53000000
2018-02-26 04:22:04,0.00122280,277.47000000
2018-02-26 04:22:04,0.00122000,11.09000000
2018-02-26 04:22:04,0.00122250,0.82000000
2018-02-26 04:22:04,0.00122250,0.82000000
2018-02-26 04:22:04,0.00122250,33.05000000
2018-02-26 04:22:04,0.00121560,1.64000000
2018-02-26 04:22:05,0.00121780,82.25000000
2018-02-26 04:22:06,0.00121790,4.10000000
2018-02-26 04:22:06,0.00121780,9.21000000
2018-02-26 04:22:06,0.00121680,6.15000000
2018-02-26 04:22:06,0.00122050,2.87000000
2018-02-26 04:22:06,0.00122050,0.82000000
2018-02-26 04:22:07,0.00122050,19.98000000
2018-02-26 04:22:07,0.00121770,1.00000000
2018-02-26 04:22:07,0.00121680,16.43000000
2018-02-26 04:22:07,0.00121670,1.89000000
2018-02-26 04:22:07,0.00121950,1.00000000
2018-02-26 04:22:07,0.00122020,10.30000000
2018-02-26 04:22:07,0.00122020,11.63000000
2018-02-26 04:22:08,0.00121680,8.33000000
2018-02-26 04:22:08,0.00121680,8.33000000
2018-02-26 04:22:08,0.00121670,8.33000000
2018-02-26 04:22:08,0.00121570,1.33000000
2018-02-26 04:22:08,0.00121560,4.11000000
2018-02-26 04:22:09,0.00121460,7.00000000
2018-02-26 04:22:09,0.00121560,3.88000000
2018-02-26 04:22:10,0.00121530,50.59000000
2018-02-26 04:22:10,0.00121540,2.14000000
2018-02-26 04:22:11,0.00121630,2.03000000
2018-02-26 04:22:11,0.00121670,1.33000000
2018-02-26 04:22:11,0.00121680,12.73000000
2018-02-26 04:22:11,0.00121780,184.35000000
2018-02-26 04:22:11,0.00121660,2.97000000
2018-02-26 04:22:11,0.00121570,6.24000000
2018-02-26 04:22:12,0.00121860,0.81000000
2018-02-26 04:22:14,0.00121860,2.16000000
2018-02-26 04:22:15,0.00121690,82.23000000
2018-02-26 04:22:15,0.00121560,109.87000000
2018-02-26 04:22:15,0.00121500,75.45000000
2018-02-26 04:22:15,0.00121500,22.00000000
2018-02-26 04:22:18,0.00121450,51.00000000
2018-02-26 04:22:18,0.00121440,77.45000000
2018-02-26 04:22:18,0.00121430,3.45000000
2018-02-26 04:22:18,0.00121630,7.80000000
2018-02-26 04:22:20,0.00121590,1.64000000
2018-02-26 04:22:21,0.00121570,2.02000000
2018-02-26 04:22:22,0.00121430,4.10000000
2018-02-26 04:22:22,0.00121430,1.12000000
2018-02-26 04:22:23,0.00121440,3.53000000
2018-02-26 04:22:23,0.00121430,1.89000000
2018-02-26 04:22:25,0.00121440,73.48000000
2018-02-26 04:22:25,0.00121450,50.00000000
2018-02-26 04:22:25,0.00121560,77.45000000
2018-02-26 04:22:25,0.00121620,2.99000000
2018-02-26 04:22:25,0.00121660,118.22000000
2018-02-26 04:22:28,0.00121450,76.74000000
2018-02-26 04:22:28,0.00121440,122.89000000
2018-02-26 04:22:28,0.00121430,38.73000000
2018-02-26 04:22:29,0.00121440,59.20000000
2018-02-26 04:22:30,0.00121430,544.42000000
2018-02-26 04:22:30,0.00121430,1.60000000
2018-02-26 04:22:31,0.00121430,3.46000000
2018-02-26 04:22:31,0.00121430,0.85000000
2018-02-26 04:22:31,0.00121430,4.11000000
2018-02-26 04:22:31,0.00121430,30.17000000
2018-02-26 04:22:31,0.00121430,14.97000000
2018-02-26 04:22:31,0.00121620,30.20000000
2018-02-26 04:22:32,0.00121430,25.00000000
2018-02-26 04:22:32,0.00121430,5.32000000
2018-02-26 04:22:34,0.00121430,1.73000000
2018-02-26 04:22:36,0.00121400,6.77000000
2018-02-26 04:22:39,0.00121420,3.22000000
2018-02-26 04:22:39,0.00121420,4.67000000
2018-02-26 04:22:40,0.00121420,4.05000000
2018-02-26 04:22:40,0.00121420,50.00000000
2018-02-26 04:22:40,0.00121210,8.24000000
2018-02-26 04:22:40,0.00121200,6.60000000
2018-02-26 04:22:40,0.00121180,16.50000000
2018-02-26 04:22:40,0.00121110,4.12000000
2018-02-26 04:22:40,0.00121000,32.12000000
2018-02-26 04:22:40,0.00120950,2.35000000
2018-02-26 04:22:40,0.00120940,30.61000000
2018-02-26 04:22:41,0.00121320,1.00000000
2018-02-26 04:22:41,0.00121420,4.65000000
2018-02-26 04:22:42,0.00121270,1.00000000
2018-02-26 04:22:44,0.00121320,1.37000000
2018-02-26 04:22:44,0.00121420,0.64000000
2018-02-26 04:22:44,0.00121330,1.37000000
2018-02-26 04:22:44,0.00121270,74.18000000
2018-02-26 04:22:45,0.00121400,25.22000000
2018-02-26 04:22:45,0.00121270,1.37000000
2018-02-26 04:22:45,0.00121230,5.00000000
2018-02-26 04:22:45,0.00121100,1.51000000
2018-02-26 04:22:46,0.00121080,197.45000000
2018-02-26 04:22:46,0.00121420,591.15000000
2018-02-26 04:22:46,0.00121490,46.62000000
2018-02-26 04:22:46,0.00121500,1872.75000000
2018-02-26 04:22:47,0.00121390,2.06000000
2018-02-26 04:22:49,0.00121390,4.12000000
2018-02-26 04:22:51,0.00121300,4.12000000
2018-02-26 04:22:52,0.00121190,4.12000000
2018-02-26 04:22:52,0.00121190,2.34000000
2018-02-26 04:22:53,0.00121190,1.55000000
2018-02-26 04:22:53,0.00121190,2.31000000
2018-02-26 04:22:53,0.00121300,1.53000000
2018-02-26 04:22:54,0.00121200,3.95000000
2018-02-26 04:22:54,0.00121300,3.58000000
2018-02-26 04:22:57,0.00121290,4.02000000
2018-02-26 04:22:58,0.00121290,0.10000000
2018-02-26 04:22:58,0.00121300,137.30000000
2018-02-26 04:22:58,0.00121300,20.50000000
2018-02-26 04:22:58,0.00121300,7.33000000
2018-02-26 04:23:00,0.00121290,4.94000000
2018-02-26 04:23:02,0.00121290,2.96000000
2018-02-26 04:23:03,0.00121290,1.41000000
2018-02-26 04:23:04,0.00121290,2.47000000
2018-02-26 04:23:05,0.00121260,164.18000000
2018-02-26 04:23:06,0.00121290,5.46000000
2018-02-26 04:23:07,0.00121290,10.00000000
2018-02-26 04:23:07,0.00121290,21.16000000
2018-02-26 04:23:10,0.00121290,10.00000000
2018-02-26 04:23:10,0.00121240,3.95000000
2018-02-26 04:23:10,0.00121140,8.25000000
2018-02-26 04:23:10,0.00121080,17.36000000
2018-02-26 04:23:10,0.00121040,16.52000000
2018-02-26 04:23:10,0.00120980,4.13000000
2018-02-26 04:23:11,0.00120980,6.04000000
2018-02-26 04:23:11,0.00120980,7.25000000
2018-02-26 04:23:11,0.00120980,7.25000000
2018-02-26 04:23:11,0.00120980,8.51000000
2018-02-26 04:23:11,0.00120980,32.66000000
2018-02-26 04:23:11,0.00120980,7.30000000
2018-02-26 04:23:11,0.00120980,17.47000000
2018-02-26 04:23:14,0.00120980,1.17000000
2018-02-26 04:23:14,0.00120980,3.94000000
2018-02-26 04:23:14,0.00120980,1.23000000
2018-02-26 04:23:15,0.00120960,153.35000000
2018-02-26 04:23:15,0.00120980,10.92000000
2018-02-26 04:23:15,0.00121000,45.73000000
2018-02-26 04:23:16,0.00121200,10.00000000
2018-02-26 04:23:19,0.00121190,1.88000000
2018-02-26 04:23:19,0.00121190,2.25000000
2018-02-26 04:23:19,0.00121200,4.55000000
2018-02-26 04:23:20,0.00121000,39.30000000
2018-02-26 04:23:20,0.00120970,1.60000000
2018-02-26 04:23:20,0.00120960,14.65000000
2018-02-26 04:23:20,0.00120950,7.00000000
2018-02-26 04:23:20,0.00120940,2.43000000
2018-02-26 04:23:20,0.00120900,1.00000000
2018-02-26 04:23:20,0.00121000,1.43000000
2018-02-26 04:23:20,0.00121000,57.60000000
2018-02-26 04:23:21,0.00121000,1.87000000
2018-02-26 04:23:21,0.00121000,12.48000000
2018-02-26 04:23:21,0.00121000,3.18000000
2018-02-26 04:23:21,0.00121000,1.96000000
2018-02-26 04:23:21,0.00121000,1.62000000
2018-02-26 04:23:24,0.00120870,83.19000000
2018-02-26 04:23:25,0.00120980,8.10000000
2018-02-26 04:23:25,0.00120980,6.34000000
2018-02-26 04:23:28,0.00120980,1.00000000
2018-02-26 04:23:29,0.00120980,1.23000000
2018-02-26 04:23:31,0.00120980,1.21000000
2018-02-26 04:23:33,0.00120970,1.46000000
2018-02-26 04:23:33,0.00120970,8.54000000
2018-02-26 04:23:33,0.00120980,58.98000000
2018-02-26 04:23:33,0.00121000,136.72000000
2018-02-26 04:23:35,0.00120900,1.24000000
2018-02-26 04:23:37,0.00120890,21.77000000
2018-02-26 04:23:38,0.00120890,6.02000000
2018-02-26 04:23:38,0.00121000,225.75000000
2018-02-26 04:23:38,0.00121000,238.99000000
2018-02-26 04:23:38,0.00120780,3.62000000
2018-02-26 04:23:38,0.00120770,5.35000000
2018-02-26 04:23:39,0.00121000,81.02000000
2018-02-26 04:23:40,0.00120940,5.01000000
2018-02-26 04:23:40,0.00120950,24.75000000
2018-02-26 04:23:41,0.00120950,5.77000000
2018-02-26 04:23:41,0.00121000,12.49000000
2018-02-26 04:23:41,0.00120950,10.23000000
2018-02-26 04:23:41,0.00121000,4.02000000
2018-02-26 04:23:41,0.00120890,3.19000000
2018-02-26 04:23:45,0.00121000,24.73000000
2018-02-26 04:23:45,0.00121000,16.48000000
2018-02-26 04:23:45,0.00121000,110.77000000
2018-02-26 04:23:45,0.00121000,24.73000000
2018-02-26 04:23:45,0.00121000,37.01000000
2018-02-26 04:23:45,0.00121000,24.73000000
2018-02-26 04:23:45,0.00121000,69.56000000
2018-02-26 04:23:45,0.00121000,7.83000000
2018-02-26 04:23:45,0.00121000,69.73000000
2018-02-26 04:23:45,0.00121000,7.83000000
2018-02-26 04:23:45,0.00121000,7.83000000
2018-02-26 04:23:45,0.00121000,7.83000000
2018-02-26 04:23:46,0.00121000,18.98000000
2018-02-26 04:23:49,0.00120900,7.85000000
2018-02-26 04:23:49,0.00120890,1.19000000
2018-02-26 04:23:49,0.00120820,75.90000000
2018-02-26 04:23:51,0.00120810,225.39000000
2018-02-26 04:23:51,0.00120770,94.65000000
2018-02-26 04:23:51,0.00120680,4.14000000
2018-02-26 04:23:51,0.00120610,333.00000000
2018-02-26 04:23:51,0.00120600,483.14000000
2018-02-26 04:23:52,0.00120890,1.00000000
2018-02-26 04:23:52,0.00120900,4.00000000
2018-02-26 04:23:52,0.00120990,75.90000000
2018-02-26 04:23:52,0.00121000,420.76000000
2018-02-26 04:23:54,0.00120990,8.00000000
2018-02-26 04:23:55,0.00120990,8.52000000
2018-02-26 04:23:56,0.00120820,1.00000000
2018-02-26 04:23:56,0.00120640,4.14000000
2018-02-26 04:23:56,0.00120620,1.81000000
2018-02-26 04:23:56,0.00120900,1.00000000
2018-02-26 04:23:57,0.00120860,1.00000000
2018-02-26 04:23:59,0.00120750,90.66000000
2018-02-26 04:24:01,0.00120690,3.93000000
2018-02-26 04:24:03,0.00120680,4.14000000
2018-02-26 04:24:07,0.00120690,125.92000000
2018-02-26 04:24:08,0.00120680,6.60000000
2018-02-26 04:24:08,0.00120650,6.55000000
2018-02-26 04:24:08,0.00120650,426.06000000
2018-02-26 04:24:09,0.00120860,3.26000000
2018-02-26 04:24:09,0.00120860,106.51000000
2018-02-26 04:24:10,0.00120990,2.44000000
2018-02-26 04:24:10,0.00120730,82.80000000
2018-02-26 04:24:10,0.00120720,16.56000000
2018-02-26 04:24:10,0.00120710,0.97000000
2018-02-26 04:24:10,0.00120990,32.20000000
2018-02-26 04:24:11,0.00120980,8.62000000
2018-02-26 04:24:12,0.00120960,3.85000000
2018-02-26 04:24:12,0.00120960,1.79000000
2018-02-26 04:24:13,0.00120960,3.61000000
2018-02-26 04:24:14,0.00120960,5.24000000
2018-02-26 04:24:14,0.00120830,9.67000000
2018-02-26 04:24:14,0.00120960,12.09000000
2018-02-26 04:24:15,0.00120960,8.99000000
2018-02-26 04:24:15,0.00120960,6.48000000
2018-02-26 04:24:16,0.00120960,48.69000000
2018-02-26 04:24:18,0.00120990,3.94000000
2018-02-26 04:24:18,0.00120750,82.79000000
2018-02-26 04:24:18,0.00120740,16.56000000
2018-02-26 04:24:18,0.00120720,159.33000000
2018-02-26 04:24:18,0.00120710,5.66000000
2018-02-26 04:24:18,0.00120700,526.82000000
2018-02-26 04:24:21,0.00120800,1.00000000
2018-02-26 04:24:22,0.00120810,100.00000000
2018-02-26 04:24:22,0.00120800,82.79000000
2018-02-26 04:24:22,0.00120810,0.07000000
2018-02-26 04:24:22,0.00120900,9.53000000
2018-02-26 04:24:24,0.00120900,4.14000000
2018-02-26 04:24:24,0.00120900,12.80000000
2018-02-26 04:24:24,0.00120900,48.11000000
2018-02-26 04:24:24,0.00120900,1.20000000
2018-02-26 04:24:25,0.00120910,2.65000000
2018-02-26 04:24:27,0.00120910,65.30000000
2018-02-26 04:24:27,0.00120960,6.63000000
2018-02-26 04:24:27,0.00120990,572.01000000
2018-02-26 04:24:27,0.00120900,346.75000000
2018-02-26 04:24:28,0.00120900,81.26000000
2018-02-26 04:24:28,0.00120990,4.92000000
2018-02-26 04:24:34,0.00120990,7.44000000
2018-02-26 04:24:35,0.00120910,6.37000000
2018-02-26 04:24:36,0.00120990,129.63000000
2018-02-26 04:24:38,0.00120990,600.84000000
2018-02-26 04:24:38,0.00120910,5.71000000
2018-02-26 04:24:42,0.00120940,17.31000000
2018-02-26 04:24:46,0.00120910,21.22000000
2018-02-26 04:24:49,0.00120910,1.21000000
2018-02-26 04:24:56,0.00120910,61.52000000
2018-02-26 04:24:56,0.00120940,49.95000000
2018-02-26 04:24:56,0.00120980,132.94000000
2018-02-26 04:24:56,0.00120990,264.83000000
2018-02-26 04:24:56,0.00121000,948.96000000
2018-02-26 04:24:56,0.00121000,30.24000000
2018-02-26 04:24:57,0.00121010,19.25000000
2018-02-26 04:24:58,0.00121250,19.25000000
2018-02-26 04:24:58,0.00121260,16.56000000
2018-02-26 04:24:58,0.00121270,12.53000000
2018-02-26 04:24:58,0.00121300,21.66000000
2018-02-26 04:25:00,0.00121190,105.94000000
2018-02-26 04:25:00,0.00121300,7.41000000
2018-02-26 04:25:01,0.00121300,1.81000000
2018-02-26 04:25:01,0.00121300,3.46000000
2018-02-26 04:25:02,0.00121300,1.60000000
