DATE,PRICE,VOLUME
2018-02-24 06:59:59,0.00151990,120.66000000
2018-02-24 06:59:59,0.00152430,0.32000000
2018-02-24 07:00:00,0.00152430,25.13000000
2018-02-24 07:00:00,0.00152130,36.03000000
2018-02-24 07:00:00,0.00152430,21.08000000
2018-02-24 07:00:00,0.00152440,33.09000000
2018-02-24 07:00:00,0.00152460,25.27000000
2018-02-24 07:00:00,0.00152500,40.00000000
2018-02-24 07:00:00,0.00152500,6.64000000
2018-02-24 07:00:00,0.00152500,6.64000000
2018-02-24 07:00:00,0.00152500,2.25000000
2018-02-24 07:00:01,0.00152690,1.59000000
2018-02-24 07:00:02,0.00152690,32.53000000
2018-02-24 07:00:02,0.00152500,102.59000000
2018-02-24 07:00:03,0.00152690,1.91000000
2018-02-24 07:00:03,0.00152700,0.09000000
2018-02-24 07:00:03,0.00152700,78.04000000
2018-02-24 07:00:03,0.00152700,28.79000000
2018-02-24 07:00:03,0.00152700,33.49000000
2018-02-24 07:00:03,0.00152700,78.05000000
2018-02-24 07:00:03,0.00152700,19.64000000
2018-02-24 07:00:03,0.00152730,9.99000000
2018-02-24 07:00:03,0.00152800,6.11000000
2018-02-24 07:00:03,0.00152700,19.64000000
2018-02-24 07:00:03,0.00152700,54.23000000
2018-02-24 07:00:03,0.00152640,29.45000000
2018-02-24 07:00:03,0.00152700,19.72000000
2018-02-24 07:00:03,0.00152800,0.46000000
2018-02-24 07:00:03,0.00152830,3.46000000
2018-02-24 07:00:03,0.00152880,30.92000000
2018-02-24 07:00:03,0.00152890,145.99000000
2018-02-24 07:00:04,0.00152720,2.25000000
2018-02-24 07:00:04,0.00152890,10.60000000
2018-02-24 07:00:04,0.00152690,34.44000000
2018-02-24 07:00:04,0.00152510,65.52000000
2018-02-24 07:00:04,0.00152500,2.64000000
2018-02-24 07:00:04,0.00152500,106.53000000
2018-02-24 07:00:04,0.00152690,1.82000000
2018-02-24 07:00:04,0.00152690,15.95000000
2018-02-24 07:00:04,0.00152500,20.00000000
2018-02-24 07:00:05,0.00152500,19.12000000
2018-02-24 07:00:05,0.00152500,17.77000000
2018-02-24 07:00:05,0.00152680,5.26000000
2018-02-24 07:00:05,0.00152680,60.26000000
2018-02-24 07:00:06,0.00152510,20.00000000
2018-02-24 07:00:06,0.00152690,25.82000000
2018-02-24 07:00:06,0.00152730,67.85000000
2018-02-24 07:00:06,0.00152890,131.99000000
2018-02-24 07:00:06,0.00152500,13.38000000
2018-02-24 07:00:06,0.00152670,10.51000000
2018-02-24 07:00:06,0.00152670,3.72000000
2018-02-24 07:00:06,0.00152500,49.95000000
2018-02-24 07:00:06,0.00152670,57.37000000
2018-02-24 07:00:07,0.00152800,244.12000000
2018-02-24 07:00:07,0.00152890,267.38000000
2018-02-24 07:00:07,0.00152900,334.61000000
2018-02-24 07:00:07,0.00152920,953.89000000
2018-02-24 07:00:07,0.00152670,0.55000000
2018-02-24 07:00:07,0.00152520,65.54000000
2018-02-24 07:00:07,0.00152510,4.71000000
2018-02-24 07:00:07,0.00152500,524.78000000
2018-02-24 07:00:07,0.00152440,65.00000000
2018-02-24 07:00:07,0.00152440,5.06000000
2018-02-24 07:00:07,0.00152920,29.63000000
2018-02-24 07:00:07,0.00152500,8.41000000
2018-02-24 07:00:07,0.00152500,91.73000000
2018-02-24 07:00:07,0.00152920,92.94000000
2018-02-24 07:00:08,0.00152730,0.82000000
2018-02-24 07:00:08,0.00152900,65.54000000
2018-02-24 07:00:08,0.00152910,20.00000000
2018-02-24 07:00:08,0.00152920,88.04000000
2018-02-24 07:00:08,0.00152920,205.90000000
2018-02-24 07:00:08,0.00152920,130.59000000
2018-02-24 07:00:08,0.00152920,16.31000000
2018-02-24 07:00:08,0.00152920,5.36000000
2018-02-24 07:00:08,0.00152690,10.32000000
2018-02-24 07:00:08,0.00152680,4.33000000
2018-02-24 07:00:08,0.00152550,9.83000000
2018-02-24 07:00:09,0.00152500,9.47000000
2018-02-24 07:00:09,0.00152500,2.36000000
2018-02-24 07:00:09,0.00152500,5.31000000
2018-02-24 07:00:09,0.00152500,32.92000000
2018-02-24 07:00:09,0.00152500,5.36000000
2018-02-24 07:00:09,0.00152900,8.56000000
2018-02-24 07:00:09,0.00152900,18.91000000
2018-02-24 07:00:09,0.00152900,149.81000000
2018-02-24 07:00:09,0.00152690,15.27000000
2018-02-24 07:00:09,0.00152450,13.17000000
2018-02-24 07:00:09,0.00152440,72.33000000
2018-02-24 07:00:09,0.00152420,4.20000000
2018-02-24 07:00:09,0.00152410,6.09000000
2018-02-24 07:00:09,0.00152390,119.44000000
2018-02-24 07:00:09,0.00152360,4.79000000
2018-02-24 07:00:09,0.00152200,10.05000000
2018-02-24 07:00:09,0.00152200,100.00000000
2018-02-24 07:00:09,0.00152200,16.83000000
2018-02-24 07:00:09,0.00152200,16.82000000
2018-02-24 07:00:09,0.00152200,16.84000000
2018-02-24 07:00:09,0.00152200,1246.79000000
2018-02-24 07:00:09,0.00152920,209.48000000
2018-02-24 07:00:09,0.00153000,158.63000000
2018-02-24 07:00:10,0.00152140,8.48000000
2018-02-24 07:00:10,0.00152130,0.66000000
2018-02-24 07:00:10,0.00152120,10.21000000
2018-02-24 07:00:10,0.00152780,4.39000000
2018-02-24 07:00:10,0.00153000,51.73000000
2018-02-24 07:00:10,0.00152450,1.84000000
2018-02-24 07:00:10,0.00152450,14.76000000
2018-02-24 07:00:10,0.00152290,39.14000000
2018-02-24 07:00:10,0.00152450,1.40000000
2018-02-24 07:00:10,0.00152450,32.00000000
2018-02-24 07:00:10,0.00152740,4.20000000
2018-02-24 07:00:10,0.00152780,4.39000000
2018-02-24 07:00:10,0.00153000,9.93000000
2018-02-24 07:00:10,0.00153000,572.22000000
2018-02-24 07:00:11,0.00153000,19.60000000
2018-02-24 07:00:11,0.00153000,4.39000000
2018-02-24 07:00:11,0.00153000,43.71000000
2018-02-24 07:00:11,0.00153000,19.60000000
2018-02-24 07:00:11,0.00153000,205.79000000
2018-02-24 07:00:11,0.00153000,296.48000000
2018-02-24 07:00:11,0.00152400,5.00000000
2018-02-24 07:00:11,0.00152220,19.60000000
2018-02-24 07:00:11,0.00152920,4.07000000
2018-02-24 07:00:11,0.00152390,1.68000000
2018-02-24 07:00:11,0.00152500,107.03000000
2018-02-24 07:00:11,0.00152990,100.00000000
2018-02-24 07:00:11,0.00153000,12.03000000
2018-02-24 07:00:11,0.00153020,2.26000000
2018-02-24 07:00:11,0.00153090,2.55000000
2018-02-24 07:00:11,0.00153110,126.09000000
2018-02-24 07:00:11,0.00153110,29.49000000
2018-02-24 07:00:12,0.00153110,2.02000000
2018-02-24 07:00:12,0.00153110,1.68000000
2018-02-24 07:00:12,0.00153110,0.94000000
2018-02-24 07:00:12,0.00153110,100.14000000
2018-02-24 07:00:12,0.00153110,4.08000000
2018-02-24 07:00:12,0.00153110,1052.39000000
2018-02-24 07:00:12,0.00153000,25.12000000
2018-02-24 07:00:12,0.00152920,705.89000000
2018-02-24 07:00:12,0.00153000,36.13000000
2018-02-24 07:00:12,0.00152900,3.21000000
2018-02-24 07:00:12,0.00152900,5.00000000
2018-02-24 07:00:13,0.00152900,67.76000000
2018-02-24 07:00:13,0.00152900,1.66000000
2018-02-24 07:00:13,0.00152900,1.67000000
2018-02-24 07:00:13,0.00152900,1.67000000
2018-02-24 07:00:13,0.00152900,5.13000000
2018-02-24 07:00:13,0.00152540,0.18000000
2018-02-24 07:00:13,0.00152540,7.72000000
2018-02-24 07:00:13,0.00152540,73.12000000
2018-02-24 07:00:13,0.00152540,24.10000000
2018-02-24 07:00:13,0.00152540,6.69000000
2018-02-24 07:00:14,0.00152920,6.74000000
2018-02-24 07:00:14,0.00152920,193.59000000
2018-02-24 07:00:14,0.00152560,65.51000000
2018-02-24 07:00:14,0.00152550,57.98000000
2018-02-24 07:00:14,0.00152990,47.70000000
2018-02-24 07:00:14,0.00152550,49.30000000
2018-02-24 07:00:14,0.00152540,8.96000000
2018-02-24 07:00:14,0.00152540,1.68000000
2018-02-24 07:00:14,0.00152670,32.09000000
2018-02-24 07:00:14,0.00152720,42.01000000
2018-02-24 07:00:15,0.00152720,2.26000000
2018-02-24 07:00:15,0.00152670,12.71000000
2018-02-24 07:00:15,0.00152720,21.24000000
2018-02-24 07:00:15,0.00152730,59.94000000
2018-02-24 07:00:15,0.00152710,1.81000000
2018-02-24 07:00:15,0.00152730,48.11000000
2018-02-24 07:00:15,0.00152980,13.37000000
2018-02-24 07:00:15,0.00152990,86.71000000
2018-02-24 07:00:15,0.00152670,60.16000000
2018-02-24 07:00:16,0.00152990,25.86000000
2018-02-24 07:00:16,0.00153000,59.92000000
2018-02-24 07:00:16,0.00153000,4.37000000
2018-02-24 07:00:16,0.00153000,86.97000000
2018-02-24 07:00:16,0.00152980,21.01000000
2018-02-24 07:00:16,0.00152680,5.00000000
2018-02-24 07:00:16,0.00152700,132.38000000
2018-02-24 07:00:16,0.00152980,78.99000000
2018-02-24 07:00:16,0.00153110,30.78000000
2018-02-24 07:00:16,0.00152990,43.85000000
2018-02-24 07:00:17,0.00153000,28.33000000
2018-02-24 07:00:17,0.00152990,163.49000000
2018-02-24 07:00:17,0.00152720,10.89000000
2018-02-24 07:00:17,0.00153100,5.00000000
2018-02-24 07:00:17,0.00153110,87.04000000
2018-02-24 07:00:17,0.00152730,6.54000000
2018-02-24 07:00:17,0.00152720,0.26000000
2018-02-24 07:00:17,0.00152720,3.40000000
2018-02-24 07:00:17,0.00152670,109.34000000
2018-02-24 07:00:17,0.00152710,10.79000000
2018-02-24 07:00:17,0.00152990,621.75000000
2018-02-24 07:00:18,0.00152680,57.74000000
2018-02-24 07:00:18,0.00152990,97.37000000
2018-02-24 07:00:18,0.00153000,24.41000000
2018-02-24 07:00:18,0.00153110,40.46000000
2018-02-24 07:00:18,0.00152680,27.84000000
2018-02-24 07:00:18,0.00152680,2.03000000
2018-02-24 07:00:18,0.00152980,1.56000000
2018-02-24 07:00:18,0.00152980,34.01000000
2018-02-24 07:00:18,0.00152980,29.89000000
2018-02-24 07:00:18,0.00153000,2.03000000
2018-02-24 07:00:19,0.00153000,9.20000000
2018-02-24 07:00:19,0.00153100,6.87000000
2018-02-24 07:00:19,0.00153100,13.25000000
2018-02-24 07:00:19,0.00153100,7.51000000
2018-02-24 07:00:19,0.00153100,2.02000000
2018-02-24 07:00:19,0.00153100,54.49000000
2018-02-24 07:00:19,0.00153100,2.60000000
2018-02-24 07:00:20,0.00152920,1.90000000
2018-02-24 07:00:20,0.00152920,1.95000000
2018-02-24 07:00:20,0.00152920,7.23000000
2018-02-24 07:00:20,0.00152920,2.60000000
2018-02-24 07:00:20,0.00153110,52.98000000
2018-02-24 07:00:20,0.00153110,0.10000000
2018-02-24 07:00:20,0.00153110,19.60000000
2018-02-24 07:00:21,0.00153210,22.70000000
2018-02-24 07:00:21,0.00153110,1.95000000
2018-02-24 07:00:21,0.00153110,99.29000000
2018-02-24 07:00:21,0.00153210,0.53000000
2018-02-24 07:00:21,0.00153110,7.80000000
2018-02-24 07:00:21,0.00153210,53.76000000
2018-02-24 07:00:21,0.00153220,6.54000000
2018-02-24 07:00:21,0.00153330,4.70000000
2018-02-24 07:00:21,0.00153110,15.27000000
2018-02-24 07:00:22,0.00153110,615.06000000
2018-02-24 07:00:22,0.00153020,1.28000000
2018-02-24 07:00:22,0.00153020,0.54000000
2018-02-24 07:00:22,0.00153100,3.00000000
2018-02-24 07:00:22,0.00153100,0.98000000
2018-02-24 07:00:22,0.00153020,744.09000000
2018-02-24 07:00:22,0.00153000,94.38000000
2018-02-24 07:00:22,0.00152920,150.90000000
2018-02-24 07:00:22,0.00152900,0.90000000
2018-02-24 07:00:22,0.00152900,96.17000000
2018-02-24 07:00:22,0.00152890,1.30000000
2018-02-24 07:00:22,0.00153000,0.04000000
2018-02-24 07:00:22,0.00153000,9.94000000
2018-02-24 07:00:22,0.00153100,73.60000000
2018-02-24 07:00:23,0.00152980,1.53000000
2018-02-24 07:00:23,0.00152980,11.50000000
2018-02-24 07:00:23,0.00153100,73.75000000
2018-02-24 07:00:23,0.00152730,6.54000000
2018-02-24 07:00:23,0.00152720,0.13000000
2018-02-24 07:00:23,0.00152720,7.08000000
2018-02-24 07:00:23,0.00152720,0.50000000
2018-02-24 07:00:24,0.00153100,10.81000000
2018-02-24 07:00:24,0.00152750,7.12000000
2018-02-24 07:00:24,0.00152750,2.69000000
2018-02-24 07:00:24,0.00152730,14.89000000
2018-02-24 07:00:24,0.00152900,1.67000000
2018-02-24 07:00:24,0.00152900,18.91000000
2018-02-24 07:00:24,0.00152900,33.41000000
2018-02-24 07:00:25,0.00152730,18.57000000
2018-02-24 07:00:25,0.00152900,25.08000000
2018-02-24 07:00:25,0.00152810,1.64000000
2018-02-24 07:00:25,0.00152900,141.27000000
2018-02-24 07:00:25,0.00152900,1.78000000
2018-02-24 07:00:25,0.00152900,406.30000000
2018-02-24 07:00:25,0.00152730,65.40000000
2018-02-24 07:00:25,0.00152720,17.37000000
2018-02-24 07:00:25,0.00152710,42.28000000
2018-02-24 07:00:25,0.00152700,1.88000000
2018-02-24 07:00:25,0.00152690,51.98000000
2018-02-24 07:00:25,0.00152670,100.73000000
2018-02-24 07:00:25,0.00152600,226.05000000
2018-02-24 07:00:25,0.00152600,60.37000000
2018-02-24 07:00:25,0.00152900,16.27000000
2018-02-24 07:00:25,0.00152900,19.59000000
2018-02-24 07:00:25,0.00152900,0.35000000
2018-02-24 07:00:25,0.00152900,65.00000000
2018-02-24 07:00:25,0.00152900,70.39000000
2018-02-24 07:00:25,0.00152900,70.34000000
2018-02-24 07:00:25,0.00152900,70.33000000
2018-02-24 07:00:25,0.00152900,70.33000000
2018-02-24 07:00:25,0.00152730,10.62000000
2018-02-24 07:00:25,0.00152500,1.57000000
2018-02-24 07:00:26,0.00152730,1.93000000
2018-02-24 07:00:26,0.00152730,2.96000000
2018-02-24 07:00:26,0.00152830,23.78000000
2018-02-24 07:00:26,0.00152830,19.59000000
2018-02-24 07:00:26,0.00152830,16.89000000
2018-02-24 07:00:26,0.00152900,81.21000000
2018-02-24 07:00:26,0.00152900,6.24000000
2018-02-24 07:00:27,0.00152890,0.10000000
2018-02-24 07:00:27,0.00152830,16.89000000
2018-02-24 07:00:27,0.00152740,109.50000000
2018-02-24 07:00:27,0.00152690,20.00000000
2018-02-24 07:00:27,0.00152890,107.61000000
2018-02-24 07:00:27,0.00152900,59.10000000
2018-02-24 07:00:27,0.00152900,421.39000000
2018-02-24 07:00:27,0.00152900,1.75000000
2018-02-24 07:00:27,0.00152740,0.74000000
2018-02-24 07:00:28,0.00152750,1.48000000
2018-02-24 07:00:28,0.00152750,0.25000000
2018-02-24 07:00:28,0.00152750,0.80000000
2018-02-24 07:00:28,0.00152900,26.86000000
2018-02-24 07:00:28,0.00152950,11.10000000
2018-02-24 07:00:28,0.00152750,12.25000000
2018-02-24 07:00:28,0.00152740,89.86000000
2018-02-24 07:00:29,0.00152820,0.82000000
2018-02-24 07:00:29,0.00152740,3.80000000
2018-02-24 07:00:29,0.00152820,216.00000000
2018-02-24 07:00:29,0.00152830,64.10000000
2018-02-24 07:00:29,0.00152820,0.82000000
2018-02-24 07:00:29,0.00152740,169.46000000
2018-02-24 07:00:29,0.00152740,53.61000000
2018-02-24 07:00:29,0.00152830,147.00000000
2018-02-24 07:00:30,0.00152830,25.16000000
2018-02-24 07:00:30,0.00152740,23.10000000
2018-02-24 07:00:30,0.00152820,21.92000000
2018-02-24 07:00:30,0.00152830,23.20000000
2018-02-24 07:00:30,0.00152900,69.70000000
2018-02-24 07:00:30,0.00152950,36.81000000
2018-02-24 07:00:30,0.00152950,26.55000000
2018-02-24 07:00:30,0.00152980,2.44000000
2018-02-24 07:00:30,0.00153000,62.49000000
2018-02-24 07:00:30,0.00153000,39.72000000
2018-02-24 07:00:30,0.00153000,346.22000000
2018-02-24 07:00:31,0.00152750,2.62000000
2018-02-24 07:00:31,0.00152750,5.86000000
2018-02-24 07:00:31,0.00153000,131.68000000
2018-02-24 07:00:32,0.00152890,112.11000000
2018-02-24 07:00:32,0.00153000,164.01000000
2018-02-24 07:00:32,0.00153040,10.74000000
2018-02-24 07:00:32,0.00153050,13.17000000
2018-02-24 07:00:32,0.00153120,4.79000000
2018-02-24 07:00:32,0.00153330,26.49000000
2018-02-24 07:00:32,0.00153110,15.00000000
2018-02-24 07:00:33,0.00153110,6.12000000
2018-02-24 07:00:33,0.00153110,5.00000000
2018-02-24 07:00:33,0.00153110,4.80000000
2018-02-24 07:00:33,0.00152830,119.26000000
2018-02-24 07:00:33,0.00152740,40.46000000
2018-02-24 07:00:33,0.00153140,1.90000000
2018-02-24 07:00:33,0.00152740,32.95000000
2018-02-24 07:00:33,0.00152750,1.69000000
2018-02-24 07:00:33,0.00152760,0.80000000
2018-02-24 07:00:34,0.00152830,28.33000000
2018-02-24 07:00:34,0.00153000,19.42000000
2018-02-24 07:00:34,0.00153330,18.79000000
2018-02-24 07:00:34,0.00152960,5.00000000
2018-02-24 07:00:34,0.00153300,3.82000000
2018-02-24 07:00:35,0.00153110,1.50000000
2018-02-24 07:00:35,0.00153100,5.50000000
2018-02-24 07:00:35,0.00153100,1.35000000
2018-02-24 07:00:36,0.00153290,5.80000000
2018-02-24 07:00:36,0.00153300,107.88000000
2018-02-24 07:00:36,0.00153330,12.50000000
2018-02-24 07:00:36,0.00153380,71.41000000
2018-02-24 07:00:36,0.00153400,50.00000000
2018-02-24 07:00:36,0.00153410,8.06000000
2018-02-24 07:00:36,0.00153480,8.51000000
2018-02-24 07:00:36,0.00153500,60.78000000
2018-02-24 07:00:36,0.00153300,6.62000000
2018-02-24 07:00:36,0.00153370,33.43000000
2018-02-24 07:00:36,0.00153480,27.61000000
2018-02-24 07:00:36,0.00153480,19.54000000
2018-02-24 07:00:37,0.00153480,19.54000000
2018-02-24 07:00:37,0.00153480,2.80000000
2018-02-24 07:00:37,0.00153480,13.31000000
2018-02-24 07:00:37,0.00153100,8.30000000
2018-02-24 07:00:37,0.00153100,20.00000000
2018-02-24 07:00:37,0.00153100,1.98000000
2018-02-24 07:00:37,0.00153100,0.85000000
2018-02-24 07:00:37,0.00153100,55.43000000
2018-02-24 07:00:37,0.00152960,11.23000000
2018-02-24 07:00:37,0.00152960,0.35000000
2018-02-24 07:00:37,0.00152950,2.42000000
2018-02-24 07:00:37,0.00153100,4.62000000
2018-02-24 07:00:37,0.00153100,19.55000000
2018-02-24 07:00:37,0.00152950,3.30000000
2018-02-24 07:00:37,0.00153100,19.55000000
2018-02-24 07:00:37,0.00153000,2.00000000
2018-02-24 07:00:38,0.00152950,17.56000000
2018-02-24 07:00:38,0.00153000,402.10000000
2018-02-24 07:00:38,0.00153100,2.12000000
2018-02-24 07:00:38,0.00153100,97.96000000
2018-02-24 07:00:38,0.00153100,53.23000000
2018-02-24 07:00:38,0.00153100,36.28000000
2018-02-24 07:00:38,0.00153280,2.80000000
2018-02-24 07:00:38,0.00153290,4.92000000
2018-02-24 07:00:38,0.00153100,23.94000000
2018-02-24 07:00:38,0.00153100,3.86000000
2018-02-24 07:00:38,0.00153100,2.32000000
2018-02-24 07:00:38,0.00153290,3.86000000
2018-02-24 07:00:38,0.00153500,26.01000000
2018-02-24 07:00:39,0.00153500,3.98000000
2018-02-24 07:00:39,0.00153500,1.56000000
2018-02-24 07:00:39,0.00153500,1.19000000
2018-02-24 07:00:39,0.00153000,9.13000000
2018-02-24 07:00:39,0.00153010,4.54000000
2018-02-24 07:00:39,0.00153010,77.57000000
2018-02-24 07:00:39,0.00153020,2.99000000
2018-02-24 07:00:40,0.00153470,65.34000000
2018-02-24 07:00:40,0.00153480,3.66000000
2018-02-24 07:00:41,0.00153450,1.90000000
2018-02-24 07:00:41,0.00153480,8.10000000
2018-02-24 07:00:41,0.00153300,1.57000000
2018-02-24 07:00:43,0.00153360,54.46000000
2018-02-24 07:00:44,0.00153300,35.49000000
2018-02-24 07:00:44,0.00153280,1.89000000
2018-02-24 07:00:44,0.00153100,36.45000000
2018-02-24 07:00:44,0.00153100,23.21000000
2018-02-24 07:00:44,0.00153100,22.96000000
2018-02-24 07:00:44,0.00153430,23.28000000
2018-02-24 07:00:44,0.00153440,16.77000000
2018-02-24 07:00:44,0.00153480,73.46000000
2018-02-24 07:00:44,0.00153500,163.53000000
2018-02-24 07:00:44,0.00153500,2.56000000
2018-02-24 07:00:44,0.00153500,46.17000000
2018-02-24 07:00:44,0.00153360,24.71000000
2018-02-24 07:00:44,0.00153500,334.74000000
2018-02-24 07:00:44,0.00153500,382.79000000
2018-02-24 07:00:44,0.00153500,9.26000000
2018-02-24 07:00:44,0.00153500,37.47000000
2018-02-24 07:00:44,0.00153500,130.29000000
2018-02-24 07:00:44,0.00153500,20.00000000
2018-02-24 07:00:44,0.00153500,245.48000000
2018-02-24 07:00:44,0.00153500,39.49000000
2018-02-24 07:00:44,0.00153500,131.00000000
2018-02-24 07:00:44,0.00153500,10.72000000
2018-02-24 07:00:44,0.00153500,160.03000000
2018-02-24 07:00:44,0.00153560,14.74000000
2018-02-24 07:00:44,0.00153600,117.24000000
2018-02-24 07:00:44,0.00153680,40.51000000
2018-02-24 07:00:44,0.00153690,34.41000000
2018-02-24 07:00:44,0.00153900,105.17000000
2018-02-24 07:00:44,0.00154000,52.90000000
2018-02-24 07:00:44,0.00153490,10.72000000
2018-02-24 07:00:45,0.00153490,3.59000000
2018-02-24 07:00:45,0.00154000,3.54000000
2018-02-24 07:00:45,0.00153490,104.45000000
2018-02-24 07:00:45,0.00153480,42.85000000
2018-02-24 07:00:45,0.00153440,50.41000000
2018-02-24 07:00:45,0.00153360,28.76000000
2018-02-24 07:00:45,0.00153310,6.52000000
2018-02-24 07:00:45,0.00153100,64.50000000
2018-02-24 07:00:45,0.00153020,5.59000000
2018-02-24 07:00:45,0.00153490,2.52000000
2018-02-24 07:00:46,0.00153470,1.88000000
2018-02-24 07:00:46,0.00153350,3.12000000
2018-02-24 07:00:46,0.00153350,17.71000000
2018-02-24 07:00:46,0.00153350,1.43000000
2018-02-24 07:00:47,0.00153340,50.41000000
2018-02-24 07:00:47,0.00153350,42.89000000
2018-02-24 07:00:47,0.00153360,14.78000000
2018-02-24 07:00:47,0.00153500,7.34000000
2018-02-24 07:00:47,0.00153500,1.21000000
2018-02-24 07:00:48,0.00153300,8.00000000
2018-02-24 07:00:48,0.00153480,0.88000000
2018-02-24 07:00:49,0.00153310,2.40000000
2018-02-24 07:00:49,0.00153310,3.14000000
2018-02-24 07:00:49,0.00153480,2.49000000
2018-02-24 07:00:49,0.00153480,93.18000000
2018-02-24 07:00:49,0.00153500,61.12000000
2018-02-24 07:00:49,0.00153520,1.88000000
2018-02-24 07:00:49,0.00153860,7.26000000
2018-02-24 07:00:49,0.00153880,46.35000000
2018-02-24 07:00:49,0.00153890,86.14000000
2018-02-24 07:00:49,0.00153500,2.38000000
2018-02-24 07:00:50,0.00153890,33.44000000
2018-02-24 07:00:50,0.00153890,16.00000000
2018-02-24 07:00:50,0.00153510,1.17000000
2018-02-24 07:00:50,0.00153850,58.00000000
2018-02-24 07:00:51,0.00153850,2.00000000
2018-02-24 07:00:51,0.00153510,3.38000000
2018-02-24 07:00:51,0.00153510,60.66000000
2018-02-24 07:00:51,0.00153500,6.48000000
2018-02-24 07:00:51,0.00153490,32.76000000
2018-02-24 07:00:51,0.00153840,5.95000000
2018-02-24 07:00:52,0.00153830,36.16000000
2018-02-24 07:00:52,0.00153510,4.00000000
2018-02-24 07:00:53,0.00153510,1.60000000
2018-02-24 07:00:53,0.00153500,6.30000000
2018-02-24 07:00:53,0.00153830,19.00000000
2018-02-24 07:00:53,0.00153830,10.05000000
2018-02-24 07:00:53,0.00153840,0.58000000
2018-02-24 07:00:53,0.00153850,34.37000000
2018-02-24 07:00:54,0.00153840,4.79000000
2018-02-24 07:00:54,0.00153850,11.01000000
2018-02-24 07:00:54,0.00153850,13.21000000
2018-02-24 07:00:54,0.00153850,13.21000000
2018-02-24 07:00:55,0.00153840,10.00000000
2018-02-24 07:00:55,0.00153840,5.00000000
2018-02-24 07:00:55,0.00153850,1.95000000
2018-02-24 07:00:55,0.00153840,256.37000000
2018-02-24 07:00:55,0.00153540,117.51000000
2018-02-24 07:00:55,0.00153540,1.82000000
2018-02-24 07:00:56,0.00153510,148.46000000
2018-02-24 07:00:56,0.00153500,389.02000000
2018-02-24 07:00:56,0.00153490,528.52000000
2018-02-24 07:00:56,0.00153350,32.82000000
2018-02-24 07:00:56,0.00153310,78.01000000
2018-02-24 07:00:56,0.00153300,1852.94000000
2018-02-24 07:00:56,0.00153100,387.80000000
2018-02-24 07:00:56,0.00153010,30.15000000
2018-02-24 07:00:56,0.00153000,74.72000000
2018-02-24 07:00:56,0.00153540,19.50000000
2018-02-24 07:00:56,0.00153530,32.56000000
2018-02-24 07:00:56,0.00153010,65.35000000
2018-02-24 07:00:56,0.00153000,363.46000000
2018-02-24 07:00:56,0.00152950,202.58000000
2018-02-24 07:00:56,0.00153540,163.31000000
2018-02-24 07:00:56,0.00152950,92.78000000
2018-02-24 07:00:56,0.00152900,5.13000000
2018-02-24 07:00:56,0.00152890,25.82000000
2018-02-24 07:00:56,0.00152830,20.41000000
2018-02-24 07:00:56,0.00152800,18.78000000
2018-02-24 07:00:56,0.00153540,112.66000000
2018-02-24 07:00:56,0.00153540,19.51000000
2018-02-24 07:00:56,0.00153510,131.77000000
2018-02-24 07:00:56,0.00152750,22.23000000
2018-02-24 07:00:56,0.00152740,45.80000000
2018-02-24 07:00:56,0.00153540,19.51000000
2018-02-24 07:00:56,0.00153540,19.50000000
2018-02-24 07:00:56,0.00153540,94.46000000
2018-02-24 07:00:56,0.00153540,19.51000000
2018-02-24 07:00:56,0.00153530,7.28000000
2018-02-24 07:00:57,0.00153530,12.98000000
2018-02-24 07:00:57,0.00153530,19.51000000
2018-02-24 07:00:57,0.00153530,19.51000000
2018-02-24 07:00:57,0.00153530,6.07000000
2018-02-24 07:00:57,0.00153540,4.26000000
2018-02-24 07:00:57,0.00153530,6.51000000
2018-02-24 07:00:57,0.00153540,58.60000000
2018-02-24 07:00:57,0.00153540,4.61000000
2018-02-24 07:00:57,0.00153540,143.59000000
2018-02-24 07:00:57,0.00153530,10.66000000
2018-02-24 07:00:58,0.00153510,3.25000000
2018-02-24 07:00:58,0.00152790,3.38000000
2018-02-24 07:00:58,0.00153470,8.11000000
2018-02-24 07:00:58,0.00153470,13.34000000
2018-02-24 07:00:58,0.00153470,19.51000000
2018-02-24 07:00:58,0.00153470,74.75000000
2018-02-24 07:00:58,0.00153510,143.25000000
2018-02-24 07:00:58,0.00153510,3.46000000
2018-02-24 07:00:58,0.00153400,10.87000000
2018-02-24 07:00:58,0.00153400,10.89000000
2018-02-24 07:00:58,0.00153400,16.94000000
2018-02-24 07:00:58,0.00153400,5.42000000
2018-02-24 07:00:58,0.00153400,83.25000000
2018-02-24 07:00:58,0.00152880,2.68000000
2018-02-24 07:00:58,0.00153400,8.64000000
2018-02-24 07:00:58,0.00153400,41.60000000
2018-02-24 07:00:58,0.00153400,5.42000000
2018-02-24 07:00:58,0.00153400,1.39000000
2018-02-24 07:00:59,0.00153400,19.52000000
2018-02-24 07:00:59,0.00152880,6.76000000
2018-02-24 07:00:59,0.00152880,2.38000000
2018-02-24 07:00:59,0.00153400,507.06000000
2018-02-24 07:00:59,0.00153510,48.89000000
2018-02-24 07:00:59,0.00153510,19.51000000
2018-02-24 07:00:59,0.00153510,168.44000000
2018-02-24 07:00:59,0.00153000,1.68000000
2018-02-24 07:00:59,0.00153000,1.69000000
2018-02-24 07:00:59,0.00153000,1.68000000
2018-02-24 07:00:59,0.00153000,2.03000000
2018-02-24 07:00:59,0.00153000,13.25000000
2018-02-24 07:00:59,0.00153010,2.80000000
2018-02-24 07:01:00,0.00153090,1.69000000
2018-02-24 07:01:00,0.00153530,19.51000000
2018-02-24 07:01:00,0.00153090,32.00000000
2018-02-24 07:01:00,0.00153010,11.01000000
2018-02-24 07:01:00,0.00153000,31.94000000
2018-02-24 07:01:00,0.00152980,1.84000000
2018-02-24 07:01:00,0.00152950,6.53000000
2018-02-24 07:01:00,0.00152890,9.99000000
2018-02-24 07:01:00,0.00152810,9.09000000
2018-02-24 07:01:00,0.00152810,76.82000000
2018-02-24 07:01:00,0.00152790,18.72000000
2018-02-24 07:01:00,0.00152780,3.06000000
2018-02-24 07:01:00,0.00152770,8.37000000
2018-02-24 07:01:00,0.00153530,19.52000000
2018-02-24 07:01:00,0.00153530,15.79000000
2018-02-24 07:01:00,0.00153530,19.52000000
2018-02-24 07:01:00,0.00153110,2.80000000
2018-02-24 07:01:00,0.00153120,9.09000000
2018-02-24 07:01:00,0.00153120,1.40000000
2018-02-24 07:01:00,0.00153000,5.41000000
2018-02-24 07:01:00,0.00153110,1.40000000
2018-02-24 07:01:00,0.00153120,2.68000000
2018-02-24 07:01:00,0.00153530,19.05000000
2018-02-24 07:01:00,0.00153120,2.68000000
2018-02-24 07:01:00,0.00153000,3.31000000
2018-02-24 07:01:00,0.00153120,2.68000000
2018-02-24 07:01:00,0.00152940,3.26000000
2018-02-24 07:01:01,0.00153520,7.28000000
2018-02-24 07:01:01,0.00153530,11.15000000
2018-02-24 07:01:01,0.00153130,65.30000000
2018-02-24 07:01:01,0.00152890,10.66000000
2018-02-24 07:01:01,0.00153530,4.12000000
2018-02-24 07:01:01,0.00152920,2.47000000
2018-02-24 07:01:01,0.00153000,19.53000000
2018-02-24 07:01:01,0.00153000,65.00000000
2018-02-24 07:01:01,0.00153000,76.93000000
2018-02-24 07:01:01,0.00153000,173.62000000
2018-02-24 07:01:01,0.00153000,19.77000000
2018-02-24 07:01:01,0.00153000,1.43000000
2018-02-24 07:01:01,0.00153000,2.03000000
2018-02-24 07:01:01,0.00153000,2.64000000
2018-02-24 07:01:02,0.00153420,25.63000000
2018-02-24 07:01:02,0.00153200,21.98000000
2018-02-24 07:01:02,0.00153200,15.31000000
2018-02-24 07:01:02,0.00153000,15.33000000
2018-02-24 07:01:02,0.00152920,21.17000000
2018-02-24 07:01:02,0.00152910,6.53000000
2018-02-24 07:01:02,0.00152870,1.83000000
2018-02-24 07:01:02,0.00152890,166.72000000
2018-02-24 07:01:02,0.00153200,83.28000000
2018-02-24 07:01:02,0.00153200,111.57000000
2018-02-24 07:01:02,0.00153420,39.67000000
2018-02-24 07:01:02,0.00153430,127.01000000
2018-02-24 07:01:02,0.00153430,22.88000000
2018-02-24 07:01:02,0.00153200,4.82000000
2018-02-24 07:01:02,0.00153200,4.87000000
2018-02-24 07:01:02,0.00153200,1.62000000
2018-02-24 07:01:02,0.00153200,6.57000000
2018-02-24 07:01:02,0.00153430,1.96000000
2018-02-24 07:01:02,0.00153200,5.68000000
2018-02-24 07:01:02,0.00153200,19.53000000
2018-02-24 07:01:03,0.00153420,7.31000000
2018-02-24 07:01:03,0.00153430,7.04000000
2018-02-24 07:01:03,0.00153500,158.16000000
2018-02-24 07:01:03,0.00153510,27.49000000
2018-02-24 07:01:03,0.00153210,24.49000000
2018-02-24 07:01:03,0.00153210,3.36000000
2018-02-24 07:01:03,0.00153210,37.40000000
2018-02-24 07:01:03,0.00153200,189.05000000
2018-02-24 07:01:03,0.00153040,102.49000000
2018-02-24 07:01:03,0.00152930,89.34000000
2018-02-24 07:01:03,0.00152890,175.16000000
2018-02-24 07:01:03,0.00152770,25.20000000
2018-02-24 07:01:03,0.00153200,4.08000000
2018-02-24 07:01:03,0.00152890,1.68000000
2018-02-24 07:01:03,0.00152890,3.36000000
2018-02-24 07:01:03,0.00152770,20.33000000
2018-02-24 07:01:04,0.00152770,1.68000000
2018-02-24 07:01:04,0.00153210,1.82000000
2018-02-24 07:01:04,0.00153210,1.82000000
2018-02-24 07:01:04,0.00153210,61.61000000
2018-02-24 07:01:04,0.00153220,1.82000000
2018-02-24 07:01:04,0.00153500,0.57000000
2018-02-24 07:01:04,0.00153150,5.92000000
2018-02-24 07:01:04,0.00152780,52.03000000
2018-02-24 07:01:04,0.00152770,128.05000000
2018-02-24 07:01:04,0.00152760,3.06000000
2018-02-24 07:01:04,0.00152750,24.70000000
2018-02-24 07:01:04,0.00152740,50.74000000
2018-02-24 07:01:04,0.00153150,5.92000000
2018-02-24 07:01:04,0.00152740,72.16000000
2018-02-24 07:01:04,0.00152730,0.78000000
2018-02-24 07:01:04,0.00152720,6.03000000
2018-02-24 07:01:04,0.00152660,1.19000000
2018-02-24 07:01:04,0.00153430,5.18000000
2018-02-24 07:01:04,0.00152810,2.20000000
2018-02-24 07:01:04,0.00152810,0.14000000
2018-02-24 07:01:04,0.00153500,2.56000000
2018-02-24 07:01:04,0.00153100,0.82000000
2018-02-24 07:01:05,0.00153090,14.05000000
2018-02-24 07:01:05,0.00152880,8.86000000
2018-02-24 07:01:05,0.00153090,0.81000000
2018-02-24 07:01:05,0.00153090,15.53000000
2018-02-24 07:01:05,0.00153000,0.81000000
2018-02-24 07:01:05,0.00153000,29.15000000
2018-02-24 07:01:05,0.00152880,2.02000000
2018-02-24 07:01:05,0.00152880,15.53000000
2018-02-24 07:01:05,0.00152880,2.36000000
2018-02-24 07:01:06,0.00152930,24.13000000
2018-02-24 07:01:06,0.00152930,20.11000000
2018-02-24 07:01:06,0.00152930,4.88000000
2018-02-24 07:01:06,0.00152930,20.11000000
2018-02-24 07:01:06,0.00152880,2.12000000
2018-02-24 07:01:06,0.00152810,2.20000000
2018-02-24 07:01:06,0.00152790,53.78000000
2018-02-24 07:01:06,0.00152780,6.54000000
2018-02-24 07:01:06,0.00152750,25.07000000
2018-02-24 07:01:06,0.00152930,24.12000000
2018-02-24 07:01:06,0.00152930,1.86000000
2018-02-24 07:01:06,0.00152930,1.85000000
2018-02-24 07:01:06,0.00152930,1.85000000
2018-02-24 07:01:06,0.00152930,24.13000000
2018-02-24 07:01:06,0.00152860,1.78000000
2018-02-24 07:01:06,0.00152930,24.13000000
2018-02-24 07:01:06,0.00152930,8.85000000
2018-02-24 07:01:07,0.00152750,161.43000000
2018-02-24 07:01:07,0.00152660,0.45000000
2018-02-24 07:01:07,0.00152750,4.92000000
2018-02-24 07:01:07,0.00152550,1.00000000
2018-02-24 07:01:07,0.00152500,14.66000000
2018-02-24 07:01:07,0.00152880,53.78000000
2018-02-24 07:01:07,0.00152890,478.86000000
2018-02-24 07:01:07,0.00152920,25.07000000
2018-02-24 07:01:07,0.00152930,8.43000000
2018-02-24 07:01:07,0.00153000,436.37000000
2018-02-24 07:01:08,0.00152500,42.15000000
2018-02-24 07:01:08,0.00152460,4.79000000
2018-02-24 07:01:08,0.00152440,1.51000000
2018-02-24 07:01:08,0.00152380,5.00000000
2018-02-24 07:01:08,0.00152340,7.88000000
2018-02-24 07:01:08,0.00152150,12.33000000
2018-02-24 07:01:08,0.00152130,10.97000000
2018-02-24 07:01:08,0.00152030,1.50000000
2018-02-24 07:01:08,0.00152010,89.57000000
2018-02-24 07:01:08,0.00152000,130.26000000
2018-02-24 07:01:08,0.00152200,65.54000000
2018-02-24 07:01:08,0.00152200,36.68000000
2018-02-24 07:01:08,0.00152200,108.73000000
2018-02-24 07:01:08,0.00152990,1.75000000
2018-02-24 07:01:08,0.00152980,7.97000000
2018-02-24 07:01:08,0.00152550,7.25000000
2018-02-24 07:01:08,0.00152540,6.38000000
2018-02-24 07:01:09,0.00152540,0.23000000
2018-02-24 07:01:09,0.00152200,20.00000000
2018-02-24 07:01:09,0.00152000,93.36000000
2018-02-24 07:01:09,0.00151970,7.36000000
2018-02-24 07:01:09,0.00151760,1.95000000
2018-02-24 07:01:09,0.00151730,1.65000000
2018-02-24 07:01:09,0.00151680,1.30000000
2018-02-24 07:01:09,0.00151570,1.39000000
2018-02-24 07:01:09,0.00151550,7.19000000
2018-02-24 07:01:09,0.00151470,0.73000000
2018-02-24 07:01:09,0.00151440,13.51000000
2018-02-24 07:01:09,0.00151420,381.33000000
2018-02-24 07:01:09,0.00152550,5.79000000
2018-02-24 07:01:09,0.00151790,19.62000000
2018-02-24 07:01:09,0.00151790,48.09000000
2018-02-24 07:01:09,0.00152920,22.46000000
2018-02-24 07:01:09,0.00152550,1.40000000
2018-02-24 07:01:09,0.00152540,2.21000000
2018-02-24 07:01:09,0.00152400,4.50000000
2018-02-24 07:01:09,0.00151790,30.06000000
2018-02-24 07:01:09,0.00152860,36.93000000
2018-02-24 07:01:09,0.00152870,1.40000000
2018-02-24 07:01:09,0.00152880,4.39000000
2018-02-24 07:01:09,0.00152930,65.54000000
2018-02-24 07:01:09,0.00151790,9.36000000
2018-02-24 07:01:09,0.00152000,3.00000000
2018-02-24 07:01:10,0.00152870,1.40000000
2018-02-24 07:01:10,0.00152910,7.25000000
2018-02-24 07:01:10,0.00152920,20.00000000
2018-02-24 07:01:10,0.00152180,14.23000000
2018-02-24 07:01:10,0.00152180,24.93000000
2018-02-24 07:01:11,0.00152580,3.27000000
2018-02-24 07:01:11,0.00152550,19.62000000
2018-02-24 07:01:11,0.00152550,65.72000000
2018-02-24 07:01:11,0.00152400,8.11000000
2018-02-24 07:01:11,0.00152550,24.43000000
2018-02-24 07:01:11,0.00152550,8.69000000
2018-02-24 07:01:11,0.00152550,13.16000000
2018-02-24 07:01:11,0.00152540,19.62000000
2018-02-24 07:01:11,0.00152540,19.61000000
2018-02-24 07:01:11,0.00152540,26.49000000
2018-02-24 07:01:11,0.00152550,19.61000000
2018-02-24 07:01:11,0.00152550,26.49000000
2018-02-24 07:01:11,0.00152190,19.61000000
2018-02-24 07:01:11,0.00152190,43.44000000
2018-02-24 07:01:11,0.00152180,5.76000000
2018-02-24 07:01:12,0.00152200,65.66000000
2018-02-24 07:01:12,0.00152180,21.61000000
2018-02-24 07:01:12,0.00152180,64.23000000
2018-02-24 07:01:12,0.00152170,51.08000000
2018-02-24 07:01:12,0.00152150,3.57000000
2018-02-24 07:01:12,0.00151880,1.64000000
2018-02-24 07:01:12,0.00151860,0.98000000
2018-02-24 07:01:12,0.00151810,89.23000000
2018-02-24 07:01:12,0.00151810,25.89000000
2018-02-24 07:01:12,0.00152550,39.00000000
2018-02-24 07:01:12,0.00152550,0.86000000
2018-02-24 07:01:12,0.00152900,43.94000000
2018-02-24 07:01:12,0.00152910,8.71000000
2018-02-24 07:01:12,0.00152920,5.66000000
2018-02-24 07:01:12,0.00152930,175.40000000
2018-02-24 07:01:12,0.00152910,14.70000000
2018-02-24 07:01:12,0.00152910,17.63000000
2018-02-24 07:01:12,0.00152560,1.64000000
2018-02-24 07:01:12,0.00152910,16.04000000
2018-02-24 07:01:12,0.00152530,41.59000000
2018-02-24 07:01:12,0.00152530,19.63000000
2018-02-24 07:01:12,0.00152530,4.44000000
2018-02-24 07:01:12,0.00152870,3.80000000
2018-02-24 07:01:13,0.00152870,0.20000000
2018-02-24 07:01:13,0.00152530,3.38000000
2018-02-24 07:01:13,0.00152540,1.42000000
2018-02-24 07:01:13,0.00152550,6.55000000
2018-02-24 07:01:13,0.00152540,8.43000000
2018-02-24 07:01:13,0.00152540,3.37000000
2018-02-24 07:01:14,0.00152540,0.80000000
2018-02-24 07:01:14,0.00152550,64.74000000
2018-02-24 07:01:14,0.00152540,26.04000000
2018-02-24 07:01:14,0.00152530,76.31000000
2018-02-24 07:01:14,0.00152210,2.80000000
2018-02-24 07:01:14,0.00152200,3.82000000
2018-02-24 07:01:14,0.00152200,1.00000000
2018-02-24 07:01:14,0.00152180,10.74000000
2018-02-24 07:01:14,0.00151820,44.31000000
2018-02-24 07:01:14,0.00152550,19.64000000
2018-02-24 07:01:14,0.00152550,3.50000000
2018-02-24 07:01:14,0.00152100,3.90000000
2018-02-24 07:01:14,0.00152100,2.02000000
2018-02-24 07:01:14,0.00151820,0.71000000
2018-02-24 07:01:14,0.00151820,28.38000000
2018-02-24 07:01:14,0.00151820,15.21000000
2018-02-24 07:01:14,0.00152190,13.17000000
2018-02-24 07:01:14,0.00152190,0.85000000
2018-02-24 07:01:14,0.00152190,14.36000000
2018-02-24 07:01:14,0.00152530,1.40000000
2018-02-24 07:01:14,0.00152530,1.40000000
2018-02-24 07:01:14,0.00152520,5.90000000
2018-02-24 07:01:14,0.00152520,17.35000000
2018-02-24 07:01:14,0.00152520,1.40000000
2018-02-24 07:01:14,0.00152520,15.41000000
2018-02-24 07:01:14,0.00152890,1.94000000
2018-02-24 07:01:14,0.00152190,1.40000000
2018-02-24 07:01:15,0.00152190,6.78000000
2018-02-24 07:01:15,0.00152530,19.64000000
2018-02-24 07:01:15,0.00152530,2.28000000
2018-02-24 07:01:15,0.00152530,16.03000000
2018-02-24 07:01:15,0.00152200,18.58000000
2018-02-24 07:01:15,0.00152400,22.00000000
2018-02-24 07:01:15,0.00152400,19.64000000
2018-02-24 07:01:15,0.00152400,5.32000000
2018-02-24 07:01:15,0.00152400,19.64000000
2018-02-24 07:01:15,0.00152400,55.88000000
2018-02-24 07:01:15,0.00152540,52.32000000
2018-02-24 07:01:15,0.00152520,19.64000000
2018-02-24 07:01:16,0.00152520,1.84000000
2018-02-24 07:01:16,0.00152520,32.78000000
2018-02-24 07:01:16,0.00152520,11.52000000
2018-02-24 07:01:16,0.00152540,15.11000000
2018-02-24 07:01:16,0.00152540,2.21000000
2018-02-24 07:01:16,0.00152540,8.31000000
2018-02-24 07:01:16,0.00152540,17.44000000
2018-02-24 07:01:16,0.00152540,8.31000000
2018-02-24 07:01:16,0.00152530,10.27000000
2018-02-24 07:01:16,0.00152530,3.77000000
2018-02-24 07:01:17,0.00152540,17.02000000
2018-02-24 07:01:17,0.00152520,11.52000000
2018-02-24 07:01:17,0.00152500,6.21000000
2018-02-24 07:01:17,0.00152400,20.86000000
2018-02-24 07:01:17,0.00152870,91.61000000
2018-02-24 07:01:17,0.00152880,26.56000000
2018-02-24 07:01:17,0.00152890,85.91000000
2018-02-24 07:01:17,0.00152900,345.67000000
2018-02-24 07:01:17,0.00152920,0.98000000
2018-02-24 07:01:17,0.00152930,1.30000000
2018-02-24 07:01:17,0.00153000,524.45000000
2018-02-24 07:01:17,0.00153080,3.06000000
2018-02-24 07:01:17,0.00153100,1.98000000
2018-02-24 07:01:17,0.00153110,8.78000000
2018-02-24 07:01:17,0.00153200,91.26000000
2018-02-24 07:01:17,0.00153440,14.63000000
2018-02-24 07:01:17,0.00153500,101.20000000
2018-02-24 07:01:17,0.00153530,402.61000000
2018-02-24 07:01:17,0.00152410,4.84000000
2018-02-24 07:01:17,0.00152550,27.67000000
2018-02-24 07:01:17,0.00152440,60.76000000
2018-02-24 07:01:17,0.00152430,130.55000000
2018-02-24 07:01:17,0.00152420,98.62000000
2018-02-24 07:01:17,0.00152400,54.66000000
2018-02-24 07:01:17,0.00152190,28.45000000
2018-02-24 07:01:17,0.00152000,27.14000000
2018-02-24 07:01:17,0.00152420,7.31000000
2018-02-24 07:01:17,0.00152000,22.43000000
2018-02-24 07:01:17,0.00151990,13.20000000
2018-02-24 07:01:18,0.00152530,19.64000000
2018-02-24 07:01:18,0.00152530,298.66000000
2018-02-24 07:01:18,0.00152540,2.14000000
2018-02-24 07:01:18,0.00152500,15.66000000
2018-02-24 07:01:18,0.00152500,15.66000000
2018-02-24 07:01:18,0.00152500,15.66000000
2018-02-24 07:01:18,0.00152500,1.66000000
2018-02-24 07:01:18,0.00152480,1.69000000
2018-02-24 07:01:18,0.00152500,33.05000000
2018-02-24 07:01:18,0.00152480,18.15000000
2018-02-24 07:01:18,0.00152450,1.35000000
2018-02-24 07:01:18,0.00152440,55.57000000
2018-02-24 07:01:18,0.00152500,17.72000000
2018-02-24 07:01:18,0.00152500,9.44000000
2018-02-24 07:01:19,0.00152440,6.06000000
2018-02-24 07:01:19,0.00152440,122.44000000
2018-02-24 07:01:19,0.00152430,185.28000000
2018-02-24 07:01:19,0.00152000,400.00000000
2018-02-24 07:01:19,0.00151990,4.27000000
2018-02-24 07:01:19,0.00152500,129.44000000
2018-02-24 07:01:19,0.00152500,48.42000000
2018-02-24 07:01:19,0.00152530,65.60000000
2018-02-24 07:01:19,0.00152540,15.66000000
2018-02-24 07:01:19,0.00152580,127.01000000
2018-02-24 07:01:19,0.00152580,3.67000000
2018-02-24 07:01:20,0.00152600,54.07000000
2018-02-24 07:01:20,0.00152610,41.76000000
2018-02-24 07:01:20,0.00152620,49.35000000
2018-02-24 07:01:20,0.00152590,12.13000000
2018-02-24 07:01:20,0.00152630,1.39000000
2018-02-24 07:01:20,0.00152580,9.58000000
2018-02-24 07:01:20,0.00152580,105.56000000
2018-02-24 07:01:20,0.00152580,16.38000000
2018-02-24 07:01:21,0.00152580,74.40000000
2018-02-24 07:01:22,0.00152580,163.40000000
2018-02-24 07:01:22,0.00152500,13.40000000
2018-02-24 07:01:22,0.00152580,148.89000000
2018-02-24 07:01:23,0.00152540,7.31000000
2018-02-24 07:01:23,0.00152550,1.80000000
2018-02-24 07:01:23,0.00152580,129.96000000
2018-02-24 07:01:23,0.00152530,12.67000000
2018-02-24 07:01:23,0.00152510,0.53000000
2018-02-24 07:01:23,0.00152510,69.25000000
2018-02-24 07:01:23,0.00152510,0.53000000
2018-02-24 07:01:23,0.00152580,27.94000000
2018-02-24 07:01:23,0.00152540,6.62000000
2018-02-24 07:01:23,0.00152540,2.09000000
2018-02-24 07:01:23,0.00152500,23.01000000
2018-02-24 07:01:24,0.00152500,49.77000000
2018-02-24 07:01:24,0.00152430,27.66000000
2018-02-24 07:01:24,0.00152100,113.80000000
2018-02-24 07:01:24,0.00152000,94.99000000
2018-02-24 07:01:24,0.00152580,23.46000000
2018-02-24 07:01:25,0.00152500,4.98000000
2018-02-24 07:01:25,0.00152500,106.38000000
2018-02-24 07:01:25,0.00152380,0.73000000
2018-02-24 07:01:25,0.00152500,19.64000000
2018-02-24 07:01:25,0.00152500,9.50000000
2018-02-24 07:01:25,0.00152490,6.55000000
2018-02-24 07:01:25,0.00152500,106.34000000
2018-02-24 07:01:26,0.00152500,19.64000000
2018-02-24 07:01:26,0.00152500,2.00000000
2018-02-24 07:01:26,0.00152020,10.22000000
2018-02-24 07:01:26,0.00152030,0.88000000
2018-02-24 07:01:26,0.00152020,7.11000000
2018-02-24 07:01:27,0.00152110,4.78000000
2018-02-24 07:01:27,0.00152100,3.86000000
2018-02-24 07:01:27,0.00152340,1.40000000
2018-02-24 07:01:27,0.00152350,4.38000000
2018-02-24 07:01:27,0.00152100,2.71000000
2018-02-24 07:01:27,0.00152100,246.91000000
2018-02-24 07:01:27,0.00152330,3.34000000
2018-02-24 07:01:27,0.00152330,12.98000000
2018-02-24 07:01:28,0.00152340,17.46000000
2018-02-24 07:01:28,0.00152030,60.09000000
2018-02-24 07:01:28,0.00152340,0.01000000
2018-02-24 07:01:28,0.00152350,0.89000000
2018-02-24 07:01:28,0.00152490,123.80000000
2018-02-24 07:01:28,0.00152110,5.67000000
2018-02-24 07:01:28,0.00152100,0.89000000
2018-02-24 07:01:28,0.00152030,6.57000000
2018-02-24 07:01:28,0.00152020,4.74000000
2018-02-24 07:01:29,0.00152330,1.17000000
2018-02-24 07:01:29,0.00152020,2.67000000
2018-02-24 07:01:29,0.00152050,1.80000000
2018-02-24 07:01:29,0.00152020,5.57000000
2018-02-24 07:01:29,0.00152010,14.77000000
2018-02-24 07:01:29,0.00152000,312.99000000
2018-02-24 07:01:29,0.00152000,406.61000000
2018-02-24 07:01:29,0.00152000,101.44000000
2018-02-24 07:01:29,0.00151990,8.80000000
2018-02-24 07:01:29,0.00151840,10.43000000
2018-02-24 07:01:30,0.00151990,65.76000000
2018-02-24 07:01:30,0.00152000,63.19000000
2018-02-24 07:01:30,0.00151840,118.01000000
2018-02-24 07:01:30,0.00151810,131.51000000
2018-02-24 07:01:30,0.00151810,194.00000000
2018-02-24 07:01:30,0.00152000,1.18000000
2018-02-24 07:01:30,0.00152000,1.20000000
2018-02-24 07:01:30,0.00152000,1.20000000
2018-02-24 07:01:30,0.00152000,1.20000000
2018-02-24 07:01:30,0.00152000,710.55000000
2018-02-24 07:01:30,0.00152020,1.81000000
2018-02-24 07:01:30,0.00152310,12.33000000
2018-02-24 07:01:30,0.00152330,65.76000000
2018-02-24 07:01:30,0.00152340,4.20000000
2018-02-24 07:01:30,0.00152350,8.78000000
2018-02-24 07:01:30,0.00152490,140.95000000
2018-02-24 07:01:30,0.00152500,687.66000000
2018-02-24 07:01:31,0.00151810,1.20000000
2018-02-24 07:01:31,0.00152000,1.22000000
2018-02-24 07:01:32,0.00151820,62.41000000
2018-02-24 07:01:32,0.00151810,223.77000000
2018-02-24 07:01:32,0.00151790,2.99000000
2018-02-24 07:01:32,0.00151690,6.59000000
2018-02-24 07:01:32,0.00151500,6.69000000
2018-02-24 07:01:32,0.00151450,11.33000000
2018-02-24 07:01:32,0.00151430,3.30000000
2018-02-24 07:01:32,0.00151390,6.60000000
2018-02-24 07:01:32,0.00151380,9.85000000
2018-02-24 07:01:32,0.00151370,14.26000000
2018-02-24 07:01:32,0.00151290,1.98000000
2018-02-24 07:01:32,0.00151250,179.33000000
2018-02-24 07:01:32,0.00151240,0.99000000
2018-02-24 07:01:32,0.00151210,19.35000000
2018-02-24 07:01:32,0.00151160,3.31000000
2018-02-24 07:01:32,0.00151090,1.31000000
2018-02-24 07:01:32,0.00151080,84.66000000
2018-02-24 07:01:32,0.00151080,177.45000000
2018-02-24 07:01:32,0.00151080,1.38000000
2018-02-24 07:01:32,0.00151060,3.12000000
2018-02-24 07:01:32,0.00151000,90.24000000
2018-02-24 07:01:32,0.00151000,1.43000000
2018-02-24 07:01:32,0.00151720,2.24000000
2018-02-24 07:01:32,0.00151090,1.80000000
2018-02-24 07:01:32,0.00151810,79.31000000
2018-02-24 07:01:32,0.00151990,8.37000000
2018-02-24 07:01:32,0.00152000,262.18000000
2018-02-24 07:01:32,0.00152010,251.55000000
2018-02-24 07:01:32,0.00152000,58.18000000
2018-02-24 07:01:32,0.00152010,62.81000000
2018-02-24 07:01:32,0.00152010,51.61000000
2018-02-24 07:01:32,0.00152020,6.57000000
2018-02-24 07:01:33,0.00151820,1.59000000
2018-02-24 07:01:33,0.00151820,1.19000000
2018-02-24 07:01:33,0.00151820,23.42000000
2018-02-24 07:01:33,0.00151810,787.82000000
2018-02-24 07:01:33,0.00152000,51.31000000
2018-02-24 07:01:33,0.00152050,145.60000000
2018-02-24 07:01:33,0.00152050,50.00000000
2018-02-24 07:01:33,0.00151100,247.07000000
2018-02-24 07:01:33,0.00151820,16.26000000
2018-02-24 07:01:33,0.00151990,62.41000000
2018-02-24 07:01:33,0.00152000,10.33000000
2018-02-24 07:01:34,0.00151100,43.75000000
2018-02-24 07:01:34,0.00151000,40.50000000
2018-02-24 07:01:34,0.00151110,62.86000000
2018-02-24 07:01:34,0.00151000,246.39000000
2018-02-24 07:01:34,0.00151810,11.09000000
2018-02-24 07:01:34,0.00151790,24.00000000
2018-02-24 07:01:34,0.00151550,15.49000000
2018-02-24 07:01:34,0.00151110,23.70000000
2018-02-24 07:01:34,0.00151000,26.84000000
2018-02-24 07:01:34,0.00151550,207.97000000
2018-02-24 07:01:35,0.00151800,1.00000000
2018-02-24 07:01:35,0.00151800,100.00000000
2018-02-24 07:01:35,0.00151800,0.80000000
2018-02-24 07:01:35,0.00151980,1.15000000
2018-02-24 07:01:35,0.00151550,11.50000000
2018-02-24 07:01:35,0.00151800,5.92000000
2018-02-24 07:01:35,0.00151810,2.44000000
2018-02-24 07:01:35,0.00151810,22.92000000
2018-02-24 07:01:36,0.00151810,6.18000000
2018-02-24 07:01:36,0.00151810,9.44000000
2018-02-24 07:01:36,0.00151810,16.18000000
2018-02-24 07:01:36,0.00151810,35.63000000
2018-02-24 07:01:36,0.00151810,42.40000000
2018-02-24 07:01:36,0.00151810,1.53000000
2018-02-24 07:01:37,0.00151810,43.27000000
2018-02-24 07:01:37,0.00151550,11.48000000
2018-02-24 07:01:37,0.00151820,9.08000000
2018-02-24 07:01:37,0.00151550,16.51000000
2018-02-24 07:01:37,0.00151490,6.60000000
2018-02-24 07:01:37,0.00151140,16.80000000
2018-02-24 07:01:37,0.00151100,10.75000000
2018-02-24 07:01:37,0.00151100,17.19000000
2018-02-24 07:01:37,0.00151810,32.94000000
2018-02-24 07:01:37,0.00151810,41.71000000
2018-02-24 07:01:37,0.00151810,19.73000000
2018-02-24 07:01:37,0.00151810,13.93000000
2018-02-24 07:01:38,0.00151810,4.96000000
2018-02-24 07:01:38,0.00151810,0.85000000
2018-02-24 07:01:38,0.00151810,5.50000000
2018-02-24 07:01:39,0.00151810,88.16000000
2018-02-24 07:01:39,0.00151800,59.33000000
2018-02-24 07:01:39,0.00151700,4.50000000
2018-02-24 07:01:39,0.00151540,1.45000000
2018-02-24 07:01:40,0.00151540,1.83000000
2018-02-24 07:01:40,0.00151530,64.89000000
2018-02-24 07:01:40,0.00151540,62.83000000
2018-02-24 07:01:40,0.00151540,3.99000000
2018-02-24 07:01:40,0.00151540,1.82000000
2018-02-24 07:01:41,0.00151540,31.36000000
2018-02-24 07:01:41,0.00151530,34.82000000
2018-02-24 07:01:41,0.00151550,213.58000000
2018-02-24 07:01:41,0.00151530,132.36000000
2018-02-24 07:01:42,0.00151530,42.52000000
2018-02-24 07:01:42,0.00151540,116.93000000
2018-02-24 07:01:43,0.00151600,5.08000000
2018-02-24 07:01:43,0.00151700,0.05000000
2018-02-24 07:01:43,0.00151600,21.71000000
2018-02-24 07:01:43,0.00151600,7.81000000
2018-02-24 07:01:43,0.00151530,86.34000000
2018-02-24 07:01:43,0.00151530,37.94000000
2018-02-24 07:01:43,0.00151530,261.94000000
2018-02-24 07:01:43,0.00151700,2.69000000
2018-02-24 07:01:44,0.00151700,134.30000000
2018-02-24 07:01:44,0.00151810,138.82000000
2018-02-24 07:01:44,0.00151530,57.34000000
2018-02-24 07:01:44,0.00151140,5.00000000
2018-02-24 07:01:44,0.00151100,15.21000000
2018-02-24 07:01:44,0.00151810,4.32000000
2018-02-24 07:01:46,0.00151410,66.15000000
2018-02-24 07:01:46,0.00151400,19.28000000
2018-02-24 07:01:46,0.00151300,150.00000000
2018-02-24 07:01:46,0.00151150,7.38000000
2018-02-24 07:01:46,0.00151140,53.63000000
2018-02-24 07:01:46,0.00151130,22.35000000
2018-02-24 07:01:46,0.00151110,1.16000000
2018-02-24 07:01:46,0.00151100,384.59000000
2018-02-24 07:01:46,0.00151790,66.15000000
2018-02-24 07:01:46,0.00151810,205.30000000
2018-02-24 07:01:46,0.00151820,636.41000000
2018-02-24 07:01:46,0.00151790,30.47000000
2018-02-24 07:01:47,0.00151790,69.53000000
2018-02-24 07:01:47,0.00151800,53.63000000
2018-02-24 07:01:47,0.00151810,56.47000000
2018-02-24 07:01:47,0.00151820,429.51000000
2018-02-24 07:01:47,0.00151790,1.16000000
2018-02-24 07:01:47,0.00151800,61.11000000
2018-02-24 07:01:47,0.00151600,3.98000000
2018-02-24 07:01:48,0.00151790,2.70000000
2018-02-24 07:01:48,0.00151800,47.30000000
2018-02-24 07:01:48,0.00151800,402.68000000
2018-02-24 07:01:48,0.00151810,6.68000000
2018-02-24 07:01:48,0.00151780,1.64000000
2018-02-24 07:01:48,0.00151780,8.22000000
2018-02-24 07:01:48,0.00151820,159.54000000
2018-02-24 07:01:48,0.00151610,65.93000000
2018-02-24 07:01:48,0.00151600,10.02000000
2018-02-24 07:01:48,0.00151300,26.47000000
2018-02-24 07:01:49,0.00151300,0.98000000
2018-02-24 07:01:49,0.00151820,2.42000000
2018-02-24 07:01:49,0.00151990,2.87000000
2018-02-24 07:01:50,0.00151800,200.51000000
2018-02-24 07:01:50,0.00151990,63.06000000
2018-02-24 07:01:50,0.00152000,73.38000000
2018-02-24 07:01:50,0.00152000,32.04000000
2018-02-24 07:01:50,0.00152030,3.30000000
2018-02-24 07:01:50,0.00151320,12.05000000
2018-02-24 07:01:50,0.00151320,28.75000000
2018-02-24 07:01:50,0.00151330,66.08000000
2018-02-24 07:01:50,0.00151320,63.92000000
2018-02-24 07:01:51,0.00152050,1.29000000
2018-02-24 07:01:51,0.00152000,18.13000000
2018-02-24 07:01:51,0.00152000,7.07000000
2018-02-24 07:01:51,0.00152000,11.70000000
2018-02-24 07:01:51,0.00152000,19.73000000
2018-02-24 07:01:51,0.00152000,19.73000000
2018-02-24 07:01:51,0.00152000,41.74000000
2018-02-24 07:01:51,0.00152000,5.38000000
2018-02-24 07:01:51,0.00152000,19.72000000
2018-02-24 07:01:51,0.00152000,2.84000000
2018-02-24 07:01:52,0.00152000,3.42000000
2018-02-24 07:01:52,0.00152000,19.72000000
2018-02-24 07:01:52,0.00152000,3.25000000
2018-02-24 07:01:52,0.00152000,2.47000000
2018-02-24 07:01:52,0.00152000,19.73000000
2018-02-24 07:01:52,0.00152000,6.86000000
2018-02-24 07:01:52,0.00152000,0.01000000
2018-02-24 07:01:52,0.00152010,85.09000000
2018-02-24 07:01:52,0.00152020,8.33000000
2018-02-24 07:01:52,0.00151800,16.25000000
2018-02-24 07:01:52,0.00152000,0.78000000
2018-02-24 07:01:52,0.00151800,6.06000000
2018-02-24 07:01:54,0.00151800,79.79000000
2018-02-24 07:01:54,0.00151820,0.98000000
2018-02-24 07:01:54,0.00151810,0.73000000
2018-02-24 07:01:54,0.00151810,1.81000000
2018-02-24 07:01:55,0.00151810,3.00000000
2018-02-24 07:01:55,0.00151800,17.46000000
2018-02-24 07:01:56,0.00151810,10.43000000
2018-02-24 07:01:56,0.00151800,59.19000000
2018-02-24 07:01:57,0.00151780,0.93000000
2018-02-24 07:01:58,0.00151780,40.85000000
2018-02-24 07:01:58,0.00151800,124.32000000
2018-02-24 07:01:58,0.00151540,6.18000000
2018-02-24 07:01:58,0.00151500,1.04000000
2018-02-24 07:01:59,0.00151510,165.99000000
2018-02-24 07:01:59,0.00151500,13.89000000
2018-02-24 07:01:59,0.00151490,21.62000000
2018-02-24 07:01:59,0.00151490,2.53000000
2018-02-24 07:01:59,0.00151780,2.17000000
2018-02-24 07:02:00,0.00151490,29.63000000
2018-02-24 07:02:00,0.00151470,1.81000000
2018-02-24 07:02:00,0.00151400,77.70000000
2018-02-24 07:02:00,0.00151770,15.99000000
2018-02-24 07:02:00,0.00151770,15.99000000
2018-02-24 07:02:00,0.00151400,19.30000000
2018-02-24 07:02:02,0.00151410,117.60000000
2018-02-24 07:02:02,0.00151400,8.95000000
2018-02-24 07:02:02,0.00151530,3.83000000
2018-02-24 07:02:02,0.00151530,30.18000000
2018-02-24 07:02:02,0.00151540,30.18000000
2018-02-24 07:02:02,0.00151540,30.18000000
2018-02-24 07:02:02,0.00151540,54.64000000
2018-02-24 07:02:02,0.00151700,3.36000000
2018-02-24 07:02:03,0.00151700,0.66000000
2018-02-24 07:02:03,0.00151540,10.50000000
2018-02-24 07:02:04,0.00151540,52.67000000
2018-02-24 07:02:04,0.00151400,34.40000000
2018-02-24 07:02:04,0.00151400,15.06000000
2018-02-24 07:02:04,0.00151400,9.79000000
2018-02-24 07:02:06,0.00151400,6.33000000
2018-02-24 07:02:07,0.00151400,82.70000000
2018-02-24 07:02:08,0.00151400,57.63000000
2018-02-24 07:02:09,0.00151450,1.68000000
2018-02-24 07:02:10,0.00151480,1.81000000
2018-02-24 07:02:10,0.00151450,80.74000000
2018-02-24 07:02:10,0.00151450,122.66000000
2018-02-24 07:02:10,0.00151400,69.14000000
2018-02-24 07:02:10,0.00151640,31.43000000
2018-02-24 07:02:10,0.00151640,29.49000000
2018-02-24 07:02:10,0.00151650,106.72000000
2018-02-24 07:02:10,0.00151690,40.79000000
2018-02-24 07:02:11,0.00151690,24.26000000
2018-02-24 07:02:11,0.00151400,375.74000000
2018-02-24 07:02:11,0.00151410,3.37000000
2018-02-24 07:02:11,0.00151410,62.64000000
2018-02-24 07:02:11,0.00151400,143.70000000
2018-02-24 07:02:12,0.00151520,262.78000000
2018-02-24 07:02:12,0.00151400,1.00000000
2018-02-24 07:02:12,0.00151500,3.00000000
2018-02-24 07:02:13,0.00151500,2.99000000
2018-02-24 07:02:13,0.00151480,87.22000000
2018-02-24 07:02:13,0.00151480,13.67000000
2018-02-24 07:02:13,0.00151400,14.20000000
2018-02-24 07:02:13,0.00151640,13.97000000
2018-02-24 07:02:13,0.00151640,19.76000000
2018-02-24 07:02:13,0.00151640,3.42000000
2018-02-24 07:02:13,0.00151640,17.73000000
2018-02-24 07:02:13,0.00151640,11.13000000
2018-02-24 07:02:14,0.00151650,1.47000000
2018-02-24 07:02:14,0.00151500,10.16000000
2018-02-24 07:02:14,0.00151500,1.41000000
2018-02-24 07:02:15,0.00151670,79.83000000
2018-02-24 07:02:15,0.00151660,3.28000000
2018-02-24 07:02:15,0.00151650,163.03000000
2018-02-24 07:02:16,0.00151800,34.78000000
2018-02-24 07:02:16,0.00151810,23.66000000
2018-02-24 07:02:16,0.00151820,1.61000000
2018-02-24 07:02:16,0.00151910,333.78000000
2018-02-24 07:02:16,0.00151920,96.08000000
2018-02-24 07:02:16,0.00151680,1.80000000
2018-02-24 07:02:16,0.00151650,342.32000000
2018-02-24 07:02:16,0.00151640,127.67000000
2018-02-24 07:02:16,0.00151600,696.00000000
2018-02-24 07:02:16,0.00151500,292.62000000
2018-02-24 07:02:16,0.00151790,7.14000000
2018-02-24 07:02:17,0.00151800,443.22000000
2018-02-24 07:02:17,0.00151800,7.00000000
2018-02-24 07:02:17,0.00151920,0.25000000
2018-02-24 07:02:18,0.00151920,13.27000000
2018-02-24 07:02:18,0.00151800,164.58000000
2018-02-24 07:02:18,0.00151800,195.04000000
2018-02-24 07:02:18,0.00151500,4.81000000
2018-02-24 07:02:18,0.00151450,4.59000000
2018-02-24 07:02:18,0.00151410,1.00000000
2018-02-24 07:02:18,0.00151400,294.56000000
2018-02-24 07:02:18,0.00151670,75.19000000
2018-02-24 07:02:18,0.00151670,27.33000000
2018-02-24 07:02:19,0.00151670,8.83000000
2018-02-24 07:02:20,0.00151900,190.00000000
2018-02-24 07:02:20,0.00151820,1.42000000
2018-02-24 07:02:20,0.00151900,61.88000000
2018-02-24 07:02:20,0.00151810,1.58000000
2018-02-24 07:02:20,0.00151810,6.08000000
2018-02-24 07:02:21,0.00151900,193.00000000
2018-02-24 07:02:21,0.00151810,76.39000000
2018-02-24 07:02:22,0.00151900,33.10000000
2018-02-24 07:02:22,0.00151900,241.02000000
2018-02-24 07:02:22,0.00151920,1.40000000
2018-02-24 07:02:22,0.00151930,2.69000000
2018-02-24 07:02:23,0.00151810,46.78000000
2018-02-24 07:02:23,0.00151800,1.79000000
2018-02-24 07:02:23,0.00151800,52.50000000
2018-02-24 07:02:23,0.00151930,12.23000000
2018-02-24 07:02:23,0.00151970,6.60000000
2018-02-24 07:02:23,0.00151990,4.53000000
2018-02-24 07:02:24,0.00151900,9.63000000
2018-02-24 07:02:26,0.00151990,17.69000000
2018-02-24 07:02:27,0.00151900,0.02000000
2018-02-24 07:02:27,0.00151990,253.02000000
2018-02-24 07:02:27,0.00152000,464.98000000
2018-02-24 07:02:28,0.00152000,28.36000000
2018-02-24 07:02:28,0.00152000,85.72000000
2018-02-24 07:02:28,0.00152040,29.09000000
2018-02-24 07:02:29,0.00151980,4.03000000
2018-02-24 07:02:29,0.00151980,44.89000000
2018-02-24 07:02:30,0.00152000,44.14000000
2018-02-24 07:02:30,0.00151910,55.86000000
2018-02-24 07:02:30,0.00152000,155.88000000
2018-02-24 07:02:31,0.00152000,4.00000000
2018-02-24 07:02:31,0.00151910,55.68000000
2018-02-24 07:02:31,0.00152000,48.21000000
2018-02-24 07:02:31,0.00152000,17.34000000
2018-02-24 07:02:31,0.00152000,5.00000000
2018-02-24 07:02:32,0.00152000,55.00000000
2018-02-24 07:02:32,0.00152000,49.99000000
2018-02-24 07:02:33,0.00152000,682.09000000
2018-02-24 07:02:33,0.00151980,257.34000000
2018-02-24 07:02:33,0.00151910,119.02000000
2018-02-24 07:02:33,0.00151900,39.19000000
2018-02-24 07:02:33,0.00151820,406.83000000
2018-02-24 07:02:33,0.00151800,195.53000000
2018-02-24 07:02:33,0.00152050,6.87000000
2018-02-24 07:02:33,0.00152050,93.54000000
2018-02-24 07:02:34,0.00152000,39.44000000
2018-02-24 07:02:35,0.00152050,6.87000000
2018-02-24 07:02:35,0.00152110,0.20000000
2018-02-24 07:02:36,0.00152000,5.29000000
2018-02-24 07:02:36,0.00152000,131.65000000
2018-02-24 07:02:36,0.00151990,1.00000000
2018-02-24 07:02:36,0.00151990,2.35000000
2018-02-24 07:02:37,0.00151900,15.00000000
2018-02-24 07:02:37,0.00151990,58.53000000
2018-02-24 07:02:38,0.00152050,454.76000000
2018-02-24 07:02:38,0.00152000,218.75000000
2018-02-24 07:02:39,0.00151900,83.17000000
2018-02-24 07:02:39,0.00152000,2.12000000
2018-02-24 07:02:40,0.00152000,5.00000000
2018-02-24 07:02:40,0.00151990,14.43000000
2018-02-24 07:02:40,0.00151990,1.00000000
2018-02-24 07:02:41,0.00151980,127.78000000
2018-02-24 07:02:41,0.00151680,1.46000000
2018-02-24 07:02:41,0.00151670,0.56000000
2018-02-24 07:02:41,0.00151650,140.53000000
2018-02-24 07:02:41,0.00151650,57.36000000
2018-02-24 07:02:41,0.00151620,24.08000000
2018-02-24 07:02:42,0.00151710,100.00000000
2018-02-24 07:02:42,0.00151650,2.99000000
2018-02-24 07:02:43,0.00151790,137.62000000
2018-02-24 07:02:43,0.00151800,113.80000000
2018-02-24 07:02:43,0.00151900,600.26000000
2018-02-24 07:02:44,0.00151630,1.77000000
2018-02-24 07:02:44,0.00151500,4.22000000
2018-02-24 07:02:45,0.00151500,42.32000000
2018-02-24 07:02:45,0.00151480,6.60000000
2018-02-24 07:02:45,0.00151410,78.35000000
2018-02-24 07:02:45,0.00151340,17.74000000
2018-02-24 07:02:45,0.00151240,8.27000000
2018-02-24 07:02:45,0.00151200,14.48000000
2018-02-24 07:02:45,0.00151190,135.57000000
2018-02-24 07:02:45,0.00151110,51.00000000
2018-02-24 07:02:45,0.00151000,170.07000000
2018-02-24 07:02:45,0.00151600,278.09000000
2018-02-24 07:02:46,0.00151410,7.24000000
2018-02-24 07:02:46,0.00151410,63.84000000
2018-02-24 07:02:46,0.00151500,2.76000000
2018-02-24 07:02:46,0.00151500,4.18000000
2018-02-24 07:02:46,0.00151700,5.06000000
2018-02-24 07:02:46,0.00151700,2.76000000
2018-02-24 07:02:47,0.00151700,15.27000000
2018-02-24 07:02:47,0.00151500,2.77000000
2018-02-24 07:02:47,0.00151400,13.80000000
2018-02-24 07:02:47,0.00151340,185.69000000
2018-02-24 07:02:47,0.00151110,2.44000000
2018-02-24 07:02:47,0.00151020,147.56000000
2018-02-24 07:02:48,0.00151490,84.32000000
2018-02-24 07:02:48,0.00151050,66.16000000
2018-02-24 07:02:48,0.00151040,40.51000000
2018-02-24 07:02:48,0.00151020,57.69000000
2018-02-24 07:02:49,0.00151060,23.12000000
2018-02-24 07:02:49,0.00151050,2.24000000
2018-02-24 07:02:49,0.00151460,5.11000000
2018-02-24 07:02:50,0.00151460,38.79000000
2018-02-24 07:02:50,0.00151380,10.18000000
2018-02-24 07:02:50,0.00151380,1.40000000
2018-02-24 07:02:50,0.00151460,8.74000000
2018-02-24 07:02:50,0.00151460,1.37000000
2018-02-24 07:02:50,0.00151460,1.37000000
2018-02-24 07:02:50,0.00151140,4.00000000
2018-02-24 07:02:50,0.00151460,1.66000000
2018-02-24 07:02:50,0.00151140,50.55000000
2018-02-24 07:02:50,0.00151020,452.42000000
2018-02-24 07:02:50,0.00151000,232.05000000
2018-02-24 07:02:50,0.00151460,9.39000000
2018-02-24 07:02:51,0.00151020,15.73000000
2018-02-24 07:02:51,0.00151010,14.86000000
2018-02-24 07:02:51,0.00151000,623.48000000
2018-02-24 07:02:51,0.00151000,30.52000000
2018-02-24 07:02:51,0.00151390,13.52000000
2018-02-24 07:02:51,0.00151400,155.88000000
2018-02-24 07:02:51,0.00151440,2.92000000
2018-02-24 07:02:52,0.00151440,2.32000000
2018-02-24 07:02:52,0.00151430,7.15000000
2018-02-24 07:02:52,0.00151440,23.37000000
2018-02-24 07:02:52,0.00151440,2.00000000
2018-02-24 07:02:52,0.00151400,182.08000000
2018-02-24 07:02:52,0.00151020,1.43000000
2018-02-24 07:02:52,0.00151000,36.97000000
2018-02-24 07:02:52,0.00151000,1394.84000000
2018-02-24 07:02:53,0.00150990,593.41000000
2018-02-24 07:02:53,0.00150980,1.80000000
2018-02-24 07:02:53,0.00150910,30.61000000
2018-02-24 07:02:53,0.00150900,330.00000000
2018-02-24 07:02:53,0.00150890,894.18000000
2018-02-24 07:02:53,0.00150890,204.89000000
2018-02-24 07:02:53,0.00150890,2.05000000
2018-02-24 07:02:53,0.00150900,222.00000000
2018-02-24 07:02:53,0.00151430,3.00000000
2018-02-24 07:02:53,0.00151430,66.39000000
2018-02-24 07:02:53,0.00151440,5.84000000
2018-02-24 07:02:53,0.00151460,26.72000000
2018-02-24 07:02:53,0.00151490,32.05000000
2018-02-24 07:02:54,0.00151420,8.30000000
2018-02-24 07:02:54,0.00151410,27.00000000
2018-02-24 07:02:54,0.00151420,5.00000000
2018-02-24 07:02:54,0.00151420,34.47000000
2018-02-24 07:02:55,0.00150930,3.82000000
2018-02-24 07:02:55,0.00150940,7.17000000
2018-02-24 07:02:55,0.00150930,2.80000000
2018-02-24 07:02:55,0.00150920,11.66000000
2018-02-24 07:02:55,0.00150920,151.18000000
2018-02-24 07:02:55,0.00150900,56.21000000
2018-02-24 07:02:55,0.00150890,733.13000000
2018-02-24 07:02:55,0.00151390,18.47000000
2018-02-24 07:02:55,0.00151400,18.47000000
2018-02-24 07:02:55,0.00151400,306.15000000
2018-02-24 07:02:55,0.00150940,137.22000000
2018-02-24 07:02:55,0.00150910,1.78000000
2018-02-24 07:02:55,0.00150890,20.61000000
2018-02-24 07:02:55,0.00150930,17.69000000
2018-02-24 07:02:56,0.00151420,7.00000000
2018-02-24 07:02:56,0.00151000,29.71000000
2018-02-24 07:02:56,0.00151010,2.54000000
2018-02-24 07:02:56,0.00151020,5.15000000
2018-02-24 07:02:56,0.00151010,63.67000000
2018-02-24 07:02:56,0.00151000,110.66000000
2018-02-24 07:02:56,0.00150930,120.73000000
2018-02-24 07:02:56,0.00151420,2.37000000
2018-02-24 07:02:56,0.00151420,5.13000000
2018-02-24 07:02:57,0.00151020,5.00000000
2018-02-24 07:02:57,0.00150930,4.76000000
2018-02-24 07:02:57,0.00150890,852.95000000
2018-02-24 07:02:58,0.00150930,1.19000000
2018-02-24 07:02:58,0.00150900,53.28000000
2018-02-24 07:02:58,0.00150890,148.91000000
2018-02-24 07:02:58,0.00151370,2.57000000
2018-02-24 07:02:59,0.00150940,4.98000000
2018-02-24 07:03:00,0.00151330,63.64000000
2018-02-24 07:03:00,0.00151340,13.79000000
2018-02-24 07:03:00,0.00151360,10.73000000
2018-02-24 07:03:00,0.00151360,46.01000000
2018-02-24 07:03:00,0.00150940,13.32000000
2018-02-24 07:03:00,0.00150940,509.15000000
2018-02-24 07:03:00,0.00150890,526.99000000
2018-02-24 07:03:00,0.00150890,587.43000000
2018-02-24 07:03:00,0.00150880,9.71000000
2018-02-24 07:03:00,0.00150870,9.77000000
2018-02-24 07:03:00,0.00150840,6.63000000
2018-02-24 07:03:00,0.00150790,3.32000000
2018-02-24 07:03:00,0.00150700,6.64000000
2018-02-24 07:03:00,0.00150680,1.39000000
2018-02-24 07:03:00,0.00150610,24.46000000
2018-02-24 07:03:00,0.00151000,336.61000000
2018-02-24 07:03:00,0.00151360,43.26000000
2018-02-24 07:03:00,0.00151370,14.18000000
2018-02-24 07:03:00,0.00151400,163.43000000
2018-02-24 07:03:00,0.00151400,32.92000000
2018-02-24 07:03:00,0.00151430,27.11000000
2018-02-24 07:03:00,0.00151430,557.48000000
2018-02-24 07:03:00,0.00151430,11.39000000
2018-02-24 07:03:00,0.00150900,138.73000000
2018-02-24 07:03:00,0.00150900,10.00000000
2018-02-24 07:03:00,0.00150610,8.70000000
2018-02-24 07:03:00,0.00150540,1.99000000
2018-02-24 07:03:00,0.00150520,3.30000000
2018-02-24 07:03:00,0.00150490,64.35000000
2018-02-24 07:03:00,0.00150900,282.27000000
2018-02-24 07:03:00,0.00151210,115.39000000
2018-02-24 07:03:01,0.00151210,115.39000000
2018-02-24 07:03:01,0.00151010,16.24000000
2018-02-24 07:03:01,0.00151010,57.15000000
2018-02-24 07:03:01,0.00151000,11.56000000
2018-02-24 07:03:01,0.00151000,8.44000000
2018-02-24 07:03:01,0.00151040,36.67000000
2018-02-24 07:03:01,0.00150500,97.45000000
2018-02-24 07:03:01,0.00150980,2.15000000
2018-02-24 07:03:01,0.00150510,17.72000000
2018-02-24 07:03:01,0.00151430,21.63000000
2018-02-24 07:03:01,0.00151440,78.37000000
2018-02-24 07:03:02,0.00151420,5.00000000
2018-02-24 07:03:02,0.00151410,66.20000000
2018-02-24 07:03:02,0.00150910,6.62000000
2018-02-24 07:03:02,0.00150900,5.79000000
2018-02-24 07:03:02,0.00150890,9.14000000
2018-02-24 07:03:02,0.00150890,4.39000000
2018-02-24 07:03:02,0.00150890,175.32000000
2018-02-24 07:03:02,0.00151400,97.45000000
2018-02-24 07:03:02,0.00151420,2.19000000
2018-02-24 07:03:02,0.00151430,1.48000000
2018-02-24 07:03:02,0.00151000,20.00000000
2018-02-24 07:03:02,0.00151000,2705.61000000
2018-02-24 07:03:02,0.00151000,397.00000000
2018-02-24 07:03:02,0.00151000,18.38000000
2018-02-24 07:03:02,0.00151000,7.39000000
2018-02-24 07:03:02,0.00151000,2.56000000
2018-02-24 07:03:02,0.00151000,106.87000000
2018-02-24 07:03:02,0.00151000,1683.97000000
2018-02-24 07:03:03,0.00151220,5.79000000
2018-02-24 07:03:03,0.00151010,66.20000000
2018-02-24 07:03:03,0.00151000,37.40000000
2018-02-24 07:03:03,0.00151220,4.39000000
2018-02-24 07:03:03,0.00151410,3.02000000
2018-02-24 07:03:03,0.00151420,2.73000000
2018-02-24 07:03:03,0.00151420,10.14000000
2018-02-24 07:03:03,0.00151420,4.42000000
2018-02-24 07:03:03,0.00151440,5.72000000
2018-02-24 07:03:03,0.00151400,1.96000000
2018-02-24 07:03:04,0.00151220,4.39000000
2018-02-24 07:03:04,0.00151000,30.09000000
2018-02-24 07:03:04,0.00150790,56.37000000
2018-02-24 07:03:04,0.00151000,35.55000000
2018-02-24 07:03:04,0.00151000,42.66000000
2018-02-24 07:03:04,0.00151000,102.41000000
2018-02-24 07:03:05,0.00151380,6.62000000
2018-02-24 07:03:05,0.00151400,3.38000000
2018-02-24 07:03:06,0.00150900,25.91000000
2018-02-24 07:03:06,0.00150900,52.16000000
2018-02-24 07:03:07,0.00151220,14.39000000
2018-02-24 07:03:07,0.00151350,4.23000000
2018-02-24 07:03:07,0.00151350,19.61000000
2018-02-24 07:03:07,0.00151350,4.23000000
2018-02-24 07:03:08,0.00151350,2.43000000
2018-02-24 07:03:10,0.00150960,7.42000000
2018-02-24 07:03:10,0.00150950,2.16000000
2018-02-24 07:03:10,0.00150930,7.19000000
2018-02-24 07:03:10,0.00150920,106.62000000
2018-02-24 07:03:10,0.00150910,2.76000000
2018-02-24 07:03:10,0.00150900,86.71000000
2018-02-24 07:03:10,0.00151330,35.70000000
2018-02-24 07:03:10,0.00151250,7.19000000
2018-02-24 07:03:10,0.00151270,4.23000000
2018-02-24 07:03:10,0.00150970,65.89000000
2018-02-24 07:03:10,0.00150970,0.30000000
2018-02-24 07:03:10,0.00150950,3.78000000
2018-02-24 07:03:10,0.00150930,1.40000000
2018-02-24 07:03:10,0.00150920,113.78000000
2018-02-24 07:03:10,0.00151270,2.39000000
2018-02-24 07:03:11,0.00151320,13.31000000
2018-02-24 07:03:11,0.00150910,66.00000000
2018-02-24 07:03:11,0.00150910,0.19000000
2018-02-24 07:03:11,0.00151310,7.42000000
2018-02-24 07:03:11,0.00151320,17.15000000
2018-02-24 07:03:11,0.00151250,1.40000000
2018-02-24 07:03:11,0.00151320,64.76000000
2018-02-24 07:03:11,0.00150950,0.95000000
2018-02-24 07:03:11,0.00150920,2.40000000
2018-02-24 07:03:12,0.00151000,5.00000000
2018-02-24 07:03:12,0.00150920,71.29000000
2018-02-24 07:03:12,0.00150910,107.86000000
2018-02-24 07:03:12,0.00150900,157.40000000
2018-02-24 07:03:12,0.00150890,53.50000000
2018-02-24 07:03:12,0.00151000,37.20000000
2018-02-24 07:03:12,0.00151000,23.95000000
2018-02-24 07:03:12,0.00151310,37.14000000
2018-02-24 07:03:13,0.00150900,97.39000000
2018-02-24 07:03:13,0.00150890,34.06000000
2018-02-24 07:03:13,0.00151220,60.00000000
2018-02-24 07:03:13,0.00151210,4.23000000
2018-02-24 07:03:14,0.00151210,4.23000000
2018-02-24 07:03:14,0.00151200,7.44000000
2018-02-24 07:03:14,0.00150910,19.60000000
2018-02-24 07:03:14,0.00151190,0.98000000
2018-02-24 07:03:14,0.00151190,0.90000000
2018-02-24 07:03:14,0.00151190,1.37000000
2018-02-24 07:03:14,0.00151190,25.86000000
2018-02-24 07:03:14,0.00151200,1.12000000
2018-02-24 07:03:14,0.00151220,67.55000000
2018-02-24 07:03:14,0.00151230,12.98000000
2018-02-24 07:03:14,0.00151300,115.12000000
2018-02-24 07:03:14,0.00151350,914.95000000
2018-02-24 07:03:15,0.00150860,293.07000000
2018-02-24 07:03:15,0.00151000,10.00000000
2018-02-24 07:03:16,0.00150600,8.87000000
2018-02-24 07:03:16,0.00150590,115.79000000
2018-02-24 07:03:16,0.00150580,2.64000000
2018-02-24 07:03:16,0.00150540,14.35000000
2018-02-24 07:03:16,0.00150530,37.18000000
2018-02-24 07:03:16,0.00150510,111.89000000
2018-02-24 07:03:16,0.00150860,2.46000000
2018-02-24 07:03:16,0.00150860,10.52000000
2018-02-24 07:03:16,0.00150920,1.40000000
2018-02-24 07:03:16,0.00150980,54.90000000
2018-02-24 07:03:16,0.00150520,29.47000000
2018-02-24 07:03:17,0.00150530,1.40000000
2018-02-24 07:03:17,0.00150520,102.73000000
2018-02-24 07:03:17,0.00150510,73.18000000
2018-02-24 07:03:17,0.00150510,2.06000000
2018-02-24 07:03:17,0.00150840,8.47000000
2018-02-24 07:03:17,0.00150840,3.00000000
2018-02-24 07:03:17,0.00150850,7.06000000
2018-02-24 07:03:18,0.00150840,5.48000000
2018-02-24 07:03:18,0.00150840,39.00000000
2018-02-24 07:03:18,0.00150830,7.47000000
2018-02-24 07:03:18,0.00150840,93.70000000
2018-02-24 07:03:18,0.00150850,43.76000000
2018-02-24 07:03:18,0.00150970,37.18000000
2018-02-24 07:03:18,0.00150990,6.62000000
2018-02-24 07:03:18,0.00151000,73.74000000
2018-02-24 07:03:18,0.00151200,33.61000000
2018-02-24 07:03:19,0.00151190,15.00000000
2018-02-24 07:03:19,0.00150590,7.48000000
2018-02-24 07:03:19,0.00150580,40.68000000
2018-02-24 07:03:20,0.00150580,25.70000000
2018-02-24 07:03:20,0.00150570,7.71000000
2018-02-24 07:03:20,0.00150570,66.39000000
2018-02-24 07:03:20,0.00150560,4.73000000
2018-02-24 07:03:20,0.00150550,230.67000000
2018-02-24 07:03:20,0.00150550,89.99000000
2018-02-24 07:03:21,0.00150600,8.43000000
2018-02-24 07:03:21,0.00150560,0.72000000
2018-02-24 07:03:21,0.00150880,40.00000000
2018-02-24 07:03:22,0.00150570,6.64000000
2018-02-24 07:03:22,0.00150560,26.25000000
2018-02-24 07:03:22,0.00150550,71.58000000
2018-02-24 07:03:22,0.00150540,17.60000000
2018-02-24 07:03:22,0.00150520,34.75000000
2018-02-24 07:03:23,0.00150560,10.56000000
2018-02-24 07:03:23,0.00150520,14.59000000
2018-02-24 07:03:23,0.00150510,12.59000000
2018-02-24 07:03:24,0.00150840,5.01000000
2018-02-24 07:03:24,0.00150510,18.76000000
2018-02-24 07:03:24,0.00150510,438.27000000
2018-02-24 07:03:24,0.00150490,35.16000000
2018-02-24 07:03:24,0.00150490,16.00000000
2018-02-24 07:03:25,0.00150830,0.72000000
2018-02-24 07:03:25,0.00150850,2.28000000
2018-02-24 07:03:26,0.00150490,9.47000000
2018-02-24 07:03:26,0.00150630,5.46000000
2018-02-24 07:03:26,0.00150630,11.03000000
2018-02-24 07:03:26,0.00150630,10.99000000
2018-02-24 07:03:26,0.00150630,103.23000000
2018-02-24 07:03:26,0.00150780,5.54000000
2018-02-24 07:03:26,0.00150780,5.54000000
2018-02-24 07:03:27,0.00150630,27.48000000
2018-02-24 07:03:28,0.00150540,0.57000000
2018-02-24 07:03:28,0.00150490,14.98000000
2018-02-24 07:03:28,0.00150450,31.23000000
2018-02-24 07:03:28,0.00150440,8.30000000
2018-02-24 07:03:28,0.00150430,3.43000000
2018-02-24 07:03:28,0.00150410,68.61000000
2018-02-24 07:03:29,0.00150410,15.90000000
2018-02-24 07:03:29,0.00150540,9.72000000
2018-02-24 07:03:29,0.00150550,5.00000000
2018-02-24 07:03:29,0.00150750,7.48000000
2018-02-24 07:03:29,0.00150770,13.42000000
2018-02-24 07:03:29,0.00150770,12.72000000
2018-02-24 07:03:30,0.00150770,0.11000000
2018-02-24 07:03:30,0.00150840,5.90000000
2018-02-24 07:03:30,0.00150760,36.29000000
2018-02-24 07:03:30,0.00150750,12.83000000
2018-02-24 07:03:30,0.00150750,5.88000000
2018-02-24 07:03:30,0.00150750,2.16000000
2018-02-24 07:03:30,0.00150750,11.88000000
2018-02-24 07:03:30,0.00150710,2.20000000
2018-02-24 07:03:30,0.00150750,21.35000000
2018-02-24 07:03:30,0.00150750,1.15000000
2018-02-24 07:03:30,0.00150770,279.09000000
2018-02-24 07:03:30,0.00150770,249.80000000
2018-02-24 07:03:30,0.00150840,0.03000000
2018-02-24 07:03:30,0.00150850,4.36000000
2018-02-24 07:03:30,0.00150870,74.45000000
2018-02-24 07:03:30,0.00150630,2.14000000
2018-02-24 07:03:30,0.00150530,2.20000000
2018-02-24 07:03:30,0.00150530,9.72000000
2018-02-24 07:03:30,0.00150530,3.33000000
2018-02-24 07:03:30,0.00150530,43.73000000
2018-02-24 07:03:30,0.00150870,37.76000000
2018-02-24 07:03:30,0.00150870,17.56000000
2018-02-24 07:03:30,0.00150890,6.62000000
2018-02-24 07:03:30,0.00150890,6.36000000
2018-02-24 07:03:30,0.00151000,1.37000000
2018-02-24 07:03:30,0.00151000,16.36000000
2018-02-24 07:03:31,0.00150780,8.00000000
2018-02-24 07:03:31,0.00151000,35.36000000
2018-02-24 07:03:31,0.00151000,47.06000000
2018-02-24 07:03:31,0.00151000,1.09000000
2018-02-24 07:03:31,0.00151000,1.77000000
2018-02-24 07:03:31,0.00150780,520.97000000
2018-02-24 07:03:31,0.00150850,12.67000000
2018-02-24 07:03:31,0.00150850,26.48000000
2018-02-24 07:03:31,0.00150790,4.81000000
2018-02-24 07:03:31,0.00150850,19.82000000
2018-02-24 07:03:32,0.00150850,23.04000000
2018-02-24 07:03:32,0.00150850,37.74000000
2018-02-24 07:03:32,0.00151000,35.04000000
2018-02-24 07:03:32,0.00150850,19.82000000
2018-02-24 07:03:32,0.00151000,10.00000000
2018-02-24 07:03:32,0.00150850,207.50000000
2018-02-24 07:03:32,0.00150790,200.66000000
2018-02-24 07:03:32,0.00150780,4.74000000
2018-02-24 07:03:32,0.00150500,33.87000000
2018-02-24 07:03:33,0.00150520,0.99000000
2018-02-24 07:03:33,0.00150520,3.61000000
2018-02-24 07:03:33,0.00150840,9.72000000
2018-02-24 07:03:34,0.00150530,6.64000000
2018-02-24 07:03:34,0.00150520,27.96000000
2018-02-24 07:03:34,0.00150500,16.24000000
2018-02-24 07:03:34,0.00150500,1.36000000
2018-02-24 07:03:35,0.00150490,66.43000000
2018-02-24 07:03:35,0.00150500,33.57000000
2018-02-24 07:03:35,0.00150500,4.25000000
2018-02-24 07:03:35,0.00150500,8.76000000
2018-02-24 07:03:35,0.00150500,10.92000000
2018-02-24 07:03:35,0.00150500,135.84000000
2018-02-24 07:03:35,0.00150500,135.84000000
2018-02-24 07:03:35,0.00150500,4.25000000
2018-02-24 07:03:35,0.00150500,4.25000000
2018-02-24 07:03:35,0.00150500,3.37000000
2018-02-24 07:03:35,0.00150840,15.03000000
2018-02-24 07:03:36,0.00150790,329.40000000
2018-02-24 07:03:36,0.00150510,22.77000000
2018-02-24 07:03:37,0.00150510,0.07000000
2018-02-24 07:03:37,0.00150810,2.22000000
2018-02-24 07:03:37,0.00150840,1.97000000
2018-02-24 07:03:37,0.00150810,4.70000000
2018-02-24 07:03:37,0.00150810,1.94000000
2018-02-24 07:03:37,0.00150840,1.10000000
2018-02-24 07:03:37,0.00150890,34.58000000
2018-02-24 07:03:37,0.00150510,1.51000000
2018-02-24 07:03:39,0.00150700,308.39000000
2018-02-24 07:03:40,0.00150800,7.49000000
2018-02-24 07:03:40,0.00150510,1.00000000
2018-02-24 07:03:40,0.00150800,16.86000000
2018-02-24 07:03:40,0.00150810,2.15000000
2018-02-24 07:03:40,0.00150840,209.12000000
2018-02-24 07:03:41,0.00150510,3.07000000
2018-02-24 07:03:41,0.00150500,212.32000000
2018-02-24 07:03:41,0.00150490,6.64000000
2018-02-24 07:03:41,0.00150420,47.21000000
2018-02-24 07:03:41,0.00150420,169.47000000
2018-02-24 07:03:41,0.00150410,671.18000000
2018-02-24 07:03:41,0.00150380,13.71000000
2018-02-24 07:03:41,0.00150300,0.74000000
2018-02-24 07:03:41,0.00150230,7.99000000
2018-02-24 07:03:41,0.00150210,9.99000000
2018-02-24 07:03:41,0.00150150,1.74000000
2018-02-24 07:03:41,0.00150130,223.91000000
2018-02-24 07:03:41,0.00150110,0.87000000
2018-02-24 07:03:41,0.00150100,4.14000000
2018-02-24 07:03:41,0.00150090,111.00000000
2018-02-24 07:03:41,0.00150080,15.07000000
2018-02-24 07:03:41,0.00150070,78.09000000
2018-02-24 07:03:41,0.00150190,17.65000000
2018-02-24 07:03:41,0.00150820,8.30000000
2018-02-24 07:03:41,0.00150830,7.06000000
2018-02-24 07:03:41,0.00150840,221.07000000
2018-02-24 07:03:43,0.00150790,5.61000000
2018-02-24 07:03:43,0.00150770,12.04000000
2018-02-24 07:03:43,0.00150780,14.09000000
2018-02-24 07:03:44,0.00150510,26.17000000
2018-02-24 07:03:44,0.00150780,1.87000000
2018-02-24 07:03:44,0.00150510,42.50000000
2018-02-24 07:03:44,0.00150070,146.57000000
2018-02-24 07:03:44,0.00150050,2.20000000
2018-02-24 07:03:44,0.00150010,104.56000000
2018-02-24 07:03:44,0.00150000,1052.98000000
2018-02-24 07:03:44,0.00150000,172.46000000
2018-02-24 07:03:44,0.00150000,5.00000000
2018-02-24 07:03:44,0.00150000,137.57000000
2018-02-24 07:03:44,0.00150020,193.43000000
2018-02-24 07:03:45,0.00150020,17.62000000
2018-02-24 07:03:46,0.00150030,66.62000000
2018-02-24 07:03:46,0.00150020,41.59000000
2018-02-24 07:03:46,0.00150000,8.67000000
2018-02-24 07:03:46,0.00150000,7.41000000
2018-02-24 07:03:46,0.00150000,4.27000000
2018-02-24 07:03:46,0.00150000,63.66000000
2018-02-24 07:03:46,0.00150000,46.69000000
2018-02-24 07:03:46,0.00150000,493.12000000
2018-02-24 07:03:46,0.00150040,3.38000000
2018-02-24 07:03:46,0.00150030,30.25000000
2018-02-24 07:03:46,0.00150030,19.48000000
2018-02-24 07:03:47,0.00150030,55.96000000
2018-02-24 07:03:47,0.00150000,2.19000000
2018-02-24 07:03:47,0.00149990,9.99000000
2018-02-24 07:03:48,0.00149970,45.70000000
2018-02-24 07:03:48,0.00149970,10.93000000
2018-02-24 07:03:48,0.00149980,22.41000000
2018-02-24 07:03:48,0.00149980,33.34000000
2018-02-24 07:03:49,0.00149980,4.27000000
2018-02-24 07:03:49,0.00149980,4.27000000
2018-02-24 07:03:49,0.00149980,0.23000000
2018-02-24 07:03:49,0.00149980,13.11000000
2018-02-24 07:03:49,0.00149950,7.33000000
2018-02-24 07:03:49,0.00149980,4.27000000
2018-02-24 07:03:49,0.00149980,12.99000000
2018-02-24 07:03:50,0.00149980,8.38000000
2018-02-24 07:03:50,0.00149980,4.27000000
2018-02-24 07:03:50,0.00149980,33.34000000
2018-02-24 07:03:50,0.00149980,2.22000000
2018-02-24 07:03:50,0.00149980,55.17000000
2018-02-24 07:03:50,0.00150000,604.76000000
2018-02-24 07:03:50,0.00150000,0.23000000
2018-02-24 07:03:50,0.00149980,11.61000000
2018-02-24 07:03:50,0.00149950,3.05000000
2018-02-24 07:03:50,0.00149930,16.43000000
2018-02-24 07:03:50,0.00149900,34.72000000
2018-02-24 07:03:50,0.00150000,18.51000000
2018-02-24 07:03:50,0.00149900,4.00000000
2018-02-24 07:03:51,0.00150000,5.67000000
2018-02-24 07:03:51,0.00150000,2.23000000
2018-02-24 07:03:51,0.00150000,540.00000000
2018-02-24 07:03:52,0.00150000,240.75000000
2018-02-24 07:03:52,0.00149980,1.61000000
2018-02-24 07:03:52,0.00149900,7.95000000
2018-02-24 07:03:52,0.00149890,0.73000000
2018-02-24 07:03:52,0.00149880,2.23000000
2018-02-24 07:03:52,0.00149860,24.10000000
2018-02-24 07:03:52,0.00149800,8.37000000
2018-02-24 07:03:52,0.00149780,2.32000000
2018-02-24 07:03:52,0.00149740,18.50000000
2018-02-24 07:03:52,0.00149730,4.00000000
2018-02-24 07:03:52,0.00149710,1.00000000
2018-02-24 07:03:52,0.00149700,1.32000000
2018-02-24 07:03:52,0.00149690,2.66000000
2018-02-24 07:03:52,0.00149680,3.34000000
2018-02-24 07:03:52,0.00149620,9.98000000
2018-02-24 07:03:52,0.00149580,2.41000000
2018-02-24 07:03:52,0.00149980,3.35000000
2018-02-24 07:03:52,0.00150000,13.31000000
2018-02-24 07:03:53,0.00150000,1.67000000
2018-02-24 07:03:53,0.00150000,5.20000000
2018-02-24 07:03:53,0.00149950,4.27000000
2018-02-24 07:03:53,0.00149940,3.44000000
2018-02-24 07:03:54,0.00149900,3.45000000
2018-02-24 07:03:54,0.00149770,3.33000000
2018-02-24 07:03:54,0.00149750,0.70000000
2018-02-24 07:03:54,0.00149930,4.27000000
2018-02-24 07:03:54,0.00149930,7.95000000
2018-02-24 07:03:54,0.00149930,2.59000000
2018-02-24 07:03:54,0.00149900,3.45000000
2018-02-24 07:03:54,0.00149750,0.58000000
2018-02-24 07:03:54,0.00149590,12.90000000
2018-02-24 07:03:54,0.00149600,0.80000000
2018-02-24 07:03:54,0.00149930,4.27000000
2018-02-24 07:03:55,0.00149930,28.07000000
2018-02-24 07:03:55,0.00149940,23.64000000
2018-02-24 07:03:55,0.00149940,28.07000000
2018-02-24 07:03:55,0.00149950,107.53000000
2018-02-24 07:03:55,0.00150000,400.43000000
2018-02-24 07:03:55,0.00150000,3.55000000
2018-02-24 07:03:55,0.00150000,10.46000000
2018-02-24 07:03:55,0.00149940,22.05000000
2018-02-24 07:03:55,0.00149900,6.81000000
2018-02-24 07:03:55,0.00149580,3.35000000
2018-02-24 07:03:55,0.00149500,7.96000000
2018-02-24 07:03:55,0.00149450,8.70000000
2018-02-24 07:03:55,0.00149360,62.34000000
2018-02-24 07:03:55,0.00149340,15.39000000
2018-02-24 07:03:55,0.00149290,16.18000000
2018-02-24 07:03:55,0.00149280,3.98000000
2018-02-24 07:03:55,0.00149270,66.99000000
2018-02-24 07:03:55,0.00149250,9.27000000
2018-02-24 07:03:55,0.00149200,5.70000000
2018-02-24 07:03:55,0.00149180,0.38000000
2018-02-24 07:03:55,0.00149270,16.41000000
2018-02-24 07:03:55,0.00149270,3.50000000
2018-02-24 07:03:55,0.00149270,7.09000000
2018-02-24 07:03:55,0.00149750,4.77000000
2018-02-24 07:03:55,0.00149750,200.93000000
2018-02-24 07:03:56,0.00149990,100.00000000
2018-02-24 07:03:56,0.00150000,17.18000000
2018-02-24 07:03:56,0.00149460,146.02000000
2018-02-24 07:03:56,0.00149920,18.23000000
2018-02-24 07:03:56,0.00149920,44.11000000
2018-02-24 07:03:56,0.00149980,41.92000000
2018-02-24 07:03:56,0.00149920,80.57000000
2018-02-24 07:03:56,0.00149500,39.30000000
2018-02-24 07:03:56,0.00149990,6.64000000
2018-02-24 07:03:57,0.00150000,12.05000000
2018-02-24 07:03:57,0.00149580,15.99000000
2018-02-24 07:03:57,0.00149580,0.05000000
2018-02-24 07:03:57,0.00150000,18.71000000
2018-02-24 07:03:57,0.00149580,2.00000000
2018-02-24 07:03:58,0.00149590,6.36000000
2018-02-24 07:03:58,0.00149990,14.94000000
2018-02-24 07:03:58,0.00149940,17.40000000
2018-02-24 07:03:58,0.00149990,9.78000000
2018-02-24 07:03:58,0.00149990,4.04000000
2018-02-24 07:03:59,0.00149630,60.51000000
2018-02-24 07:03:59,0.00149620,6.68000000
2018-02-24 07:03:59,0.00149600,84.34000000
2018-02-24 07:03:59,0.00149990,11.53000000
2018-02-24 07:03:59,0.00149600,15.66000000
2018-02-24 07:03:59,0.00149580,30.00000000
2018-02-24 07:03:59,0.00149980,52.41000000
2018-02-24 07:03:59,0.00149970,3.44000000
2018-02-24 07:03:59,0.00149970,22.31000000
2018-02-24 07:04:00,0.00149960,13.91000000
2018-02-24 07:04:00,0.00149840,92.95000000
2018-02-24 07:04:00,0.00149510,63.88000000
2018-02-24 07:04:00,0.00149500,48.64000000
2018-02-24 07:04:00,0.00149960,14.85000000
2018-02-24 07:04:00,0.00149960,4.27000000
2018-02-24 07:04:01,0.00149520,41.12000000
2018-02-24 07:04:01,0.00149510,25.25000000
2018-02-24 07:04:01,0.00149270,18.88000000
2018-02-24 07:04:01,0.00149520,25.75000000
2018-02-24 07:04:01,0.00149950,4.27000000
2018-02-24 07:04:01,0.00149950,3.14000000
2018-02-24 07:04:01,0.00149950,22.39000000
2018-02-24 07:04:01,0.00149940,12.25000000
2018-02-24 07:04:01,0.00149970,5.01000000
2018-02-24 07:04:01,0.00149980,11.87000000
2018-02-24 07:04:01,0.00149970,4.27000000
2018-02-24 07:04:01,0.00149550,6.79000000
2018-02-24 07:04:01,0.00149630,28.93000000
2018-02-24 07:04:02,0.00149960,4.27000000
2018-02-24 07:04:02,0.00149960,8.97000000
2018-02-24 07:04:02,0.00149600,56.15000000
2018-02-24 07:04:02,0.00149960,42.31000000
2018-02-24 07:04:02,0.00149560,66.97000000
2018-02-24 07:04:02,0.00149550,3.69000000
2018-02-24 07:04:02,0.00149960,4.27000000
2018-02-24 07:04:02,0.00149960,3.25000000
2018-02-24 07:04:03,0.00149950,4.27000000
2018-02-24 07:04:03,0.00149950,7.58000000
2018-02-24 07:04:03,0.00149560,7.43000000
2018-02-24 07:04:03,0.00149550,8.31000000
2018-02-24 07:04:03,0.00149900,2.18000000
2018-02-24 07:04:04,0.00149550,0.82000000
2018-02-24 07:04:04,0.00149550,8.00000000
2018-02-24 07:04:04,0.00149900,7.95000000
2018-02-24 07:04:05,0.00149320,1.85000000
2018-02-24 07:04:05,0.00149310,10.18000000
2018-02-24 07:04:05,0.00149300,24.53000000
2018-02-24 07:04:05,0.00149290,1.24000000
2018-02-24 07:04:05,0.00149270,1.12000000
2018-02-24 07:04:05,0.00149190,52.29000000
2018-02-24 07:04:05,0.00149180,20.16000000
2018-02-24 07:04:05,0.00149150,3.66000000
2018-02-24 07:04:05,0.00149110,160.80000000
2018-02-24 07:04:05,0.00149100,25.26000000
2018-02-24 07:04:05,0.00149070,46.13000000
2018-02-24 07:04:05,0.00149060,26.64000000
2018-02-24 07:04:06,0.00149540,21.57000000
2018-02-24 07:04:06,0.00149540,20.02000000
2018-02-24 07:04:06,0.00149520,8.04000000
2018-02-24 07:04:06,0.00149520,5.49000000
2018-02-24 07:04:06,0.00149530,8.04000000
2018-02-24 07:04:06,0.00149530,3.24000000
2018-02-24 07:04:06,0.00149320,1.25000000
2018-02-24 07:04:06,0.00149360,3.51000000
2018-02-24 07:04:06,0.00149060,0.73000000
2018-02-24 07:04:08,0.00149350,323.71000000
2018-02-24 07:04:08,0.00149480,1.85000000
2018-02-24 07:04:08,0.00149510,3.12000000
2018-02-24 07:04:08,0.00149510,1.62000000
2018-02-24 07:04:08,0.00149510,11.37000000
2018-02-24 07:04:08,0.00149500,2.16000000
2018-02-24 07:04:08,0.00149180,26.07000000
2018-02-24 07:04:09,0.00149190,49.02000000
2018-02-24 07:04:09,0.00149500,3.17000000
2018-02-24 07:04:09,0.00149190,17.96000000
2018-02-24 07:04:09,0.00149180,3.03000000
2018-02-24 07:04:10,0.00149490,66.98000000
2018-02-24 07:04:11,0.00149490,2.41000000
2018-02-24 07:04:11,0.00149500,12.59000000
2018-02-24 07:04:11,0.00149500,0.12000000
2018-02-24 07:04:11,0.00149500,91.55000000
2018-02-24 07:04:11,0.00149510,103.51000000
2018-02-24 07:04:11,0.00149520,1.24000000
2018-02-24 07:04:11,0.00149530,13.25000000
2018-02-24 07:04:11,0.00149540,15.22000000
2018-02-24 07:04:11,0.00149550,9.04000000
2018-02-24 07:04:11,0.00149560,133.23000000
2018-02-24 07:04:11,0.00149620,1.40000000
2018-02-24 07:04:11,0.00149630,8.78000000
2018-02-24 07:04:11,0.00149900,165.08000000
2018-02-24 07:04:11,0.00149210,16.55000000
2018-02-24 07:04:12,0.00149490,1.48000000
2018-02-24 07:04:12,0.00149210,68.72000000
2018-02-24 07:04:13,0.00149880,34.12000000
2018-02-24 07:04:13,0.00149230,7.45000000
2018-02-24 07:04:13,0.00149220,48.54000000
2018-02-24 07:04:13,0.00149880,5.58000000
2018-02-24 07:04:13,0.00149240,6.70000000
2018-02-24 07:04:13,0.00149230,1.42000000
2018-02-24 07:04:13,0.00149870,2.47000000
2018-02-24 07:04:14,0.00149230,15.69000000
2018-02-24 07:04:14,0.00149230,143.19000000
2018-02-24 07:04:14,0.00149220,1.38000000
2018-02-24 07:04:14,0.00149180,64.81000000
2018-02-24 07:04:14,0.00149060,22.82000000
2018-02-24 07:04:14,0.00149050,136.02000000
2018-02-24 07:04:14,0.00149030,5.35000000
2018-02-24 07:04:14,0.00149020,7.48000000
2018-02-24 07:04:14,0.00149010,10.00000000
2018-02-24 07:04:14,0.00149000,43.96000000
2018-02-24 07:04:14,0.00149000,100.34000000
2018-02-24 07:04:14,0.00149000,1.43000000
2018-02-24 07:04:14,0.00149860,1.67000000
2018-02-24 07:04:14,0.00149840,39.23000000
2018-02-24 07:04:15,0.00149840,1.94000000
2018-02-24 07:04:15,0.00149240,5.79000000
2018-02-24 07:04:15,0.00149230,5.87000000
2018-02-24 07:04:15,0.00149000,85.32000000
2018-02-24 07:04:16,0.00149540,7.81000000
2018-02-24 07:04:16,0.00149260,25.70000000
2018-02-24 07:04:16,0.00149260,59.33000000
2018-02-24 07:04:16,0.00149260,23.08000000
2018-02-24 07:04:16,0.00149240,1.87000000
2018-02-24 07:04:18,0.00149510,7.45000000
2018-02-24 07:04:18,0.00149520,9.92000000
2018-02-24 07:04:18,0.00149240,65.28000000
2018-02-24 07:04:18,0.00149000,23.76000000
2018-02-24 07:04:18,0.00148990,7.30000000
2018-02-24 07:04:18,0.00148950,1.09000000
2018-02-24 07:04:18,0.00148920,0.74000000
2018-02-24 07:04:18,0.00148900,10.55000000
2018-02-24 07:04:18,0.00148890,4.28000000
2018-02-24 07:04:18,0.00148850,4.16000000
2018-02-24 07:04:18,0.00148830,9.95000000
2018-02-24 07:04:18,0.00148820,60.30000000
2018-02-24 07:04:18,0.00148790,2.74000000
2018-02-24 07:04:18,0.00148720,3.30000000
2018-02-24 07:04:18,0.00148710,279.63000000
2018-02-24 07:04:18,0.00148550,67.31000000
2018-02-24 07:04:18,0.00148540,0.88000000
2018-02-24 07:04:18,0.00148520,707.48000000
2018-02-24 07:04:18,0.00148920,25.88000000
2018-02-24 07:04:19,0.00149490,8.34000000
2018-02-24 07:04:19,0.00148930,1.85000000
2018-02-24 07:04:19,0.00149490,38.43000000
2018-02-24 07:04:19,0.00149500,12.65000000
2018-02-24 07:04:20,0.00149490,0.98000000
2018-02-24 07:04:21,0.00149230,1.00000000
2018-02-24 07:04:21,0.00149230,13.10000000
2018-02-24 07:04:21,0.00149230,8.85000000
2018-02-24 07:04:22,0.00149230,19.11000000
2018-02-24 07:04:22,0.00149230,19.11000000
2018-02-24 07:04:22,0.00149230,15.93000000
2018-02-24 07:04:22,0.00149230,15.93000000
2018-02-24 07:04:22,0.00149230,15.06000000
2018-02-24 07:04:22,0.00149480,7.42000000
2018-02-24 07:04:22,0.00149220,2.16000000
2018-02-24 07:04:22,0.00149220,1.47000000
2018-02-24 07:04:23,0.00149070,161.34000000
2018-02-24 07:04:23,0.00148920,20.00000000
2018-02-24 07:04:23,0.00148720,111.00000000
2018-02-24 07:04:23,0.00148520,300.27000000
2018-02-24 07:04:23,0.00148500,774.60000000
2018-02-24 07:04:23,0.00148480,2.00000000
2018-02-24 07:04:23,0.00148470,77.10000000
2018-02-24 07:04:23,0.00148450,6.95000000
2018-02-24 07:04:23,0.00148430,25.68000000
2018-02-24 07:04:23,0.00148360,40.73000000
2018-02-24 07:04:23,0.00148340,171.67000000
2018-02-24 07:04:23,0.00148340,197.65000000
2018-02-24 07:04:24,0.00149000,357.83000000
2018-02-24 07:04:24,0.00148990,2.01000000
2018-02-24 07:04:24,0.00148990,1.68000000
2018-02-24 07:04:25,0.00148960,10.88000000
2018-02-24 07:04:25,0.00148990,1.00000000
2018-02-24 07:04:26,0.00148980,1.68000000
2018-02-24 07:04:27,0.00148980,4.50000000
2018-02-24 07:04:27,0.00148960,19.90000000
2018-02-24 07:04:27,0.00148960,25.70000000
2018-02-24 07:04:27,0.00148980,2.44000000
2018-02-24 07:04:28,0.00148960,0.78000000
2018-02-24 07:04:28,0.00148970,1.68000000
2018-02-24 07:04:28,0.00148970,13.14000000
2018-02-24 07:04:28,0.00148970,24.99000000
2018-02-24 07:04:28,0.00148970,7.87000000
2018-02-24 07:04:28,0.00148960,1.00000000
2018-02-24 07:04:29,0.00148970,25.01000000
2018-02-24 07:04:29,0.00148970,5.13000000
2018-02-24 07:04:29,0.00148960,80.80000000
2018-02-24 07:04:30,0.00148980,57.86000000
2018-02-24 07:04:30,0.00148990,18.04000000
2018-02-24 07:04:30,0.00149000,973.55000000
2018-02-24 07:04:30,0.00148970,0.60000000
2018-02-24 07:04:30,0.00148960,66.89000000
2018-02-24 07:04:30,0.00148950,2.15000000
2018-02-24 07:04:30,0.00148940,18.92000000
2018-02-24 07:04:30,0.00148890,9.00000000
2018-02-24 07:04:31,0.00148510,15.78000000
2018-02-24 07:04:31,0.00148890,1.68000000
2018-02-24 07:04:31,0.00148890,3.99000000
2018-02-24 07:04:31,0.00148530,53.08000000
2018-02-24 07:04:31,0.00148880,4.30000000
2018-02-24 07:04:31,0.00148880,2.40000000
2018-02-24 07:04:31,0.00148890,0.73000000
2018-02-24 07:04:31,0.00148890,8.73000000
2018-02-24 07:04:31,0.00148890,2.95000000
2018-02-24 07:04:31,0.00148890,2.35000000
2018-02-24 07:04:31,0.00148890,4.92000000
2018-02-24 07:04:31,0.00148890,4.30000000
2018-02-24 07:04:31,0.00148890,6.70000000
2018-02-24 07:04:31,0.00148740,3.36000000
2018-02-24 07:04:31,0.00148740,2.28000000
2018-02-24 07:04:32,0.00148740,0.95000000
2018-02-24 07:04:32,0.00148890,32.22000000
2018-02-24 07:04:32,0.00148890,2.14000000
2018-02-24 07:04:32,0.00148890,16.67000000
2018-02-24 07:04:32,0.00148890,0.01000000
2018-02-24 07:04:32,0.00148520,2.13000000
2018-02-24 07:04:32,0.00148900,12.08000000
2018-02-24 07:04:32,0.00148510,17.54000000
2018-02-24 07:04:33,0.00148880,13.42000000
2018-02-24 07:04:34,0.00148880,2.35000000
2018-02-24 07:04:34,0.00148880,2.30000000
2018-02-24 07:04:35,0.00148870,1.68000000
2018-02-24 07:04:35,0.00148730,3.14000000
2018-02-24 07:04:35,0.00148860,19.06000000
2018-02-24 07:04:36,0.00148730,0.39000000
2018-02-24 07:04:36,0.00148550,11.50000000
2018-02-24 07:04:36,0.00148500,3.59000000
2018-02-24 07:04:36,0.00148500,4.00000000
2018-02-24 07:04:36,0.00148500,11.65000000
2018-02-24 07:04:37,0.00148500,10.79000000
2018-02-24 07:04:37,0.00148500,1.70000000
2018-02-24 07:04:37,0.00148510,1.20000000
2018-02-24 07:04:37,0.00148870,0.17000000
2018-02-24 07:04:37,0.00148880,1.17000000
2018-02-24 07:04:37,0.00148450,39.82000000
2018-02-24 07:04:38,0.00148870,19.90000000
2018-02-24 07:04:38,0.00148870,0.70000000
2018-02-24 07:04:38,0.00148730,120.00000000
2018-02-24 07:04:38,0.00148560,21.31000000
2018-02-24 07:04:38,0.00148440,301.66000000
2018-02-24 07:04:39,0.00148440,15.23000000
2018-02-24 07:04:39,0.00148430,13.31000000
2018-02-24 07:04:39,0.00148430,11.09000000
2018-02-24 07:04:39,0.00148430,8.55000000
2018-02-24 07:04:39,0.00148430,6.87000000
2018-02-24 07:04:39,0.00148730,6.44000000
2018-02-24 07:04:39,0.00148730,11.09000000
2018-02-24 07:04:39,0.00148720,6.73000000
2018-02-24 07:04:39,0.00148730,6.61000000
2018-02-24 07:04:39,0.00148730,27.02000000
2018-02-24 07:04:39,0.00148870,58.09000000
2018-02-24 07:04:39,0.00148880,27.38000000
2018-02-24 07:04:39,0.00148500,2.51000000
2018-02-24 07:04:39,0.00148880,0.68000000
2018-02-24 07:04:39,0.00148450,6.60000000
2018-02-24 07:04:40,0.00148450,72.58000000
2018-02-24 07:04:40,0.00148440,13.00000000
2018-02-24 07:04:40,0.00148440,2.29000000
2018-02-24 07:04:41,0.00148440,78.69000000
2018-02-24 07:04:41,0.00148440,274.86000000
2018-02-24 07:04:41,0.00148450,13.31000000
2018-02-24 07:04:41,0.00148680,339.02000000
2018-02-24 07:04:42,0.00148670,67.33000000
2018-02-24 07:04:42,0.00148500,2.08000000
2018-02-24 07:04:42,0.00148500,114.36000000
2018-02-24 07:04:42,0.00148440,6.73000000
2018-02-24 07:04:42,0.00148340,133.06000000
2018-02-24 07:04:42,0.00148330,4.78000000
2018-02-24 07:04:42,0.00148300,236.65000000
2018-02-24 07:04:42,0.00148300,53.26000000
2018-02-24 07:04:43,0.00148680,5.66000000
2018-02-24 07:04:43,0.00148500,109.39000000
2018-02-24 07:04:43,0.00148500,26.02000000
2018-02-24 07:04:44,0.00148500,18.27000000
2018-02-24 07:04:44,0.00148450,4.82000000
2018-02-24 07:04:44,0.00148450,156.35000000
2018-02-24 07:04:44,0.00148740,1.48000000
2018-02-24 07:04:44,0.00148740,13.43000000
2018-02-24 07:04:44,0.00148740,13.38000000
2018-02-24 07:04:45,0.00148500,63.95000000
2018-02-24 07:04:45,0.00148500,1.33000000
2018-02-24 07:04:45,0.00148500,105.04000000
2018-02-24 07:04:45,0.00148670,166.35000000
2018-02-24 07:04:45,0.00148730,6.73000000
2018-02-24 07:04:45,0.00148740,84.07000000
2018-02-24 07:04:45,0.00148750,17.97000000
2018-02-24 07:04:45,0.00148500,3.56000000
2018-02-24 07:04:46,0.00148450,1.34000000
2018-02-24 07:04:46,0.00148450,159.93000000
2018-02-24 07:04:46,0.00148500,2010.03000000
2018-02-24 07:04:46,0.00148680,100.09000000
2018-02-24 07:04:46,0.00148350,5.00000000
2018-02-24 07:04:47,0.00148370,62.36000000
2018-02-24 07:04:47,0.00148360,7.35000000
2018-02-24 07:04:47,0.00148340,100.00000000
2018-02-24 07:04:47,0.00148330,68.90000000
2018-02-24 07:04:47,0.00148500,116.44000000
2018-02-24 07:04:47,0.00148360,64.37000000
2018-02-24 07:04:47,0.00148350,2.18000000
2018-02-24 07:04:47,0.00148340,6.74000000
2018-02-24 07:04:47,0.00148330,578.50000000
2018-02-24 07:04:48,0.00148330,2.17000000
2018-02-24 07:04:48,0.00148500,32.36000000
2018-02-24 07:04:49,0.00148500,700.64000000
2018-02-24 07:04:49,0.00148340,4.28000000
2018-02-24 07:04:49,0.00148340,4.64000000
2018-02-24 07:04:49,0.00148340,99.05000000
2018-02-24 07:04:49,0.00148550,67.36000000
2018-02-24 07:04:49,0.00148560,366.63000000
2018-02-24 07:04:49,0.00148560,599.86000000
2018-02-24 07:04:49,0.00148750,7.35000000
2018-02-24 07:04:49,0.00148770,0.10000000
2018-02-24 07:04:50,0.00148760,13.43000000
2018-02-24 07:04:50,0.00148500,2.02000000
2018-02-24 07:04:50,0.00148500,2.72000000
2018-02-24 07:04:51,0.00148500,305.84000000
2018-02-24 07:04:51,0.00148400,41.12000000
2018-02-24 07:04:51,0.00148500,214.84000000
2018-02-24 07:04:53,0.00148400,8.11000000
2018-02-24 07:04:53,0.00148500,3.54000000
2018-02-24 07:04:53,0.00148500,129.75000000
2018-02-24 07:04:53,0.00148500,1.32000000
2018-02-24 07:04:54,0.00148500,13.72000000
2018-02-24 07:04:54,0.00148400,13.81000000
2018-02-24 07:04:55,0.00148400,36.96000000
2018-02-24 07:04:55,0.00148330,17.09000000
2018-02-24 07:04:55,0.00148300,359.62000000
2018-02-24 07:04:55,0.00148260,328.59000000
2018-02-24 07:04:55,0.00148230,3.93000000
2018-02-24 07:04:55,0.00148210,10.75000000
2018-02-24 07:04:55,0.00148200,243.06000000
2018-02-24 07:04:55,0.00148400,25.08000000
2018-02-24 07:04:55,0.00148500,17.17000000
2018-02-24 07:04:55,0.00148200,99.32000000
2018-02-24 07:04:55,0.00148180,8.34000000
2018-02-24 07:04:55,0.00148160,6.75000000
2018-02-24 07:04:55,0.00148130,2.49000000
2018-02-24 07:04:55,0.00148110,128.82000000
2018-02-24 07:04:56,0.00148500,83.08000000
2018-02-24 07:04:56,0.00148760,30.00000000
2018-02-24 07:04:56,0.00148760,1.42000000
2018-02-24 07:04:56,0.00148500,15.03000000
2018-02-24 07:04:57,0.00148500,38.43000000
2018-02-24 07:04:57,0.00148750,1.48000000
2018-02-24 07:04:57,0.00148500,80.27000000
2018-02-24 07:04:57,0.00148750,5.15000000
2018-02-24 07:04:57,0.00148760,28.98000000
2018-02-24 07:04:57,0.00148770,2.17000000
2018-02-24 07:04:57,0.00148800,251.25000000
2018-02-24 07:04:57,0.00148880,128.94000000
2018-02-24 07:04:58,0.00148500,108.92000000
2018-02-24 07:04:58,0.00148500,67.33000000
2018-02-24 07:04:58,0.00148200,49.81000000
2018-02-24 07:04:58,0.00148470,54.38000000
2018-02-24 07:04:58,0.00148470,6.72000000
2018-02-24 07:04:59,0.00148470,5.15000000
2018-02-24 07:04:59,0.00148470,1.48000000
2018-02-24 07:05:00,0.00148470,1.69000000
2018-02-24 07:05:00,0.00148480,6.74000000
2018-02-24 07:05:00,0.00148500,91.57000000
2018-02-24 07:05:00,0.00148500,10.08000000
2018-02-24 07:05:01,0.00148500,0.01000000
2018-02-24 07:05:01,0.00148330,5.11000000
2018-02-24 07:05:02,0.00148330,13.83000000
2018-02-24 07:05:02,0.00148330,8.66000000
2018-02-24 07:05:02,0.00148310,150.00000000
2018-02-24 07:05:02,0.00148310,26.66000000
2018-02-24 07:05:02,0.00148300,1.00000000
2018-02-24 07:05:02,0.00148200,0.19000000
2018-02-24 07:05:03,0.00148130,50.47000000
2018-02-24 07:05:03,0.00148200,79.40000000
2018-02-24 07:05:03,0.00148200,6.00000000
2018-02-24 07:05:04,0.00148130,561.11000000
2018-02-24 07:05:04,0.00148080,12.17000000
2018-02-24 07:05:04,0.00148010,19.77000000
2018-02-24 07:05:04,0.00148000,2353.58000000
2018-02-24 07:05:04,0.00148000,100.00000000
2018-02-24 07:05:04,0.00148200,10.43000000
2018-02-24 07:05:05,0.00148000,443.72000000
2018-02-24 07:05:05,0.00148000,18.29000000
2018-02-24 07:05:05,0.00148000,232.88000000
2018-02-24 07:05:05,0.00148000,715.51000000
2018-02-24 07:05:05,0.00147970,21.79000000
2018-02-24 07:05:05,0.00147960,4.19000000
2018-02-24 07:05:05,0.00147950,24.27000000
2018-02-24 07:05:05,0.00147910,6.69000000
2018-02-24 07:05:05,0.00147900,27.04000000
2018-02-24 07:05:05,0.00147830,3.30000000
2018-02-24 07:05:05,0.00147800,8.12000000
2018-02-24 07:05:05,0.00148200,2.49000000
2018-02-24 07:05:05,0.00148200,45.00000000
2018-02-24 07:05:06,0.00148200,47.28000000
2018-02-24 07:05:06,0.00147820,7.43000000
2018-02-24 07:05:06,0.00147810,30.15000000
2018-02-24 07:05:06,0.00148000,0.71000000
2018-02-24 07:05:06,0.00148000,0.16000000
2018-02-24 07:05:06,0.00148000,100.60000000
2018-02-24 07:05:06,0.00148000,1.48000000
2018-02-24 07:05:06,0.00148000,1.89000000
2018-02-24 07:05:06,0.00148000,42.99000000
2018-02-24 07:05:06,0.00148000,49.21000000
2018-02-24 07:05:06,0.00148000,2.31000000
2018-02-24 07:05:06,0.00147810,3.77000000
2018-02-24 07:05:06,0.00147800,27.57000000
2018-02-24 07:05:06,0.00147770,3.01000000
2018-02-24 07:05:06,0.00147710,8.48000000
2018-02-24 07:05:06,0.00147700,2.36000000
2018-02-24 07:05:06,0.00147690,32.10000000
2018-02-24 07:05:06,0.00147650,0.96000000
2018-02-24 07:05:06,0.00147640,11.55000000
2018-02-24 07:05:06,0.00147620,60.21000000
2018-02-24 07:05:06,0.00147610,23.49000000
2018-02-24 07:05:06,0.00147600,2.02000000
2018-02-24 07:05:06,0.00147570,393.36000000
2018-02-24 07:05:07,0.00147990,20.25000000
2018-02-24 07:05:07,0.00147990,9.90000000
2018-02-24 07:05:07,0.00148000,9.39000000
2018-02-24 07:05:08,0.00147990,7.43000000
2018-02-24 07:05:08,0.00148000,12.82000000
2018-02-24 07:05:08,0.00147990,5.80000000
2018-02-24 07:05:08,0.00147980,47.37000000
2018-02-24 07:05:08,0.00147980,63.63000000
2018-02-24 07:05:08,0.00147990,51.76000000
2018-02-24 07:05:09,0.00147990,0.68000000
2018-02-24 07:05:09,0.00147990,2.65000000
2018-02-24 07:05:09,0.00147980,40.00000000
2018-02-24 07:05:09,0.00147570,122.08000000
2018-02-24 07:05:09,0.00147990,12.20000000
2018-02-24 07:05:09,0.00147990,1.28000000
2018-02-24 07:05:09,0.00147990,20.25000000
2018-02-24 07:05:09,0.00147990,4.05000000
2018-02-24 07:05:10,0.00147900,1.22000000
2018-02-24 07:05:10,0.00147810,3.29000000
2018-02-24 07:05:10,0.00147900,44.42000000
2018-02-24 07:05:10,0.00147900,44.42000000
2018-02-24 07:05:11,0.00147900,3.67000000
2018-02-24 07:05:11,0.00147810,23.56000000
2018-02-24 07:05:11,0.00147900,11.53000000
2018-02-24 07:05:11,0.00147900,2.03000000
2018-02-24 07:05:11,0.00147900,46.39000000
2018-02-24 07:05:11,0.00147960,591.81000000
2018-02-24 07:05:12,0.00147620,74.48000000
2018-02-24 07:05:12,0.00147610,93.49000000
2018-02-24 07:05:12,0.00147580,11.11000000
2018-02-24 07:05:12,0.00147960,5.14000000
2018-02-24 07:05:12,0.00147580,5.67000000
2018-02-24 07:05:12,0.00147580,2.40000000
2018-02-24 07:05:12,0.00147570,1381.64000000
2018-02-24 07:05:12,0.00147570,1580.75000000
2018-02-24 07:05:12,0.00147960,0.68000000
2018-02-24 07:05:12,0.00147510,5.20000000
2018-02-24 07:05:12,0.00147500,323.98000000
2018-02-24 07:05:12,0.00147470,44.01000000
2018-02-24 07:05:12,0.00147460,40.21000000
2018-02-24 07:05:12,0.00147500,97.02000000
2018-02-24 07:05:12,0.00147500,2.98000000
2018-02-24 07:05:12,0.00147350,2.98000000
2018-02-24 07:05:12,0.00147610,0.95000000
2018-02-24 07:05:12,0.00147350,7.06000000
2018-02-24 07:05:12,0.00147340,4.14000000
2018-02-24 07:05:12,0.00147310,0.75000000
2018-02-24 07:05:12,0.00147300,0.96000000
2018-02-24 07:05:12,0.00147220,1.44000000
2018-02-24 07:05:12,0.00147950,4.09000000
2018-02-24 07:05:12,0.00147950,1.69000000
2018-02-24 07:05:12,0.00147220,15.45000000
2018-02-24 07:05:12,0.00147210,6.34000000
2018-02-24 07:05:12,0.00147170,4.39000000
2018-02-24 07:05:12,0.00147150,20.51000000
2018-02-24 07:05:13,0.00147950,1.55000000
