DATE,PRICE,VOLUME
2018-02-25 19:00:01,0.00115710,4.32000000
2018-02-25 19:00:03,0.00115710,23.09000000
2018-02-25 19:00:03,0.00115720,5.21000000
2018-02-25 19:00:04,0.00115740,2.07000000
2018-02-25 19:00:04,0.00115750,5.61000000
2018-02-25 19:00:04,0.00115790,1.75000000
2018-02-25 19:00:07,0.00115610,0.88000000
2018-02-25 19:00:08,0.00115540,86.56000000
2018-02-25 19:00:08,0.00115530,17.31000000
2018-02-25 19:00:08,0.00115510,2.16000000
2018-02-25 19:00:09,0.00115610,94.32000000
2018-02-25 19:00:10,0.00115720,0.39000000
2018-02-25 19:00:11,0.00115460,11.98000000
2018-02-25 19:00:13,0.00115500,29.50000000
2018-02-25 19:00:13,0.00115500,35.76000000
2018-02-25 19:00:14,0.00115490,7.26000000
2018-02-25 19:00:17,0.00115460,2.16000000
2018-02-25 19:00:18,0.00115460,5.00000000
2018-02-25 19:00:18,0.00115460,8.27000000
2018-02-25 19:00:20,0.00115470,18.00000000
2018-02-25 19:00:21,0.00115470,25.15000000
2018-02-25 19:00:25,0.00115740,43.20000000
2018-02-25 19:00:28,0.00115510,7.38000000
2018-02-25 19:00:28,0.00115720,2.16000000
2018-02-25 19:00:31,0.00115610,18.70000000
2018-02-25 19:00:31,0.00115720,5.09000000
2018-02-25 19:00:31,0.00115720,164.02000000
2018-02-25 19:00:32,0.00115610,18.70000000
2018-02-25 19:00:33,0.00115520,5.67000000
2018-02-25 19:00:33,0.00115740,43.18000000
2018-02-25 19:00:34,0.00115610,3.25000000
2018-02-25 19:00:34,0.00115730,5.67000000
2018-02-25 19:00:34,0.00115740,9.33000000
2018-02-25 19:00:37,0.00115730,1.86000000
2018-02-25 19:00:37,0.00115740,10.42000000
2018-02-25 19:00:37,0.00115780,32.76000000
2018-02-25 19:00:39,0.00115540,86.55000000
2018-02-25 19:00:39,0.00115530,6.87000000
2018-02-25 19:00:39,0.00115770,86.55000000
2018-02-25 19:00:39,0.00115780,6.17000000
2018-02-25 19:00:41,0.00115780,17.00000000
2018-02-25 19:00:41,0.00115790,26.18000000
2018-02-25 19:00:43,0.00115780,23.19000000
2018-02-25 19:00:44,0.00115780,10.97000000
2018-02-25 19:00:44,0.00115790,32.21000000
2018-02-25 19:00:46,0.00115560,86.54000000
2018-02-25 19:00:46,0.00115550,17.30000000
2018-02-25 19:00:47,0.00115780,5.78000000
2018-02-25 19:00:48,0.00115780,2.16000000
2018-02-25 19:00:48,0.00115760,43.18000000
2018-02-25 19:00:50,0.00115740,35.42000000
2018-02-25 19:00:50,0.00115750,20.00000000
2018-02-25 19:00:50,0.00115770,17.30000000
2018-02-25 19:00:50,0.00115780,5.61000000
2018-02-25 19:00:50,0.00115790,271.74000000
2018-02-25 19:00:51,0.00115790,26.45000000
2018-02-25 19:00:52,0.00115670,101.45000000
2018-02-25 19:00:53,0.00115560,20.00000000
2018-02-25 19:00:53,0.00115550,17.30000000
2018-02-25 19:00:55,0.00115780,17.30000000
2018-02-25 19:00:55,0.00115790,3.43000000
2018-02-25 19:00:56,0.00115550,5.01000000
2018-02-25 19:00:57,0.00115550,19.97000000
2018-02-25 19:00:57,0.00115790,5.01000000
2018-02-25 19:01:01,0.00115760,10.97000000
2018-02-25 19:01:01,0.00115760,9.00000000
2018-02-25 19:01:03,0.00115760,1.90000000
2018-02-25 19:01:04,0.00115760,8.63000000
2018-02-25 19:01:09,0.00115760,1.81000000
2018-02-25 19:01:11,0.00115760,1.90000000
2018-02-25 19:01:11,0.00115760,7.55000000
2018-02-25 19:01:14,0.00115650,25.84000000
2018-02-25 19:01:19,0.00115550,0.30000000
2018-02-25 19:01:24,0.00115580,2.16000000
2018-02-25 19:01:29,0.00115590,34.83000000
2018-02-25 19:01:29,0.00115570,200.00000000
2018-02-25 19:01:29,0.00115560,55.08000000
2018-02-25 19:01:31,0.00115670,108.59000000
2018-02-25 19:01:32,0.00115760,1.04000000
2018-02-25 19:01:32,0.00115590,5.78000000
2018-02-25 19:01:35,0.00115590,2.98000000
2018-02-25 19:01:38,0.00115590,415.26000000
2018-02-25 19:01:42,0.00115760,4.49000000
2018-02-25 19:01:44,0.00115760,4.00000000
2018-02-25 19:01:46,0.00115670,32.81000000
2018-02-25 19:01:48,0.00115670,17.29000000
2018-02-25 19:01:50,0.00115670,2.16000000
2018-02-25 19:01:51,0.00115670,8.38000000
2018-02-25 19:01:51,0.00115670,18.29000000
2018-02-25 19:01:52,0.00115670,27.22000000
2018-02-25 19:01:56,0.00115670,1.00000000
2018-02-25 19:01:59,0.00115600,67.92000000
2018-02-25 19:02:02,0.00115670,0.40000000
2018-02-25 19:02:03,0.00115700,115.56000000
2018-02-25 19:02:04,0.00115670,25.86000000
2018-02-25 19:02:10,0.00115670,17.83000000
2018-02-25 19:02:13,0.00115750,12.44000000
2018-02-25 19:02:15,0.00115750,2.00000000
2018-02-25 19:02:15,0.00115750,2.00000000
2018-02-25 19:02:15,0.00115740,2.00000000
2018-02-25 19:02:16,0.00115750,43.05000000
2018-02-25 19:02:16,0.00115760,117.26000000
2018-02-25 19:02:16,0.00115670,8.41000000
2018-02-25 19:02:16,0.00115600,171.73000000
2018-02-25 19:02:17,0.00115670,7.63000000
2018-02-25 19:02:17,0.00115670,6.36000000
2018-02-25 19:02:17,0.00115670,1.27000000
2018-02-25 19:02:17,0.00115670,24.68000000
2018-02-25 19:02:18,0.00115670,15.26000000
2018-02-25 19:02:24,0.00115670,88.27000000
2018-02-25 19:02:24,0.00115670,186.19000000
2018-02-25 19:02:24,0.00115670,52.15000000
2018-02-25 19:02:35,0.00115750,1.04000000
2018-02-25 19:02:36,0.00115720,122.70000000
2018-02-25 19:02:37,0.00115700,4.49000000
2018-02-25 19:02:37,0.00115700,40.51000000
2018-02-25 19:02:37,0.00115670,109.99000000
2018-02-25 19:02:40,0.00115670,4.32000000
2018-02-25 19:02:43,0.00115670,61.31000000
2018-02-25 19:02:44,0.00115670,8.68000000
2018-02-25 19:02:49,0.00115600,6.18000000
2018-02-25 19:02:50,0.00115630,47.08000000
2018-02-25 19:02:54,0.00115600,20.00000000
2018-02-25 19:02:58,0.00115670,5.27000000
2018-02-25 19:02:58,0.00115740,15.00000000
2018-02-25 19:02:58,0.00115750,87.24000000
2018-02-25 19:02:58,0.00115760,46.49000000
2018-02-25 19:03:02,0.00115760,2.16000000
2018-02-25 19:03:07,0.00115760,8.63000000
2018-02-25 19:03:08,0.00115670,129.83000000
2018-02-25 19:03:10,0.00115600,19.85000000
2018-02-25 19:03:10,0.00115600,145.82000000
2018-02-25 19:03:14,0.00115750,10.00000000
2018-02-25 19:03:14,0.00115600,17.37000000
2018-02-25 19:03:15,0.00115670,1.90000000
2018-02-25 19:03:20,0.00115630,54.21000000
2018-02-25 19:03:25,0.00115630,24.86000000
2018-02-25 19:03:25,0.00115600,5.07000000
2018-02-25 19:03:26,0.00115670,5.36000000
2018-02-25 19:03:27,0.00115630,4.15000000
2018-02-25 19:03:28,0.00115630,1.00000000
2018-02-25 19:03:28,0.00115630,4.57000000
2018-02-25 19:03:29,0.00115630,1.01000000
2018-02-25 19:03:29,0.00115670,8.69000000
2018-02-25 19:03:29,0.00115670,12.08000000
2018-02-25 19:03:29,0.00115670,59.90000000
2018-02-25 19:03:29,0.00115670,12.08000000
2018-02-25 19:03:29,0.00115670,71.97000000
2018-02-25 19:03:30,0.00115740,15.00000000
2018-02-25 19:03:30,0.00115750,28.32000000
2018-02-25 19:03:30,0.00115760,321.31000000
2018-02-25 19:03:30,0.00115790,182.79000000
2018-02-25 19:03:30,0.00115800,218.66000000
2018-02-25 19:03:30,0.00115810,14.08000000
2018-02-25 19:03:32,0.00115740,22.77000000
2018-02-25 19:03:35,0.00115740,63.64000000
2018-02-25 19:03:35,0.00115710,14.25000000
2018-02-25 19:03:36,0.00115840,44.83000000
2018-02-25 19:03:36,0.00115840,92.14000000
2018-02-25 19:03:37,0.00115830,86.41000000
2018-02-25 19:03:37,0.00115840,44.83000000
2018-02-25 19:03:46,0.00115840,2.16000000
2018-02-25 19:03:46,0.00115840,17.84000000
2018-02-25 19:03:47,0.00115840,0.02000000
2018-02-25 19:03:48,0.00115840,1.94000000
2018-02-25 19:03:49,0.00115760,53.94000000
2018-02-25 19:03:54,0.00115860,61.35000000
2018-02-25 19:03:58,0.00115970,47.39000000
2018-02-25 19:04:00,0.00115970,6.55000000
2018-02-25 19:04:00,0.00115980,9.19000000
2018-02-25 19:04:03,0.00115960,4.32000000
2018-02-25 19:04:03,0.00115980,169.82000000
2018-02-25 19:04:03,0.00115990,125.00000000
2018-02-25 19:04:03,0.00116000,279.51000000
2018-02-25 19:04:03,0.00116040,4.12000000
2018-02-25 19:04:05,0.00116080,1.96000000
2018-02-25 19:04:06,0.00115820,3.41000000
2018-02-25 19:04:09,0.00116040,15.87000000
2018-02-25 19:04:09,0.00116080,143.21000000
2018-02-25 19:04:09,0.00116090,87.53000000
2018-02-25 19:04:09,0.00116100,176.35000000
2018-02-25 19:04:09,0.00116100,13.60000000
2018-02-25 19:04:09,0.00116100,14.50000000
2018-02-25 19:04:10,0.00116190,3.41000000
2018-02-25 19:04:10,0.00116200,34.49000000
2018-02-25 19:04:11,0.00116210,6.82000000
2018-02-25 19:04:11,0.00116220,9.00000000
2018-02-25 19:04:11,0.00116150,144.10000000
2018-02-25 19:04:11,0.00116100,124.97000000
2018-02-25 19:04:11,0.00116100,5.00000000
2018-02-25 19:04:11,0.00116100,1.86000000
2018-02-25 19:04:12,0.00116130,120.08000000
2018-02-25 19:04:17,0.00116250,0.95000000
2018-02-25 19:04:24,0.00116250,10.73000000
2018-02-25 19:04:24,0.00116250,17.93000000
2018-02-25 19:04:27,0.00116400,0.99000000
2018-02-25 19:04:27,0.00116400,0.86000000
2018-02-25 19:04:28,0.00116320,1.00000000
2018-02-25 19:04:28,0.00116320,67.48000000
2018-02-25 19:04:32,0.00116320,1.00000000
2018-02-25 19:04:32,0.00116400,11.46000000
2018-02-25 19:04:33,0.00116400,10.89000000
2018-02-25 19:04:33,0.00116440,4.33000000
2018-02-25 19:04:33,0.00116450,4.00000000
2018-02-25 19:04:33,0.00116460,92.22000000
2018-02-25 19:04:33,0.00116460,83.63000000
2018-02-25 19:04:33,0.00116460,7.61000000
2018-02-25 19:04:33,0.00116460,83.61000000
2018-02-25 19:04:37,0.00116500,2.15000000
2018-02-25 19:04:38,0.00116460,2.67000000
2018-02-25 19:04:40,0.00116500,1.89000000
2018-02-25 19:04:41,0.00116500,10.88000000
2018-02-25 19:04:41,0.00116500,1.12000000
2018-02-25 19:04:42,0.00116510,9.64000000
2018-02-25 19:04:42,0.00116520,1.00000000
2018-02-25 19:04:42,0.00116530,392.21000000
2018-02-25 19:04:42,0.00116540,109.53000000
2018-02-25 19:04:44,0.00116540,1.23000000
2018-02-25 19:04:46,0.00116540,5.11000000
2018-02-25 19:04:47,0.00116550,1.00000000
2018-02-25 19:04:47,0.00116560,1.00000000
2018-02-25 19:04:47,0.00116570,1.00000000
2018-02-25 19:04:47,0.00116580,1.00000000
2018-02-25 19:04:47,0.00116590,12.12000000
2018-02-25 19:04:47,0.00116590,23.01000000
2018-02-25 19:04:47,0.00116600,343.86000000
2018-02-25 19:04:48,0.00116600,122.04000000
2018-02-25 19:04:48,0.00116560,151.07000000
2018-02-25 19:04:49,0.00116600,5.73000000
2018-02-25 19:04:49,0.00116600,13.55000000
2018-02-25 19:04:50,0.00116600,253.07000000
2018-02-25 19:04:55,0.00116610,1.00000000
2018-02-25 19:04:55,0.00116620,1.00000000
2018-02-25 19:04:55,0.00116630,1.00000000
2018-02-25 19:04:55,0.00116640,2.55000000
2018-02-25 19:04:55,0.00116650,5.66000000
2018-02-25 19:04:56,0.00116610,0.79000000
2018-02-25 19:04:56,0.00116600,3.92000000
2018-02-25 19:04:58,0.00116650,9.94000000
2018-02-25 19:04:58,0.00116610,11.13000000
2018-02-25 19:04:58,0.00116540,7.85000000
2018-02-25 19:04:58,0.00116470,66.02000000
2018-02-25 19:04:58,0.00116650,68.09000000
2018-02-25 19:04:59,0.00116650,19.18000000
2018-02-25 19:04:59,0.00116650,5.14000000
2018-02-25 19:05:00,0.00116620,75.46000000
2018-02-25 19:05:01,0.00116600,11.39000000
2018-02-25 19:05:01,0.00116640,66.02000000
2018-02-25 19:05:01,0.00116650,172.21000000
2018-02-25 19:05:02,0.00116650,20.00000000
2018-02-25 19:05:02,0.00116650,2.57000000
2018-02-25 19:05:03,0.00116600,12.96000000
2018-02-25 19:05:05,0.00116600,5.16000000
2018-02-25 19:05:07,0.00116600,4.84000000
2018-02-25 19:05:08,0.00116600,3.77000000
2018-02-25 19:05:09,0.00116600,3.94000000
2018-02-25 19:05:10,0.00116600,7.46000000
2018-02-25 19:05:10,0.00116600,6.43000000
2018-02-25 19:05:12,0.00116600,101.77000000
2018-02-25 19:05:12,0.00116600,13.89000000
2018-02-25 19:05:12,0.00116540,14.74000000
2018-02-25 19:05:15,0.00116540,34.25000000
2018-02-25 19:05:15,0.00116500,14.70000000
2018-02-25 19:05:15,0.00116470,8.63000000
2018-02-25 19:05:17,0.00116470,73.45000000
2018-02-25 19:05:17,0.00116460,646.63000000
2018-02-25 19:05:19,0.00116460,346.43000000
2018-02-25 19:05:20,0.00116310,17.19000000
2018-02-25 19:05:20,0.00116300,4.34000000
2018-02-25 19:05:22,0.00116330,158.21000000
2018-02-25 19:05:22,0.00116400,1.29000000
2018-02-25 19:05:24,0.00116280,0.95000000
2018-02-25 19:05:24,0.00116260,2.68000000
2018-02-25 19:05:24,0.00116250,138.50000000
2018-02-25 19:05:25,0.00116250,27.64000000
2018-02-25 19:05:25,0.00116190,6.02000000
2018-02-25 19:05:25,0.00116250,402.31000000
2018-02-25 19:05:27,0.00116250,100.25000000
2018-02-25 19:05:27,0.00116250,100.25000000
2018-02-25 19:05:27,0.00116250,89.95000000
2018-02-25 19:05:27,0.00116250,3.21000000
2018-02-25 19:05:28,0.00116250,22.79000000
2018-02-25 19:05:33,0.00116280,17.19000000
2018-02-25 19:05:33,0.00116290,4.34000000
2018-02-25 19:05:33,0.00116310,83.64000000
2018-02-25 19:05:34,0.00116060,7.00000000
2018-02-25 19:05:36,0.00116080,80.93000000
2018-02-25 19:05:36,0.00116070,17.23000000
2018-02-25 19:05:36,0.00116050,8.07000000
2018-02-25 19:05:36,0.00116030,9.82000000
2018-02-25 19:05:36,0.00116020,131.00000000
2018-02-25 19:05:36,0.00116000,155.26000000
2018-02-25 19:05:36,0.00116150,82.59000000
2018-02-25 19:05:37,0.00116250,17.23000000
2018-02-25 19:05:37,0.00116260,9.05000000
2018-02-25 19:05:38,0.00116190,4.07000000
2018-02-25 19:05:38,0.00116260,8.73000000
2018-02-25 19:05:43,0.00116260,2.58000000
2018-02-25 19:05:43,0.00116100,1.00000000
2018-02-25 19:05:43,0.00116090,7.96000000
2018-02-25 19:05:43,0.00116090,9.56000000
2018-02-25 19:05:43,0.00116090,5.70000000
2018-02-25 19:05:44,0.00116030,6.89000000
2018-02-25 19:05:44,0.00116020,17.23000000
2018-02-25 19:05:44,0.00116010,63.00000000
2018-02-25 19:05:44,0.00116000,38.74000000
2018-02-25 19:05:44,0.00115960,4.31000000
2018-02-25 19:05:46,0.00116070,0.95000000
2018-02-25 19:05:49,0.00115920,6.97000000
2018-02-25 19:06:00,0.00115880,31.37000000
2018-02-25 19:06:01,0.00115880,3.30000000
2018-02-25 19:06:01,0.00115890,4.31000000
2018-02-25 19:06:01,0.00115920,11.80000000
2018-02-25 19:06:06,0.00115910,89.72000000
2018-02-25 19:06:09,0.00115900,50.00000000
2018-02-25 19:06:09,0.00115920,2.50000000
2018-02-25 19:06:13,0.00115870,124.11000000
2018-02-25 19:06:13,0.00115920,20.00000000
2018-02-25 19:06:14,0.00115920,119.75000000
2018-02-25 19:06:17,0.00115920,22.50000000
2018-02-25 19:06:18,0.00115930,0.95000000
2018-02-25 19:06:18,0.00115930,6.02000000
2018-02-25 19:06:22,0.00115930,79.15000000
2018-02-25 19:06:22,0.00115870,20.85000000
2018-02-25 19:06:22,0.00116000,2.14000000
2018-02-25 19:06:23,0.00116000,13.95000000
2018-02-25 19:06:24,0.00116000,2.16000000
2018-02-25 19:06:25,0.00115950,14.10000000
2018-02-25 19:06:25,0.00115920,5.54000000
2018-02-25 19:06:25,0.00115870,46.43000000
2018-02-25 19:06:26,0.00115950,14.06000000
2018-02-25 19:06:32,0.00115870,6.17000000
2018-02-25 19:06:32,0.00115870,3.28000000
2018-02-25 19:06:32,0.00115870,9.83000000
2018-02-25 19:06:34,0.00115870,21.08000000
2018-02-25 19:06:37,0.00115940,7.96000000
2018-02-25 19:06:37,0.00115950,66.53000000
2018-02-25 19:06:37,0.00116000,188.63000000
2018-02-25 19:06:42,0.00116000,87.60000000
2018-02-25 19:06:46,0.00115930,96.86000000
2018-02-25 19:06:46,0.00116000,3.12000000
2018-02-25 19:06:53,0.00115900,21.56000000
2018-02-25 19:06:53,0.00115880,11.20000000
2018-02-25 19:06:53,0.00115870,76.06000000
2018-02-25 19:06:59,0.00115900,1.86000000
2018-02-25 19:07:02,0.00115900,0.48000000
2018-02-25 19:07:04,0.00115990,5.00000000
2018-02-25 19:07:04,0.00116000,6.50000000
2018-02-25 19:07:05,0.00115930,21.24000000
2018-02-25 19:07:06,0.00116000,9.84000000
2018-02-25 19:07:08,0.00115880,4.31000000
2018-02-25 19:07:08,0.00115870,45.69000000
2018-02-25 19:07:08,0.00115870,2.14000000
2018-02-25 19:07:13,0.00115880,4.31000000
2018-02-25 19:07:13,0.00115870,3.47000000
2018-02-25 19:07:17,0.00115990,5.00000000
2018-02-25 19:07:17,0.00116000,4.72000000
2018-02-25 19:07:20,0.00115990,5.00000000
2018-02-25 19:07:20,0.00116000,253.49000000
2018-02-25 19:07:20,0.00116100,1527.66000000
2018-02-25 19:07:24,0.00116180,103.99000000
2018-02-25 19:07:28,0.00116100,3.01000000
2018-02-25 19:07:28,0.00116100,1.46000000
2018-02-25 19:07:30,0.00116100,14.81000000
2018-02-25 19:07:30,0.00116100,5.58000000
2018-02-25 19:07:33,0.00116300,40.00000000
2018-02-25 19:07:42,0.00116300,53.42000000
2018-02-25 19:07:45,0.00116190,28.21000000
2018-02-25 19:07:47,0.00116300,0.74000000
2018-02-25 19:07:47,0.00116310,11.02000000
2018-02-25 19:07:47,0.00116310,6.34000000
2018-02-25 19:07:47,0.00116400,2.70000000
2018-02-25 19:07:48,0.00116400,14.75000000
2018-02-25 19:07:48,0.00116120,1.45000000
2018-02-25 19:07:57,0.00116190,3.75000000
2018-02-25 19:08:00,0.00116140,110.97000000
2018-02-25 19:08:00,0.00116190,6.92000000
2018-02-25 19:08:11,0.00116300,175.67000000
2018-02-25 19:08:18,0.00116300,18.34000000
2018-02-25 19:08:18,0.00116240,35.35000000
2018-02-25 19:08:19,0.00116190,1.67000000
2018-02-25 19:08:28,0.00116290,1.89000000
2018-02-25 19:08:30,0.00116230,118.10000000
2018-02-25 19:08:36,0.00116290,18.04000000
2018-02-25 19:08:36,0.00116300,1.96000000
2018-02-25 19:08:42,0.00116230,42.48000000
2018-02-25 19:08:45,0.00116280,5.57000000
2018-02-25 19:08:45,0.00116290,109.61000000
2018-02-25 19:08:45,0.00116300,248.62000000
2018-02-25 19:08:47,0.00116190,54.22000000
2018-02-25 19:08:53,0.00116200,14.80000000
2018-02-25 19:09:03,0.00116250,125.23000000
2018-02-25 19:09:09,0.00116300,48.30000000
2018-02-25 19:09:17,0.00116210,4.87000000
2018-02-25 19:09:17,0.00116200,2.41000000
2018-02-25 19:09:17,0.00116190,7.24000000
2018-02-25 19:09:18,0.00116300,0.23000000
2018-02-25 19:09:21,0.00116300,15.00000000
2018-02-25 19:09:22,0.00116190,49.62000000
2018-02-25 19:09:22,0.00116300,42.52000000
2018-02-25 19:09:23,0.00116300,100.00000000
2018-02-25 19:09:25,0.00116300,5.43000000
2018-02-25 19:09:31,0.00116300,1.71000000
2018-02-25 19:09:33,0.00116200,11.75000000
2018-02-25 19:09:35,0.00116240,132.37000000
2018-02-25 19:09:36,0.00116200,388.25000000
2018-02-25 19:09:46,0.00116200,9.69000000
2018-02-25 19:09:50,0.00116110,48.02000000
2018-02-25 19:09:56,0.00116100,35.00000000
2018-02-25 19:09:56,0.00116060,20.64000000
2018-02-25 19:09:56,0.00116000,708.52000000
2018-02-25 19:09:56,0.00116000,63.00000000
2018-02-25 19:09:58,0.00115890,4.58000000
2018-02-25 19:09:59,0.00116000,7.60000000
2018-02-25 19:09:59,0.00116000,38.05000000
2018-02-25 19:09:59,0.00116000,7.61000000
2018-02-25 19:09:59,0.00116000,5.17000000
2018-02-25 19:10:00,0.00116000,1.03000000
2018-02-25 19:10:01,0.00115940,61.74000000
2018-02-25 19:10:01,0.00115940,51.45000000
2018-02-25 19:10:01,0.00115940,25.82000000
2018-02-25 19:10:01,0.00115940,0.49000000
2018-02-25 19:10:01,0.00116000,10.96000000
2018-02-25 19:10:01,0.00116000,230.19000000
2018-02-25 19:10:02,0.00116000,220.83000000
2018-02-25 19:10:03,0.00116000,75.11000000
2018-02-25 19:10:05,0.00116110,3.19000000
2018-02-25 19:10:07,0.00115940,4.36000000
2018-02-25 19:10:08,0.00116110,2.15000000
2018-02-25 19:10:09,0.00116000,100.00000000
2018-02-25 19:10:09,0.00115940,135.14000000
2018-02-25 19:10:09,0.00115900,4.13000000
2018-02-25 19:10:09,0.00115870,217.78000000
2018-02-25 19:10:09,0.00115830,12.73000000
2018-02-25 19:10:09,0.00115810,4.32000000
2018-02-25 19:10:09,0.00115800,20.00000000
2018-02-25 19:10:09,0.00115790,8.14000000
2018-02-25 19:10:09,0.00115760,44.91000000
2018-02-25 19:10:09,0.00115730,59.45000000
2018-02-25 19:10:09,0.00115710,30.00000000
2018-02-25 19:10:09,0.00115700,50.00000000
2018-02-25 19:10:09,0.00115680,25.00000000
2018-02-25 19:10:09,0.00115670,73.54000000
2018-02-25 19:10:11,0.00115940,17.44000000
2018-02-25 19:10:14,0.00115940,10.81000000
2018-02-25 19:10:18,0.00115960,63.72000000
2018-02-25 19:10:22,0.00115940,0.48000000
2018-02-25 19:10:22,0.00115940,1.59000000
2018-02-25 19:10:22,0.00115940,6.29000000
2018-02-25 19:10:23,0.00115940,8.55000000
2018-02-25 19:10:23,0.00116000,1.00000000
2018-02-25 19:10:24,0.00116060,1.00000000
2018-02-25 19:10:24,0.00115960,52.55000000
2018-02-25 19:10:24,0.00115730,21.25000000
2018-02-25 19:10:24,0.00115670,318.85000000
2018-02-25 19:10:24,0.00115670,21.62000000
2018-02-25 19:10:28,0.00115770,15.41000000
2018-02-25 19:10:29,0.00115880,1.00000000
2018-02-25 19:10:30,0.00115900,360.81000000
2018-02-25 19:10:30,0.00115900,16.91000000
2018-02-25 19:10:30,0.00115890,5.00000000
2018-02-25 19:10:33,0.00115870,1.00000000
2018-02-25 19:10:39,0.00115870,16.80000000
2018-02-25 19:10:41,0.00115980,4.32000000
2018-02-25 19:10:41,0.00115990,40.13000000
2018-02-25 19:10:50,0.00115870,19.88000000
2018-02-25 19:10:52,0.00115870,3.00000000
2018-02-25 19:10:53,0.00115810,102.80000000
2018-02-25 19:10:54,0.00115770,2.15000000
2018-02-25 19:10:55,0.00115770,50.00000000
2018-02-25 19:10:58,0.00115770,31.99000000
2018-02-25 19:11:05,0.00115720,24.21000000
2018-02-25 19:11:10,0.00115760,11.97000000
2018-02-25 19:11:12,0.00115700,2.49000000
2018-02-25 19:11:17,0.00115630,273.04000000
2018-02-25 19:11:18,0.00115630,10.11000000
2018-02-25 19:11:18,0.00115610,110.21000000
2018-02-25 19:11:23,0.00115770,1.00000000
2018-02-25 19:11:23,0.00115610,62.66000000
2018-02-25 19:11:25,0.00115770,61.53000000
2018-02-25 19:11:25,0.00115870,2.12000000
2018-02-25 19:11:25,0.00115950,5.00000000
2018-02-25 19:11:26,0.00115860,1.00000000
2018-02-25 19:11:30,0.00115740,1.00000000
2018-02-25 19:11:30,0.00115680,2.15000000
2018-02-25 19:11:30,0.00115670,4.32000000
2018-02-25 19:11:30,0.00115610,94.34000000
2018-02-25 19:11:30,0.00115600,221.49000000
2018-02-25 19:11:31,0.00115860,1.00000000
2018-02-25 19:11:35,0.00115730,1.00000000
2018-02-25 19:11:35,0.00115700,36.61000000
2018-02-25 19:11:37,0.00115930,39.10000000
2018-02-25 19:11:37,0.00115940,77.90000000
2018-02-25 19:11:37,0.00115940,34.53000000
2018-02-25 19:11:37,0.00115810,31.63000000
2018-02-25 19:11:39,0.00115950,4.32000000
2018-02-25 19:11:40,0.00115710,17.42000000
2018-02-25 19:11:40,0.00115960,17.23000000
2018-02-25 19:11:48,0.00115970,18.87000000
2018-02-25 19:11:49,0.00115890,117.62000000
2018-02-25 19:11:51,0.00115950,33.83000000
2018-02-25 19:11:54,0.00115980,10.00000000
2018-02-25 19:11:55,0.00115980,90.00000000
2018-02-25 19:11:55,0.00115990,129.47000000
2018-02-25 19:11:55,0.00116000,307.58000000
2018-02-25 19:11:55,0.00116000,514.32000000
2018-02-25 19:11:55,0.00116000,590.20000000
2018-02-25 19:11:56,0.00115960,52.37000000
2018-02-25 19:11:56,0.00115990,149.22000000
2018-02-25 19:11:59,0.00115960,200.00000000
2018-02-25 19:12:01,0.00115950,14.83000000
2018-02-25 19:12:02,0.00115900,282.86000000
2018-02-25 19:12:02,0.00115900,2.31000000
2018-02-25 19:12:05,0.00116160,59.39000000
2018-02-25 19:12:05,0.00116000,11.28000000
2018-02-25 19:12:09,0.00116160,39.04000000
2018-02-25 19:12:13,0.00116290,0.86000000
2018-02-25 19:12:13,0.00116010,10.42000000
2018-02-25 19:12:13,0.00116020,23.00000000
2018-02-25 19:12:14,0.00116020,27.00000000
2018-02-25 19:12:17,0.00116300,10.00000000
2018-02-25 19:12:18,0.00116300,0.11000000
2018-02-25 19:12:18,0.00116110,1.00000000
2018-02-25 19:12:24,0.00116220,124.87000000
2018-02-25 19:12:27,0.00116350,2.15000000
2018-02-25 19:12:33,0.00116340,7.64000000
2018-02-25 19:12:38,0.00116190,8.92000000
2018-02-25 19:12:38,0.00116350,8.27000000
2018-02-25 19:12:38,0.00116360,11.73000000
2018-02-25 19:12:40,0.00116300,27.00000000
2018-02-25 19:12:40,0.00116360,43.28000000
2018-02-25 19:12:41,0.00116350,15.36000000
2018-02-25 19:12:41,0.00116360,110.44000000
2018-02-25 19:12:45,0.00116320,46.29000000
2018-02-25 19:12:46,0.00116360,10.00000000
2018-02-25 19:12:47,0.00116360,18.99000000
2018-02-25 19:12:48,0.00116360,18.87000000
2018-02-25 19:12:48,0.00116480,50.03000000
2018-02-25 19:12:48,0.00116490,20.51000000
2018-02-25 19:12:51,0.00116490,14.06000000
2018-02-25 19:12:51,0.00116330,35.00000000
2018-02-25 19:12:51,0.00116320,101.68000000
2018-02-25 19:12:52,0.00116490,275.43000000
2018-02-25 19:12:52,0.00116500,154.57000000
2018-02-25 19:12:52,0.00116320,23.88000000
2018-02-25 19:12:52,0.00116500,373.30000000
2018-02-25 19:12:54,0.00116490,37.18000000
2018-02-25 19:12:54,0.00116500,235.21000000
2018-02-25 19:12:57,0.00116500,43.10000000
2018-02-25 19:12:57,0.00116320,3.35000000
2018-02-25 19:12:59,0.00116320,16.65000000
2018-02-25 19:12:59,0.00116230,1.35000000
2018-02-25 19:13:00,0.00116350,2.15000000
2018-02-25 19:13:00,0.00116350,3.60000000
2018-02-25 19:13:00,0.00116500,0.61000000
2018-02-25 19:13:04,0.00116420,132.28000000
2018-02-25 19:13:04,0.00116490,1.35000000
2018-02-25 19:13:04,0.00116500,641.98000000
2018-02-25 19:13:04,0.00116500,28.29000000
2018-02-25 19:13:04,0.00116500,20.34000000
2018-02-25 19:13:04,0.00116500,24.21000000
2018-02-25 19:13:04,0.00116500,1.98000000
2018-02-25 19:13:05,0.00116500,9.99000000
2018-02-25 19:13:06,0.00116510,5.50000000
2018-02-25 19:13:06,0.00116530,2.36000000
2018-02-25 19:13:09,0.00116520,11.11000000
2018-02-25 19:13:11,0.00116520,31.85000000
2018-02-25 19:13:11,0.00116530,83.25000000
2018-02-25 19:13:12,0.00116530,3.85000000
2018-02-25 19:13:16,0.00116530,17.71000000
2018-02-25 19:13:17,0.00116530,10.29000000
2018-02-25 19:13:17,0.00116590,14.84000000
2018-02-25 19:13:17,0.00116600,50.00000000
2018-02-25 19:13:18,0.00116600,10.22000000
2018-02-25 19:13:18,0.00116600,10.22000000
2018-02-25 19:13:19,0.00116640,1.00000000
2018-02-25 19:13:19,0.00116650,1.21000000
2018-02-25 19:13:19,0.00116660,1.00000000
2018-02-25 19:13:19,0.00116670,1.00000000
2018-02-25 19:13:19,0.00116680,1.00000000
2018-02-25 19:13:19,0.00116700,5.24000000
2018-02-25 19:13:20,0.00116700,18.44000000
2018-02-25 19:13:24,0.00116640,53.70000000
2018-02-25 19:13:25,0.00116700,0.86000000
2018-02-25 19:13:26,0.00116700,42.10000000
2018-02-25 19:13:26,0.00116710,12.73000000
2018-02-25 19:13:26,0.00116740,6.12000000
2018-02-25 19:13:26,0.00116750,238.13000000
2018-02-25 19:13:28,0.00116700,8.58000000
2018-02-25 19:13:28,0.00116700,1.00000000
2018-02-25 19:13:28,0.00116700,5.80000000
2018-02-25 19:13:28,0.00116710,10.83000000
2018-02-25 19:13:28,0.00116750,4.79000000
2018-02-25 19:13:28,0.00116750,19.29000000
2018-02-25 19:13:28,0.00116700,0.16000000
2018-02-25 19:13:28,0.00116610,2.00000000
2018-02-25 19:13:28,0.00116600,3.00000000
2018-02-25 19:13:28,0.00116700,3.00000000
2018-02-25 19:13:28,0.00116600,49.85000000
2018-02-25 19:13:30,0.00116600,28.00000000
2018-02-25 19:13:32,0.00116700,72.34000000
2018-02-25 19:13:32,0.00116710,2.98000000
2018-02-25 19:13:32,0.00116750,19.29000000
2018-02-25 19:13:32,0.00116800,110.00000000
2018-02-25 19:13:32,0.00116810,5.27000000
2018-02-25 19:13:32,0.00116810,1.51000000
2018-02-25 19:13:32,0.00116810,34.58000000
2018-02-25 19:13:32,0.00116810,34.58000000
2018-02-25 19:13:32,0.00116810,1.69000000
2018-02-25 19:13:32,0.00116810,17.28000000
2018-02-25 19:13:32,0.00116810,15.77000000
2018-02-25 19:13:33,0.00116810,5.00000000
2018-02-25 19:13:33,0.00116810,27.60000000
2018-02-25 19:13:34,0.00116830,1.46000000
2018-02-25 19:13:35,0.00116610,48.06000000
2018-02-25 19:13:37,0.00116830,1.52000000
2018-02-25 19:13:37,0.00116830,26.00000000
2018-02-25 19:13:38,0.00116830,1.00000000
2018-02-25 19:13:39,0.00116830,101.64000000
2018-02-25 19:13:39,0.00116600,25.00000000
2018-02-25 19:13:40,0.00116600,4.55000000
2018-02-25 19:13:40,0.00116700,49.06000000
2018-02-25 19:13:40,0.00116710,90.64000000
2018-02-25 19:13:41,0.00116600,10.00000000
2018-02-25 19:13:57,0.00116710,49.06000000
2018-02-25 19:13:57,0.00116810,12.42000000
2018-02-25 19:13:57,0.00116870,8.93000000
2018-02-25 19:13:57,0.00116890,6.02000000
2018-02-25 19:13:57,0.00116900,9.79000000
2018-02-25 19:14:01,0.00116900,15.00000000
2018-02-25 19:14:02,0.00116910,2.14000000
2018-02-25 19:14:02,0.00116900,440.58000000
2018-02-25 19:14:03,0.00116900,73.86000000
2018-02-25 19:14:03,0.00116900,283.35000000
2018-02-25 19:14:03,0.00116870,4.90000000
2018-02-25 19:14:03,0.00116900,2.37000000
2018-02-25 19:14:03,0.00116900,238.19000000
2018-02-25 19:14:03,0.00116910,6.83000000
2018-02-25 19:14:03,0.00116950,35.00000000
2018-02-25 19:14:03,0.00116960,131.09000000
2018-02-25 19:14:03,0.00116990,75.23000000
2018-02-25 19:14:03,0.00117000,196.28000000
2018-02-25 19:14:05,0.00116910,3.87000000
2018-02-25 19:14:05,0.00116910,62.26000000
2018-02-25 19:14:07,0.00116700,20.00000000
2018-02-25 19:14:08,0.00116910,0.05000000
2018-02-25 19:14:08,0.00116910,113.01000000
2018-02-25 19:14:08,0.00116910,2.45000000
2018-02-25 19:14:08,0.00116910,170.56000000
2018-02-25 19:14:09,0.00116910,74.53000000
2018-02-25 19:14:10,0.00116790,147.11000000
2018-02-25 19:14:12,0.00116690,2.13000000
2018-02-25 19:14:12,0.00116670,2.13000000
2018-02-25 19:14:13,0.00116670,15.01000000
2018-02-25 19:14:13,0.00116670,13.11000000
2018-02-25 19:14:13,0.00116670,8.78000000
2018-02-25 19:14:14,0.00116670,3.42000000
2018-02-25 19:14:14,0.00116670,85.24000000
2018-02-25 19:14:14,0.00116680,6.50000000
2018-02-25 19:14:14,0.00116900,0.88000000
2018-02-25 19:14:14,0.00116910,0.06000000
2018-02-25 19:14:14,0.00117000,1124.35000000
2018-02-25 19:14:17,0.00116760,5.36000000
2018-02-25 19:14:18,0.00116760,4.32000000
2018-02-25 19:14:21,0.00116980,3.42000000
2018-02-25 19:14:21,0.00116860,68.53000000
2018-02-25 19:14:22,0.00116760,23.88000000
2018-02-25 19:14:25,0.00116970,9.68000000
2018-02-25 19:14:25,0.00116990,3.32000000
2018-02-25 19:14:32,0.00116990,6.34000000
2018-02-25 19:14:35,0.00116780,9.51000000
2018-02-25 19:14:36,0.00116880,51.55000000
2018-02-25 19:14:36,0.00116880,102.98000000
2018-02-25 19:14:37,0.00116880,51.55000000
2018-02-25 19:14:37,0.00116990,170.17000000
2018-02-25 19:14:37,0.00116780,40.55000000
2018-02-25 19:14:37,0.00116770,55.10000000
2018-02-25 19:14:38,0.00116990,5.00000000
2018-02-25 19:14:44,0.00116910,4.10000000
2018-02-25 19:14:44,0.00116980,33.35000000
2018-02-25 19:14:44,0.00116980,69.39000000
2018-02-25 19:14:44,0.00116980,15.15000000
2018-02-25 19:14:45,0.00116980,170.38000000
2018-02-25 19:14:45,0.00116980,148.67000000
2018-02-25 19:14:45,0.00116980,44.29000000
2018-02-25 19:14:45,0.00116980,62.17000000
2018-02-25 19:14:45,0.00116980,68.13000000
2018-02-25 19:14:45,0.00116980,1.41000000
2018-02-25 19:14:47,0.00116980,1.31000000
2018-02-25 19:14:48,0.00116990,20.35000000
2018-02-25 19:14:48,0.00116980,25.00000000
2018-02-25 19:14:50,0.00116980,2.99000000
2018-02-25 19:14:52,0.00116990,29.10000000
2018-02-25 19:14:53,0.00116990,2.45000000
2018-02-25 19:14:54,0.00116990,2.34000000
2018-02-25 19:14:55,0.00116990,8.66000000
2018-02-25 19:14:56,0.00116990,6.27000000
2018-02-25 19:14:57,0.00116990,19.00000000
2018-02-25 19:14:57,0.00116990,2.04000000
2018-02-25 19:14:57,0.00116990,8.85000000
2018-02-25 19:14:58,0.00117000,141.07000000
2018-02-25 19:14:58,0.00117000,98.72000000
2018-02-25 19:14:58,0.00117000,105.23000000
2018-02-25 19:15:02,0.00117000,31.17000000
2018-02-25 19:15:02,0.00116990,45.79000000
2018-02-25 19:15:04,0.00116980,233.12000000
2018-02-25 19:15:04,0.00116980,46.62000000
2018-02-25 19:15:06,0.00116960,2.14000000
2018-02-25 19:15:07,0.00116860,161.77000000
2018-02-25 19:15:07,0.00116770,2.16000000
2018-02-25 19:15:08,0.00116960,3.59000000
2018-02-25 19:15:09,0.00116960,2.00000000
2018-02-25 19:15:10,0.00116770,2.14000000
2018-02-25 19:15:10,0.00116860,161.77000000
2018-02-25 19:15:10,0.00116960,21.59000000
2018-02-25 19:15:14,0.00116800,89.32000000
2018-02-25 19:15:15,0.00116800,43.14000000
2018-02-25 19:15:15,0.00116770,62.90000000
2018-02-25 19:15:18,0.00116770,90.75000000
2018-02-25 19:15:18,0.00116770,20.00000000
2018-02-25 19:15:20,0.00116660,16.17000000
2018-02-25 19:15:20,0.00116610,6.09000000
2018-02-25 19:15:22,0.00116770,20.00000000
2018-02-25 19:15:26,0.00116770,83.19000000
2018-02-25 19:15:27,0.00116680,62.24000000
2018-02-25 19:15:36,0.00116760,62.24000000
2018-02-25 19:15:37,0.00116880,75.25000000
2018-02-25 19:15:39,0.00116880,8.56000000
2018-02-25 19:15:43,0.00116760,83.80000000
2018-02-25 19:15:43,0.00116700,101.10000000
2018-02-25 19:15:43,0.00116680,90.37000000
2018-02-25 19:15:43,0.00116670,151.82000000
2018-02-25 19:15:43,0.00116770,4.27000000
2018-02-25 19:15:44,0.00116880,87.12000000
2018-02-25 19:15:46,0.00116730,10.44000000
2018-02-25 19:15:46,0.00116710,85.19000000
2018-02-25 19:15:46,0.00116670,49.04000000
2018-02-25 19:15:46,0.00116660,148.50000000
2018-02-25 19:15:46,0.00116640,6.03000000
2018-02-25 19:15:48,0.00116880,81.56000000
2018-02-25 19:15:51,0.00116880,6.03000000
2018-02-25 19:15:51,0.00116890,6.03000000
2018-02-25 19:15:51,0.00116890,7.36000000
2018-02-25 19:15:51,0.00116900,7.26000000
2018-02-25 19:15:51,0.00116960,43.46000000
2018-02-25 19:15:51,0.00116990,41.06000000
2018-02-25 19:15:51,0.00117000,155.29000000
2018-02-25 19:15:51,0.00116900,1.00000000
2018-02-25 19:15:53,0.00116780,1.00000000
2018-02-25 19:15:53,0.00116700,2.13000000
2018-02-25 19:15:53,0.00116690,17.13000000
2018-02-25 19:15:53,0.00116670,81.55000000
2018-02-25 19:15:53,0.00116660,183.00000000
2018-02-25 19:15:53,0.00116610,14.39000000
2018-02-25 19:15:53,0.00116900,1.00000000
2018-02-25 19:15:55,0.00116980,1.00000000
2018-02-25 19:15:55,0.00116890,1.34000000
2018-02-25 19:15:55,0.00116890,34.99000000
2018-02-25 19:15:55,0.00116890,58.62000000
2018-02-25 19:15:56,0.00116880,71.16000000
2018-02-25 19:15:56,0.00116880,18.85000000
2018-02-25 19:15:59,0.00116890,2.97000000
2018-02-25 19:16:01,0.00116970,2.13000000
2018-02-25 19:16:01,0.00117000,170.38000000
2018-02-25 19:16:02,0.00116900,4.49000000
2018-02-25 19:16:05,0.00117000,1.55000000
2018-02-25 19:16:05,0.00117000,1.55000000
2018-02-25 19:16:06,0.00116940,12.02000000
2018-02-25 19:16:10,0.00116900,2.98000000
2018-02-25 19:16:10,0.00116980,2.14000000
2018-02-25 19:16:14,0.00116980,0.10000000
2018-02-25 19:16:17,0.00116940,121.75000000
2018-02-25 19:16:18,0.00116940,2.59000000
2018-02-25 19:16:20,0.00116940,3.04000000
2018-02-25 19:16:22,0.00116950,2.15000000
2018-02-25 19:16:24,0.00116950,2.78000000
2018-02-25 19:16:25,0.00116960,51.29000000
2018-02-25 19:16:26,0.00116960,13.71000000
2018-02-25 19:16:26,0.00116980,170.18000000
2018-02-25 19:16:30,0.00116980,44.08000000
2018-02-25 19:16:40,0.00116980,13.94000000
2018-02-25 19:16:41,0.00116960,19.43000000
2018-02-25 19:16:41,0.00116980,4.48000000
2018-02-25 19:16:42,0.00116980,7.07000000
2018-02-25 19:16:42,0.00116980,81.90000000
2018-02-25 19:16:44,0.00116980,1.00000000
2018-02-25 19:16:44,0.00116950,9.13000000
2018-02-25 19:16:44,0.00116940,28.08000000
2018-02-25 19:16:44,0.00116920,1.00000000
2018-02-25 19:16:44,0.00116900,4.61000000
2018-02-25 19:16:44,0.00116980,0.19000000
2018-02-25 19:16:44,0.00117000,461.25000000
2018-02-25 19:16:48,0.00116950,40.23000000
2018-02-25 19:16:49,0.00117000,0.19000000
2018-02-25 19:16:49,0.00117030,181.14000000
2018-02-25 19:16:49,0.00117050,323.67000000
2018-02-25 19:16:50,0.00117030,3.00000000
2018-02-25 19:16:50,0.00117050,10.00000000
2018-02-25 19:16:50,0.00117050,10.00000000
2018-02-25 19:16:50,0.00117050,10.00000000
2018-02-25 19:16:50,0.00117050,8.33000000
2018-02-25 19:16:51,0.00117050,1.90000000
2018-02-25 19:16:52,0.00117040,17.10000000
2018-02-25 19:16:52,0.00117050,71.88000000
2018-02-25 19:16:53,0.00117050,535.28000000
2018-02-25 19:16:53,0.00117050,40.32000000
2018-02-25 19:16:54,0.00117050,53.01000000
2018-02-25 19:16:57,0.00117120,8.33000000
2018-02-25 19:16:57,0.00117130,2.82000000
2018-02-25 19:16:58,0.00117080,105.43000000
2018-02-25 19:17:04,0.00117050,5.06000000
2018-02-25 19:17:07,0.00117080,11.00000000
2018-02-25 19:17:07,0.00117080,23.00000000
2018-02-25 19:17:07,0.00117080,30.00000000
2018-02-25 19:17:07,0.00117080,5.92000000
2018-02-25 19:17:12,0.00117130,8.26000000
2018-02-25 19:17:13,0.00117130,3.03000000
2018-02-25 19:17:14,0.00117130,2.97000000
2018-02-25 19:17:15,0.00117180,2.00000000
2018-02-25 19:17:16,0.00117150,5.29000000
2018-02-25 19:17:16,0.00117150,21.56000000
2018-02-25 19:17:17,0.00117150,5.29000000
2018-02-25 19:17:17,0.00117130,4.71000000
2018-02-25 19:17:19,0.00117180,47.95000000
2018-02-25 19:17:19,0.00117210,4.57000000
2018-02-25 19:17:19,0.00117230,17.48000000
2018-02-25 19:17:19,0.00117230,78.36000000
2018-02-25 19:17:20,0.00117230,17.73000000
2018-02-25 19:17:21,0.00117230,0.01000000
2018-02-25 19:17:21,0.00117250,15.88000000
2018-02-25 19:17:22,0.00117250,0.01000000
2018-02-25 19:17:22,0.00117250,4.78000000
2018-02-25 19:17:22,0.00117290,2.38000000
2018-02-25 19:17:22,0.00117300,8.73000000
2018-02-25 19:17:23,0.00117300,5.00000000
2018-02-25 19:17:24,0.00117300,0.49000000
2018-02-25 19:17:24,0.00117320,5.44000000
2018-02-25 19:17:24,0.00117390,64.40000000
2018-02-25 19:17:25,0.00117390,5.00000000
2018-02-25 19:17:26,0.00117390,8.52000000
2018-02-25 19:17:27,0.00117390,2.78000000
2018-02-25 19:17:27,0.00117440,17.69000000
2018-02-25 19:17:30,0.00117400,1.00000000
2018-02-25 19:17:30,0.00117440,12.23000000
2018-02-25 19:17:30,0.00117440,12.26000000
2018-02-25 19:17:30,0.00117480,13.18000000
2018-02-25 19:17:30,0.00117480,3.05000000
2018-02-25 19:17:30,0.00117500,17.89000000
2018-02-25 19:17:30,0.00117500,11.63000000
2018-02-25 19:17:31,0.00117500,29.77000000
2018-02-25 19:17:31,0.00117500,70.00000000
2018-02-25 19:17:31,0.00117500,40.28000000
2018-02-25 19:17:31,0.00117500,70.00000000
2018-02-25 19:17:31,0.00117500,25.38000000
2018-02-25 19:17:31,0.00117500,40.28000000
2018-02-25 19:17:31,0.00117500,5.10000000
2018-02-25 19:17:31,0.00117500,5.00000000
2018-02-25 19:17:32,0.00117390,112.84000000
2018-02-25 19:17:33,0.00117400,23.00000000
2018-02-25 19:17:33,0.00117400,19.03000000
2018-02-25 19:17:33,0.00117500,30.48000000
2018-02-25 19:17:33,0.00117500,106.18000000
2018-02-25 19:17:35,0.00117500,20.87000000
2018-02-25 19:17:35,0.00117500,17.39000000
2018-02-25 19:17:35,0.00117500,20.87000000
2018-02-25 19:17:35,0.00117500,20.87000000
2018-02-25 19:17:35,0.00117500,8.75000000
2018-02-25 19:17:35,0.00117500,10.11000000
2018-02-25 19:17:35,0.00117390,20.87000000
2018-02-25 19:17:35,0.00117500,5.00000000
2018-02-25 19:17:36,0.00117500,287.00000000
2018-02-25 19:17:36,0.00117500,69.96000000
2018-02-25 19:17:36,0.00117500,26.50000000
2018-02-25 19:17:36,0.00117530,17.13000000
2018-02-25 19:17:36,0.00117560,9.48000000
2018-02-25 19:17:36,0.00117570,18.19000000
2018-02-25 19:17:36,0.00117590,3.32000000
2018-02-25 19:17:36,0.00117640,3.32000000
2018-02-25 19:17:36,0.00117640,15.89000000
2018-02-25 19:17:37,0.00117500,169.27000000
2018-02-25 19:17:37,0.00117590,0.04000000
2018-02-25 19:17:38,0.00117500,5.29000000
2018-02-25 19:17:38,0.00117390,9.80000000
2018-02-25 19:17:39,0.00117390,109.33000000
2018-02-25 19:17:39,0.00117380,1.00000000
2018-02-25 19:17:39,0.00117380,1.00000000
2018-02-25 19:17:39,0.00117380,17.22000000
2018-02-25 19:17:39,0.00117500,411.33000000
2018-02-25 19:17:40,0.00117500,86.21000000
2018-02-25 19:17:40,0.00117390,147.84000000
2018-02-25 19:17:40,0.00117590,127.53000000
2018-02-25 19:17:40,0.00117390,273.61000000
2018-02-25 19:17:40,0.00117390,50.54000000
2018-02-25 19:17:40,0.00117390,25.50000000
2018-02-25 19:17:40,0.00117390,311.22000000
2018-02-25 19:17:40,0.00117580,50.62000000
2018-02-25 19:17:40,0.00117590,278.31000000
2018-02-25 19:17:40,0.00117640,6.60000000
2018-02-25 19:17:40,0.00117660,19.18000000
2018-02-25 19:17:42,0.00117660,1.94000000
2018-02-25 19:17:42,0.00117500,7.11000000
2018-02-25 19:17:42,0.00117410,9.64000000
2018-02-25 19:17:42,0.00117410,7.39000000
2018-02-25 19:17:42,0.00117390,7.61000000
2018-02-25 19:17:42,0.00117500,35.69000000
2018-02-25 19:17:43,0.00117500,19.27000000
2018-02-25 19:17:44,0.00117500,311.23000000
2018-02-25 19:17:44,0.00117590,21.65000000
2018-02-25 19:17:44,0.00117590,5.00000000
2018-02-25 19:17:44,0.00117590,2.16000000
2018-02-25 19:17:44,0.00117590,2.16000000
2018-02-25 19:17:45,0.00117590,12.51000000
2018-02-25 19:17:46,0.00117590,1.80000000
2018-02-25 19:17:46,0.00117590,8.16000000
2018-02-25 19:17:46,0.00117590,148.42000000
2018-02-25 19:17:46,0.00117590,492.89000000
2018-02-25 19:17:46,0.00117590,1311.84000000
2018-02-25 19:17:46,0.00117590,101.49000000
2018-02-25 19:17:46,0.00117500,87.59000000
2018-02-25 19:17:46,0.00117400,11.99000000
2018-02-25 19:17:46,0.00117320,1.71000000
2018-02-25 19:17:46,0.00117300,2.42000000
2018-02-25 19:17:46,0.00117370,2.15000000
2018-02-25 19:17:48,0.00117650,17.03000000
2018-02-25 19:17:48,0.00117660,7.82000000
2018-02-25 19:17:48,0.00117400,25.82000000
2018-02-25 19:17:50,0.00117420,16.39000000
2018-02-25 19:17:50,0.00117420,2.59000000
2018-02-25 19:17:51,0.00117420,0.88000000
2018-02-25 19:17:51,0.00117550,322.72000000
2018-02-25 19:17:51,0.00117410,2.15000000
2018-02-25 19:17:52,0.00117520,34.10000000
2018-02-25 19:17:52,0.00117580,47.83000000
2018-02-25 19:17:52,0.00117590,6.54000000
2018-02-25 19:17:52,0.00117640,4.14000000
2018-02-25 19:17:52,0.00117660,54.01000000
2018-02-25 19:17:52,0.00117410,1.72000000
2018-02-25 19:17:52,0.00117410,1.04000000
2018-02-25 19:17:53,0.00117590,2.58000000
2018-02-25 19:17:53,0.00117590,23.27000000
2018-02-25 19:17:53,0.00117500,10.00000000
2018-02-25 19:17:53,0.00117420,1.81000000
2018-02-25 19:17:53,0.00117420,3.01000000
2018-02-25 19:17:54,0.00117420,21.55000000
2018-02-25 19:17:54,0.00117420,10.48000000
2018-02-25 19:17:54,0.00117420,5.12000000
2018-02-25 19:17:54,0.00117650,38.33000000
2018-02-25 19:17:54,0.00117660,62.80000000
2018-02-25 19:17:55,0.00117420,5.12000000
2018-02-25 19:17:55,0.00117420,2.16000000
2018-02-25 19:17:55,0.00117410,6.93000000
2018-02-25 19:17:57,0.00117580,7.63000000
2018-02-25 19:17:57,0.00117350,1.72000000
2018-02-25 19:17:57,0.00117580,41.62000000
2018-02-25 19:17:57,0.00117590,6.04000000
2018-02-25 19:17:57,0.00117640,6.93000000
2018-02-25 19:17:57,0.00117660,159.41000000
2018-02-25 19:17:57,0.00117360,8.72000000
2018-02-25 19:17:58,0.00117370,2.93000000
2018-02-25 19:18:00,0.00117370,4.31000000
2018-02-25 19:18:00,0.00117370,2.16000000
2018-02-25 19:18:01,0.00117370,7.64000000
2018-02-25 19:18:01,0.00117360,3.31000000
2018-02-25 19:18:01,0.00117360,1.01000000
2018-02-25 19:18:01,0.00117300,2.38000000
2018-02-25 19:18:01,0.00117250,40.63000000
2018-02-25 19:18:01,0.00117230,24.46000000
2018-02-25 19:18:02,0.00117220,8.72000000
2018-02-25 19:18:02,0.00117230,14.28000000
2018-02-25 19:18:03,0.00117150,1.98000000
2018-02-25 19:18:03,0.00117230,3.14000000
2018-02-25 19:18:03,0.00117400,2.35000000
2018-02-25 19:18:03,0.00117150,3.46000000
2018-02-25 19:18:03,0.00117160,1.12000000
2018-02-25 19:18:04,0.00117160,3.79000000
2018-02-25 19:18:04,0.00117160,2.59000000
2018-02-25 19:18:04,0.00117400,2.07000000
2018-02-25 19:18:04,0.00117160,1.21000000
2018-02-25 19:18:04,0.00117160,1.90000000
2018-02-25 19:18:04,0.00117160,5.08000000
2018-02-25 19:18:04,0.00117160,3.02000000
2018-02-25 19:18:04,0.00117170,2.59000000
2018-02-25 19:18:05,0.00117180,12.06000000
2018-02-25 19:18:05,0.00117180,2.15000000
2018-02-25 19:18:05,0.00117180,1.64000000
2018-02-25 19:18:05,0.00117420,1.00000000
2018-02-25 19:18:05,0.00117180,61.96000000
2018-02-25 19:18:05,0.00117170,29.01000000
2018-02-25 19:18:05,0.00117270,1.00000000
2018-02-25 19:18:05,0.00117170,5.92000000
2018-02-25 19:18:05,0.00117170,1.00000000
2018-02-25 19:18:06,0.00117170,5.95000000
2018-02-25 19:18:06,0.00117170,5.74000000
2018-02-25 19:18:06,0.00117170,3.88000000
2018-02-25 19:18:06,0.00117180,2.12000000
2018-02-25 19:18:06,0.00117170,0.05000000
2018-02-25 19:18:06,0.00117170,6.84000000
2018-02-25 19:18:06,0.00117170,2.58000000
2018-02-25 19:18:07,0.00117170,1.04000000
2018-02-25 19:18:07,0.00117170,1.30000000
2018-02-25 19:18:07,0.00117170,1.03000000
2018-02-25 19:18:08,0.00117170,15.55000000
2018-02-25 19:18:08,0.00117380,1.02000000
2018-02-25 19:18:08,0.00117170,2.60000000
2018-02-25 19:18:08,0.00117170,2.84000000
2018-02-25 19:18:08,0.00117160,2.16000000
2018-02-25 19:18:09,0.00117160,1.30000000
2018-02-25 19:18:09,0.00117330,96.52000000
2018-02-25 19:18:09,0.00117340,22.02000000
2018-02-25 19:18:10,0.00117340,2.12000000
2018-02-25 19:18:12,0.00117160,7.79000000
2018-02-25 19:18:12,0.00117250,120.09000000
2018-02-25 19:18:12,0.00117160,14.82000000
2018-02-25 19:18:14,0.00117370,6.04000000
2018-02-25 19:18:14,0.00117380,10.79000000
2018-02-25 19:18:15,0.00117400,0.75000000
2018-02-25 19:18:16,0.00117400,2.98000000
2018-02-25 19:18:16,0.00117380,2.16000000
2018-02-25 19:18:16,0.00117380,2.32000000
2018-02-25 19:18:16,0.00117380,2.59000000
2018-02-25 19:18:17,0.00117380,13.36000000
2018-02-25 19:18:17,0.00117380,2.15000000
2018-02-25 19:18:17,0.00117380,0.95000000
2018-02-25 19:18:19,0.00117380,2.16000000
2018-02-25 19:18:19,0.00117380,2.16000000
2018-02-25 19:18:20,0.00117380,3.41000000
2018-02-25 19:18:20,0.00117380,1.88000000
2018-02-25 19:18:21,0.00117380,5.30000000
2018-02-25 19:18:21,0.00117390,6.82000000
2018-02-25 19:18:21,0.00117400,12.84000000
2018-02-25 19:18:21,0.00117400,5.29000000
2018-02-25 19:18:21,0.00117380,75.82000000
2018-02-25 19:18:23,0.00117370,37.52000000
2018-02-25 19:18:23,0.00117380,38.40000000
2018-02-25 19:18:23,0.00117340,22.52000000
2018-02-25 19:18:23,0.00117170,1.00000000
2018-02-25 19:18:23,0.00117170,3.53000000
2018-02-25 19:18:23,0.00117170,1.00000000
2018-02-25 19:18:23,0.00117170,0.99000000
2018-02-25 19:18:24,0.00117170,8.48000000
2018-02-25 19:18:26,0.00117160,2.84000000
2018-02-25 19:18:26,0.00117160,43.92000000
2018-02-25 19:18:27,0.00117160,3.45000000
2018-02-25 19:18:27,0.00117160,5.68000000
2018-02-25 19:18:27,0.00117160,1.64000000
2018-02-25 19:18:28,0.00117160,1.89000000
2018-02-25 19:18:28,0.00117160,2.16000000
2018-02-25 19:18:28,0.00117380,128.90000000
2018-02-25 19:18:28,0.00117160,12.93000000
2018-02-25 19:18:28,0.00117260,41.51000000
2018-02-25 19:18:28,0.00117160,4.31000000
2018-02-25 19:18:29,0.00117160,1.08000000
2018-02-25 19:18:29,0.00117380,6.39000000
2018-02-25 19:18:29,0.00117160,1.04000000
2018-02-25 19:18:29,0.00117160,4.40000000
2018-02-25 19:18:30,0.00117380,13.50000000
2018-02-25 19:18:32,0.00117160,2.07000000
2018-02-25 19:18:32,0.00117160,5.19000000
2018-02-25 19:18:32,0.00117160,8.04000000
2018-02-25 19:18:32,0.00117150,11.30000000
2018-02-25 19:18:32,0.00117140,2.13000000
2018-02-25 19:18:32,0.00117130,68.03000000
2018-02-25 19:18:32,0.00117100,0.41000000
2018-02-25 19:18:33,0.00117110,1.73000000
2018-02-25 19:18:34,0.00117370,2.00000000
2018-02-25 19:18:34,0.00117110,2.96000000
2018-02-25 19:18:35,0.00117110,1.90000000
2018-02-25 19:18:36,0.00117110,10.64000000
2018-02-25 19:18:36,0.00117110,6.81000000
2018-02-25 19:18:37,0.00117320,2.58000000
2018-02-25 19:18:39,0.00117360,1.02000000
2018-02-25 19:18:41,0.00117360,9.02000000
2018-02-25 19:18:41,0.00117360,102.99000000
2018-02-25 19:18:41,0.00117360,158.84000000
2018-02-25 19:18:41,0.00117340,127.51000000
2018-02-25 19:18:42,0.00117370,5.97000000
2018-02-25 19:18:42,0.00117370,36.40000000
2018-02-25 19:18:44,0.00117360,71.17000000
2018-02-25 19:18:44,0.00117320,13.46000000
2018-02-25 19:18:44,0.00117100,108.36000000
2018-02-25 19:18:44,0.00117070,54.62000000
2018-02-25 19:18:44,0.00117060,81.56000000
2018-02-25 19:18:44,0.00117050,36.33000000
2018-02-25 19:18:44,0.00117040,188.58000000
2018-02-25 19:18:44,0.00117030,2.58000000
2018-02-25 19:18:44,0.00117000,1043.45000000
2018-02-25 19:18:44,0.00117270,1.00000000
2018-02-25 19:18:44,0.00117370,1.00000000
2018-02-25 19:18:44,0.00117360,81.56000000
2018-02-25 19:18:45,0.00117360,154.38000000
2018-02-25 19:18:45,0.00117370,13.14000000
2018-02-25 19:18:45,0.00117380,181.01000000
2018-02-25 19:18:45,0.00117400,50.00000000
2018-02-25 19:18:47,0.00117360,2.78000000
2018-02-25 19:18:48,0.00117410,4.14000000
2018-02-25 19:18:48,0.00117410,4.13000000
2018-02-25 19:18:48,0.00117410,4.13000000
2018-02-25 19:18:48,0.00117410,4.13000000
2018-02-25 19:18:48,0.00117360,4.13000000
2018-02-25 19:18:49,0.00117410,33.47000000
2018-02-25 19:18:49,0.00117410,16.05000000
2018-02-25 19:18:49,0.00117400,159.62000000
2018-02-25 19:18:49,0.00117500,31.00000000
2018-02-25 19:18:50,0.00117400,7.11000000
2018-02-25 19:18:51,0.00117500,2.89000000
2018-02-25 19:18:52,0.00117500,154.43000000
2018-02-25 19:18:52,0.00117590,12.74000000
2018-02-25 19:18:53,0.00117400,1.22000000
2018-02-25 19:18:54,0.00117490,15.00000000
2018-02-25 19:18:54,0.00117580,4.27000000
2018-02-25 19:18:54,0.00117590,30.73000000
2018-02-25 19:18:55,0.00117400,1.89000000
2018-02-25 19:18:56,0.00117590,341.00000000
2018-02-25 19:18:56,0.00117490,48.92000000
2018-02-25 19:18:58,0.00117580,2.49000000
2018-02-25 19:18:58,0.00117590,39.09000000
2018-02-25 19:18:59,0.00117590,18.18000000
2018-02-25 19:19:00,0.00117500,2.76000000
2018-02-25 19:19:00,0.00117490,9.47000000
2018-02-25 19:19:01,0.00117490,20.89000000
2018-02-25 19:19:02,0.00117490,33.24000000
2018-02-25 19:19:03,0.00117490,18.16000000
2018-02-25 19:19:03,0.00117400,9.34000000
2018-02-25 19:19:03,0.00117370,147.70000000
2018-02-25 19:19:03,0.00117360,18.74000000
2018-02-25 19:19:04,0.00117490,13.87000000
2018-02-25 19:19:04,0.00117490,151.35000000
2018-02-25 19:19:04,0.00117580,124.50000000
2018-02-25 19:19:05,0.00117450,1.00000000
2018-02-25 19:19:05,0.00117400,4.24000000
2018-02-25 19:19:05,0.00117400,242.59000000
2018-02-25 19:19:09,0.00117420,81.11000000
2018-02-25 19:19:09,0.00117410,578.61000000
2018-02-25 19:19:11,0.00117550,170.14000000
2018-02-25 19:19:11,0.00117570,81.11000000
2018-02-25 19:19:11,0.00117580,301.62000000
2018-02-25 19:19:11,0.00117590,60.94000000
2018-02-25 19:19:11,0.00117600,72.09000000
2018-02-25 19:19:14,0.00117500,134.92000000
2018-02-25 19:19:14,0.00117600,35.56000000
2018-02-25 19:19:14,0.00117600,437.64000000
2018-02-25 19:19:15,0.00117500,134.92000000
2018-02-25 19:19:15,0.00117420,80.86000000
2018-02-25 19:19:15,0.00117410,98.54000000
2018-02-25 19:19:15,0.00117400,211.72000000
2018-02-25 19:19:16,0.00117600,4.93000000
2018-02-25 19:19:16,0.00117600,61.75000000
2018-02-25 19:19:17,0.00117590,80.86000000
2018-02-25 19:19:17,0.00117600,80.91000000
2018-02-25 19:19:17,0.00117600,13.60000000
2018-02-25 19:19:17,0.00117510,4.23000000
2018-02-25 19:19:17,0.00117410,19.20000000
2018-02-25 19:19:18,0.00117550,1.00000000
2018-02-25 19:19:19,0.00117550,1.87000000
2018-02-25 19:19:20,0.00117550,27.18000000
2018-02-25 19:19:22,0.00117550,38.93000000
2018-02-25 19:19:23,0.00117480,2.02000000
2018-02-25 19:19:23,0.00117550,77.79000000
2018-02-25 19:19:23,0.00117550,9.77000000
2018-02-25 19:19:25,0.00117540,17.08000000
2018-02-25 19:19:26,0.00117580,56.34000000
2018-02-25 19:19:29,0.00117600,4.00000000
2018-02-25 19:19:29,0.00117640,9.82000000
2018-02-25 19:19:29,0.00117660,121.77000000
2018-02-25 19:19:30,0.00117660,170.14000000
2018-02-25 19:19:31,0.00117700,10.51000000
2018-02-25 19:19:31,0.00117720,40.44000000
2018-02-25 19:19:31,0.00117730,37.23000000
2018-02-25 19:19:33,0.00117660,163.58000000
2018-02-25 19:19:33,0.00117660,5.00000000
2018-02-25 19:19:33,0.00117660,25.62000000
2018-02-25 19:19:33,0.00117660,5.50000000
2018-02-25 19:19:33,0.00117730,15.41000000
2018-02-25 19:19:33,0.00117770,11.10000000
2018-02-25 19:19:33,0.00117780,2.55000000
2018-02-25 19:19:35,0.00117780,5.00000000
2018-02-25 19:19:36,0.00117780,0.50000000
2018-02-25 19:19:37,0.00117790,21.99000000
2018-02-25 19:19:37,0.00117780,5.00000000
2018-02-25 19:19:37,0.00117660,0.15000000
2018-02-25 19:19:37,0.00117670,8.49000000
2018-02-25 19:19:37,0.00117660,141.40000000
2018-02-25 19:19:37,0.00117660,1.00000000
2018-02-25 19:19:38,0.00117660,7.53000000
2018-02-25 19:19:38,0.00117660,11.56000000
2018-02-25 19:19:40,0.00117790,0.56000000
2018-02-25 19:19:40,0.00117800,21.48000000
2018-02-25 19:19:40,0.00117810,27.77000000
2018-02-25 19:19:41,0.00117810,18.21000000
2018-02-25 19:19:41,0.00117710,124.12000000
2018-02-25 19:19:41,0.00117710,1.70000000
2018-02-25 19:19:42,0.00117830,3.49000000
2018-02-25 19:19:42,0.00117850,2.01000000
2018-02-25 19:19:42,0.00117850,16.04000000
2018-02-25 19:19:42,0.00117900,42.85000000
2018-02-25 19:19:42,0.00117920,4.71000000
2018-02-25 19:19:42,0.00117960,185.74000000
2018-02-25 19:19:42,0.00117970,89.94000000
2018-02-25 19:19:43,0.00117970,5.31000000
2018-02-25 19:19:43,0.00117970,32.26000000
2018-02-25 19:19:44,0.00117990,1.82000000
2018-02-25 19:19:45,0.00117990,51.92000000
2018-02-25 19:19:46,0.00117970,10.72000000
2018-02-25 19:19:47,0.00117990,85.08000000
2018-02-25 19:19:47,0.00117990,25.32000000
2018-02-25 19:19:47,0.00117760,25.32000000
2018-02-25 19:19:48,0.00117990,2.83000000
2018-02-25 19:19:48,0.00117990,2.36000000
2018-02-25 19:19:48,0.00117990,2.83000000
2018-02-25 19:19:48,0.00117780,2.83000000
2018-02-25 19:19:48,0.00117780,0.15000000
2018-02-25 19:19:48,0.00117750,1.98000000
2018-02-25 19:19:49,0.00117970,4.92000000
2018-02-25 19:19:49,0.00117970,20.40000000
2018-02-25 19:19:50,0.00117970,80.58000000
2018-02-25 19:19:50,0.00117980,10.00000000
2018-02-25 19:19:51,0.00117770,9.14000000
2018-02-25 19:19:51,0.00117740,25.74000000
2018-02-25 19:19:51,0.00117710,16.51000000
2018-02-25 19:19:51,0.00117690,4.26000000
2018-02-25 19:19:51,0.00117650,33.99000000
2018-02-25 19:19:51,0.00117590,80.90000000
2018-02-25 19:19:51,0.00117580,147.43000000
2018-02-25 19:19:51,0.00117550,62.13000000
2018-02-25 19:19:51,0.00117500,57.10000000
2018-02-25 19:19:52,0.00117710,1.00000000
2018-02-25 19:19:52,0.00117610,1.16000000
2018-02-25 19:19:52,0.00117770,1.00000000
2018-02-25 19:19:53,0.00117870,16.98000000
2018-02-25 19:19:53,0.00117970,80.90000000
2018-02-25 19:19:53,0.00117980,206.00000000
2018-02-25 19:19:53,0.00117990,787.68000000
2018-02-25 19:19:53,0.00118000,460.75000000
2018-02-25 19:19:53,0.00118030,11.23000000
2018-02-25 19:19:53,0.00118090,50.00000000
2018-02-25 19:19:53,0.00118130,13.33000000
2018-02-25 19:19:53,0.00118150,9.00000000
2018-02-25 19:19:53,0.00118170,9.29000000
2018-02-25 19:19:53,0.00118200,354.84000000
2018-02-25 19:19:54,0.00117960,83.93000000
2018-02-25 19:19:54,0.00117860,3.44000000
2018-02-25 19:19:55,0.00117860,2.12000000
2018-02-25 19:19:55,0.00117760,61.63000000
2018-02-25 19:19:56,0.00117760,2.12000000
2018-02-25 19:19:56,0.00117750,1.32000000
2018-02-25 19:19:56,0.00117750,1.54000000
2018-02-25 19:19:56,0.00117750,2.56000000
2018-02-25 19:19:57,0.00117890,85.09000000
2018-02-25 19:19:57,0.00117900,412.77000000
2018-02-25 19:19:57,0.00118190,3.44000000
2018-02-25 19:19:57,0.00118200,268.70000000
2018-02-25 19:19:57,0.00117880,2.12000000
2018-02-25 19:19:57,0.00117920,2.56000000
2018-02-25 19:19:57,0.00117920,2.58000000
2018-02-25 19:19:57,0.00117920,2.15000000
2018-02-25 19:19:57,0.00117920,1.98000000
2018-02-25 19:19:57,0.00117930,2.38000000
2018-02-25 19:19:58,0.00117930,0.01000000
2018-02-25 19:19:59,0.00118190,4.26000000
2018-02-25 19:19:59,0.00118200,20.54000000
2018-02-25 19:19:59,0.00117950,1.89000000
2018-02-25 19:20:01,0.00117950,28.53000000
2018-02-25 19:20:01,0.00118200,17.90000000
2018-02-25 19:20:02,0.00117970,50.00000000
2018-02-25 19:20:02,0.00117970,2.07000000
2018-02-25 19:20:02,0.00117960,2.22000000
2018-02-25 19:20:02,0.00117960,3.94000000
2018-02-25 19:20:02,0.00117960,10.79000000
2018-02-25 19:20:02,0.00117950,1.00000000
2018-02-25 19:20:02,0.00117950,9.28000000
2018-02-25 19:20:02,0.00117950,16.00000000
2018-02-25 19:20:02,0.00117950,9.27000000
2018-02-25 19:20:02,0.00117950,7.73000000
2018-02-25 19:20:02,0.00117950,9.28000000
2018-02-25 19:20:02,0.00117950,4.33000000
2018-02-25 19:20:02,0.00117950,4.32000000
2018-02-25 19:20:02,0.00118000,0.86000000
2018-02-25 19:20:04,0.00117940,5.16000000
2018-02-25 19:20:06,0.00117920,8.75000000
2018-02-25 19:20:06,0.00117850,1.00000000
2018-02-25 19:20:06,0.00117760,1.00000000
2018-02-25 19:20:06,0.00117810,45.00000000
2018-02-25 19:20:07,0.00117810,23.00000000
2018-02-25 19:20:07,0.00117760,2.15000000
2018-02-25 19:20:07,0.00117760,41.85000000
2018-02-25 19:20:08,0.00117810,1.35000000
2018-02-25 19:20:08,0.00117810,1.62000000
2018-02-25 19:20:08,0.00117810,0.90000000
2018-02-25 19:20:08,0.00117810,0.45000000
2018-02-25 19:20:08,0.00117790,4.91000000
2018-02-25 19:20:08,0.00117790,17.27000000
2018-02-25 19:20:09,0.00117790,3.97000000
2018-02-25 19:20:09,0.00117790,2.15000000
2018-02-25 19:20:09,0.00117930,8.64000000
2018-02-25 19:20:09,0.00117940,3.19000000
2018-02-25 19:20:09,0.00117790,5.06000000
2018-02-25 19:20:10,0.00117860,149.75000000
2018-02-25 19:20:10,0.00117790,1.80000000
2018-02-25 19:20:10,0.00117950,1.00000000
2018-02-25 19:20:11,0.00117790,8.08000000
2018-02-25 19:20:11,0.00117790,2.85000000
2018-02-25 19:20:11,0.00117790,4.66000000
2018-02-25 19:20:11,0.00117790,2.58000000
2018-02-25 19:20:11,0.00117790,3.58000000
2018-02-25 19:20:11,0.00117790,3.24000000
2018-02-25 19:20:11,0.00117790,2.15000000
2018-02-25 19:20:11,0.00117790,33.88000000
2018-02-25 19:20:12,0.00117790,1.30000000
2018-02-25 19:20:12,0.00117790,37.10000000
2018-02-25 19:20:12,0.00117790,3.88000000
2018-02-25 19:20:12,0.00117790,1.71000000
2018-02-25 19:20:12,0.00117800,4.32000000
2018-02-25 19:20:12,0.00117800,24.25000000
2018-02-25 19:20:12,0.00117800,3.02000000
2018-02-25 19:20:13,0.00117800,8.77000000
2018-02-25 19:20:13,0.00117800,1.72000000
2018-02-25 19:20:13,0.00117790,2.16000000
2018-02-25 19:20:13,0.00117790,17.07000000
2018-02-25 19:20:14,0.00117900,23.00000000
2018-02-25 19:20:14,0.00117840,2.02000000
2018-02-25 19:20:14,0.00117790,2.19000000
2018-02-25 19:20:14,0.00117790,1.43000000
2018-02-25 19:20:15,0.00117820,5.29000000
2018-02-25 19:20:16,0.00117820,0.95000000
2018-02-25 19:20:16,0.00117820,2.14000000
2018-02-25 19:20:18,0.00117850,1.02000000
2018-02-25 19:20:18,0.00117890,1.19000000
2018-02-25 19:20:19,0.00117850,1.00000000
2018-02-25 19:20:19,0.00117830,13.48000000
2018-02-25 19:20:19,0.00117830,30.39000000
2018-02-25 19:20:19,0.00117820,26.62000000
2018-02-25 19:20:19,0.00117800,1.33000000
2018-02-25 19:20:19,0.00117800,28.86000000
2018-02-25 19:20:19,0.00117800,7.64000000
2018-02-25 19:20:20,0.00117800,8.02000000
2018-02-25 19:20:21,0.00117800,66.12000000
2018-02-25 19:20:21,0.00117840,17.89000000
2018-02-25 19:20:21,0.00117850,3.74000000
2018-02-25 19:20:22,0.00117810,1.29000000
2018-02-25 19:20:22,0.00117810,1.19000000
2018-02-25 19:20:22,0.00117790,3.11000000
2018-02-25 19:20:22,0.00117790,1.21000000
2018-02-25 19:20:22,0.00117790,140.00000000
2018-02-25 19:20:22,0.00117850,0.05000000
2018-02-25 19:20:23,0.00117800,0.02000000
2018-02-25 19:20:23,0.00117800,9.94000000
2018-02-25 19:20:23,0.00117800,10.93000000
2018-02-25 19:20:23,0.00117850,13.76000000
2018-02-25 19:20:25,0.00117790,39.78000000
2018-02-25 19:20:25,0.00117790,30.99000000
2018-02-25 19:20:26,0.00117760,91.78000000
2018-02-25 19:20:27,0.00117760,27.00000000
2018-02-25 19:20:27,0.00117760,1.29000000
2018-02-25 19:20:27,0.00117790,69.16000000
2018-02-25 19:20:27,0.00117850,287.39000000
2018-02-25 19:20:27,0.00117760,2.15000000
2018-02-25 19:20:28,0.00117760,4.80000000
2018-02-25 19:20:28,0.00117790,12.88000000
2018-02-25 19:20:32,0.00117790,4.15000000
2018-02-25 19:20:34,0.00117790,2.16000000
2018-02-25 19:20:36,0.00117810,157.00000000
2018-02-25 19:20:36,0.00117840,8.35000000
2018-02-25 19:20:36,0.00117790,30.30000000
2018-02-25 19:20:37,0.00117760,1.04000000
2018-02-25 19:20:37,0.00117760,8.99000000
2018-02-25 19:20:37,0.00117750,50.00000000
2018-02-25 19:20:38,0.00117730,2.12000000
2018-02-25 19:20:38,0.00117760,1.80000000
2018-02-25 19:20:38,0.00117840,22.15000000
2018-02-25 19:20:38,0.00117550,85.07000000
2018-02-25 19:20:39,0.00117790,2.16000000
2018-02-25 19:20:39,0.00117790,107.10000000
2018-02-25 19:20:39,0.00117700,4.05000000
2018-02-25 19:20:39,0.00117700,7.75000000
2018-02-25 19:20:39,0.00117750,1.89000000
2018-02-25 19:20:39,0.00117750,1.72000000
2018-02-25 19:20:40,0.00117750,2.59000000
2018-02-25 19:20:40,0.00117750,1.03000000
2018-02-25 19:20:40,0.00117750,0.81000000
2018-02-25 19:20:40,0.00117700,5.23000000
2018-02-25 19:20:40,0.00117700,1.81000000
2018-02-25 19:20:40,0.00117700,11.16000000
2018-02-25 19:20:40,0.00117570,2.69000000
2018-02-25 19:20:41,0.00117570,0.58000000
2018-02-25 19:20:41,0.00117540,1.58000000
2018-02-25 19:20:41,0.00117540,8.62000000
2018-02-25 19:20:41,0.00117700,1.00000000
2018-02-25 19:20:41,0.00117700,1.00000000
2018-02-25 19:20:42,0.00117700,2.00000000
2018-02-25 19:20:42,0.00117690,60.51000000
2018-02-25 19:20:42,0.00117530,2.58000000
2018-02-25 19:20:43,0.00117530,21.53000000
2018-02-25 19:20:43,0.00117530,1.04000000
2018-02-25 19:20:43,0.00117530,1.81000000
2018-02-25 19:20:43,0.00117530,2.59000000
2018-02-25 19:20:43,0.00117530,4.32000000
2018-02-25 19:20:43,0.00117530,46.88000000
2018-02-25 19:20:43,0.00117520,58.64000000
2018-02-25 19:20:43,0.00117510,30.51000000
2018-02-25 19:20:43,0.00117500,740.63000000
2018-02-25 19:20:43,0.00117470,0.94000000
2018-02-25 19:20:43,0.00117420,30.00000000
2018-02-25 19:20:43,0.00117410,139.66000000
2018-02-25 19:20:43,0.00117400,38.71000000
2018-02-25 19:20:43,0.00117370,170.88000000
2018-02-25 19:20:43,0.00117590,1.00000000
2018-02-25 19:20:44,0.00117690,24.56000000
2018-02-25 19:20:44,0.00117700,24.56000000
2018-02-25 19:20:44,0.00117700,6.93000000
2018-02-25 19:20:44,0.00117690,16.95000000
2018-02-25 19:20:44,0.00117700,3.27000000
2018-02-25 19:20:44,0.00117700,3.27000000
2018-02-25 19:20:44,0.00117700,6.22000000
2018-02-25 19:20:45,0.00117690,0.20000000
2018-02-25 19:20:45,0.00117470,1.00000000
2018-02-25 19:20:47,0.00117500,2.59000000
2018-02-25 19:20:47,0.00117500,67.60000000
2018-02-25 19:20:47,0.00117500,2.15000000
2018-02-25 19:20:47,0.00117500,194.87000000
2018-02-25 19:20:47,0.00117370,235.13000000
2018-02-25 19:20:48,0.00117370,1.71000000
2018-02-25 19:20:48,0.00117370,2.15000000
2018-02-25 19:20:48,0.00117500,2.40000000
2018-02-25 19:20:49,0.00117370,44.28000000
2018-02-25 19:20:52,0.00117580,2.55000000
2018-02-25 19:20:52,0.00117390,1.90000000
2018-02-25 19:20:53,0.00117400,3.02000000
2018-02-25 19:20:53,0.00117400,0.78000000
2018-02-25 19:20:53,0.00117390,2.35000000
2018-02-25 19:20:54,0.00117360,243.83000000
2018-02-25 19:20:55,0.00117470,34.04000000
2018-02-25 19:20:55,0.00117470,44.37000000
2018-02-25 19:20:55,0.00117470,34.04000000
2018-02-25 19:20:55,0.00117360,1225.70000000
2018-02-25 19:20:55,0.00117360,68.08000000
2018-02-25 19:20:55,0.00117360,1915.97000000
2018-02-25 19:20:56,0.00117350,17.04000000
2018-02-25 19:20:56,0.00117320,1.40000000
2018-02-25 19:20:56,0.00117270,2.90000000
2018-02-25 19:20:56,0.00117160,21.65000000
2018-02-25 19:20:56,0.00117130,20.00000000
2018-02-25 19:20:56,0.00117080,4.27000000
2018-02-25 19:20:56,0.00117030,56.17000000
2018-02-25 19:20:56,0.00117020,267.68000000
2018-02-25 19:20:56,0.00117200,23.75000000
2018-02-25 19:20:56,0.00117200,5.01000000
2018-02-25 19:20:56,0.00117200,79.54000000
2018-02-25 19:20:57,0.00117360,52.52000000
2018-02-25 19:20:58,0.00117250,2.59000000
2018-02-25 19:20:58,0.00117250,20.00000000
2018-02-25 19:20:58,0.00117250,20.33000000
2018-02-25 19:20:58,0.00117250,68.88000000
2018-02-25 19:20:59,0.00117250,34.81000000
2018-02-25 19:20:59,0.00117250,1.90000000
2018-02-25 19:20:59,0.00117250,1.90000000
2018-02-25 19:20:59,0.00117250,6.85000000
2018-02-25 19:20:59,0.00117250,2.16000000
2018-02-25 19:20:59,0.00117360,4.26000000
2018-02-25 19:21:00,0.00117250,1.12000000
2018-02-25 19:21:00,0.00117250,3.87000000
2018-02-25 19:21:00,0.00117250,30.20000000
2018-02-25 19:21:00,0.00117250,2.40000000
2018-02-25 19:21:00,0.00117250,26.61000000
2018-02-25 19:21:01,0.00117250,7.77000000
2018-02-25 19:21:01,0.00117250,3.03000000
2018-02-25 19:21:01,0.00117250,8.04000000
2018-02-25 19:21:02,0.00117250,3.39000000
2018-02-25 19:21:05,0.00117250,4.29000000
2018-02-25 19:21:05,0.00117250,221.34000000
2018-02-25 19:21:05,0.00117250,171.53000000
2018-02-25 19:21:05,0.00117250,1.90000000
2018-02-25 19:21:05,0.00117250,1.19000000
2018-02-25 19:21:06,0.00117340,6.95000000
2018-02-25 19:21:06,0.00117250,13.43000000
2018-02-25 19:21:07,0.00117250,3.99000000
2018-02-25 19:21:07,0.00117250,4.27000000
2018-02-25 19:21:08,0.00117250,219.92000000
2018-02-25 19:21:08,0.00117010,2.46000000
2018-02-25 19:21:08,0.00117000,540.27000000
2018-02-25 19:21:08,0.00116890,20.00000000
2018-02-25 19:21:08,0.00116880,85.55000000
2018-02-25 19:21:08,0.00116820,15.40000000
2018-02-25 19:21:08,0.00116780,2.59000000
2018-02-25 19:21:08,0.00116770,2.36000000
2018-02-25 19:21:08,0.00116770,24.99000000
2018-02-25 19:21:08,0.00116730,39.00000000
2018-02-25 19:21:08,0.00116680,7.45000000
2018-02-25 19:21:08,0.00116670,2.57000000
2018-02-25 19:21:08,0.00116610,20.78000000
2018-02-25 19:21:08,0.00116600,105.76000000
2018-02-25 19:21:08,0.00116600,6.92000000
2018-02-25 19:21:08,0.00116600,0.68000000
2018-02-25 19:21:08,0.00116860,1.00000000
2018-02-25 19:21:08,0.00116960,163.41000000
2018-02-25 19:21:08,0.00116960,0.94000000
2018-02-25 19:21:10,0.00116810,1.00000000
2018-02-25 19:21:10,0.00116720,6.66000000
2018-02-25 19:21:10,0.00116590,1.97000000
2018-02-25 19:21:10,0.00116580,19.37000000
2018-02-25 19:21:12,0.00116860,1.00000000
2018-02-25 19:21:12,0.00116960,0.06000000
2018-02-25 19:21:13,0.00117000,1.29000000
2018-02-25 19:21:13,0.00116820,1.00000000
2018-02-25 19:21:13,0.00116610,10.54000000
2018-02-25 19:21:13,0.00116610,2.62000000
2018-02-25 19:21:13,0.00116610,2.62000000
2018-02-25 19:21:13,0.00116610,22.57000000
2018-02-25 19:21:13,0.00116610,12.52000000
2018-02-25 19:21:14,0.00116900,1.00000000
2018-02-25 19:21:14,0.00117000,4.01000000
2018-02-25 19:21:17,0.00116970,4.15000000
2018-02-25 19:21:17,0.00116980,37.98000000
2018-02-25 19:21:18,0.00116980,4.84000000
2018-02-25 19:21:19,0.00116980,19.67000000
2018-02-25 19:21:20,0.00116820,1.00000000
2018-02-25 19:21:20,0.00116820,4.21000000
2018-02-25 19:21:21,0.00116820,2.14000000
2018-02-25 19:21:22,0.00116820,7.70000000
2018-02-25 19:21:24,0.00116800,4.28000000
2018-02-25 19:21:24,0.00116810,6.85000000
2018-02-25 19:21:24,0.00116820,4.57000000
2018-02-25 19:21:24,0.00116810,8.00000000
2018-02-25 19:21:24,0.00116820,61.09000000
2018-02-25 19:21:26,0.00116690,85.83000000
2018-02-25 19:21:26,0.00116810,5.33000000
2018-02-25 19:21:27,0.00116590,1.35000000
2018-02-25 19:21:28,0.00116590,16.70000000
2018-02-25 19:21:28,0.00116580,10.63000000
2018-02-25 19:21:28,0.00116570,22.93000000
2018-02-25 19:21:28,0.00116530,83.45000000
2018-02-25 19:21:28,0.00116510,47.07000000
2018-02-25 19:21:28,0.00116500,588.45000000
2018-02-25 19:21:29,0.00116810,3.26000000
2018-02-25 19:21:29,0.00116820,3.26000000
2018-02-25 19:21:29,0.00116820,13.04000000
2018-02-25 19:21:29,0.00116890,13.26000000
2018-02-25 19:21:29,0.00116970,4.16000000
2018-02-25 19:21:29,0.00116890,3.00000000
2018-02-25 19:21:30,0.00116890,10.26000000
2018-02-25 19:21:30,0.00116820,16.30000000
2018-02-25 19:21:30,0.00116810,7.46000000
2018-02-25 19:21:31,0.00116700,13.30000000
2018-02-25 19:21:31,0.00116700,261.75000000
2018-02-25 19:21:32,0.00116790,1.88000000
2018-02-25 19:21:32,0.00116790,2.13000000
2018-02-25 19:21:35,0.00116790,0.15000000
2018-02-25 19:21:39,0.00116790,0.94000000
2018-02-25 19:21:41,0.00116700,2.42000000
2018-02-25 19:21:42,0.00116700,4.86000000
2018-02-25 19:21:43,0.00116700,1.82000000
2018-02-25 19:21:43,0.00116790,3.22000000
2018-02-25 19:21:44,0.00116800,81.73000000
2018-02-25 19:21:44,0.00116700,19.30000000
2018-02-25 19:21:45,0.00116830,7.24000000
2018-02-25 19:21:45,0.00116960,28.22000000
2018-02-25 19:21:46,0.00116960,0.98000000
2018-02-25 19:21:46,0.00116960,51.35000000
2018-02-25 19:21:46,0.00116970,5.00000000
2018-02-25 19:21:46,0.00116970,12.04000000
2018-02-25 19:21:47,0.00116970,5.00000000
2018-02-25 19:21:47,0.00117000,31.20000000
2018-02-25 19:21:48,0.00117000,260.77000000
2018-02-25 19:21:48,0.00117120,2.57000000
2018-02-25 19:21:48,0.00117230,2.43000000
2018-02-25 19:21:52,0.00117030,8.54000000
2018-02-25 19:21:52,0.00117000,0.61000000
2018-02-25 19:21:54,0.00117010,85.44000000
2018-02-25 19:21:54,0.00117000,733.11000000
2018-02-25 19:21:55,0.00117000,20.50000000
2018-02-25 19:21:55,0.00117000,2.13000000
2018-02-25 19:21:55,0.00116770,0.46000000
2018-02-25 19:21:55,0.00116770,2.17000000
2018-02-25 19:21:56,0.00117000,4.27000000
2018-02-25 19:21:57,0.00117000,5.97000000
2018-02-25 19:21:57,0.00117000,7.76000000
2018-02-25 19:21:57,0.00117000,9.31000000
2018-02-25 19:21:57,0.00117000,1.55000000
2018-02-25 19:21:57,0.00117000,1.55000000
2018-02-25 19:21:57,0.00117000,6.28000000
2018-02-25 19:21:58,0.00116780,9.31000000
2018-02-25 19:21:58,0.00117000,2.10000000
2018-02-25 19:21:58,0.00117000,11.75000000
2018-02-25 19:21:58,0.00117000,1.88000000
2018-02-25 19:22:00,0.00116790,0.95000000
2018-02-25 19:22:00,0.00116780,8.95000000
2018-02-25 19:22:01,0.00117000,13.48000000
2018-02-25 19:22:01,0.00117000,13.48000000
2018-02-25 19:22:01,0.00117000,1.00000000
2018-02-25 19:22:01,0.00117000,5.05000000
2018-02-25 19:22:02,0.00117000,0.01000000
2018-02-25 19:22:02,0.00117230,0.16000000
2018-02-25 19:22:02,0.00117300,87.75000000
2018-02-25 19:22:02,0.00117350,9.00000000
2018-02-25 19:22:02,0.00117390,21.45000000
2018-02-25 19:22:02,0.00117430,3.63000000
2018-02-25 19:22:02,0.00117430,4.94000000
2018-02-25 19:22:02,0.00117470,5.99000000
2018-02-25 19:22:03,0.00117460,9.50000000
2018-02-25 19:22:03,0.00117290,1.00000000
2018-02-25 19:22:03,0.00117120,17.07000000
2018-02-25 19:22:03,0.00117110,80.49000000
2018-02-25 19:22:03,0.00117110,17.07000000
2018-02-25 19:22:04,0.00117120,93.24000000
2018-02-25 19:22:05,0.00117020,1.00000000
2018-02-25 19:22:05,0.00117120,50.00000000
2018-02-25 19:22:05,0.00117120,35.35000000
2018-02-25 19:22:05,0.00117110,1.00000000
2018-02-25 19:22:05,0.00117190,1.00000000
2018-02-25 19:22:06,0.00117010,4.76000000
2018-02-25 19:22:06,0.00117000,2.13000000
2018-02-25 19:22:08,0.00117200,20.00000000
2018-02-25 19:22:09,0.00116940,4.14000000
2018-02-25 19:22:09,0.00116800,20.64000000
2018-02-25 19:22:12,0.00117000,3.38000000
2018-02-25 19:22:12,0.00117000,1.00000000
2018-02-25 19:22:12,0.00116990,7.07000000
2018-02-25 19:22:14,0.00116990,1.00000000
2018-02-25 19:22:14,0.00116990,10.01000000
2018-02-25 19:22:15,0.00116970,5.47000000
2018-02-25 19:22:17,0.00116940,0.94000000
2018-02-25 19:22:18,0.00116900,2.63000000
2018-02-25 19:22:18,0.00116900,0.98000000
2018-02-25 19:22:20,0.00116900,1.19000000
2018-02-25 19:22:20,0.00116910,2.25000000
2018-02-25 19:22:21,0.00116900,16.68000000
2018-02-25 19:22:23,0.00116900,3.64000000
2018-02-25 19:22:23,0.00116890,9.88000000
2018-02-25 19:22:27,0.00116890,8.21000000
2018-02-25 19:22:29,0.00116870,21.46000000
2018-02-25 19:22:29,0.00116880,19.38000000
2018-02-25 19:22:32,0.00116810,100.65000000
2018-02-25 19:22:33,0.00116760,20.47000000
2018-02-25 19:22:34,0.00116800,17.07000000
2018-02-25 19:22:35,0.00116800,174.78000000
2018-02-25 19:22:39,0.00116770,2.19000000
2018-02-25 19:22:39,0.00116760,68.09000000
2018-02-25 19:22:42,0.00116860,66.00000000
2018-02-25 19:22:42,0.00116860,2.18000000
2018-02-25 19:22:42,0.00116870,3.13000000
2018-02-25 19:22:43,0.00116940,39.69000000
2018-02-25 19:22:43,0.00116930,5.54000000
2018-02-25 19:22:44,0.00116770,0.22000000
2018-02-25 19:22:47,0.00116900,4.24000000
2018-02-25 19:22:47,0.00117000,0.76000000
2018-02-25 19:22:50,0.00116800,2.19000000
2018-02-25 19:22:50,0.00116770,6.63000000
2018-02-25 19:22:50,0.00116750,36.19000000
2018-02-25 19:22:50,0.00116700,277.17000000
2018-02-25 19:22:50,0.00116650,2.65000000
2018-02-25 19:22:50,0.00116630,1.81000000
2018-02-25 19:22:50,0.00116610,19.40000000
2018-02-25 19:22:50,0.00116520,18.15000000
2018-02-25 19:22:50,0.00116500,70.38000000
2018-02-25 19:22:50,0.00116430,53.85000000
2018-02-25 19:22:51,0.00116620,10.06000000
2018-02-25 19:22:51,0.00116620,10.06000000
2018-02-25 19:22:51,0.00116620,1.95000000
2018-02-25 19:22:51,0.00116780,18.01000000
2018-02-25 19:22:52,0.00116780,1.99000000
2018-02-25 19:22:52,0.00116880,17.07000000
2018-02-25 19:22:52,0.00116900,152.60000000
2018-02-25 19:22:52,0.00116800,1.00000000
2018-02-25 19:22:52,0.00116900,1.00000000
2018-02-25 19:22:55,0.00116900,2.51000000
2018-02-25 19:22:55,0.00116900,2.09000000
2018-02-25 19:22:55,0.00116900,2.51000000
2018-02-25 19:22:55,0.00116900,2.09000000
2018-02-25 19:22:55,0.00116900,2.50000000
2018-02-25 19:22:55,0.00116900,1.00000000
2018-02-25 19:22:55,0.00116890,2.50000000
2018-02-25 19:22:57,0.00116790,1.50000000
2018-02-25 19:22:57,0.00116790,4.27000000
2018-02-25 19:22:59,0.00116710,1.58000000
2018-02-25 19:23:00,0.00116790,10.35000000
2018-02-25 19:23:00,0.00116800,10.00000000
2018-02-25 19:23:03,0.00116800,5.32000000
2018-02-25 19:23:05,0.00116810,108.07000000
2018-02-25 19:23:09,0.00116800,22.12000000
2018-02-25 19:23:11,0.00116840,1.67000000
2018-02-25 19:23:11,0.00116850,13.59000000
2018-02-25 19:23:11,0.00116890,126.63000000
2018-02-25 19:23:11,0.00116890,76.66000000
2018-02-25 19:23:11,0.00116900,5.00000000
2018-02-25 19:23:15,0.00116900,28.56000000
2018-02-25 19:23:16,0.00116900,10.66000000
2018-02-25 19:23:19,0.00116900,1.00000000
2018-02-25 19:23:21,0.00116900,8.71000000
2018-02-25 19:23:22,0.00116890,18.54000000
2018-02-25 19:23:22,0.00116800,0.71000000
2018-02-25 19:23:24,0.00116900,1.20000000
2018-02-25 19:23:24,0.00116900,10.74000000
2018-02-25 19:23:24,0.00117000,484.17000000
2018-02-25 19:23:24,0.00117200,163.68000000
2018-02-25 19:23:26,0.00117090,1.00000000
2018-02-25 19:23:26,0.00117200,7.55000000
2018-02-25 19:23:26,0.00117200,12.80000000
2018-02-25 19:23:28,0.00117200,2.24000000
2018-02-25 19:23:29,0.00117010,1.00000000
2018-02-25 19:23:34,0.00116950,115.32000000
2018-02-25 19:23:34,0.00117010,5.44000000
2018-02-25 19:23:37,0.00116830,51.00000000
2018-02-25 19:23:37,0.00116820,6.84000000
2018-02-25 19:23:37,0.00116800,142.37000000
2018-02-25 19:23:39,0.00117000,2.00000000
2018-02-25 19:23:40,0.00117000,57.48000000
2018-02-25 19:23:40,0.00117010,447.45000000
2018-02-25 19:23:40,0.00117010,18.00000000
2018-02-25 19:23:41,0.00117190,6.83000000
2018-02-25 19:23:42,0.00117010,1.38000000
2018-02-25 19:23:45,0.00117010,34.11000000
2018-02-25 19:23:46,0.00117010,1.19000000
2018-02-25 19:23:47,0.00117010,200.00000000
2018-02-25 19:23:47,0.00117010,336.04000000
2018-02-25 19:23:47,0.00117010,225.22000000
2018-02-25 19:23:49,0.00116920,85.52000000
2018-02-25 19:23:50,0.00117180,4.27000000
2018-02-25 19:23:53,0.00117040,1.00000000
2018-02-25 19:23:53,0.00117040,1.00000000
2018-02-25 19:23:53,0.00117040,7.02000000
2018-02-25 19:23:53,0.00117040,5.02000000
2018-02-25 19:23:53,0.00117040,5.02000000
2018-02-25 19:23:53,0.00117040,17.67000000
2018-02-25 19:23:53,0.00117170,1.20000000
2018-02-25 19:23:53,0.00117040,19.06000000
2018-02-25 19:23:53,0.00117030,1.00000000
2018-02-25 19:23:53,0.00117030,6.03000000
2018-02-25 19:23:53,0.00117030,7.52000000
2018-02-25 19:23:55,0.00117030,2.56000000
2018-02-25 19:23:56,0.00116890,4.27000000
2018-02-25 19:23:56,0.00116880,4.29000000
2018-02-25 19:23:56,0.00116800,20.60000000
2018-02-25 19:23:58,0.00117030,25.50000000
2018-02-25 19:23:58,0.00117030,19.58000000
2018-02-25 19:23:58,0.00117100,45.06000000
2018-02-25 19:23:58,0.00117100,118.24000000
2018-02-25 19:23:58,0.00117170,15.91000000
2018-02-25 19:23:58,0.00117190,33.04000000
2018-02-25 19:23:58,0.00117200,134.88000000
2018-02-25 19:23:58,0.00117200,33.53000000
2018-02-25 19:23:59,0.00117030,6.42000000
2018-02-25 19:23:59,0.00117200,38.20000000
2018-02-25 19:23:59,0.00117200,38.20000000
2018-02-25 19:23:59,0.00117200,38.20000000
2018-02-25 19:23:59,0.00117200,25.49000000
2018-02-25 19:23:59,0.00117200,38.18000000
2018-02-25 19:23:59,0.00116910,25.50000000
2018-02-25 19:24:01,0.00117200,26.33000000
2018-02-25 19:24:05,0.00117010,1.20000000
2018-02-25 19:24:06,0.00117170,23.22000000
2018-02-25 19:24:08,0.00117150,2.28000000
2018-02-25 19:24:08,0.00117160,4.29000000
2018-02-25 19:24:08,0.00117180,10.79000000
2018-02-25 19:24:09,0.00117010,23.48000000
2018-02-25 19:24:09,0.00117180,27.25000000
2018-02-25 19:24:13,0.00117020,1.26000000
2018-02-25 19:24:14,0.00116970,122.73000000
2018-02-25 19:24:18,0.00117020,18.81000000
2018-02-25 19:24:18,0.00117020,3.00000000
2018-02-25 19:24:18,0.00117000,2.94000000
2018-02-25 19:24:21,0.00116910,25.66000000
2018-02-25 19:24:21,0.00116910,3.57000000
2018-02-25 19:24:22,0.00116910,1.63000000
2018-02-25 19:24:25,0.00116910,40.90000000
2018-02-25 19:24:25,0.00116910,2.93000000
2018-02-25 19:24:26,0.00116970,36.71000000
2018-02-25 19:24:26,0.00116970,14.52000000
2018-02-25 19:24:26,0.00117020,33.83000000
2018-02-25 19:24:27,0.00117020,3.41000000
2018-02-25 19:24:32,0.00117010,14.52000000
2018-02-25 19:24:32,0.00117020,14.52000000
2018-02-25 19:24:32,0.00117020,2.19000000
2018-02-25 19:24:32,0.00117020,2.63000000
2018-02-25 19:24:32,0.00116980,44.15000000
2018-02-25 19:24:32,0.00117020,2.63000000
2018-02-25 19:24:32,0.00117020,4.36000000
2018-02-25 19:24:32,0.00116970,2.63000000
2018-02-25 19:24:33,0.00116970,7.45000000
2018-02-25 19:24:35,0.00117020,5.63000000
2018-02-25 19:24:37,0.00116970,5.00000000
2018-02-25 19:24:37,0.00116970,18.70000000
2018-02-25 19:24:37,0.00116890,1.30000000
2018-02-25 19:24:45,0.00117000,25.00000000
2018-02-25 19:24:45,0.00117000,9.78000000
2018-02-25 19:24:45,0.00117000,9.77000000
2018-02-25 19:24:45,0.00117000,8.15000000
2018-02-25 19:24:45,0.00117000,10.00000000
2018-02-25 19:24:45,0.00117000,9.77000000
2018-02-25 19:24:54,0.00116930,130.14000000
2018-02-25 19:24:54,0.00116890,8.83000000
2018-02-25 19:24:54,0.00116800,37.14000000
2018-02-25 19:24:54,0.00116790,38.04000000
2018-02-25 19:24:54,0.00116760,17.12000000
2018-02-25 19:24:54,0.00116720,89.48000000
2018-02-25 19:24:54,0.00116710,54.88000000
2018-02-25 19:24:54,0.00116700,71.27000000
2018-02-25 19:24:58,0.00116990,7.13000000
2018-02-25 19:24:58,0.00116990,7.13000000
2018-02-25 19:24:58,0.00116990,7.13000000
2018-02-25 19:24:58,0.00116990,5.94000000
2018-02-25 19:25:11,0.00116920,51.56000000
2018-02-25 19:25:17,0.00116970,17.12000000
2018-02-25 19:25:24,0.00116970,3.40000000
2018-02-25 19:25:24,0.00116980,202.00000000
2018-02-25 19:25:24,0.00116990,76.62000000
2018-02-25 19:25:27,0.00116990,487.32000000
2018-02-25 19:25:27,0.00117000,314.63000000
2018-02-25 19:25:28,0.00117000,92.44000000
2018-02-25 19:25:28,0.00117000,61.99000000
2018-02-25 19:25:33,0.00116970,137.56000000
2018-02-25 19:25:33,0.00117020,9.78000000
2018-02-25 19:25:33,0.00117180,33.44000000
2018-02-25 19:25:33,0.00117190,54.83000000
2018-02-25 19:25:33,0.00117200,273.85000000
2018-02-25 19:25:37,0.00116960,40.00000000
2018-02-25 19:25:37,0.00117200,5.31000000
2018-02-25 19:25:38,0.00117200,2.13000000
2018-02-25 19:25:38,0.00117200,2.58000000
2018-02-25 19:25:40,0.00117200,159.56000000
2018-02-25 19:25:41,0.00117230,5.00000000
2018-02-25 19:25:44,0.00117240,1.00000000
2018-02-25 19:25:44,0.00117340,1.00000000
2018-02-25 19:25:44,0.00117240,11.60000000
2018-02-25 19:25:46,0.00117330,3.54000000
2018-02-25 19:25:47,0.00117330,1.20000000
2018-02-25 19:25:48,0.00117280,58.97000000
2018-02-25 19:25:49,0.00117330,10.40000000
2018-02-25 19:25:52,0.00117330,24.86000000
2018-02-25 19:25:52,0.00117340,12.59000000
2018-02-25 19:26:01,0.00117230,11.48000000
2018-02-25 19:26:01,0.00117040,4.28000000
2018-02-25 19:26:01,0.00117010,54.18000000
2018-02-25 19:26:03,0.00117330,71.35000000
2018-02-25 19:26:04,0.00117330,20.00000000
2018-02-25 19:26:06,0.00117330,2.00000000
2018-02-25 19:26:06,0.00117080,2.57000000
2018-02-25 19:26:08,0.00117200,109.08000000
2018-02-25 19:26:08,0.00117200,172.94000000
2018-02-25 19:26:09,0.00117170,2.57000000
2018-02-25 19:26:09,0.00117180,4.28000000
2018-02-25 19:26:10,0.00117220,144.97000000
2018-02-25 19:26:16,0.00117320,2.10000000
2018-02-25 19:26:21,0.00117320,42.00000000
2018-02-25 19:26:22,0.00117320,83.28000000
2018-02-25 19:26:23,0.00117320,17.38000000
2018-02-25 19:26:24,0.00117320,1.00000000
2018-02-25 19:26:24,0.00117210,0.99000000
2018-02-25 19:26:24,0.00117210,0.99000000
2018-02-25 19:26:25,0.00117210,64.24000000
2018-02-25 19:26:27,0.00117210,1.98000000
2018-02-25 19:26:27,0.00117110,50.49000000
2018-02-25 19:26:30,0.00117320,75.51000000
2018-02-25 19:26:32,0.00117330,512.52000000
2018-02-25 19:26:32,0.00117330,632.75000000
2018-02-25 19:26:32,0.00117330,103.54000000
2018-02-25 19:26:32,0.00117340,2.23000000
2018-02-25 19:26:37,0.00117420,152.22000000
2018-02-25 19:26:37,0.00117400,20.13000000
2018-02-25 19:26:39,0.00117460,22.14000000
2018-02-25 19:26:39,0.00117460,29.37000000
2018-02-25 19:26:40,0.00117410,18.79000000
2018-02-25 19:26:45,0.00117410,4.00000000
2018-02-25 19:26:48,0.00117410,0.96000000
2018-02-25 19:26:48,0.00117430,73.64000000
2018-02-25 19:26:49,0.00117460,27.22000000
2018-02-25 19:26:55,0.00117490,4.70000000
2018-02-25 19:26:55,0.00117500,32.90000000
2018-02-25 19:26:56,0.00117500,55.44000000
2018-02-25 19:26:58,0.00117520,7.08000000
2018-02-25 19:26:59,0.00117500,152.00000000
2018-02-25 19:27:00,0.00117510,159.63000000
2018-02-25 19:27:00,0.00117520,0.03000000
2018-02-25 19:27:05,0.00117520,3.16000000
2018-02-25 19:27:05,0.00117530,110.74000000
2018-02-25 19:27:05,0.00117540,5.00000000
2018-02-25 19:27:05,0.00117550,0.95000000
2018-02-25 19:27:05,0.00117670,24.88000000
2018-02-25 19:27:05,0.00117690,227.00000000
2018-02-25 19:27:05,0.00117700,602.68000000
2018-02-25 19:27:07,0.00117690,109.61000000
2018-02-25 19:27:07,0.00117700,175.38000000
2018-02-25 19:27:09,0.00117700,71.25000000
2018-02-25 19:27:09,0.00117700,70.29000000
2018-02-25 19:27:09,0.00117700,5.00000000
2018-02-25 19:27:09,0.00117700,43.56000000
2018-02-25 19:27:10,0.00117710,13.49000000
2018-02-25 19:27:10,0.00117720,4.33000000
2018-02-25 19:27:12,0.00117720,4.45000000
2018-02-25 19:27:12,0.00117700,1.85000000
2018-02-25 19:27:13,0.00117700,0.90000000
2018-02-25 19:27:13,0.00117720,1.11000000
2018-02-25 19:27:13,0.00117720,131.09000000
2018-02-25 19:27:15,0.00117750,1.00000000
2018-02-25 19:27:15,0.00117750,1.53000000
2018-02-25 19:27:19,0.00117730,164.02000000
2018-02-25 19:27:20,0.00117710,16.99000000
2018-02-25 19:27:20,0.00117700,109.04000000
2018-02-25 19:27:21,0.00117700,184.01000000
2018-02-25 19:27:21,0.00117770,13.41000000
2018-02-25 19:27:21,0.00117800,68.93000000
2018-02-25 19:27:22,0.00117800,31.53000000
2018-02-25 19:27:22,0.00117880,86.63000000
2018-02-25 19:27:22,0.00117880,1.35000000
2018-02-25 19:27:24,0.00117520,3.01000000
2018-02-25 19:27:24,0.00117520,2.61000000
2018-02-25 19:27:24,0.00117520,1.81000000
2018-02-25 19:27:24,0.00117700,2.37000000
2018-02-25 19:27:25,0.00117520,1.04000000
2018-02-25 19:27:25,0.00117520,177.75000000
2018-02-25 19:27:27,0.00117520,2.16000000
2018-02-25 19:27:28,0.00117700,4.98000000
2018-02-25 19:27:28,0.00117790,81.38000000
2018-02-25 19:27:28,0.00117800,53.39000000
2018-02-25 19:27:28,0.00117800,254.81000000
2018-02-25 19:27:29,0.00117650,53.85000000
2018-02-25 19:27:32,0.00117700,12.12000000
2018-02-25 19:27:32,0.00117690,53.85000000
2018-02-25 19:27:32,0.00117700,372.09000000
2018-02-25 19:27:32,0.00117880,97.52000000
2018-02-25 19:27:34,0.00117710,1.71000000
2018-02-25 19:27:34,0.00117790,38.63000000
2018-02-25 19:27:34,0.00117710,2.15000000
2018-02-25 19:27:35,0.00117710,9.14000000
2018-02-25 19:27:37,0.00117800,1.95000000
2018-02-25 19:27:40,0.00117800,4.36000000
2018-02-25 19:27:41,0.00117720,9.00000000
2018-02-25 19:27:41,0.00117710,111.00000000
2018-02-25 19:27:46,0.00117710,6.94000000
2018-02-25 19:27:52,0.00117710,6.94000000
2018-02-25 19:27:54,0.00117770,8.40000000
2018-02-25 19:27:55,0.00117800,41.10000000
2018-02-25 19:27:55,0.00117780,6.94000000
2018-02-25 19:27:55,0.00117780,168.90000000
2018-02-25 19:27:55,0.00117770,2.00000000
2018-02-25 19:27:58,0.00117780,6.94000000
2018-02-25 19:27:58,0.00117800,52.40000000
2018-02-25 19:27:59,0.00117770,6.65000000
2018-02-25 19:27:59,0.00117770,12.75000000
2018-02-25 19:28:01,0.00117800,9.16000000
2018-02-25 19:28:05,0.00117770,5.11000000
2018-02-25 19:28:08,0.00117780,50.46000000
2018-02-25 19:28:09,0.00117790,13.20000000
2018-02-25 19:28:09,0.00117770,92.52000000
2018-02-25 19:28:09,0.00117770,158.90000000
2018-02-25 19:28:09,0.00117770,140.33000000
2018-02-25 19:28:13,0.00117640,255.16000000
2018-02-25 19:28:13,0.00117600,6.45000000
2018-02-25 19:28:13,0.00117560,3.89000000
2018-02-25 19:28:18,0.00117570,51.00000000
2018-02-25 19:28:19,0.00117560,7.85000000
2018-02-25 19:28:19,0.00117570,2.67000000
2018-02-25 19:28:19,0.00117560,1.20000000
2018-02-25 19:28:20,0.00117570,7.52000000
2018-02-25 19:28:20,0.00117570,19.65000000
2018-02-25 19:28:21,0.00117650,187.67000000
2018-02-25 19:28:22,0.00117580,4.22000000
2018-02-25 19:28:27,0.00117580,76.37000000
2018-02-25 19:28:27,0.00117570,610.84000000
2018-02-25 19:28:27,0.00117520,99.99000000
2018-02-25 19:28:27,0.00117510,403.05000000
2018-02-25 19:28:27,0.00117500,356.07000000
2018-02-25 19:28:28,0.00117750,2.00000000
2018-02-25 19:28:28,0.00117760,6.35000000
2018-02-25 19:28:29,0.00117750,8.49000000
2018-02-25 19:28:29,0.00117550,3.00000000
2018-02-25 19:28:29,0.00117500,283.48000000
2018-02-25 19:28:30,0.00117740,2.77000000
2018-02-25 19:28:32,0.00117580,3.35000000
2018-02-25 19:28:32,0.00117730,1.00000000
2018-02-25 19:28:32,0.00117580,0.99000000
2018-02-25 19:28:35,0.00117580,92.34000000
2018-02-25 19:28:36,0.00117730,18.20000000
2018-02-25 19:28:37,0.00117580,86.11000000
2018-02-25 19:28:37,0.00117500,470.19000000
2018-02-25 19:28:39,0.00117610,62.29000000
2018-02-25 19:28:40,0.00117580,8.08000000
2018-02-25 19:28:41,0.00117580,2.48000000
2018-02-25 19:28:41,0.00117580,1.73000000
2018-02-25 19:28:43,0.00117580,18.71000000
2018-02-25 19:28:43,0.00117500,84.72000000
2018-02-25 19:28:43,0.00117460,18.76000000
2018-02-25 19:28:44,0.00117510,120.00000000
2018-02-25 19:28:45,0.00117430,112.11000000
2018-02-25 19:28:46,0.00117430,3.40000000
2018-02-25 19:28:47,0.00117350,1.29000000
2018-02-25 19:28:48,0.00117350,0.51000000
2018-02-25 19:28:51,0.00117300,5.94000000
2018-02-25 19:28:51,0.00117350,3.25000000
2018-02-25 19:28:52,0.00117300,0.03000000
2018-02-25 19:28:52,0.00117130,2.55000000
2018-02-25 19:28:52,0.00117350,1.75000000
2018-02-25 19:28:52,0.00117430,0.02000000
2018-02-25 19:28:54,0.00117150,1.01000000
2018-02-25 19:28:56,0.00117280,199.24000000
2018-02-25 19:28:56,0.00117170,4.26000000
2018-02-25 19:28:56,0.00117160,0.89000000
2018-02-25 19:28:58,0.00117190,1.80000000
2018-02-25 19:28:58,0.00117390,3.56000000
2018-02-25 19:28:58,0.00117400,1.44000000
2018-02-25 19:28:59,0.00117400,1.00000000
2018-02-25 19:29:02,0.00117300,0.91000000
2018-02-25 19:29:02,0.00117300,30.38000000
2018-02-25 19:29:04,0.00117160,0.05000000
2018-02-25 19:29:04,0.00117160,20.95000000
2018-02-25 19:29:05,0.00117160,6.00000000
2018-02-25 19:29:05,0.00117160,3.02000000
2018-02-25 19:29:06,0.00117160,3.40000000
2018-02-25 19:29:07,0.00117160,1.90000000
2018-02-25 19:29:08,0.00117290,0.94000000
2018-02-25 19:29:09,0.00117160,3.83000000
2018-02-25 19:29:09,0.00117220,10.19000000
2018-02-25 19:29:09,0.00117220,12.23000000
2018-02-25 19:29:09,0.00117220,2.04000000
2018-02-25 19:29:09,0.00117220,2.04000000
2018-02-25 19:29:09,0.00117160,12.23000000
2018-02-25 19:29:09,0.00117220,47.36000000
2018-02-25 19:29:09,0.00117220,2.04000000
2018-02-25 19:29:11,0.00117220,24.46000000
2018-02-25 19:29:11,0.00117160,4.47000000
2018-02-25 19:29:13,0.00117290,280.83000000
2018-02-25 19:29:21,0.00117160,2.16000000
2018-02-25 19:29:22,0.00117220,211.07000000
2018-02-25 19:29:23,0.00117160,6.50000000
2018-02-25 19:29:23,0.00117110,25.82000000
2018-02-25 19:29:23,0.00117050,10.25000000
2018-02-25 19:29:23,0.00117020,33.06000000
2018-02-25 19:29:23,0.00117010,15.14000000
2018-02-25 19:29:23,0.00117010,179.77000000
2018-02-25 19:29:23,0.00117000,163.54000000
2018-02-25 19:29:24,0.00117290,40.00000000
2018-02-25 19:29:24,0.00117290,265.55000000
2018-02-25 19:29:26,0.00117300,278.70000000
2018-02-25 19:29:27,0.00117290,17.45000000
2018-02-25 19:29:27,0.00117160,28.62000000
2018-02-25 19:29:27,0.00117000,9.64000000
2018-02-25 19:29:28,0.00117170,8.53000000
2018-02-25 19:29:28,0.00117030,85.43000000
2018-02-25 19:29:28,0.00117020,99.75000000
2018-02-25 19:29:28,0.00117000,284.56000000
2018-02-25 19:29:29,0.00117010,141.10000000
2018-02-25 19:29:29,0.00117000,440.99000000
2018-02-25 19:29:29,0.00117000,37.06000000
2018-02-25 19:29:29,0.00117000,2.22000000
2018-02-25 19:29:29,0.00116990,4.27000000
2018-02-25 19:29:29,0.00116990,4.27000000
2018-02-25 19:29:29,0.00116990,76.89000000
2018-02-25 19:29:29,0.00117000,70.53000000
2018-02-25 19:29:30,0.00117280,22.22000000
2018-02-25 19:29:31,0.00117280,10.12000000
2018-02-25 19:29:31,0.00117010,3.25000000
2018-02-25 19:29:32,0.00117260,1.00000000
2018-02-25 19:29:36,0.00117250,3.25000000
2018-02-25 19:29:36,0.00117260,82.44000000
2018-02-25 19:29:37,0.00117220,1.00000000
2018-02-25 19:29:37,0.00117030,4.27000000
2018-02-25 19:29:38,0.00116960,0.97000000
2018-02-25 19:29:39,0.00116960,1.16000000
2018-02-25 19:29:39,0.00116970,34.84000000
2018-02-25 19:29:39,0.00116970,0.94000000
2018-02-25 19:29:41,0.00116940,20.00000000
2018-02-25 19:29:44,0.00117140,2.13000000
2018-02-25 19:29:46,0.00117140,17.67000000
2018-02-25 19:29:48,0.00117130,1.75000000
2018-02-25 19:29:51,0.00117000,10.39000000
2018-02-25 19:29:51,0.00117060,222.90000000
2018-02-25 19:30:00,0.00117000,27.04000000
2018-02-25 19:30:04,0.00116980,2.52000000
2018-02-25 19:30:04,0.00116990,1.42000000
2018-02-25 19:30:04,0.00116960,97.51000000
2018-02-25 19:30:06,0.00116990,40.17000000
2018-02-25 19:30:06,0.00117000,94.59000000
2018-02-25 19:30:06,0.00117060,34.70000000
2018-02-25 19:30:12,0.00117060,4.18000000
2018-02-25 19:30:12,0.00117060,0.01000000
2018-02-25 19:30:13,0.00117060,67.81000000
2018-02-25 19:30:20,0.00117060,38.14000000
2018-02-25 19:30:23,0.00117070,234.72000000
2018-02-25 19:30:24,0.00117100,43.94000000
2018-02-25 19:30:24,0.00117130,27.23000000
2018-02-25 19:30:24,0.00117140,2.50000000
2018-02-25 19:30:24,0.00117150,23.64000000
2018-02-25 19:30:25,0.00117140,1.03000000
2018-02-25 19:30:25,0.00117140,10.31000000
2018-02-25 19:30:28,0.00117140,76.16000000
2018-02-25 19:30:28,0.00117150,176.36000000
2018-02-25 19:30:28,0.00117170,10.50000000
2018-02-25 19:30:28,0.00117200,58.58000000
2018-02-25 19:30:30,0.00117150,32.95000000
2018-02-25 19:30:31,0.00117140,4.00000000
2018-02-25 19:30:32,0.00117160,3.27000000
2018-02-25 19:30:32,0.00117070,1212.54000000
2018-02-25 19:30:36,0.00117080,6.44000000
2018-02-25 19:30:36,0.00117250,3.77000000
2018-02-25 19:30:37,0.00117250,21.48000000
2018-02-25 19:30:37,0.00117160,109.34000000
2018-02-25 19:30:49,0.00117190,246.55000000
2018-02-25 19:30:54,0.00117150,30.00000000
2018-02-25 19:30:54,0.00117150,8.45000000
2018-02-25 19:30:57,0.00117250,86.37000000
2018-02-25 19:30:59,0.00117260,3.00000000
2018-02-25 19:30:59,0.00117260,0.25000000
2018-02-25 19:31:00,0.00117190,2.99000000
2018-02-25 19:31:04,0.00117360,9.00000000
2018-02-25 19:31:04,0.00117360,29.96000000
2018-02-25 19:31:04,0.00117360,189.65000000
2018-02-25 19:31:05,0.00117410,121.17000000
2018-02-25 19:31:09,0.00117360,7.55000000
2018-02-25 19:31:13,0.00117480,20.54000000
2018-02-25 19:31:13,0.00117410,12.37000000
2018-02-25 19:31:13,0.00117410,7.33000000
2018-02-25 19:31:13,0.00117360,6.43000000
2018-02-25 19:31:17,0.00117360,14.89000000
2018-02-25 19:31:18,0.00117360,14.15000000
2018-02-25 19:31:19,0.00117410,5.04000000
2018-02-25 19:31:19,0.00117480,189.07000000
2018-02-25 19:31:19,0.00117490,81.91000000
2018-02-25 19:31:19,0.00117500,454.69000000
2018-02-25 19:31:20,0.00117400,258.12000000
2018-02-25 19:31:26,0.00117460,0.46000000
2018-02-25 19:31:29,0.00117400,17.03000000
2018-02-25 19:31:29,0.00117360,46.28000000
2018-02-25 19:31:30,0.00117360,208.85000000
2018-02-25 19:31:31,0.00117400,26.10000000
2018-02-25 19:31:32,0.00117400,1.63000000
2018-02-25 19:31:34,0.00117450,3.25000000
2018-02-25 19:31:35,0.00117450,29.70000000
2018-02-25 19:31:37,0.00117450,77.37000000
2018-02-25 19:31:37,0.00117400,580.56000000
2018-02-25 19:31:40,0.00117400,116.46000000
2018-02-25 19:31:42,0.00117460,1.70000000
2018-02-25 19:31:42,0.00117450,147.45000000
2018-02-25 19:31:47,0.00117460,4.48000000
2018-02-25 19:31:47,0.00117470,24.71000000
2018-02-25 19:31:47,0.00117490,29.29000000
2018-02-25 19:31:47,0.00117500,130.80000000
2018-02-25 19:31:50,0.00117450,18.54000000
2018-02-25 19:31:52,0.00117450,33.31000000
2018-02-25 19:32:00,0.00117470,7.35000000
2018-02-25 19:32:01,0.00117500,189.89000000
2018-02-25 19:32:09,0.00117510,11.07000000
2018-02-25 19:32:09,0.00117500,47.51000000
2018-02-25 19:32:10,0.00117500,15.00000000
2018-02-25 19:32:16,0.00117500,97.72000000
2018-02-25 19:32:20,0.00117520,144.56000000
2018-02-25 19:32:23,0.00117510,2.13000000
2018-02-25 19:32:27,0.00117510,7.68000000
2018-02-25 19:32:30,0.00117510,3.50000000
2018-02-25 19:32:31,0.00117510,45.29000000
2018-02-25 19:32:32,0.00117520,19.18000000
2018-02-25 19:32:33,0.00117520,18.74000000
2018-02-25 19:32:34,0.00117550,3.00000000
2018-02-25 19:32:34,0.00117640,5.00000000
2018-02-25 19:32:34,0.00117680,7.70000000
2018-02-25 19:32:38,0.00117640,15.43000000
2018-02-25 19:32:41,0.00117640,9.94000000
2018-02-25 19:32:42,0.00117640,1.53000000
2018-02-25 19:32:43,0.00117640,5.28000000
2018-02-25 19:32:43,0.00117640,18.96000000
2018-02-25 19:32:46,0.00117570,156.39000000
2018-02-25 19:32:48,0.00117640,18.96000000
2018-02-25 19:32:52,0.00117640,12.77000000
2018-02-25 19:32:55,0.00117640,19.87000000
2018-02-25 19:32:55,0.00117640,39.75000000
2018-02-25 19:32:55,0.00117640,3.75000000
2018-02-25 19:33:00,0.00117520,5.99000000
2018-02-25 19:33:02,0.00117630,3.49000000
2018-02-25 19:33:02,0.00117630,55.09000000
2018-02-25 19:33:02,0.00117640,1.46000000
2018-02-25 19:33:02,0.00117670,17.02000000
2018-02-25 19:33:02,0.00117680,55.82000000
2018-02-25 19:33:03,0.00117520,88.28000000
2018-02-25 19:33:03,0.00117520,19.27000000
2018-02-25 19:33:04,0.00117590,31.01000000
2018-02-25 19:33:04,0.00117510,190.94000000
2018-02-25 19:33:08,0.00117680,2.00000000
2018-02-25 19:33:09,0.00117680,21.92000000
2018-02-25 19:33:09,0.00117520,5.75000000
2018-02-25 19:33:09,0.00117510,20.23000000
2018-02-25 19:33:09,0.00117510,30.00000000
2018-02-25 19:33:10,0.00117680,29.28000000
2018-02-25 19:33:12,0.00117680,23.79000000
2018-02-25 19:33:15,0.00117680,12.73000000
2018-02-25 19:33:16,0.00117680,142.48000000
2018-02-25 19:33:17,0.00117680,4.59000000
2018-02-25 19:33:19,0.00117520,6.44000000
2018-02-25 19:33:20,0.00117680,10.91000000
2018-02-25 19:33:21,0.00117680,14.43000000
2018-02-25 19:33:33,0.00117520,13.55000000
2018-02-25 19:33:34,0.00117650,42.84000000
2018-02-25 19:33:37,0.00117660,1.10000000
2018-02-25 19:33:39,0.00117640,13.09000000
2018-02-25 19:33:43,0.00117640,4.49000000
2018-02-25 19:33:46,0.00117650,7.00000000
2018-02-25 19:33:46,0.00117650,7.00000000
2018-02-25 19:33:51,0.00117660,51.86000000
2018-02-25 19:33:54,0.00117660,27.91000000
2018-02-25 19:33:55,0.00117660,12.09000000
2018-02-25 19:33:55,0.00117650,15.16000000
2018-02-25 19:33:56,0.00117650,3.24000000
2018-02-25 19:33:59,0.00117670,4.35000000
2018-02-25 19:33:59,0.00117670,392.35000000
2018-02-25 19:34:01,0.00117680,10.00000000
2018-02-25 19:34:02,0.00117670,107.65000000
2018-02-25 19:34:02,0.00117660,1.50000000
2018-02-25 19:34:14,0.00117670,16.99000000
2018-02-25 19:34:14,0.00117660,2.69000000
2018-02-25 19:34:15,0.00117660,83.54000000
2018-02-25 19:34:20,0.00117650,91.64000000
2018-02-25 19:34:21,0.00117650,6.00000000
2018-02-25 19:34:22,0.00117650,569.25000000
2018-02-25 19:34:26,0.00117650,464.63000000
2018-02-25 19:34:26,0.00117660,29.19000000
2018-02-25 19:34:26,0.00117670,30.14000000
2018-02-25 19:34:26,0.00117680,181.94000000
2018-02-25 19:34:26,0.00117700,54.00000000
2018-02-25 19:34:26,0.00117730,72.04000000
2018-02-25 19:34:26,0.00117750,30.78000000
2018-02-25 19:34:26,0.00117690,191.62000000
2018-02-25 19:34:36,0.00117650,12.93000000
2018-02-25 19:34:40,0.00117650,295.74000000
2018-02-25 19:34:41,0.00117650,6.99000000
2018-02-25 19:34:42,0.00117650,13.00000000
2018-02-25 19:34:43,0.00117650,60.92000000
2018-02-25 19:34:47,0.00117640,34.71000000
2018-02-25 19:34:50,0.00117650,647.00000000
2018-02-25 19:34:51,0.00117640,5.54000000
2018-02-25 19:34:56,0.00117650,8.54000000
2018-02-25 19:34:58,0.00117650,2.00000000
2018-02-25 19:35:07,0.00117640,12.56000000
2018-02-25 19:35:08,0.00117650,190.78000000
2018-02-25 19:35:08,0.00117690,59.07000000
2018-02-25 19:35:08,0.00117740,18.13000000
2018-02-25 19:35:08,0.00117750,217.27000000
2018-02-25 19:35:10,0.00117650,3.00000000
2018-02-25 19:35:10,0.00117650,2.00000000
2018-02-25 19:35:13,0.00117740,19.41000000
2018-02-25 19:35:13,0.00117750,98.07000000
2018-02-25 19:35:13,0.00117760,2.82000000
2018-02-25 19:35:13,0.00117770,132.53000000
2018-02-25 19:35:13,0.00117800,170.34000000
2018-02-25 19:35:16,0.00117740,5.53000000
2018-02-25 19:35:16,0.00117800,99.79000000
2018-02-25 19:35:18,0.00117550,2.70000000
2018-02-25 19:35:20,0.00117670,78.06000000
2018-02-25 19:35:21,0.00117510,10.00000000
2018-02-25 19:35:24,0.00117530,7.01000000
2018-02-25 19:35:24,0.00117500,27.99000000
2018-02-25 19:35:27,0.00117730,2.70000000
2018-02-25 19:35:27,0.00117740,7.01000000
2018-02-25 19:35:27,0.00117760,10.00000000
2018-02-25 19:35:27,0.00117800,7.64000000
2018-02-25 19:35:27,0.00117850,128.09000000
2018-02-25 19:35:27,0.00117890,42.91000000
2018-02-25 19:35:27,0.00117900,166.00000000
2018-02-25 19:35:28,0.00117620,28.38000000
2018-02-25 19:35:28,0.00117620,56.69000000
2018-02-25 19:35:28,0.00117620,0.06000000
2018-02-25 19:35:28,0.00117900,26.34000000
2018-02-25 19:35:31,0.00117610,85.07000000
2018-02-25 19:35:31,0.00117670,20.95000000
2018-02-25 19:35:31,0.00117900,376.68000000
2018-02-25 19:35:31,0.00117900,6.51000000
2018-02-25 19:35:31,0.00117620,84.99000000
2018-02-25 19:35:34,0.00117610,2.17000000
2018-02-25 19:35:34,0.00117610,82.82000000
2018-02-25 19:35:34,0.00117620,0.10000000
2018-02-25 19:35:34,0.00117900,206.70000000
2018-02-25 19:35:35,0.00117640,26.04000000
2018-02-25 19:35:35,0.00117760,57.73000000
2018-02-25 19:35:35,0.00117760,57.73000000
2018-02-25 19:35:35,0.00117760,99.81000000
2018-02-25 19:35:35,0.00117640,58.93000000
2018-02-25 19:35:35,0.00117630,1.00000000
2018-02-25 19:35:35,0.00117530,15.04000000
2018-02-25 19:35:36,0.00117540,1.00000000
2018-02-25 19:35:38,0.00117530,31.32000000
2018-02-25 19:35:39,0.00117610,41.27000000
2018-02-25 19:35:40,0.00117530,43.70000000
2018-02-25 19:35:40,0.00117540,34.09000000
2018-02-25 19:35:46,0.00117600,99.90000000
2018-02-25 19:35:46,0.00117620,24.87000000
2018-02-25 19:35:46,0.00117760,215.27000000
2018-02-25 19:35:46,0.00117880,19.40000000
2018-02-25 19:35:46,0.00117890,127.65000000
2018-02-25 19:35:46,0.00117900,58.68000000
2018-02-25 19:35:46,0.00117640,3.95000000
2018-02-25 19:35:50,0.00117640,3.94000000
2018-02-25 19:35:55,0.00117670,89.89000000
2018-02-25 19:36:00,0.00117790,0.20000000
2018-02-25 19:36:00,0.00117640,8.85000000
2018-02-25 19:36:00,0.00117600,1.15000000
2018-02-25 19:36:03,0.00117600,17.02000000
2018-02-25 19:36:05,0.00117770,4.20000000
2018-02-25 19:36:09,0.00117740,14.58000000
2018-02-25 19:36:10,0.00117610,1.53000000
2018-02-25 19:36:11,0.00117670,227.10000000
2018-02-25 19:36:20,0.00117610,2.46000000
2018-02-25 19:36:21,0.00117630,3.75000000
2018-02-25 19:36:21,0.00117640,0.61000000
2018-02-25 19:36:22,0.00117640,9.60000000
2018-02-25 19:36:26,0.00117700,22.05000000
2018-02-25 19:36:27,0.00117770,0.85000000
2018-02-25 19:36:28,0.00117770,26.54000000
2018-02-25 19:36:29,0.00117770,2.80000000
2018-02-25 19:36:30,0.00117770,267.01000000
2018-02-25 19:36:30,0.00117800,384.22000000
2018-02-25 19:36:30,0.00117890,116.46000000
2018-02-25 19:36:30,0.00117900,182.52000000
2018-02-25 19:36:30,0.00117930,0.93000000
2018-02-25 19:36:30,0.00117950,0.72000000
2018-02-25 19:36:30,0.00117990,149.34000000
2018-02-25 19:36:32,0.00117990,13.21000000
2018-02-25 19:36:32,0.00117870,101.72000000
2018-02-25 19:36:33,0.00117760,6.94000000
2018-02-25 19:36:33,0.00117990,138.17000000
2018-02-25 19:36:34,0.00117990,10.66000000
2018-02-25 19:36:34,0.00117990,70.03000000
2018-02-25 19:36:35,0.00117800,103.63000000
2018-02-25 19:36:36,0.00117800,14.81000000
2018-02-25 19:36:36,0.00117770,1.52000000
2018-02-25 19:36:40,0.00117790,6.94000000
2018-02-25 19:36:40,0.00117800,1.90000000
2018-02-25 19:36:40,0.00117800,58.62000000
2018-02-25 19:36:40,0.00117830,6.00000000
2018-02-25 19:36:40,0.00117990,80.27000000
2018-02-25 19:36:40,0.00118000,173.47000000
2018-02-25 19:36:42,0.00117770,112.74000000
2018-02-25 19:36:43,0.00118000,144.89000000
2018-02-25 19:36:43,0.00118060,1.79000000
2018-02-25 19:36:43,0.00118080,0.23000000
2018-02-25 19:36:45,0.00118000,105.63000000
2018-02-25 19:36:45,0.00117810,14.56000000
2018-02-25 19:36:48,0.00117940,238.93000000
2018-02-25 19:36:50,0.00118060,1.52000000
2018-02-25 19:36:52,0.00117810,14.86000000
2018-02-25 19:36:52,0.00117820,2.15000000
2018-02-25 19:36:52,0.00117820,3.52000000
2018-02-25 19:36:53,0.00118060,2.25000000
2018-02-25 19:36:53,0.00117820,1.29000000
2018-02-25 19:36:54,0.00118040,5.42000000
2018-02-25 19:36:55,0.00117820,7.90000000
2018-02-25 19:36:55,0.00117810,2.11000000
2018-02-25 19:36:55,0.00117800,0.65000000
2018-02-25 19:37:01,0.00118020,5.37000000
