DATE,PRICE,VOLUME
2018-02-28 01:00:03,0.00143410,20.00000000
2018-02-28 01:00:03,0.00143400,8.00000000
2018-02-28 01:00:03,0.00143280,25.73000000
2018-02-28 01:00:06,0.00143500,61.50000000
2018-02-28 01:00:06,0.00143500,1.57000000
2018-02-28 01:00:06,0.00143510,1.49000000
2018-02-28 01:00:07,0.00143510,2.80000000
2018-02-28 01:00:07,0.00143510,1.42000000
2018-02-28 01:00:07,0.00143510,1.23000000
2018-02-28 01:00:07,0.00143510,1.73000000
2018-02-28 01:00:07,0.00143510,1.38000000
2018-02-28 01:00:07,0.00143500,6.62000000
2018-02-28 01:00:07,0.00143500,1.73000000
2018-02-28 01:00:09,0.00143570,3.42000000
2018-02-28 01:00:09,0.00143580,0.48000000
2018-02-28 01:00:11,0.00143500,10.47000000
2018-02-28 01:00:12,0.00143580,6.52000000
2018-02-28 01:00:12,0.00143510,4.17000000
2018-02-28 01:00:12,0.00143500,35.58000000
2018-02-28 01:00:12,0.00143330,2.93000000
2018-02-28 01:00:12,0.00143280,48.95000000
2018-02-28 01:00:12,0.00143290,1.73000000
2018-02-28 01:00:13,0.00143310,1.75000000
2018-02-28 01:00:15,0.00143670,2.79000000
2018-02-28 01:00:19,0.00143520,120.85000000
2018-02-28 01:00:25,0.00143440,6.88000000
2018-02-28 01:00:25,0.00143420,5.12000000
2018-02-28 01:00:26,0.00143460,7.00000000
2018-02-28 01:00:26,0.00143420,1.88000000
2018-02-28 01:00:26,0.00143300,0.45000000
2018-02-28 01:00:29,0.00143330,7.77000000
2018-02-28 01:00:36,0.00143460,52.06000000
2018-02-28 01:00:38,0.00143340,12.39000000
2018-02-28 01:00:48,0.00143540,8.46000000
2018-02-28 01:00:49,0.00143460,127.34000000
2018-02-28 01:00:50,0.00143380,27.00000000
2018-02-28 01:00:50,0.00143370,6.88000000
2018-02-28 01:00:50,0.00143360,18.82000000
2018-02-28 01:00:51,0.00143370,6.88000000
2018-02-28 01:00:52,0.00143370,16.62000000
2018-02-28 01:00:53,0.00143360,4.18000000
2018-02-28 01:00:54,0.00143350,25.73000000
2018-02-28 01:00:54,0.00143360,4.24000000
2018-02-28 01:00:55,0.00143340,0.25000000
2018-02-28 01:01:07,0.00143390,58.55000000
2018-02-28 01:01:10,0.00143440,3.49000000
2018-02-28 01:01:11,0.00143450,5.58000000
2018-02-28 01:01:12,0.00143470,2.09000000
2018-02-28 01:01:12,0.00143600,4.91000000
2018-02-28 01:01:13,0.00143380,33.34000000
2018-02-28 01:01:22,0.00143460,0.90000000
2018-02-28 01:01:22,0.00143400,7.00000000
2018-02-28 01:01:22,0.00143380,101.85000000
2018-02-28 01:01:22,0.00143350,11.84000000
2018-02-28 01:01:22,0.00143340,157.76000000
2018-02-28 01:01:27,0.00143450,133.83000000
2018-02-28 01:01:34,0.00143490,2.09000000
2018-02-28 01:01:34,0.00143580,7.00000000
2018-02-28 01:01:34,0.00143590,5.00000000
2018-02-28 01:01:34,0.00143600,3.11000000
2018-02-28 01:01:35,0.00143600,5.71000000
2018-02-28 01:01:37,0.00143590,6.88000000
2018-02-28 01:01:37,0.00143600,1.92000000
2018-02-28 01:01:39,0.00143600,258.55000000
2018-02-28 01:01:39,0.00143620,20.88000000
2018-02-28 01:01:39,0.00143630,7.00000000
2018-02-28 01:01:39,0.00143640,7.00000000
2018-02-28 01:01:39,0.00143930,2.69000000
2018-02-28 01:01:39,0.00143940,21.50000000
2018-02-28 01:01:39,0.00143960,99.73000000
2018-02-28 01:01:39,0.00143970,43.23000000
2018-02-28 01:01:39,0.00144000,38.38000000
2018-02-28 01:01:39,0.00144090,3.14000000
2018-02-28 01:01:39,0.00144150,82.59000000
2018-02-28 01:01:39,0.00144190,78.14000000
2018-02-28 01:01:39,0.00144250,0.77000000
2018-02-28 01:01:39,0.00144300,8.26000000
2018-02-28 01:01:39,0.00144370,340.12000000
2018-02-28 01:01:39,0.00144400,99.18000000
2018-02-28 01:01:39,0.00144500,108.84000000
2018-02-28 01:01:44,0.00143700,8.00000000
2018-02-28 01:01:44,0.00143670,8.18000000
2018-02-28 01:01:45,0.00144090,5.05000000
2018-02-28 01:01:45,0.00144090,59.99000000
2018-02-28 01:01:45,0.00143730,17.80000000
2018-02-28 01:01:47,0.00143730,43.76000000
2018-02-28 01:01:47,0.00143650,7.00000000
2018-02-28 01:01:47,0.00143570,20.89000000
2018-02-28 01:01:47,0.00143520,6.79000000
2018-02-28 01:01:47,0.00143420,38.10000000
2018-02-28 01:01:50,0.00143990,1.39000000
2018-02-28 01:01:55,0.00143750,7.00000000
2018-02-28 01:01:55,0.00143690,68.35000000
2018-02-28 01:01:55,0.00144030,10.87000000
2018-02-28 01:02:02,0.00143990,6.88000000
2018-02-28 01:02:02,0.00144010,10.02000000
2018-02-28 01:02:02,0.00144040,3.49000000
2018-02-28 01:02:02,0.00144050,6.96000000
2018-02-28 01:02:02,0.00144060,11.14000000
2018-02-28 01:02:04,0.00143880,140.18000000
2018-02-28 01:02:04,0.00144060,1.02000000
2018-02-28 01:02:09,0.00144050,1.76000000
2018-02-28 01:02:22,0.00143870,71.38000000
2018-02-28 01:02:27,0.00143990,111.14000000
2018-02-28 01:02:29,0.00143870,39.71000000
2018-02-28 01:02:29,0.00143780,7.00000000
2018-02-28 01:02:31,0.00143780,3.99000000
2018-02-28 01:02:31,0.00143950,5.98000000
2018-02-28 01:02:31,0.00143970,7.00000000
2018-02-28 01:02:31,0.00143990,2.90000000
2018-02-28 01:02:33,0.00143980,14.86000000
2018-02-28 01:02:34,0.00143780,2.09000000
2018-02-28 01:02:37,0.00143780,4.91000000
2018-02-28 01:02:37,0.00143760,84.69000000
2018-02-28 01:02:37,0.00143750,207.81000000
2018-02-28 01:02:38,0.00143970,2.00000000
2018-02-28 01:02:41,0.00143860,46.58000000
2018-02-28 01:02:55,0.00143860,171.27000000
2018-02-28 01:02:56,0.00143920,3.85000000
2018-02-28 01:02:58,0.00143920,1.88000000
2018-02-28 01:03:07,0.00143810,104.69000000
2018-02-28 01:03:13,0.00143880,6.14000000
2018-02-28 01:03:13,0.00143840,57.33000000
2018-02-28 01:03:18,0.00143930,18.96000000
2018-02-28 01:03:24,0.00143860,182.02000000
2018-02-28 01:03:35,0.00143910,53.82000000
2018-02-28 01:03:38,0.00143860,68.08000000
2018-02-28 01:03:38,0.00143830,6.18000000
2018-02-28 01:03:42,0.00143830,44.59000000
2018-02-28 01:03:43,0.00143830,114.21000000
2018-02-28 01:03:43,0.00143830,1.00000000
2018-02-28 01:03:43,0.00143830,13.97000000
2018-02-28 01:03:50,0.00143830,29.62000000
2018-02-28 01:03:51,0.00143830,152.06000000
2018-02-28 01:03:57,0.00143850,192.77000000
2018-02-28 01:03:59,0.00143830,5.69000000
2018-02-28 01:03:59,0.00143830,6.95000000
2018-02-28 01:04:00,0.00143890,6.94000000
2018-02-28 01:04:16,0.00143860,78.59000000
2018-02-28 01:04:19,0.00143850,1.01000000
2018-02-28 01:04:21,0.00143890,0.06000000
2018-02-28 01:04:21,0.00143900,17.29000000
2018-02-28 01:04:35,0.00143870,4.87000000
2018-02-28 01:04:36,0.00143870,0.01000000
2018-02-28 01:04:36,0.00143860,64.50000000
2018-02-28 01:04:36,0.00143850,47.99000000
2018-02-28 01:04:36,0.00143840,1.37000000
2018-02-28 01:04:36,0.00143850,203.28000000
2018-02-28 01:04:37,0.00143870,2.00000000
2018-02-28 01:04:48,0.00143840,0.02000000
2018-02-28 01:04:48,0.00143830,4.17000000
2018-02-28 01:04:48,0.00143800,1.05000000
2018-02-28 01:04:48,0.00143800,3.34000000
2018-02-28 01:04:48,0.00143800,1.86000000
2018-02-28 01:04:48,0.00143800,1.00000000
2018-02-28 01:04:49,0.00143800,6.50000000
2018-02-28 01:04:50,0.00143800,0.02000000
2018-02-28 01:04:50,0.00143740,1.19000000
2018-02-28 01:04:50,0.00143720,0.88000000
2018-02-28 01:04:50,0.00143780,89.34000000
2018-02-28 01:04:53,0.00143850,0.84000000
2018-02-28 01:04:57,0.00143860,3.34000000
2018-02-28 01:04:57,0.00143870,10.00000000
2018-02-28 01:04:58,0.00143860,0.16000000
2018-02-28 01:04:58,0.00143850,0.56000000
2018-02-28 01:05:00,0.00143560,20.01000000
2018-02-28 01:05:00,0.00143550,82.85000000
2018-02-28 01:05:00,0.00143500,108.44000000
2018-02-28 01:05:00,0.00143450,25.59000000
2018-02-28 01:05:00,0.00143410,10.10000000
2018-02-28 01:05:00,0.00143400,24.23000000
2018-02-28 01:05:00,0.00143340,1.39000000
2018-02-28 01:05:00,0.00143330,20.96000000
2018-02-28 01:05:00,0.00143320,4.18000000
2018-02-28 01:05:00,0.00143300,3.88000000
2018-02-28 01:05:00,0.00143300,20.01000000
2018-02-28 01:05:00,0.00143450,6.97000000
2018-02-28 01:05:00,0.00143450,0.19000000
2018-02-28 01:05:00,0.00143310,69.75000000
2018-02-28 01:05:00,0.00143450,21.07000000
2018-02-28 01:05:00,0.00143450,0.07000000
2018-02-28 01:05:00,0.00143300,6.97000000
2018-02-28 01:05:00,0.00143300,11.11000000
2018-02-28 01:05:00,0.00143290,26.65000000
2018-02-28 01:05:00,0.00143280,16.98000000
2018-02-28 01:05:00,0.00143120,3.49000000
2018-02-28 01:05:00,0.00143110,0.77000000
2018-02-28 01:05:00,0.00143010,2.83000000
2018-02-28 01:05:00,0.00143030,6.97000000
2018-02-28 01:05:01,0.00143540,20.00000000
2018-02-28 01:05:01,0.00143550,21.00000000
2018-02-28 01:05:01,0.00143560,20.01000000
2018-02-28 01:05:01,0.00143110,23.31000000
2018-02-28 01:05:01,0.00143120,33.03000000
2018-02-28 01:05:01,0.00143120,1.85000000
2018-02-28 01:05:01,0.00143120,32.64000000
2018-02-28 01:05:01,0.00143150,6.98000000
2018-02-28 01:05:01,0.00143150,6.98000000
2018-02-28 01:05:02,0.00143150,6.98000000
2018-02-28 01:05:02,0.00143150,284.87000000
2018-02-28 01:05:02,0.00143150,0.02000000
2018-02-28 01:05:02,0.00143130,6.98000000
2018-02-28 01:05:02,0.00143130,6.98000000
2018-02-28 01:05:02,0.00143130,6.97000000
2018-02-28 01:05:02,0.00143560,6.92000000
2018-02-28 01:05:02,0.00143130,6.98000000
2018-02-28 01:05:02,0.00143130,6.97000000
2018-02-28 01:05:02,0.00143130,6.98000000
2018-02-28 01:05:02,0.00143130,6.97000000
2018-02-28 01:05:02,0.00143130,4.55000000
2018-02-28 01:05:02,0.00143200,8.00000000
2018-02-28 01:05:03,0.00143200,0.01000000
2018-02-28 01:05:03,0.00143530,69.89000000
2018-02-28 01:05:03,0.00143540,21.85000000
2018-02-28 01:05:03,0.00143130,6.97000000
2018-02-28 01:05:03,0.00143510,20.00000000
2018-02-28 01:05:03,0.00143520,73.23000000
2018-02-28 01:05:03,0.00143830,1.45000000
2018-02-28 01:05:03,0.00143830,13.01000000
2018-02-28 01:05:03,0.00143830,3.00000000
2018-02-28 01:05:03,0.00143830,72.94000000
2018-02-28 01:05:03,0.00143830,6.98000000
2018-02-28 01:05:03,0.00143830,5.57000000
2018-02-28 01:05:03,0.00143830,21.00000000
2018-02-28 01:05:03,0.00143830,6.68000000
2018-02-28 01:05:03,0.00143830,32.64000000
2018-02-28 01:05:03,0.00143830,21.00000000
2018-02-28 01:05:03,0.00143830,60.35000000
2018-02-28 01:05:03,0.00143830,58.27000000
2018-02-28 01:05:03,0.00143830,25.98000000
2018-02-28 01:05:03,0.00143130,2.33000000
2018-02-28 01:05:05,0.00143230,1.04000000
2018-02-28 01:05:05,0.00143230,22.60000000
2018-02-28 01:05:06,0.00143250,46.21000000
2018-02-28 01:05:06,0.00143260,6.97000000
2018-02-28 01:05:06,0.00143260,6.98000000
2018-02-28 01:05:06,0.00143260,6.97000000
2018-02-28 01:05:06,0.00143260,6.98000000
2018-02-28 01:05:06,0.00143260,2.79000000
2018-02-28 01:05:07,0.00143270,6.96000000
2018-02-28 01:05:07,0.00143590,14.16000000
2018-02-28 01:05:07,0.00143270,5.36000000
2018-02-28 01:05:07,0.00143240,7.81000000
2018-02-28 01:05:07,0.00143220,9.55000000
2018-02-28 01:05:07,0.00143150,2.09000000
2018-02-28 01:05:07,0.00143140,20.00000000
2018-02-28 01:05:07,0.00143080,1.81000000
2018-02-28 01:05:07,0.00143000,503.61000000
2018-02-28 01:05:07,0.00142930,40.30000000
2018-02-28 01:05:07,0.00142910,226.41000000
2018-02-28 01:05:07,0.00142900,37.58000000
2018-02-28 01:05:08,0.00143270,5.35000000
2018-02-28 01:05:08,0.00143550,2.44000000
2018-02-28 01:05:10,0.00143360,214.03000000
2018-02-28 01:05:13,0.00143270,0.01000000
2018-02-28 01:05:13,0.00143240,1.05000000
2018-02-28 01:05:14,0.00143140,53.24000000
2018-02-28 01:05:14,0.00143150,1.05000000
2018-02-28 01:05:14,0.00143230,20.89000000
2018-02-28 01:05:14,0.00143240,2.10000000
2018-02-28 01:05:14,0.00143260,19.99000000
2018-02-28 01:05:14,0.00143280,86.47000000
2018-02-28 01:05:14,0.00143280,2.09000000
2018-02-28 01:05:14,0.00142920,1.04000000
2018-02-28 01:05:15,0.00143200,8.00000000
2018-02-28 01:05:15,0.00143280,123.93000000
2018-02-28 01:05:16,0.00143010,2.54000000
2018-02-28 01:05:20,0.00143260,37.58000000
2018-02-28 01:05:20,0.00143240,1.74000000
2018-02-28 01:05:21,0.00143230,11.39000000
2018-02-28 01:05:21,0.00143240,1.75000000
2018-02-28 01:05:27,0.00143200,84.16000000
2018-02-28 01:05:30,0.00143350,100.09000000
2018-02-28 01:05:34,0.00143480,6.96000000
2018-02-28 01:05:39,0.00143500,8.22000000
2018-02-28 01:05:41,0.00143500,2.16000000
2018-02-28 01:05:41,0.00143520,6.97000000
2018-02-28 01:05:41,0.00143560,10.72000000
2018-02-28 01:05:41,0.00143560,1.13000000
2018-02-28 01:05:42,0.00143560,7.09000000
2018-02-28 01:05:42,0.00143390,109.12000000
2018-02-28 01:05:42,0.00143570,6.68000000
2018-02-28 01:05:42,0.00143580,12.45000000
2018-02-28 01:05:42,0.00143580,1.00000000
2018-02-28 01:05:43,0.00143580,4.12000000
2018-02-28 01:05:43,0.00143580,105.18000000
2018-02-28 01:05:43,0.00143670,1.00000000
2018-02-28 01:05:52,0.00143530,224.78000000
2018-02-28 01:05:56,0.00143440,7.00000000
2018-02-28 01:05:56,0.00143420,3.00000000
2018-02-28 01:06:03,0.00143570,2.08000000
2018-02-28 01:06:04,0.00143460,3.85000000
2018-02-28 01:06:06,0.00143540,110.84000000
2018-02-28 01:06:08,0.00143460,3.15000000
2018-02-28 01:06:08,0.00143450,17.85000000
2018-02-28 01:06:20,0.00143540,235.53000000
2018-02-28 01:06:27,0.00143570,30.36000000
2018-02-28 01:06:27,0.00143510,1.00000000
2018-02-28 01:06:27,0.00143510,1.55000000
2018-02-28 01:06:29,0.00143530,9.90000000
2018-02-28 01:06:31,0.00143540,1.05000000
2018-02-28 01:06:32,0.00143540,5.96000000
2018-02-28 01:06:32,0.00143620,0.94000000
2018-02-28 01:06:41,0.00143570,121.59000000
2018-02-28 01:06:52,0.00143570,13.80000000
2018-02-28 01:06:56,0.00143570,19.38000000
2018-02-28 01:06:56,0.00143570,19.38000000
2018-02-28 01:06:56,0.00143570,6.94000000
2018-02-28 01:06:56,0.00143570,19.38000000
2018-02-28 01:06:56,0.00143570,19.38000000
2018-02-28 01:06:56,0.00143550,1.06000000
2018-02-28 01:06:56,0.00143540,5.88000000
2018-02-28 01:06:57,0.00143570,1.00000000
2018-02-28 01:06:59,0.00143550,7.64000000
2018-02-28 01:06:59,0.00143570,1.00000000
2018-02-28 01:07:03,0.00143560,2.56000000
2018-02-28 01:07:03,0.00143570,6.18000000
2018-02-28 01:07:04,0.00143540,16.12000000
2018-02-28 01:07:06,0.00143570,28.84000000
2018-02-28 01:07:11,0.00143570,12.09000000
2018-02-28 01:07:11,0.00143600,132.10000000
2018-02-28 01:07:11,0.00143570,18.69000000
2018-02-28 01:07:11,0.00143550,1.05000000
2018-02-28 01:07:11,0.00143540,195.52000000
2018-02-28 01:07:11,0.00143530,93.55000000
2018-02-28 01:07:11,0.00143480,96.93000000
2018-02-28 01:07:16,0.00143480,88.77000000
2018-02-28 01:07:17,0.00143480,35.77000000
2018-02-28 01:07:19,0.00143470,3.34000000
2018-02-28 01:07:20,0.00143480,0.04000000
2018-02-28 01:07:21,0.00143470,20.21000000
2018-02-28 01:07:22,0.00143460,9.07000000
2018-02-28 01:07:25,0.00143460,3.34000000
2018-02-28 01:07:27,0.00143460,6.80000000
2018-02-28 01:07:28,0.00143460,3.66000000
2018-02-28 01:07:29,0.00143460,2.33000000
2018-02-28 01:07:31,0.00143460,52.02000000
2018-02-28 01:07:32,0.00143450,1.60000000
2018-02-28 01:07:32,0.00143340,3.50000000
2018-02-28 01:07:34,0.00143340,17.42000000
2018-02-28 01:07:38,0.00143340,1.74000000
2018-02-28 01:07:38,0.00143200,3.83000000
2018-02-28 01:07:39,0.00143240,1.13000000
2018-02-28 01:07:40,0.00143260,142.85000000
2018-02-28 01:07:42,0.00143200,1.93000000
2018-02-28 01:07:42,0.00143200,11.49000000
2018-02-28 01:07:46,0.00143200,1.41000000
2018-02-28 01:07:47,0.00143340,1.60000000
2018-02-28 01:07:47,0.00143450,0.15000000
2018-02-28 01:07:48,0.00143200,32.31000000
2018-02-28 01:07:49,0.00143200,162.55000000
2018-02-28 01:07:55,0.00143320,28.90000000
2018-02-28 01:08:02,0.00143440,2.08000000
2018-02-28 01:08:11,0.00143390,153.60000000
2018-02-28 01:08:14,0.00143440,0.20000000
2018-02-28 01:08:15,0.00143430,13.36000000
2018-02-28 01:08:24,0.00143430,5.00000000
2018-02-28 01:08:29,0.00143390,39.65000000
2018-02-28 01:08:41,0.00143390,1.00000000
2018-02-28 01:08:42,0.00143370,1.05000000
2018-02-28 01:08:42,0.00143360,2.05000000
2018-02-28 01:08:44,0.00143360,2.93000000
2018-02-28 01:08:44,0.00143320,350.00000000
2018-02-28 01:08:45,0.00143270,164.35000000
2018-02-28 01:08:47,0.00143230,37.90000000
2018-02-28 01:08:47,0.00143230,11.51000000
2018-02-28 01:08:48,0.00143230,5.82000000
2018-02-28 01:08:48,0.00143230,6.20000000
2018-02-28 01:08:48,0.00143230,1.00000000
2018-02-28 01:08:48,0.00143230,30.42000000
2018-02-28 01:08:49,0.00143210,1.06000000
2018-02-28 01:08:49,0.00143200,7.76000000
2018-02-28 01:08:49,0.00143160,1.06000000
2018-02-28 01:08:49,0.00143000,19.82000000
2018-02-28 01:08:51,0.00143230,1.06000000
2018-02-28 01:09:04,0.00143160,50.40000000
2018-02-28 01:09:06,0.00143210,2.08000000
2018-02-28 01:09:10,0.00143160,118.89000000
2018-02-28 01:09:10,0.00143210,80.70000000
2018-02-28 01:09:10,0.00143230,112.38000000
2018-02-28 01:09:13,0.00143100,1.00000000
2018-02-28 01:09:13,0.00143100,51.90000000
2018-02-28 01:09:13,0.00143010,6.68000000
2018-02-28 01:09:13,0.00143000,170.82000000
2018-02-28 01:09:14,0.00143000,10.00000000
2018-02-28 01:09:16,0.00143210,15.92000000
2018-02-28 01:09:17,0.00143100,175.10000000
2018-02-28 01:09:19,0.00143000,1.00000000
2018-02-28 01:09:27,0.00143200,4.06000000
2018-02-28 01:09:28,0.00143200,1.39000000
2018-02-28 01:09:29,0.00143020,40.55000000
2018-02-28 01:09:29,0.00143000,124.74000000
2018-02-28 01:09:29,0.00142920,256.81000000
2018-02-28 01:09:29,0.00143200,1.13000000
2018-02-28 01:09:32,0.00143080,61.15000000
2018-02-28 01:09:33,0.00143030,2.11000000
2018-02-28 01:09:33,0.00143010,9.88000000
2018-02-28 01:09:34,0.00143000,180.82000000
2018-02-28 01:09:34,0.00143150,22.97000000
2018-02-28 01:09:34,0.00143200,3.41000000
2018-02-28 01:09:34,0.00143210,0.40000000
2018-02-28 01:09:35,0.00143210,2.31000000
2018-02-28 01:09:38,0.00143030,150.00000000
2018-02-28 01:09:53,0.00143110,185.61000000
2018-02-28 01:09:55,0.00143040,1.06000000
2018-02-28 01:09:55,0.00143030,14.56000000
2018-02-28 01:09:56,0.00143030,10.03000000
2018-02-28 01:10:01,0.00143040,3.40000000
2018-02-28 01:10:01,0.00143030,20.43000000
2018-02-28 01:10:02,0.00143030,7.16000000
2018-02-28 01:10:03,0.00143030,4.68000000
2018-02-28 01:10:03,0.00143030,26.95000000
2018-02-28 01:10:04,0.00143040,2.00000000
2018-02-28 01:10:04,0.00143040,13.75000000
2018-02-28 01:10:04,0.00143030,13.89000000
2018-02-28 01:10:07,0.00143030,38.85000000
2018-02-28 01:10:07,0.00142950,5.28000000
2018-02-28 01:10:09,0.00142960,71.66000000
2018-02-28 01:10:09,0.00142940,64.36000000
2018-02-28 01:10:09,0.00142910,32.39000000
2018-02-28 01:10:09,0.00142900,75.10000000
2018-02-28 01:10:09,0.00142960,1.00000000
2018-02-28 01:10:10,0.00142960,2.93000000
2018-02-28 01:10:10,0.00142960,1.00000000
2018-02-28 01:10:10,0.00142960,4.28000000
2018-02-28 01:10:10,0.00142960,1.10000000
2018-02-28 01:10:12,0.00142960,2.82000000
2018-02-28 01:10:17,0.00142960,58.53000000
2018-02-28 01:10:19,0.00143000,119.27000000
2018-02-28 01:10:19,0.00143040,5.75000000
2018-02-28 01:10:26,0.00143140,2.97000000
2018-02-28 01:10:27,0.00143140,1.40000000
2018-02-28 01:10:27,0.00143140,0.91000000
2018-02-28 01:10:27,0.00143200,7.47000000
2018-02-28 01:10:27,0.00143080,196.36000000
2018-02-28 01:10:27,0.00143050,17.26000000
2018-02-28 01:10:30,0.00143140,3.56000000
2018-02-28 01:10:33,0.00143050,34.91000000
2018-02-28 01:10:33,0.00143040,129.72000000
2018-02-28 01:10:43,0.00143080,82.41000000
2018-02-28 01:10:52,0.00143040,24.70000000
2018-02-28 01:10:55,0.00143130,2.10000000
2018-02-28 01:10:58,0.00143070,207.11000000
2018-02-28 01:11:07,0.00143110,0.99000000
2018-02-28 01:11:07,0.00143120,62.28000000
2018-02-28 01:11:12,0.00143050,2.12000000
2018-02-28 01:11:12,0.00143040,4.49000000
2018-02-28 01:11:15,0.00143040,1.00000000
2018-02-28 01:11:16,0.00143040,0.77000000
2018-02-28 01:11:18,0.00143070,93.16000000
2018-02-28 01:11:39,0.00143040,217.86000000
2018-02-28 01:11:41,0.00143030,17.80000000
2018-02-28 01:11:44,0.00143030,2.00000000
2018-02-28 01:11:49,0.00143030,25.00000000
2018-02-28 01:11:56,0.00142990,0.28000000
2018-02-28 01:11:58,0.00143000,103.91000000
2018-02-28 01:11:58,0.00142990,138.78000000
2018-02-28 01:11:58,0.00142980,7.24000000
2018-02-28 01:12:01,0.00143000,1.12000000
2018-02-28 01:12:02,0.00143000,14.88000000
2018-02-28 01:12:03,0.00143030,107.17000000
2018-02-28 01:12:04,0.00143030,3.52000000
2018-02-28 01:12:07,0.00143000,20.00000000
2018-02-28 01:12:07,0.00142980,12.06000000
2018-02-28 01:12:07,0.00142910,4.08000000
2018-02-28 01:12:07,0.00142900,33.86000000
2018-02-28 01:12:16,0.00142960,228.61000000
2018-02-28 01:12:18,0.00142990,3.40000000
2018-02-28 01:12:26,0.00142990,2.09000000
2018-02-28 01:12:28,0.00142990,1.00000000
2018-02-28 01:12:29,0.00142990,7.04000000
2018-02-28 01:12:31,0.00142940,114.66000000
2018-02-28 01:12:31,0.00142990,2.89000000
2018-02-28 01:12:31,0.00142990,11.51000000
2018-02-28 01:12:32,0.00142990,166.00000000
2018-02-28 01:12:38,0.00142990,6.92000000
2018-02-28 01:12:38,0.00142990,66.96000000
2018-02-28 01:12:39,0.00142990,1.00000000
2018-02-28 01:12:40,0.00142990,3.43000000
2018-02-28 01:12:43,0.00142950,4.44000000
2018-02-28 01:12:44,0.00142990,10.52000000
2018-02-28 01:12:46,0.00142990,1.00000000
2018-02-28 01:12:46,0.00142990,7.08000000
2018-02-28 01:12:48,0.00142990,6.58000000
2018-02-28 01:12:50,0.00142990,3.79000000
2018-02-28 01:12:54,0.00142990,21.38000000
2018-02-28 01:12:58,0.00142990,5.57000000
2018-02-28 01:13:00,0.00142980,1.37000000
2018-02-28 01:13:00,0.00142990,1.83000000
2018-02-28 01:13:01,0.00142990,69.62000000
2018-02-28 01:13:03,0.00142950,125.17000000
2018-02-28 01:13:13,0.00142990,33.57000000
2018-02-28 01:13:13,0.00142980,1.00000000
2018-02-28 01:13:14,0.00142980,2.09000000
2018-02-28 01:13:21,0.00142980,28.42000000
2018-02-28 01:13:22,0.00142950,11.22000000
2018-02-28 01:13:26,0.00142980,7.12000000
2018-02-28 01:13:26,0.00142980,11.52000000
2018-02-28 01:13:26,0.00142980,4.79000000
2018-02-28 01:13:30,0.00142930,14.10000000
2018-02-28 01:13:30,0.00142920,16.35000000
2018-02-28 01:13:30,0.00142900,112.67000000
2018-02-28 01:13:37,0.00142940,1.41000000
2018-02-28 01:13:38,0.00142980,2.45000000
2018-02-28 01:13:41,0.00142940,50.94000000
2018-02-28 01:13:43,0.00142920,135.92000000
2018-02-28 01:13:55,0.00142940,0.50000000
2018-02-28 01:13:55,0.00142940,1.00000000
2018-02-28 01:14:00,0.00142920,21.97000000
2018-02-28 01:14:00,0.00142910,1.75000000
2018-02-28 01:14:00,0.00142900,2.13000000
2018-02-28 01:14:07,0.00142940,13.14000000
2018-02-28 01:14:08,0.00142900,24.00000000
2018-02-28 01:14:09,0.00142900,9.84000000
2018-02-28 01:14:09,0.00142900,61.94000000
2018-02-28 01:14:16,0.00142900,0.20000000
2018-02-28 01:14:20,0.00142900,1.38000000
2018-02-28 01:14:24,0.00142890,173.24000000
2018-02-28 01:14:25,0.00142890,24.70000000
2018-02-28 01:14:27,0.00142890,1.00000000
2018-02-28 01:14:28,0.00142890,2.64000000
2018-02-28 01:14:29,0.00142890,3.43000000
2018-02-28 01:14:31,0.00142820,32.72000000
2018-02-28 01:14:32,0.00142760,22.00000000
2018-02-28 01:14:32,0.00142760,2.00000000
2018-02-28 01:14:33,0.00142890,2.20000000
2018-02-28 01:14:35,0.00142880,2.25000000
2018-02-28 01:14:37,0.00142880,2.14000000
2018-02-28 01:14:37,0.00142880,2.14000000
2018-02-28 01:14:37,0.00142880,2.14000000
2018-02-28 01:14:37,0.00142880,1.20000000
2018-02-28 01:14:39,0.00142880,0.94000000
2018-02-28 01:14:41,0.00142760,15.73000000
2018-02-28 01:14:43,0.00142880,1.00000000
2018-02-28 01:14:44,0.00142770,4.63000000
2018-02-28 01:14:44,0.00142760,132.81000000
2018-02-28 01:14:44,0.00142710,2.00000000
2018-02-28 01:14:44,0.00142700,32.61000000
2018-02-28 01:14:45,0.00142880,7.65000000
2018-02-28 01:14:47,0.00142760,2.72000000
2018-02-28 01:14:47,0.00142720,157.42000000
2018-02-28 01:14:47,0.00142760,2.87000000
2018-02-28 01:14:48,0.00142760,10.40000000
2018-02-28 01:14:49,0.00142760,20.01000000
2018-02-28 01:14:50,0.00142710,22.62000000
2018-02-28 01:14:50,0.00142760,64.42000000
2018-02-28 01:14:50,0.00142880,150.79000000
2018-02-28 01:14:50,0.00142880,6.98000000
2018-02-28 01:14:50,0.00142880,6.98000000
2018-02-28 01:14:50,0.00142880,6.98000000
2018-02-28 01:14:51,0.00142880,6.98000000
2018-02-28 01:14:51,0.00142880,6.98000000
2018-02-28 01:14:51,0.00142880,6.98000000
2018-02-28 01:14:51,0.00142880,6.98000000
2018-02-28 01:14:51,0.00142880,48.48000000
2018-02-28 01:14:51,0.00142760,15.44000000
2018-02-28 01:14:51,0.00142880,6.98000000
2018-02-28 01:14:51,0.00142880,21.12000000
2018-02-28 01:14:51,0.00142880,6.98000000
2018-02-28 01:14:51,0.00142880,6.98000000
2018-02-28 01:14:51,0.00142880,6.98000000
2018-02-28 01:14:52,0.00142880,0.16000000
2018-02-28 01:14:52,0.00142890,0.88000000
2018-02-28 01:14:52,0.00142890,6.98000000
2018-02-28 01:14:52,0.00142890,9.70000000
2018-02-28 01:14:52,0.00142890,6.98000000
2018-02-28 01:14:52,0.00142710,6.98000000
2018-02-28 01:14:58,0.00142890,2.10000000
2018-02-28 01:14:59,0.00142890,6.97000000
2018-02-28 01:14:59,0.00142890,9.00000000
2018-02-28 01:14:59,0.00142890,9.00000000
2018-02-28 01:14:59,0.00142890,1.39000000
2018-02-28 01:15:00,0.00142720,6.45000000
2018-02-28 01:15:01,0.00142880,10.03000000
2018-02-28 01:15:02,0.00142790,43.47000000
2018-02-28 01:15:05,0.00142700,93.06000000
2018-02-28 01:15:09,0.00142870,1.00000000
2018-02-28 01:15:12,0.00142870,3.19000000
2018-02-28 01:15:14,0.00142870,38.22000000
2018-02-28 01:15:17,0.00142870,133.51000000
2018-02-28 01:15:20,0.00142800,168.17000000
2018-02-28 01:15:24,0.00142720,13.56000000
2018-02-28 01:15:24,0.00142720,1.00000000
2018-02-28 01:15:25,0.00142720,1.92000000
2018-02-28 01:15:25,0.00142720,0.02000000
2018-02-28 01:15:25,0.00142870,1.00000000
2018-02-28 01:15:25,0.00142890,2.81000000
2018-02-28 01:15:27,0.00142890,4.27000000
2018-02-28 01:15:33,0.00142720,7.22000000
2018-02-28 01:15:36,0.00142720,98.04000000
2018-02-28 01:15:36,0.00142890,227.94000000
2018-02-28 01:15:39,0.00142890,8.41000000
2018-02-28 01:15:43,0.00142890,175.20000000
2018-02-28 01:15:50,0.00142890,311.65000000
2018-02-28 01:15:51,0.00142900,14.73000000
2018-02-28 01:15:52,0.00142890,20.48000000
2018-02-28 01:15:55,0.00142890,61.31000000
2018-02-28 01:15:57,0.00142800,5.68000000
2018-02-28 01:15:59,0.00142800,1.00000000
2018-02-28 01:15:59,0.00142890,19.63000000
2018-02-28 01:16:00,0.00142800,178.68000000
2018-02-28 01:16:04,0.00142890,1.47000000
2018-02-28 01:16:10,0.00142730,7.22000000
2018-02-28 01:16:10,0.00142720,80.79000000
2018-02-28 01:16:10,0.00142720,1.00000000
2018-02-28 01:16:12,0.00142710,64.73000000
2018-02-28 01:16:14,0.00142700,78.47000000
2018-02-28 01:16:14,0.00142610,41.79000000
2018-02-28 01:16:22,0.00142700,2.13000000
2018-02-28 01:16:22,0.00142610,89.50000000
2018-02-28 01:16:22,0.00142600,3.00000000
2018-02-28 01:16:24,0.00142600,1.00000000
2018-02-28 01:16:25,0.00142600,1.27000000
2018-02-28 01:16:25,0.00142600,3.47000000
2018-02-28 01:16:29,0.00142600,3.51000000
2018-02-28 01:16:30,0.00142580,5.79000000
2018-02-28 01:16:30,0.00142580,183.64000000
2018-02-28 01:16:30,0.00142600,91.60000000
2018-02-28 01:16:39,0.00142620,26.24000000
2018-02-28 01:16:40,0.00142700,41.07000000
2018-02-28 01:16:41,0.00142700,51.86000000
2018-02-28 01:16:42,0.00142640,24.00000000
2018-02-28 01:16:44,0.00142760,75.48000000
2018-02-28 01:16:46,0.00142900,2.80000000
2018-02-28 01:16:51,0.00142700,177.16000000
2018-02-28 01:16:51,0.00142700,7.10000000
2018-02-28 01:16:56,0.00142700,148.28000000
2018-02-28 01:16:57,0.00142700,14.21000000
2018-02-28 01:16:57,0.00142700,14.00000000
2018-02-28 01:16:58,0.00142780,200.18000000
2018-02-28 01:16:59,0.00142700,375.61000000
2018-02-28 01:16:59,0.00142620,6.34000000
2018-02-28 01:16:59,0.00142600,364.91000000
2018-02-28 01:16:59,0.00142580,464.62000000
2018-02-28 01:17:02,0.00142870,2.07000000
2018-02-28 01:17:06,0.00142870,3.75000000
2018-02-28 01:17:06,0.00142870,1.68000000
2018-02-28 01:17:11,0.00142870,38.18000000
2018-02-28 01:17:11,0.00142880,7.10000000
2018-02-28 01:17:11,0.00142900,24.99000000
2018-02-28 01:17:11,0.00142900,300.00000000
2018-02-28 01:17:11,0.00142900,65.23000000
2018-02-28 01:17:11,0.00142900,13.58000000
2018-02-28 01:17:13,0.00142900,0.36000000
2018-02-28 01:17:13,0.00142900,6.99000000
2018-02-28 01:17:14,0.00142900,13.58000000
2018-02-28 01:17:15,0.00142900,6.99000000
2018-02-28 01:17:15,0.00142900,24.16000000
2018-02-28 01:17:16,0.00142900,12.32000000
2018-02-28 01:17:16,0.00142720,7.10000000
2018-02-28 01:17:16,0.00142700,8.23000000
2018-02-28 01:17:16,0.00142880,7.10000000
2018-02-28 01:17:16,0.00142950,5.79000000
2018-02-28 01:17:17,0.00142950,6.99000000
2018-02-28 01:17:19,0.00142920,86.23000000
2018-02-28 01:17:19,0.00142950,6.99000000
2018-02-28 01:17:24,0.00142920,1.48000000
2018-02-28 01:17:30,0.00142950,6.17000000
2018-02-28 01:17:30,0.00142970,98.60000000
2018-02-28 01:17:33,0.00142940,210.93000000
2018-02-28 01:17:33,0.00142970,3.81000000
2018-02-28 01:17:37,0.00142920,6.84000000
2018-02-28 01:17:37,0.00142970,1.31000000
2018-02-28 01:17:38,0.00142970,1.44000000
2018-02-28 01:17:40,0.00142970,0.02000000
2018-02-28 01:17:40,0.00142990,1.37000000
2018-02-28 01:17:44,0.00142990,0.70000000
2018-02-28 01:17:47,0.00142940,96.98000000
2018-02-28 01:17:51,0.00142900,3.51000000
2018-02-28 01:17:51,0.00142970,45.67000000
2018-02-28 01:18:01,0.00142970,1.00000000
2018-02-28 01:18:02,0.00142970,104.83000000
2018-02-28 01:18:04,0.00142930,221.68000000
2018-02-28 01:18:07,0.00142900,52.17000000
2018-02-28 01:18:07,0.00142890,10.00000000
2018-02-28 01:18:07,0.00142730,15.32000000
2018-02-28 01:18:07,0.00142720,7.10000000
2018-02-28 01:18:07,0.00142660,21.02000000
2018-02-28 01:18:07,0.00142600,51.20000000
2018-02-28 01:18:07,0.00142590,345.67000000
2018-02-28 01:18:07,0.00142930,2.10000000
2018-02-28 01:18:12,0.00142640,77.50000000
2018-02-28 01:18:24,0.00142790,107.73000000
2018-02-28 01:18:31,0.00142890,0.99000000
2018-02-28 01:18:31,0.00142890,14.33000000
2018-02-28 01:18:31,0.00142920,21.02000000
2018-02-28 01:18:31,0.00142930,5.00000000
2018-02-28 01:18:31,0.00142970,64.59000000
2018-02-28 01:18:32,0.00142720,7.00000000
2018-02-28 01:18:32,0.00142740,2.29000000
2018-02-28 01:18:34,0.00142800,5.78000000
2018-02-28 01:18:34,0.00142800,5.24000000
2018-02-28 01:18:36,0.00142760,232.19000000
2018-02-28 01:18:39,0.00142800,3.24000000
2018-02-28 01:18:48,0.00142770,118.24000000
2018-02-28 01:18:54,0.00142800,1.00000000
2018-02-28 01:18:57,0.00142760,22.00000000
2018-02-28 01:18:57,0.00142750,54.14000000
2018-02-28 01:18:58,0.00142750,19.73000000
2018-02-28 01:19:01,0.00142750,3.49000000
2018-02-28 01:19:02,0.00142750,20.72000000
2018-02-28 01:19:04,0.00142750,6.79000000
2018-02-28 01:19:04,0.00142750,4.15000000
2018-02-28 01:19:04,0.00142740,4.15000000
2018-02-28 01:19:13,0.00142800,65.95000000
2018-02-28 01:19:17,0.00142800,1.75000000
2018-02-28 01:19:19,0.00142760,105.18000000
2018-02-28 01:19:20,0.00142730,4.05000000
2018-02-28 01:19:20,0.00142720,5.37000000
2018-02-28 01:19:22,0.00142790,1.00000000
2018-02-28 01:19:23,0.00142720,7.45000000
2018-02-28 01:19:24,0.00142730,27.00000000
2018-02-28 01:19:24,0.00142720,220.65000000
2018-02-28 01:19:25,0.00142790,4.31000000
2018-02-28 01:19:28,0.00142790,1.13000000
2018-02-28 01:19:28,0.00142800,9.97000000
2018-02-28 01:19:30,0.00142800,2.09000000
2018-02-28 01:19:31,0.00142750,35.20000000
2018-02-28 01:19:34,0.00142800,1.00000000
2018-02-28 01:19:34,0.00142800,16.55000000
2018-02-28 01:19:38,0.00142970,3.79000000
2018-02-28 01:19:38,0.00142990,1.13000000
2018-02-28 01:19:47,0.00142990,5.09000000
2018-02-28 01:20:00,0.00142990,37.30000000
2018-02-28 01:20:06,0.00142990,3.73000000
2018-02-28 01:20:06,0.00142990,54.94000000
2018-02-28 01:20:08,0.00142990,3.49000000
2018-02-28 01:20:09,0.00143000,3.50000000
2018-02-28 01:20:10,0.00142990,180.35000000
2018-02-28 01:20:13,0.00142990,163.50000000
2018-02-28 01:20:15,0.00142990,156.99000000
2018-02-28 01:20:16,0.00142810,0.10000000
2018-02-28 01:20:17,0.00142810,0.20000000
2018-02-28 01:20:25,0.00142890,118.38000000
2018-02-28 01:20:29,0.00142810,6.80000000
2018-02-28 01:20:32,0.00142800,41.09000000
2018-02-28 01:20:32,0.00142760,7.32000000
2018-02-28 01:20:32,0.00142750,5.73000000
2018-02-28 01:20:32,0.00142720,48.86000000
2018-02-28 01:20:34,0.00142810,1.00000000
2018-02-28 01:20:34,0.00142810,29.28000000
2018-02-28 01:20:41,0.00142760,48.26000000
2018-02-28 01:20:59,0.00142760,124.83000000
2018-02-28 01:21:05,0.00142810,0.01000000
2018-02-28 01:21:05,0.00142970,0.78000000
2018-02-28 01:21:06,0.00142780,2.39000000
2018-02-28 01:21:09,0.00142970,0.77000000
2018-02-28 01:21:14,0.00142880,54.86000000
2018-02-28 01:21:14,0.00142970,5.55000000
2018-02-28 01:21:14,0.00143000,19.07000000
2018-02-28 01:21:19,0.00143000,2.88000000
2018-02-28 01:21:22,0.00142820,7.00000000
2018-02-28 01:21:22,0.00142820,0.10000000
2018-02-28 01:21:22,0.00142800,7.10000000
2018-02-28 01:21:22,0.00142780,25.51000000
2018-02-28 01:21:22,0.00142760,51.74000000
2018-02-28 01:21:27,0.00142820,131.44000000
2018-02-28 01:21:27,0.00142900,4.20000000
2018-02-28 01:21:27,0.00142950,7.10000000
2018-02-28 01:21:27,0.00142960,1.03000000
2018-02-28 01:21:27,0.00142980,3.75000000
2018-02-28 01:21:28,0.00142980,3.35000000
2018-02-28 01:21:28,0.00143000,62.65000000
2018-02-28 01:21:28,0.00143000,6.99000000
2018-02-28 01:21:32,0.00143000,10.59000000
2018-02-28 01:21:37,0.00143000,1.73000000
2018-02-28 01:21:38,0.00143000,1.00000000
2018-02-28 01:21:39,0.00143000,1.00000000
2018-02-28 01:21:40,0.00143000,10.80000000
2018-02-28 01:21:40,0.00143000,71.31000000
2018-02-28 01:21:42,0.00143040,61.46000000
2018-02-28 01:21:42,0.00143000,1.00000000
2018-02-28 01:21:43,0.00143000,2.29000000
2018-02-28 01:21:43,0.00143000,16.89000000
2018-02-28 01:21:47,0.00143000,1.63000000
2018-02-28 01:21:50,0.00143100,0.84000000
2018-02-28 01:21:57,0.00143050,138.04000000
2018-02-28 01:22:02,0.00143100,1.25000000
2018-02-28 01:22:02,0.00143140,34.54000000
2018-02-28 01:22:02,0.00143350,34.21000000
2018-02-28 01:22:04,0.00143140,18.98000000
2018-02-28 01:22:04,0.00143160,2.04000000
2018-02-28 01:22:05,0.00143340,1.74000000
2018-02-28 01:22:09,0.00143240,68.06000000
2018-02-28 01:22:10,0.00143340,1.05000000
2018-02-28 01:22:11,0.00143340,2.30000000
2018-02-28 01:22:13,0.00143340,3.97000000
2018-02-28 01:22:13,0.00143350,5.03000000
2018-02-28 01:22:13,0.00143350,5.16000000
2018-02-28 01:22:13,0.00143360,2.53000000
2018-02-28 01:22:15,0.00143360,6.97000000
2018-02-28 01:22:16,0.00143180,10.49000000
2018-02-28 01:22:16,0.00143160,4.96000000
2018-02-28 01:22:16,0.00143150,23.73000000
2018-02-28 01:22:16,0.00143140,23.02000000
2018-02-28 01:22:16,0.00143050,11.34000000
2018-02-28 01:22:16,0.00143020,58.77000000
2018-02-28 01:22:16,0.00143010,139.22000000
2018-02-28 01:22:16,0.00143000,125.24000000
2018-02-28 01:22:17,0.00143010,44.36000000
2018-02-28 01:22:25,0.00143310,58.77000000
2018-02-28 01:22:25,0.00143320,7.00000000
2018-02-28 01:22:25,0.00143340,7.00000000
2018-02-28 01:22:25,0.00143350,7.32000000
2018-02-28 01:22:25,0.00143360,210.91000000
2018-02-28 01:22:25,0.00143340,23.51000000
2018-02-28 01:22:25,0.00143340,37.60000000
2018-02-28 01:22:26,0.00143360,13.58000000
2018-02-28 01:22:26,0.00143340,9.41000000
2018-02-28 01:22:27,0.00143350,13.58000000
2018-02-28 01:22:28,0.00143350,6.97000000
2018-02-28 01:22:28,0.00143270,144.64000000
2018-02-28 01:22:29,0.00143350,23.81000000
2018-02-28 01:22:29,0.00143360,5.19000000
2018-02-28 01:22:29,0.00143360,13.58000000
2018-02-28 01:22:30,0.00143350,6.97000000
2018-02-28 01:22:30,0.00143350,0.35000000
2018-02-28 01:22:33,0.00143360,1.44000000
2018-02-28 01:22:36,0.00143360,0.88000000
2018-02-28 01:22:40,0.00143310,0.75000000
2018-02-28 01:22:42,0.00143250,74.66000000
2018-02-28 01:22:43,0.00143210,2.10000000
2018-02-28 01:22:53,0.00143270,0.70000000
2018-02-28 01:22:53,0.00143270,35.19000000
2018-02-28 01:22:58,0.00143130,4.09000000
2018-02-28 01:22:58,0.00143270,21.18000000
2018-02-28 01:23:01,0.00143270,24.11000000
2018-02-28 01:23:06,0.00143270,15.33000000
2018-02-28 01:23:07,0.00143050,7.00000000
2018-02-28 01:23:07,0.00143030,7.00000000
2018-02-28 01:23:07,0.00143010,58.67000000
2018-02-28 01:23:07,0.00143000,98.07000000
2018-02-28 01:23:09,0.00143010,36.00000000
2018-02-28 01:23:09,0.00143010,7.00000000
2018-02-28 01:23:11,0.00143010,41.20000000
2018-02-28 01:23:11,0.00143000,625.32000000
2018-02-28 01:23:12,0.00142970,21.39000000
2018-02-28 01:23:12,0.00142870,59.73000000
2018-02-28 01:23:14,0.00143000,3.66000000
2018-02-28 01:23:16,0.00142870,21.39000000
2018-02-28 01:23:16,0.00142760,14.09000000
2018-02-28 01:23:16,0.00142720,8.32000000
2018-02-28 01:23:16,0.00142710,17.95000000
2018-02-28 01:23:17,0.00142710,1.24000000
2018-02-28 01:23:27,0.00142900,11.14000000
2018-02-28 01:23:42,0.00142900,87.72000000
2018-02-28 01:23:49,0.00142940,10.66000000
2018-02-28 01:23:53,0.00142900,2.44000000
2018-02-28 01:23:54,0.00142940,5.79000000
2018-02-28 01:23:54,0.00142940,2.08000000
2018-02-28 01:23:54,0.00142910,17.75000000
2018-02-28 01:23:55,0.00142900,110.04000000
2018-02-28 01:23:55,0.00142870,1.28000000
2018-02-28 01:23:58,0.00142870,1.04000000
2018-02-28 01:23:59,0.00142870,6.29000000
2018-02-28 01:23:59,0.00142900,0.90000000
2018-02-28 01:23:59,0.00142900,12.59000000
2018-02-28 01:24:08,0.00142800,94.32000000
2018-02-28 01:24:09,0.00142900,225.45000000
2018-02-28 01:24:13,0.00142900,1.54000000
2018-02-28 01:24:17,0.00142730,7.32000000
2018-02-28 01:24:17,0.00142720,50.02000000
2018-02-28 01:24:17,0.00142690,243.60000000
2018-02-28 01:24:25,0.00142900,1.33000000
2018-02-28 01:24:26,0.00142690,15.00000000
2018-02-28 01:24:26,0.00142790,24.35000000
2018-02-28 01:24:36,0.00142900,10.00000000
2018-02-28 01:24:39,0.00142790,100.92000000
2018-02-28 01:24:42,0.00142880,0.69000000
2018-02-28 01:24:47,0.00142880,4.04000000
2018-02-28 01:24:47,0.00142880,95.27000000
2018-02-28 01:24:47,0.00142900,0.88000000
2018-02-28 01:24:47,0.00142900,21.67000000
2018-02-28 01:24:47,0.00142900,154.79000000
2018-02-28 01:24:47,0.00142900,4.04000000
2018-02-28 01:24:47,0.00142900,119.40000000
2018-02-28 01:24:52,0.00142900,0.92000000
2018-02-28 01:24:54,0.00142710,27.00000000
2018-02-28 01:24:55,0.00142710,12.50000000
2018-02-28 01:24:55,0.00142700,1.95000000
2018-02-28 01:24:55,0.00142700,12.05000000
2018-02-28 01:24:55,0.00142710,1.52000000
2018-02-28 01:24:56,0.00142710,50.06000000
2018-02-28 01:24:56,0.00142900,332.36000000
2018-02-28 01:24:59,0.00142790,30.95000000
2018-02-28 01:25:06,0.00142890,8.00000000
2018-02-28 01:25:07,0.00142790,3.73000000
2018-02-28 01:25:10,0.00142780,0.71000000
2018-02-28 01:25:12,0.00142710,10.00000000
2018-02-28 01:25:13,0.00142780,4.30000000
2018-02-28 01:25:20,0.00142740,107.52000000
2018-02-28 01:25:20,0.00142710,32.89000000
2018-02-28 01:25:20,0.00142700,90.62000000
2018-02-28 01:25:20,0.00142690,39.27000000
2018-02-28 01:25:25,0.00142690,41.03000000
2018-02-28 01:25:28,0.00142690,31.72000000
2018-02-28 01:25:30,0.00142770,1.05000000
2018-02-28 01:25:31,0.00142720,5.95000000
2018-02-28 01:25:31,0.00142720,31.60000000
2018-02-28 01:25:32,0.00142770,5.95000000
2018-02-28 01:25:33,0.00142780,52.50000000
2018-02-28 01:25:39,0.00142780,1.99000000
2018-02-28 01:25:39,0.00142720,12.84000000
2018-02-28 01:25:41,0.00142780,2.72000000
2018-02-28 01:25:43,0.00142740,113.98000000
2018-02-28 01:25:47,0.00142770,26.67000000
2018-02-28 01:25:51,0.00142740,16.07000000
2018-02-28 01:25:51,0.00142720,134.13000000
2018-02-28 01:25:52,0.00142690,0.89000000
2018-02-28 01:25:53,0.00142720,11.00000000
2018-02-28 01:25:55,0.00142690,287.96000000
2018-02-28 01:25:57,0.00142720,4.85000000
2018-02-28 01:25:58,0.00142720,3.49000000
2018-02-28 01:25:59,0.00142720,1.84000000
2018-02-28 01:26:00,0.00142690,118.56000000
2018-02-28 01:26:00,0.00142670,6.31000000
2018-02-28 01:26:01,0.00142770,3.64000000
2018-02-28 01:26:02,0.00142740,44.00000000
2018-02-28 01:26:05,0.00142720,1.40000000
2018-02-28 01:26:07,0.00142690,60.43000000
2018-02-28 01:26:07,0.00142670,92.17000000
2018-02-28 01:26:11,0.00142720,1.00000000
2018-02-28 01:26:11,0.00142720,1.23000000
2018-02-28 01:26:11,0.00142670,0.99000000
2018-02-28 01:26:20,0.00142670,0.20000000
2018-02-28 01:26:22,0.00142670,45.00000000
2018-02-28 01:26:22,0.00142690,120.58000000
2018-02-28 01:26:30,0.00142670,214.78000000
2018-02-28 01:26:33,0.00142690,50.61000000
2018-02-28 01:26:41,0.00142670,4.05000000
2018-02-28 01:26:45,0.00142670,20.83000000
2018-02-28 01:26:45,0.00142670,1.00000000
2018-02-28 01:26:46,0.00142680,127.18000000
2018-02-28 01:26:47,0.00142670,5.55000000
2018-02-28 01:26:51,0.00142680,1.05000000
2018-02-28 01:26:56,0.00142670,0.71000000
2018-02-28 01:27:01,0.00142670,10.00000000
2018-02-28 01:27:02,0.00142680,32.02000000
2018-02-28 01:27:02,0.00142670,7.24000000
2018-02-28 01:27:03,0.00142670,2.96000000
2018-02-28 01:27:03,0.00142670,69.15000000
2018-02-28 01:27:04,0.00142680,25.60000000
2018-02-28 01:27:05,0.00142690,39.96000000
2018-02-28 01:27:05,0.00142720,21.32000000
2018-02-28 01:27:08,0.00142680,1.01000000
2018-02-28 01:27:08,0.00142680,12.59000000
2018-02-28 01:27:11,0.00142680,21.13000000
2018-02-28 01:27:12,0.00142680,3.31000000
2018-02-28 01:27:22,0.00142670,48.10000000
2018-02-28 01:27:27,0.00142660,5.25000000
2018-02-28 01:27:30,0.00142660,0.02000000
2018-02-28 01:27:34,0.00142650,63.81000000
2018-02-28 01:27:34,0.00142660,14.94000000
2018-02-28 01:27:35,0.00142640,2.10000000
2018-02-28 01:27:35,0.00142610,23.81000000
2018-02-28 01:27:39,0.00142660,1.16000000
2018-02-28 01:27:39,0.00142670,0.93000000
2018-02-28 01:27:44,0.00142670,21.86000000
2018-02-28 01:27:54,0.00142670,93.32000000
2018-02-28 01:27:54,0.00142690,28.44000000
2018-02-28 01:27:54,0.00142710,54.85000000
2018-02-28 01:27:54,0.00142720,365.90000000
2018-02-28 01:27:54,0.00142790,78.74000000
2018-02-28 01:27:54,0.00142880,7.10000000
2018-02-28 01:27:54,0.00142900,91.19000000
2018-02-28 01:27:54,0.00142930,103.73000000
2018-02-28 01:27:54,0.00142960,370.25000000
2018-02-28 01:27:54,0.00142960,6.99000000
2018-02-28 01:27:54,0.00142960,45.88000000
2018-02-28 01:27:55,0.00142960,40.17000000
2018-02-28 01:27:55,0.00142960,3.17000000
2018-02-28 01:27:55,0.00142960,22.26000000
2018-02-28 01:27:56,0.00142960,1.42000000
2018-02-28 01:27:57,0.00142960,242.59000000
2018-02-28 01:27:58,0.00142720,7.94000000
2018-02-28 01:27:59,0.00143000,0.92000000
2018-02-28 01:28:00,0.00142750,7.70000000
2018-02-28 01:28:00,0.00142740,7.10000000
2018-02-28 01:28:00,0.00142720,96.60000000
2018-02-28 01:28:00,0.00142670,365.11000000
2018-02-28 01:28:00,0.00142980,1.12000000
2018-02-28 01:28:09,0.00142850,70.41000000
2018-02-28 01:28:10,0.00142970,19.19000000
2018-02-28 01:28:10,0.00142980,5.98000000
2018-02-28 01:28:10,0.00143000,130.26000000
2018-02-28 01:28:10,0.00143170,2.09000000
2018-02-28 01:28:10,0.00143210,0.78000000
2018-02-28 01:28:10,0.00143220,2.09000000
2018-02-28 01:28:10,0.00143250,9.61000000
2018-02-28 01:28:16,0.00143210,3.84000000
2018-02-28 01:28:20,0.00142930,70.04000000
2018-02-28 01:28:20,0.00142920,20.99000000
2018-02-28 01:28:20,0.00142880,17.33000000
2018-02-28 01:28:20,0.00142780,2.10000000
2018-02-28 01:28:20,0.00142760,7.10000000
2018-02-28 01:28:20,0.00142710,323.07000000
2018-02-28 01:28:20,0.00142710,7.00000000
2018-02-28 01:28:20,0.00142710,7.70000000
2018-02-28 01:28:21,0.00142700,70.04000000
2018-02-28 01:28:21,0.00142710,44.67000000
2018-02-28 01:28:21,0.00142950,7.10000000
2018-02-28 01:28:21,0.00143000,1.00000000
2018-02-28 01:28:22,0.00143000,9.71000000
2018-02-28 01:28:22,0.00143000,2.33000000
2018-02-28 01:28:23,0.00143190,7.00000000
2018-02-28 01:28:23,0.00143220,2.09000000
2018-02-28 01:28:23,0.00143250,9.81000000
2018-02-28 01:28:25,0.00143130,4.18000000
2018-02-28 01:28:30,0.00143020,7.00000000
2018-02-28 01:28:30,0.00143000,229.57000000
2018-02-28 01:28:30,0.00142680,21.44000000
2018-02-28 01:28:33,0.00143140,7.70000000
2018-02-28 01:28:33,0.00143150,17.39000000
2018-02-28 01:28:33,0.00143160,8.91000000
2018-02-28 01:28:36,0.00142830,15.78000000
2018-02-28 01:28:37,0.00142970,76.86000000
2018-02-28 01:28:37,0.00142820,0.92000000
2018-02-28 01:28:37,0.00142820,7.00000000
2018-02-28 01:28:37,0.00142820,2.80000000
2018-02-28 01:28:37,0.00142680,2.79000000
2018-02-28 01:28:37,0.00142680,44.09000000
2018-02-28 01:28:40,0.00142800,4.87000000
2018-02-28 01:28:43,0.00142860,2.09000000
2018-02-28 01:28:43,0.00142820,2.78000000
2018-02-28 01:28:47,0.00142820,53.05000000
2018-02-28 01:28:50,0.00142820,112.64000000
2018-02-28 01:28:53,0.00142840,6.89000000
2018-02-28 01:28:54,0.00142820,57.39000000
2018-02-28 01:28:54,0.00142820,1.01000000
2018-02-28 01:29:00,0.00142820,5.00000000
2018-02-28 01:29:02,0.00142820,18.27000000
2018-02-28 01:29:04,0.00142840,2.30000000
2018-02-28 01:29:04,0.00142820,6.59000000
2018-02-28 01:29:16,0.00142830,7.00000000
2018-02-28 01:29:18,0.00142830,3.97000000
2018-02-28 01:29:18,0.00142820,15.13000000
2018-02-28 01:29:18,0.00142820,25.63000000
2018-02-28 01:29:22,0.00142850,1.09000000
2018-02-28 01:29:24,0.00142850,5.48000000
2018-02-28 01:29:26,0.00142840,13.49000000
2018-02-28 01:29:26,0.00142830,15.61000000
2018-02-28 01:29:26,0.00142820,16.38000000
2018-02-28 01:29:27,0.00142850,0.32000000
2018-02-28 01:29:27,0.00142850,2.42000000
2018-02-28 01:29:27,0.00142820,3.58000000
2018-02-28 01:29:32,0.00143010,0.70000000
2018-02-28 01:29:34,0.00142880,2.09000000
2018-02-28 01:29:34,0.00142870,2.91000000
2018-02-28 01:29:41,0.00143010,0.84000000
2018-02-28 01:29:41,0.00142930,90.07000000
2018-02-28 01:29:44,0.00142870,4.09000000
2018-02-28 01:29:44,0.00142820,17.53000000
2018-02-28 01:29:48,0.00142830,13.64000000
2018-02-28 01:29:51,0.00142930,23.99000000
2018-02-28 01:29:53,0.00142830,29.22000000
2018-02-28 01:30:06,0.00142830,68.17000000
2018-02-28 01:30:11,0.00142930,0.77000000
2018-02-28 01:30:12,0.00142930,0.84000000
2018-02-28 01:30:25,0.00142870,26.69000000
2018-02-28 01:30:28,0.00142830,8.93000000
2018-02-28 01:30:39,0.00142930,15.00000000
2018-02-28 01:30:47,0.00142950,103.27000000
2018-02-28 01:30:47,0.00142990,0.02000000
2018-02-28 01:30:57,0.00142990,18.61000000
2018-02-28 01:30:59,0.00142930,2.77000000
2018-02-28 01:31:01,0.00142930,12.10000000
2018-02-28 01:31:02,0.00142950,33.30000000
2018-02-28 01:31:03,0.00142930,60.08000000
2018-02-28 01:31:04,0.00142990,2.33000000
2018-02-28 01:31:04,0.00142930,1.20000000
2018-02-28 01:31:06,0.00142990,241.49000000
2018-02-28 01:31:12,0.00142990,40.00000000
2018-02-28 01:31:13,0.00142990,48.78000000
2018-02-28 01:31:21,0.00142960,109.72000000
2018-02-28 01:31:22,0.00142950,16.30000000
2018-02-28 01:31:24,0.00142950,3.70000000
2018-02-28 01:31:24,0.00142990,5.41000000
2018-02-28 01:31:34,0.00142960,92.44000000
2018-02-28 01:31:39,0.00142950,18.01000000
2018-02-28 01:31:39,0.00142930,1.18000000
2018-02-28 01:31:47,0.00142940,116.33000000
2018-02-28 01:31:49,0.00142950,8.13000000
2018-02-28 01:31:49,0.00142960,163.30000000
2018-02-28 01:31:58,0.00142930,23.73000000
2018-02-28 01:31:59,0.00142940,46.35000000
2018-02-28 01:32:03,0.00142960,2.33000000
2018-02-28 01:32:12,0.00142960,15.84000000
2018-02-28 01:32:12,0.00142960,40.69000000
2018-02-28 01:32:12,0.00142990,71.53000000
2018-02-28 01:32:14,0.00142930,12.00000000
2018-02-28 01:32:16,0.00142950,122.93000000
2018-02-28 01:32:26,0.00142980,8.13000000
2018-02-28 01:32:26,0.00142980,10.04000000
2018-02-28 01:32:28,0.00142950,7.30000000
2018-02-28 01:32:28,0.00142990,17.73000000
2018-02-28 01:32:30,0.00142930,111.84000000
2018-02-28 01:32:35,0.00142970,52.95000000
2018-02-28 01:32:36,0.00142990,23.78000000
2018-02-28 01:32:38,0.00142960,7.65000000
2018-02-28 01:32:39,0.00142960,2.02000000
2018-02-28 01:32:42,0.00142990,7.00000000
2018-02-28 01:32:42,0.00143010,19.67000000
2018-02-28 01:32:42,0.00143020,7.00000000
2018-02-28 01:32:42,0.00143050,1.63000000
2018-02-28 01:32:44,0.00142960,30.48000000
2018-02-28 01:32:44,0.00142960,203.54000000
2018-02-28 01:32:44,0.00143050,0.04000000
2018-02-28 01:32:48,0.00142970,6.99000000
2018-02-28 01:32:48,0.00142970,4.91000000
2018-02-28 01:32:48,0.00142960,56.19000000
2018-02-28 01:32:48,0.00142960,6.99000000
2018-02-28 01:32:48,0.00142960,6.99000000
2018-02-28 01:32:48,0.00142960,6.99000000
2018-02-28 01:32:48,0.00143000,129.53000000
2018-02-28 01:32:48,0.00142960,6.99000000
2018-02-28 01:32:48,0.00143050,2.10000000
2018-02-28 01:32:48,0.00142960,6.99000000
2018-02-28 01:32:48,0.00142960,6.99000000
2018-02-28 01:32:48,0.00142960,6.99000000
2018-02-28 01:32:48,0.00142960,6.99000000
2018-02-28 01:32:49,0.00142960,6.99000000
2018-02-28 01:32:50,0.00142960,11.56000000
2018-02-28 01:32:51,0.00142960,1.13000000
2018-02-28 01:32:51,0.00142960,13.06000000
2018-02-28 01:32:51,0.00142960,20.12000000
2018-02-28 01:32:53,0.00142960,14.16000000
2018-02-28 01:32:53,0.00142960,1.19000000
2018-02-28 01:32:54,0.00142960,1.00000000
2018-02-28 01:32:55,0.00142960,1.13000000
2018-02-28 01:32:55,0.00142960,8.66000000
2018-02-28 01:32:55,0.00142960,289.10000000
2018-02-28 01:32:55,0.00142960,136.21000000
2018-02-28 01:32:56,0.00142960,75.79000000
2018-02-28 01:32:56,0.00142960,30.00000000
2018-02-28 01:32:57,0.00142960,67.51000000
2018-02-28 01:33:01,0.00142960,28.37000000
2018-02-28 01:33:05,0.00143000,59.55000000
2018-02-28 01:33:07,0.00143050,3.33000000
2018-02-28 01:33:07,0.00143050,6.36000000
2018-02-28 01:33:08,0.00143050,3.33000000
2018-02-28 01:33:10,0.00143050,0.01000000
2018-02-28 01:33:10,0.00142960,0.57000000
2018-02-28 01:33:10,0.00142950,6.31000000
2018-02-28 01:33:10,0.00142930,54.15000000
2018-02-28 01:33:13,0.00143100,8.13000000
2018-02-28 01:33:13,0.00143110,10.72000000
2018-02-28 01:33:13,0.00143140,2.09000000
2018-02-28 01:33:13,0.00143190,2.09000000
2018-02-28 01:33:13,0.00143240,72.80000000
2018-02-28 01:33:13,0.00143250,30.58000000
2018-02-28 01:33:13,0.00143400,60.00000000
2018-02-28 01:33:13,0.00143470,13.29000000
2018-02-28 01:33:14,0.00143460,13.71000000
2018-02-28 01:33:14,0.00142970,4.95000000
2018-02-28 01:33:14,0.00142990,20.00000000
2018-02-28 01:33:15,0.00143000,8.38000000
2018-02-28 01:33:16,0.00143020,2.70000000
2018-02-28 01:33:18,0.00143050,136.13000000
2018-02-28 01:33:18,0.00143040,5.17000000
2018-02-28 01:33:19,0.00143040,5.91000000
2018-02-28 01:33:21,0.00143040,2.02000000
2018-02-28 01:33:22,0.00143040,0.01000000
2018-02-28 01:33:28,0.00142990,20.00000000
2018-02-28 01:33:28,0.00143000,1.30000000
2018-02-28 01:33:28,0.00143040,71.66000000
2018-02-28 01:33:33,0.00143000,66.16000000
2018-02-28 01:33:43,0.00143000,1.79000000
2018-02-28 01:33:43,0.00142970,2.05000000
2018-02-28 01:33:43,0.00142960,4.11000000
2018-02-28 01:33:48,0.00142970,142.58000000
2018-02-28 01:33:50,0.00142960,0.89000000
2018-02-28 01:33:50,0.00142930,4.99000000
2018-02-28 01:33:50,0.00142870,1.69000000
2018-02-28 01:33:50,0.00142840,58.91000000
2018-02-28 01:33:50,0.00142830,798.00000000
2018-02-28 01:33:50,0.00142830,62.96000000
2018-02-28 01:33:53,0.00142800,5.91000000
2018-02-28 01:33:53,0.00142780,2.09000000
2018-02-28 01:33:53,0.00142700,4.43000000
2018-02-28 01:33:53,0.00142830,3.49000000
2018-02-28 01:33:55,0.00142830,203.28000000
2018-02-28 01:33:55,0.00142990,58.91000000
2018-02-28 01:33:55,0.00143000,330.81000000
2018-02-28 01:33:58,0.00142720,58.73000000
2018-02-28 01:33:58,0.00142710,21.02000000
2018-02-28 01:33:58,0.00142700,47.25000000
2018-02-28 01:33:59,0.00142700,67.87000000
2018-02-28 01:33:59,0.00142670,3.96000000
2018-02-28 01:33:59,0.00142610,110.83000000
2018-02-28 01:33:59,0.00142590,62.15000000
2018-02-28 01:34:00,0.00142960,27.04000000
2018-02-28 01:34:07,0.00142880,72.61000000
2018-02-28 01:34:21,0.00142880,1.00000000
2018-02-28 01:34:22,0.00142880,3.87000000
2018-02-28 01:34:22,0.00142880,7.00000000
2018-02-28 01:34:27,0.00142890,52.71000000
2018-02-28 01:34:34,0.00142900,15.29000000
2018-02-28 01:34:40,0.00142940,79.21000000
2018-02-28 01:34:48,0.00142900,45.88000000
2018-02-28 01:34:50,0.00142900,2.09000000
2018-02-28 01:34:56,0.00142900,229.82000000
2018-02-28 01:34:56,0.00142940,9.24000000
2018-02-28 01:34:57,0.00142900,19.32000000
2018-02-28 01:35:08,0.00142900,80.34000000
2018-02-28 01:35:08,0.00142900,156.87000000
2018-02-28 01:35:09,0.00142900,3.60000000
2018-02-28 01:35:09,0.00142890,1.30000000
2018-02-28 01:35:09,0.00142880,10.10000000
2018-02-28 01:35:11,0.00142980,1.75000000
2018-02-28 01:35:13,0.00142900,6.80000000
2018-02-28 01:35:16,0.00142930,85.81000000
2018-02-28 01:35:21,0.00142900,1.42000000
2018-02-28 01:35:22,0.00142900,2.02000000
2018-02-28 01:35:36,0.00142900,32.27000000
2018-02-28 01:35:38,0.00142890,15.84000000
2018-02-28 01:35:40,0.00142900,55.61000000
2018-02-28 01:35:40,0.00142900,14.20000000
2018-02-28 01:35:40,0.00142900,21.00000000
2018-02-28 01:35:40,0.00142900,21.00000000
2018-02-28 01:35:40,0.00142900,11.16000000
2018-02-28 01:35:40,0.00142880,79.23000000
2018-02-28 01:35:49,0.00142900,9.58000000
2018-02-28 01:35:57,0.00142900,33.54000000
2018-02-28 01:35:59,0.00142900,8.53000000
2018-02-28 01:35:59,0.00142900,6.94000000
2018-02-28 01:35:59,0.00142900,4.20000000
2018-02-28 01:35:59,0.00142900,9.00000000
2018-02-28 01:35:59,0.00142880,6.94000000
2018-02-28 01:35:59,0.00142900,8.54000000
2018-02-28 01:36:00,0.00142890,31.32000000
2018-02-28 01:36:00,0.00142900,9.86000000
2018-02-28 01:36:13,0.00142900,38.35000000
2018-02-28 01:36:13,0.00142930,46.65000000
2018-02-28 01:36:15,0.00142900,99.44000000
2018-02-28 01:36:30,0.00142910,37.19000000
2018-02-28 01:36:31,0.00142930,2.51000000
2018-02-28 01:36:36,0.00142900,220.00000000
2018-02-28 01:36:38,0.00142930,0.76000000
2018-02-28 01:36:42,0.00142920,105.31000000
2018-02-28 01:36:43,0.00142930,0.76000000
2018-02-28 01:36:54,0.00142920,42.93000000
2018-02-28 01:36:58,0.00142930,8.95000000
2018-02-28 01:36:58,0.00142930,31.36000000
2018-02-28 01:37:12,0.00142920,3.00000000
2018-02-28 01:37:13,0.00142920,4.15000000
2018-02-28 01:37:16,0.00142910,10.92000000
2018-02-28 01:37:16,0.00142900,30.00000000
2018-02-28 01:37:22,0.00142900,3.96000000
2018-02-28 01:37:23,0.00142920,53.72000000
2018-02-28 01:37:25,0.00142910,48.80000000
2018-02-28 01:37:25,0.00142900,3.26000000
2018-02-28 01:37:34,0.00142920,44.23000000
2018-02-28 01:37:37,0.00142930,25.47000000
2018-02-28 01:37:45,0.00142930,30.08000000
2018-02-28 01:37:50,0.00142920,0.86000000
2018-02-28 01:38:03,0.00142930,2.04000000
2018-02-28 01:38:06,0.00142930,147.91000000
2018-02-28 01:38:06,0.00142930,299.80000000
2018-02-28 01:38:09,0.00142930,300.00000000
2018-02-28 01:38:10,0.00142930,277.10000000
2018-02-28 01:38:10,0.00142920,62.57000000
2018-02-28 01:38:10,0.00142900,184.64000000
2018-02-28 01:38:16,0.00142920,122.80000000
2018-02-28 01:38:19,0.00142900,5.68000000
2018-02-28 01:38:23,0.00142920,3.00000000
2018-02-28 01:38:24,0.00142920,5.90000000
2018-02-28 01:38:30,0.00142920,60.55000000
2018-02-28 01:38:31,0.00142900,72.85000000
2018-02-28 01:38:41,0.00142910,19.75000000
2018-02-28 01:38:47,0.00142910,128.67000000
2018-02-28 01:39:01,0.00142910,66.42000000
2018-02-28 01:39:04,0.00142890,4.58000000
2018-02-28 01:39:06,0.00142890,92.39000000
2018-02-28 01:39:06,0.00142880,2.25000000
2018-02-28 01:39:06,0.00142860,2.09000000
2018-02-28 01:39:06,0.00142830,12.75000000
2018-02-28 01:39:12,0.00142790,5.13000000
2018-02-28 01:39:16,0.00142690,27.26000000
2018-02-28 01:39:21,0.00142890,4.20000000
2018-02-28 01:39:22,0.00142790,1.04000000
2018-02-28 01:39:22,0.00142690,14.28000000
2018-02-28 01:39:23,0.00142880,1.75000000
2018-02-28 01:39:24,0.00142690,48.58000000
2018-02-28 01:39:25,0.00142690,1.00000000
2018-02-28 01:39:27,0.00142690,1.27000000
2018-02-28 01:39:30,0.00142660,2.09000000
2018-02-28 01:39:30,0.00142630,17.95000000
2018-02-28 01:39:30,0.00142610,22.68000000
2018-02-28 01:39:30,0.00142600,198.53000000
2018-02-28 01:39:31,0.00142690,5.25000000
2018-02-28 01:39:32,0.00142830,18.01000000
2018-02-28 01:39:32,0.00142880,1.74000000
2018-02-28 01:39:32,0.00142900,5.47000000
2018-02-28 01:39:33,0.00142790,24.59000000
2018-02-28 01:39:33,0.00142790,47.57000000
2018-02-28 01:39:33,0.00142790,24.59000000
2018-02-28 01:39:33,0.00142890,2.91000000
2018-02-28 01:39:40,0.00142800,75.61000000
2018-02-28 01:39:40,0.00142890,293.21000000
2018-02-28 01:39:45,0.00142830,2.15000000
2018-02-28 01:39:49,0.00142800,2.36000000
2018-02-28 01:39:50,0.00142620,7.10000000
2018-02-28 01:39:50,0.00142600,121.94000000
2018-02-28 01:39:53,0.00142690,9.91000000
2018-02-28 01:39:56,0.00142610,7.10000000
2018-02-28 01:39:56,0.00142590,57.20000000
2018-02-28 01:39:56,0.00142580,5.70000000
2018-02-28 01:40:03,0.00142610,2.09000000
2018-02-28 01:40:04,0.00142610,5.01000000
2018-02-28 01:40:11,0.00142610,7.48000000
2018-02-28 01:40:11,0.00142690,78.04000000
2018-02-28 01:40:13,0.00142780,1.75000000
2018-02-28 01:40:20,0.00142610,6.00000000
2018-02-28 01:40:28,0.00142680,15.79000000
2018-02-28 01:40:34,0.00142620,1.00000000
2018-02-28 01:40:34,0.00142750,3.57000000
2018-02-28 01:40:42,0.00142680,83.91000000
2018-02-28 01:40:42,0.00142620,1.70000000
2018-02-28 01:40:42,0.00142610,7.09000000
2018-02-28 01:40:42,0.00142600,17.89000000
2018-02-28 01:40:42,0.00142580,345.65000000
2018-02-28 01:40:42,0.00142580,14.99000000
2018-02-28 01:40:52,0.00142580,222.34000000
2018-02-28 01:41:00,0.00142650,21.66000000
2018-02-28 01:41:04,0.00142740,2.45000000
2018-02-28 01:41:13,0.00142580,181.17000000
2018-02-28 01:41:16,0.00142570,11.42000000
2018-02-28 01:41:18,0.00142580,68.83000000
2018-02-28 01:41:19,0.00142640,89.78000000
2018-02-28 01:41:28,0.00142590,86.81000000
2018-02-28 01:41:33,0.00142630,27.53000000
2018-02-28 01:41:40,0.00142600,4.00000000
2018-02-28 01:41:40,0.00142590,84.36000000
2018-02-28 01:41:41,0.00142570,19.95000000
2018-02-28 01:41:44,0.00142580,95.66000000
2018-02-28 01:41:45,0.00142570,69.43000000
2018-02-28 01:41:48,0.00142590,11.64000000
2018-02-28 01:41:52,0.00142640,7.01000000
2018-02-28 01:41:54,0.00142590,35.33000000
2018-02-28 01:41:54,0.00142580,2.00000000
2018-02-28 01:41:54,0.00142570,2.67000000
2018-02-28 01:41:58,0.00142600,33.40000000
2018-02-28 01:42:06,0.00142630,6.62000000
2018-02-28 01:42:06,0.00142640,10.90000000
2018-02-28 01:42:10,0.00142570,13.96000000
2018-02-28 01:42:13,0.00142580,101.40000000
2018-02-28 01:42:22,0.00142580,6.31000000
2018-02-28 01:42:23,0.00142570,5.95000000
2018-02-28 01:42:23,0.00142570,27.53000000
2018-02-28 01:42:23,0.00142550,14.07000000
2018-02-28 01:42:23,0.00142540,51.26000000
2018-02-28 01:42:23,0.00142540,17.24000000
2018-02-28 01:42:23,0.00142580,2.27000000
2018-02-28 01:42:23,0.00142580,2.14000000
2018-02-28 01:42:23,0.00142580,49.64000000
2018-02-28 01:42:29,0.00142550,39.15000000
2018-02-28 01:42:31,0.00142580,24.38000000
2018-02-28 01:42:31,0.00142600,49.28000000
2018-02-28 01:42:32,0.00142630,6.62000000
2018-02-28 01:42:32,0.00142600,4.00000000
2018-02-28 01:42:34,0.00142640,39.63000000
2018-02-28 01:42:35,0.00142600,14.57000000
2018-02-28 01:42:37,0.00142600,6.00000000
2018-02-28 01:42:43,0.00142610,107.27000000
2018-02-28 01:42:49,0.00142630,6.37000000
2018-02-28 01:42:50,0.00142630,69.25000000
2018-02-28 01:42:50,0.00142640,30.75000000
2018-02-28 01:42:50,0.00142640,50.00000000
2018-02-28 01:42:54,0.00142610,27.55000000
2018-02-28 01:42:56,0.00142610,17.37000000
2018-02-28 01:42:56,0.00142610,6.56000000
2018-02-28 01:42:56,0.00142610,0.93000000
2018-02-28 01:42:56,0.00142610,1.00000000
2018-02-28 01:42:57,0.00142610,10.55000000
2018-02-28 01:42:57,0.00142620,45.02000000
2018-02-28 01:42:57,0.00142640,110.53000000
2018-02-28 01:42:57,0.00142680,4.90000000
2018-02-28 01:43:02,0.00142640,32.00000000
2018-02-28 01:43:02,0.00142640,8.42000000
2018-02-28 01:43:06,0.00142640,16.10000000
2018-02-28 01:43:10,0.00142650,113.14000000
2018-02-28 01:43:13,0.00142640,1.13000000
2018-02-28 01:43:18,0.00142650,60.97000000
2018-02-28 01:43:18,0.00142640,35.81000000
2018-02-28 01:43:18,0.00142630,12.66000000
2018-02-28 01:43:18,0.00142610,4.44000000
2018-02-28 01:43:27,0.00142610,1.59000000
2018-02-28 01:43:27,0.00142610,4.15000000
2018-02-28 01:43:29,0.00142620,50.89000000
2018-02-28 01:43:29,0.00142610,113.15000000
2018-02-28 01:43:32,0.00142610,6.61000000
2018-02-28 01:43:32,0.00142580,0.01000000
2018-02-28 01:43:41,0.00142580,40.00000000
2018-02-28 01:43:44,0.00142590,119.02000000
2018-02-28 01:43:46,0.00142600,0.70000000
2018-02-28 01:43:52,0.00142600,2.81000000
2018-02-28 01:43:55,0.00142590,50.00000000
2018-02-28 01:43:59,0.00142600,22.64000000
2018-02-28 01:44:00,0.00142590,10.84000000
2018-02-28 01:44:00,0.00142580,16.33000000
2018-02-28 01:44:03,0.00142590,13.56000000
2018-02-28 01:44:03,0.00142580,470.09000000
2018-02-28 01:44:03,0.00142540,181.95000000
2018-02-28 01:44:03,0.00142530,27.66000000
2018-02-28 01:44:03,0.00142520,42.21000000
2018-02-28 01:44:03,0.00142510,9.00000000
2018-02-28 01:44:03,0.00142500,66.88000000
2018-02-28 01:44:03,0.00142500,59.56000000
2018-02-28 01:44:03,0.00142500,9.94000000
2018-02-28 01:44:04,0.00142500,55.71000000
2018-02-28 01:44:05,0.00142590,6.62000000
2018-02-28 01:44:05,0.00142600,46.82000000
2018-02-28 01:44:05,0.00142600,46.92000000
2018-02-28 01:44:05,0.00142540,9.84000000
2018-02-28 01:44:06,0.00142540,46.92000000
2018-02-28 01:44:06,0.00142500,9.88000000
2018-02-28 01:44:07,0.00142610,1.55000000
2018-02-28 01:44:10,0.00142500,852.56000000
2018-02-28 01:44:11,0.00142500,28.39000000
2018-02-28 01:44:11,0.00142500,36.58000000
2018-02-28 01:44:12,0.00142500,51.75000000
2018-02-28 01:44:12,0.00142500,2.12000000
2018-02-28 01:44:14,0.00142490,7.87000000
2018-02-28 01:44:14,0.00142450,8.25000000
2018-02-28 01:44:20,0.00142470,124.89000000
2018-02-28 01:44:22,0.00142450,23.09000000
2018-02-28 01:44:22,0.00142420,24.87000000
2018-02-28 01:44:22,0.00142410,32.83000000
2018-02-28 01:44:26,0.00142450,13.75000000
2018-02-28 01:44:26,0.00142500,3.56000000
2018-02-28 01:44:31,0.00142500,9.13000000
2018-02-28 01:44:33,0.00142470,62.64000000
2018-02-28 01:44:33,0.00142500,5.70000000
2018-02-28 01:44:35,0.00142490,2.45000000
2018-02-28 01:44:48,0.00142490,12.65000000
2018-02-28 01:44:48,0.00142440,4.11000000
2018-02-28 01:44:50,0.00142490,26.79000000
2018-02-28 01:44:50,0.00142490,2.07000000
2018-02-28 01:44:50,0.00142490,0.71000000
2018-02-28 01:44:51,0.00142490,3.13000000
2018-02-28 01:44:51,0.00142490,3.17000000
2018-02-28 01:44:51,0.00142490,3.18000000
2018-02-28 01:44:51,0.00142490,3.83000000
2018-02-28 01:44:51,0.00142490,1.33000000
2018-02-28 01:44:51,0.00142490,3.13000000
2018-02-28 01:44:52,0.00142490,3.13000000
2018-02-28 01:44:52,0.00142490,2.20000000
2018-02-28 01:44:52,0.00142500,41.20000000
2018-02-28 01:44:52,0.00142500,7.00000000
2018-02-28 01:44:52,0.00142500,24.96000000
2018-02-28 01:44:52,0.00142410,44.00000000
2018-02-28 01:44:55,0.00142500,3.10000000
2018-02-28 01:44:55,0.00142500,3.10000000
2018-02-28 01:44:55,0.00142500,3.10000000
2018-02-28 01:44:55,0.00142500,6.99000000
2018-02-28 01:44:55,0.00142500,6.99000000
2018-02-28 01:44:55,0.00142500,6.99000000
2018-02-28 01:44:55,0.00142500,41.50000000
2018-02-28 01:44:55,0.00142410,6.99000000
2018-02-28 01:44:57,0.00142410,16.49000000
2018-02-28 01:44:57,0.00142400,9.00000000
2018-02-28 01:44:57,0.00142370,2.53000000
2018-02-28 01:44:57,0.00142350,50.00000000
2018-02-28 01:44:57,0.00142330,86.88000000
2018-02-28 01:44:57,0.00142330,1.18000000
2018-02-28 01:45:01,0.00142330,7.96000000
2018-02-28 01:45:05,0.00142340,1.69000000
2018-02-28 01:45:05,0.00142330,0.31000000
2018-02-28 01:45:09,0.00142410,68.38000000
2018-02-28 01:45:11,0.00142410,68.38000000
2018-02-28 01:45:11,0.00142330,136.71000000
2018-02-28 01:45:16,0.00142400,22.82000000
2018-02-28 01:45:16,0.00142350,13.41000000
2018-02-28 01:45:16,0.00142330,105.08000000
2018-02-28 01:45:17,0.00142490,6.18000000
2018-02-28 01:45:17,0.00142330,16.34000000
2018-02-28 01:45:17,0.00142330,6.75000000
2018-02-28 01:45:18,0.00142330,26.11000000
2018-02-28 01:45:18,0.00142490,14.31000000
2018-02-28 01:45:19,0.00142320,14.07000000
2018-02-28 01:45:19,0.00142300,118.46000000
2018-02-28 01:45:20,0.00142330,1.73000000
2018-02-28 01:45:23,0.00142330,3.09000000
2018-02-28 01:45:25,0.00142310,6.13000000
2018-02-28 01:45:32,0.00142300,11.96000000
2018-02-28 01:45:32,0.00142290,2.81000000
2018-02-28 01:45:32,0.00142280,40.10000000
2018-02-28 01:45:32,0.00142280,348.87000000
2018-02-28 01:45:34,0.00142280,15.65000000
2018-02-28 01:45:34,0.00142260,3.50000000
2018-02-28 01:45:37,0.00142260,0.01000000
2018-02-28 01:45:37,0.00142230,112.64000000
2018-02-28 01:45:37,0.00142230,8.18000000
2018-02-28 01:45:38,0.00142250,74.25000000
2018-02-28 01:45:42,0.00142280,8.76000000
2018-02-28 01:45:53,0.00142280,202.59000000
2018-02-28 01:45:55,0.00142250,12.00000000
2018-02-28 01:46:03,0.00142230,58.07000000
2018-02-28 01:46:03,0.00142230,129.51000000
2018-02-28 01:46:04,0.00142280,99.51000000
2018-02-28 01:46:05,0.00142280,78.20000000
2018-02-28 01:46:10,0.00142230,50.60000000
2018-02-28 01:46:11,0.00142250,80.13000000
2018-02-28 01:46:13,0.00142280,5.05000000
2018-02-28 01:46:22,0.00142230,35.39000000
2018-02-28 01:46:22,0.00142210,302.95000000
2018-02-28 01:46:23,0.00142200,3.97000000
2018-02-28 01:46:23,0.00142200,134.33000000
2018-02-28 01:46:23,0.00142170,170.11000000
2018-02-28 01:46:23,0.00142170,48.37000000
2018-02-28 01:46:32,0.00142200,17.87000000
2018-02-28 01:46:33,0.00142170,21.44000000
2018-02-28 01:46:33,0.00142150,6.12000000
2018-02-28 01:46:33,0.00142130,34.30000000
2018-02-28 01:46:35,0.00142140,3.78000000
2018-02-28 01:46:35,0.00142130,51.10000000
2018-02-28 01:46:36,0.00142200,1.00000000
2018-02-28 01:46:36,0.00142200,70.00000000
2018-02-28 01:46:36,0.00142200,57.19000000
2018-02-28 01:46:36,0.00142250,2.99000000
2018-02-28 01:46:36,0.00142260,12.45000000
2018-02-28 01:46:36,0.00142280,6.52000000
2018-02-28 01:46:40,0.00142200,7.35000000
2018-02-28 01:46:41,0.00142200,62.97000000
2018-02-28 01:46:41,0.00142170,5.96000000
2018-02-28 01:46:41,0.00142130,40.01000000
2018-02-28 01:46:42,0.00142130,24.06000000
2018-02-28 01:46:42,0.00142200,26.80000000
2018-02-28 01:46:43,0.00142120,5.00000000
2018-02-28 01:46:44,0.00142200,32.68000000
2018-02-28 01:46:44,0.00142280,34.89000000
2018-02-28 01:46:47,0.00142120,5.00000000
2018-02-28 01:46:48,0.00142280,3.94000000
2018-02-28 01:46:49,0.00142280,2.77000000
2018-02-28 01:46:49,0.00142120,5.00000000
2018-02-28 01:46:50,0.00142280,2.44000000
2018-02-28 01:46:52,0.00142120,5.00000000
2018-02-28 01:46:52,0.00142190,86.00000000
2018-02-28 01:46:53,0.00142120,36.00000000
2018-02-28 01:46:54,0.00142120,5.00000000
2018-02-28 01:46:55,0.00142170,0.01000000
2018-02-28 01:46:55,0.00142170,2.04000000
2018-02-28 01:46:56,0.00142110,27.73000000
2018-02-28 01:46:59,0.00142120,6.35000000
2018-02-28 01:46:59,0.00142120,5.53000000
2018-02-28 01:47:00,0.00142170,40.95000000
2018-02-28 01:47:00,0.00142280,351.39000000
2018-02-28 01:47:01,0.00142310,2.07000000
2018-02-28 01:47:01,0.00142310,1.05000000
2018-02-28 01:47:02,0.00142310,3.44000000
2018-02-28 01:47:05,0.00142310,1.52000000
2018-02-28 01:47:05,0.00142310,0.19000000
2018-02-28 01:47:07,0.00142350,6.97000000
2018-02-28 01:47:08,0.00142350,1.38000000
2018-02-28 01:47:08,0.00142310,23.75000000
2018-02-28 01:47:08,0.00142350,13.83000000
2018-02-28 01:47:12,0.00142340,1.69000000
2018-02-28 01:47:12,0.00142350,1.82000000
2018-02-28 01:47:12,0.00142280,1.29000000
2018-02-28 01:47:12,0.00142350,4.84000000
2018-02-28 01:47:19,0.00142350,0.16000000
2018-02-28 01:47:19,0.00142480,1.84000000
2018-02-28 01:47:21,0.00142470,2.08000000
2018-02-28 01:47:22,0.00142300,3.34000000
2018-02-28 01:47:24,0.00142470,2.04000000
2018-02-28 01:47:24,0.00142470,0.83000000
2018-02-28 01:47:24,0.00142300,3.76000000
2018-02-28 01:47:24,0.00142280,31.11000000
2018-02-28 01:47:28,0.00142360,91.87000000
2018-02-28 01:47:33,0.00142450,7.10000000
2018-02-28 01:47:33,0.00142450,27.78000000
2018-02-28 01:47:37,0.00142330,0.79000000
2018-02-28 01:47:37,0.00142330,0.79000000
2018-02-28 01:47:37,0.00142330,0.79000000
2018-02-28 01:47:37,0.00142280,0.79000000
2018-02-28 01:47:45,0.00142280,28.52000000
2018-02-28 01:47:45,0.00142200,31.05000000
2018-02-28 01:47:47,0.00142260,29.62000000
2018-02-28 01:47:49,0.00142320,40.51000000
2018-02-28 01:47:49,0.00142330,29.83000000
2018-02-28 01:47:51,0.00142200,58.11000000
2018-02-28 01:47:56,0.00142200,59.68000000
2018-02-28 01:47:56,0.00142110,77.99000000
2018-02-28 01:47:56,0.00142100,325.70000000
2018-02-28 01:47:56,0.00142080,0.71000000
2018-02-28 01:47:56,0.00142030,2.63000000
2018-02-28 01:47:56,0.00142020,481.11000000
2018-02-28 01:47:56,0.00142010,267.39000000
2018-02-28 01:47:56,0.00142000,360.05000000
2018-02-28 01:47:56,0.00142000,729.25000000
2018-02-28 01:47:56,0.00142000,28.56000000
2018-02-28 01:47:56,0.00142000,102.04000000
2018-02-28 01:47:56,0.00142000,45.92000000
2018-02-28 01:47:56,0.00142000,0.96000000
2018-02-28 01:47:56,0.00142000,8.30000000
2018-02-28 01:47:56,0.00142000,5.56000000
2018-02-28 01:47:56,0.00142050,10.00000000
2018-02-28 01:47:56,0.00142320,3.00000000
2018-02-28 01:47:58,0.00142160,97.61000000
2018-02-28 01:47:58,0.00142020,70.37000000
2018-02-28 01:47:58,0.00142010,74.58000000
2018-02-28 01:47:58,0.00142000,116.82000000
2018-02-28 01:48:00,0.00142150,38.63000000
2018-02-28 01:48:01,0.00142150,6.97000000
2018-02-28 01:48:01,0.00142000,0.99000000
2018-02-28 01:48:02,0.00142150,24.76000000
2018-02-28 01:48:02,0.00142000,3.12000000
2018-02-28 01:48:03,0.00142000,204.88000000
2018-02-28 01:48:04,0.00142150,0.01000000
2018-02-28 01:48:04,0.00142160,39.28000000
2018-02-28 01:48:05,0.00142150,6.87000000
2018-02-28 01:48:05,0.00142000,224.83000000
2018-02-28 01:48:06,0.00142000,860.03000000
2018-02-28 01:48:06,0.00141990,8.35000000
2018-02-28 01:48:06,0.00141980,0.78000000
2018-02-28 01:48:06,0.00141970,18.94000000
2018-02-28 01:48:06,0.00141960,6.13000000
2018-02-28 01:48:06,0.00141940,63.84000000
2018-02-28 01:48:06,0.00141930,1.37000000
2018-02-28 01:48:06,0.00141920,7.05000000
2018-02-28 01:48:06,0.00141910,2.40000000
2018-02-28 01:48:06,0.00141900,1.97000000
2018-02-28 01:48:06,0.00141880,0.94000000
2018-02-28 01:48:06,0.00141870,6.97000000
2018-02-28 01:48:06,0.00141850,8.06000000
2018-02-28 01:48:06,0.00141820,64.80000000
2018-02-28 01:48:08,0.00142150,21.03000000
2018-02-28 01:48:08,0.00142160,8.13000000
2018-02-28 01:48:08,0.00142000,1.00000000
2018-02-28 01:48:09,0.00142000,2.95000000
2018-02-28 01:48:09,0.00142000,5.01000000
2018-02-28 01:48:09,0.00142000,14.78000000
2018-02-28 01:48:09,0.00142160,4.44000000
2018-02-28 01:48:09,0.00142160,14.78000000
2018-02-28 01:48:10,0.00142160,15.49000000
2018-02-28 01:48:14,0.00142160,6.33000000
2018-02-28 01:48:16,0.00142010,35.36000000
2018-02-28 01:48:16,0.00142160,4.15000000
2018-02-28 01:48:17,0.00141880,70.46000000
2018-02-28 01:48:17,0.00141870,12.69000000
2018-02-28 01:48:17,0.00142150,1.39000000
2018-02-28 01:48:19,0.00142150,1.73000000
2018-02-28 01:48:20,0.00142130,67.34000000
2018-02-28 01:48:23,0.00141870,26.88000000
2018-02-28 01:48:23,0.00141850,10.72000000
2018-02-28 01:48:23,0.00141840,8.43000000
2018-02-28 01:48:23,0.00141830,18.33000000
2018-02-28 01:48:23,0.00141820,35.10000000
2018-02-28 01:48:25,0.00141830,70.48000000
2018-02-28 01:48:25,0.00141820,5.87000000
2018-02-28 01:48:25,0.00141810,5.06000000
2018-02-28 01:48:25,0.00141800,18.95000000
2018-02-28 01:48:29,0.00142120,20.35000000
2018-02-28 01:48:29,0.00141960,103.49000000
2018-02-28 01:48:29,0.00142000,1.43000000
2018-02-28 01:48:29,0.00142000,5.01000000
2018-02-28 01:48:29,0.00142000,73.99000000
2018-02-28 01:48:29,0.00142000,91.49000000
2018-02-28 01:48:30,0.00141990,5.01000000
2018-02-28 01:48:30,0.00141990,45.12000000
2018-02-28 01:48:30,0.00142120,21.12000000
2018-02-28 01:48:30,0.00142130,10.72000000
2018-02-28 01:48:30,0.00142160,5.01000000
2018-02-28 01:48:30,0.00142180,64.80000000
2018-02-28 01:48:30,0.00142200,23.72000000
2018-02-28 01:48:30,0.00141990,2.27000000
2018-02-28 01:48:31,0.00141990,22.79000000
2018-02-28 01:48:31,0.00141810,1.00000000
2018-02-28 01:48:31,0.00141800,153.56000000
2018-02-28 01:48:33,0.00142080,35.19000000
2018-02-28 01:48:34,0.00141980,7.33000000
2018-02-28 01:48:34,0.00141800,343.22000000
2018-02-28 01:48:36,0.00142000,5.01000000
2018-02-28 01:48:36,0.00142000,35.21000000
2018-02-28 01:48:36,0.00142000,5.01000000
2018-02-28 01:48:36,0.00142000,5.71000000
2018-02-28 01:48:36,0.00142000,5.01000000
2018-02-28 01:48:37,0.00141850,25.00000000
2018-02-28 01:48:37,0.00141800,18.57000000
2018-02-28 01:48:37,0.00142000,4.90000000
2018-02-28 01:48:37,0.00142000,3.48000000
2018-02-28 01:48:37,0.00141800,10.68000000
2018-02-28 01:48:37,0.00142000,4.90000000
2018-02-28 01:48:38,0.00142000,1.96000000
2018-02-28 01:48:38,0.00142000,1.96000000
2018-02-28 01:48:39,0.00142000,1.96000000
2018-02-28 01:48:39,0.00142000,16.46000000
2018-02-28 01:48:42,0.00141800,29.74000000
2018-02-28 01:48:42,0.00142000,65.81000000
2018-02-28 01:48:42,0.00142000,0.99000000
2018-02-28 01:48:43,0.00142000,7.02000000
2018-02-28 01:48:44,0.00141810,5.62000000
2018-02-28 01:48:44,0.00141800,11.49000000
2018-02-28 01:48:44,0.00142000,5.91000000
2018-02-28 01:48:46,0.00142000,176.06000000
2018-02-28 01:48:46,0.00141800,6.98000000
2018-02-28 01:48:48,0.00141890,41.23000000
2018-02-28 01:48:50,0.00141840,62.85000000
2018-02-28 01:48:50,0.00141810,51.00000000
2018-02-28 01:48:50,0.00141800,1271.82000000
2018-02-28 01:48:50,0.00141800,13.34000000
2018-02-28 01:48:50,0.00141800,1.76000000
2018-02-28 01:48:50,0.00141780,13.18000000
2018-02-28 01:48:50,0.00141770,44.32000000
2018-02-28 01:48:50,0.00141760,5.03000000
2018-02-28 01:48:50,0.00141800,3.52000000
2018-02-28 01:48:50,0.00141800,2.15000000
2018-02-28 01:48:50,0.00141800,3.55000000
2018-02-28 01:48:51,0.00141800,3.55000000
2018-02-28 01:48:51,0.00141800,3.56000000
2018-02-28 01:48:51,0.00141800,3.55000000
2018-02-28 01:48:51,0.00141800,197.12000000
2018-02-28 01:48:51,0.00141800,1.80000000
2018-02-28 01:48:52,0.00141800,0.71000000
2018-02-28 01:48:53,0.00141800,1.05000000
2018-02-28 01:48:53,0.00141800,1.82000000
2018-02-28 01:48:54,0.00141800,7.05000000
2018-02-28 01:48:55,0.00141800,1.76000000
2018-02-28 01:48:55,0.00141800,6.94000000
2018-02-28 01:48:56,0.00141800,13.66000000
2018-02-28 01:48:58,0.00141800,100.03000000
2018-02-28 01:48:59,0.00141800,20.35000000
2018-02-28 01:49:00,0.00141800,2.10000000
2018-02-28 01:49:01,0.00141750,72.90000000
2018-02-28 01:49:01,0.00141800,24.66000000
2018-02-28 01:49:02,0.00141750,55.03000000
2018-02-28 01:49:02,0.00141730,77.52000000
2018-02-28 01:49:02,0.00141720,424.60000000
2018-02-28 01:49:02,0.00141720,130.54000000
2018-02-28 01:49:02,0.00141720,44.62000000
2018-02-28 01:49:02,0.00141800,84.34000000
2018-02-28 01:49:03,0.00141800,641.71000000
2018-02-28 01:49:03,0.00141800,2187.26000000
2018-02-28 01:49:04,0.00141860,109.36000000
2018-02-28 01:49:06,0.00141980,1.70000000
2018-02-28 01:49:08,0.00141980,2.77000000
2018-02-28 01:49:08,0.00141980,1.73000000
2018-02-28 01:49:08,0.00141980,3.39000000
2018-02-28 01:49:08,0.00141980,3.45000000
2018-02-28 01:49:08,0.00141980,4.85000000
2018-02-28 01:49:09,0.00141980,5.54000000
2018-02-28 01:49:09,0.00141980,1.74000000
2018-02-28 01:49:09,0.00141980,8.54000000
2018-02-28 01:49:11,0.00142000,0.85000000
2018-02-28 01:49:11,0.00142000,20.00000000
2018-02-28 01:49:14,0.00141840,14.60000000
2018-02-28 01:49:14,0.00141840,0.40000000
2018-02-28 01:49:16,0.00142000,0.81000000
2018-02-28 01:49:16,0.00141800,33.47000000
2018-02-28 01:49:17,0.00141800,62.36000000
2018-02-28 01:49:17,0.00141800,68.60000000
2018-02-28 01:49:22,0.00142000,1.48000000
2018-02-28 01:49:23,0.00141800,35.00000000
2018-02-28 01:49:24,0.00142000,7.02000000
2018-02-28 01:49:24,0.00142000,62.24000000
2018-02-28 01:49:24,0.00141870,47.11000000
2018-02-28 01:49:24,0.00142000,4.40000000
2018-02-28 01:49:24,0.00142000,53.71000000
2018-02-28 01:49:31,0.00141950,1.00000000
2018-02-28 01:49:35,0.00141950,3.47000000
2018-02-28 01:49:38,0.00141850,9.54000000
2018-02-28 01:49:38,0.00141800,1.62000000
2018-02-28 01:49:43,0.00141870,115.23000000
2018-02-28 01:49:45,0.00141800,90.27000000
2018-02-28 01:49:50,0.00141800,12.10000000
2018-02-28 01:49:51,0.00141800,1.56000000
2018-02-28 01:49:53,0.00141800,53.91000000
2018-02-28 01:49:54,0.00141800,49.01000000
2018-02-28 01:49:54,0.00141800,46.06000000
2018-02-28 01:49:55,0.00141800,3.50000000
2018-02-28 01:49:56,0.00141800,9.00000000
2018-02-28 01:49:58,0.00141840,52.98000000
2018-02-28 01:50:01,0.00141800,1.02000000
2018-02-28 01:50:03,0.00141800,75.93000000
2018-02-28 01:50:03,0.00141800,10.24000000
2018-02-28 01:50:04,0.00141800,24.34000000
2018-02-28 01:50:08,0.00141780,128.06000000
2018-02-28 01:50:08,0.00141800,77.94000000
2018-02-28 01:50:10,0.00141760,2.10000000
2018-02-28 01:50:13,0.00141760,121.10000000
2018-02-28 01:50:16,0.00141780,11.57000000
2018-02-28 01:50:16,0.00141800,8.43000000
2018-02-28 01:50:16,0.00141730,13.89000000
2018-02-28 01:50:18,0.00141790,8.91000000
2018-02-28 01:50:18,0.00141790,6.49000000
2018-02-28 01:50:20,0.00141790,1.22000000
2018-02-28 01:50:21,0.00141790,1.51000000
2018-02-28 01:50:23,0.00141730,11.58000000
2018-02-28 01:50:23,0.00141710,0.43000000
2018-02-28 01:50:24,0.00141780,2.10000000
2018-02-28 01:50:25,0.00141760,71.44000000
2018-02-28 01:50:28,0.00141780,2.10000000
2018-02-28 01:50:29,0.00141770,58.85000000
2018-02-28 01:50:29,0.00141760,6.46000000
2018-02-28 01:50:31,0.00141780,27.48000000
2018-02-28 01:50:36,0.00141780,2.00000000
2018-02-28 01:50:37,0.00141780,1.52000000
2018-02-28 01:50:40,0.00141760,9.62000000
2018-02-28 01:50:40,0.00141700,25.00000000
2018-02-28 01:50:40,0.00141690,26.65000000
2018-02-28 01:50:40,0.00141680,25.00000000
2018-02-28 01:50:40,0.00141670,7.42000000
2018-02-28 01:50:40,0.00141650,195.38000000
2018-02-28 01:50:40,0.00141640,600.89000000
2018-02-28 01:50:40,0.00141640,429.37000000
2018-02-28 01:50:40,0.00141610,52.36000000
2018-02-28 01:50:40,0.00141610,94.62000000
2018-02-28 01:50:40,0.00141600,2063.84000000
2018-02-28 01:50:42,0.00141780,0.74000000
2018-02-28 01:50:44,0.00141780,1.41000000
2018-02-28 01:50:44,0.00141780,238.39000000
2018-02-28 01:50:44,0.00141790,194.95000000
2018-02-28 01:50:44,0.00141800,111.16000000
2018-02-28 01:50:46,0.00141690,126.85000000
2018-02-28 01:50:46,0.00141620,7.10000000
2018-02-28 01:50:46,0.00141600,65.30000000
2018-02-28 01:50:47,0.00141780,3.44000000
2018-02-28 01:50:48,0.00141780,3.66000000
2018-02-28 01:50:48,0.00141800,3.44000000
2018-02-28 01:50:49,0.00141670,13.66000000
2018-02-28 01:50:58,0.00141800,6.98000000
2018-02-28 01:51:03,0.00141700,2.46000000
2018-02-28 01:51:03,0.00141670,0.88000000
2018-02-28 01:51:04,0.00141730,64.60000000
2018-02-28 01:51:07,0.00141790,1.14000000
2018-02-28 01:51:07,0.00141790,3.47000000
2018-02-28 01:51:08,0.00141700,226.71000000
2018-02-28 01:51:10,0.00141700,36.20000000
2018-02-28 01:51:18,0.00141770,20.01000000
2018-02-28 01:51:18,0.00141700,54.36000000
2018-02-28 01:51:22,0.00141740,4.35000000
2018-02-28 01:51:23,0.00141700,2.43000000
2018-02-28 01:51:26,0.00141710,0.77000000
2018-02-28 01:51:26,0.00141700,2.18000000
2018-02-28 01:51:28,0.00141700,7.24000000
2018-02-28 01:51:30,0.00141790,7.29000000
2018-02-28 01:51:30,0.00141800,31.96000000
2018-02-28 01:51:30,0.00141840,4.82000000
2018-02-28 01:51:30,0.00141900,0.73000000
2018-02-28 01:51:32,0.00141790,1.72000000
2018-02-28 01:51:33,0.00141790,1.13000000
2018-02-28 01:51:34,0.00141790,1.87000000
2018-02-28 01:51:35,0.00141790,14.89000000
2018-02-28 01:51:35,0.00141780,25.97000000
2018-02-28 01:51:35,0.00141780,51.90000000
2018-02-28 01:51:36,0.00141770,13.21000000
2018-02-28 01:51:36,0.00141700,59.46000000
2018-02-28 01:51:37,0.00141780,0.05000000
2018-02-28 01:51:37,0.00141790,105.58000000
2018-02-28 01:51:38,0.00141740,70.47000000
2018-02-28 01:51:39,0.00141700,37.00000000
2018-02-28 01:51:42,0.00141790,3.52000000
2018-02-28 01:51:42,0.00141790,0.01000000
2018-02-28 01:51:46,0.00141710,0.71000000
2018-02-28 01:51:46,0.00141700,22.08000000
2018-02-28 01:51:52,0.00141710,2.23000000
2018-02-28 01:51:54,0.00141750,32.19000000
2018-02-28 01:51:55,0.00141710,147.69000000
2018-02-28 01:51:55,0.00141750,0.40000000
2018-02-28 01:51:55,0.00141750,0.95000000
2018-02-28 01:51:56,0.00141720,8.22000000
2018-02-28 01:51:57,0.00141710,1.65000000
2018-02-28 01:51:57,0.00141710,3.53000000
2018-02-28 01:52:07,0.00141710,31.02000000
2018-02-28 01:52:12,0.00141710,42.95000000
2018-02-28 01:52:14,0.00141720,76.34000000
2018-02-28 01:52:15,0.00141710,4.99000000
2018-02-28 01:52:20,0.00141750,9.52000000
2018-02-28 01:52:22,0.00141750,23.27000000
2018-02-28 01:52:22,0.00141790,230.99000000
2018-02-28 01:52:24,0.00141900,2.08000000
2018-02-28 01:52:25,0.00141900,1.70000000
2018-02-28 01:52:26,0.00141890,7.64000000
2018-02-28 01:52:27,0.00141890,1.25000000
2018-02-28 01:52:27,0.00141800,1.52000000
2018-02-28 01:52:27,0.00141890,2.29000000
2018-02-28 01:52:27,0.00141890,6.93000000
2018-02-28 01:52:28,0.00141890,1.54000000
2018-02-28 01:52:28,0.00141890,24.06000000
2018-02-28 01:52:28,0.00141890,2.11000000
2018-02-28 01:52:31,0.00141890,7.05000000
2018-02-28 01:52:31,0.00141890,17.40000000
2018-02-28 01:52:32,0.00141840,218.03000000
2018-02-28 01:52:33,0.00141890,1.76000000
2018-02-28 01:52:33,0.00141800,50.00000000
2018-02-28 01:52:35,0.00141890,273.24000000
2018-02-28 01:52:41,0.00141900,3.32000000
2018-02-28 01:52:42,0.00141890,8.43000000
2018-02-28 01:52:42,0.00141890,8.00000000
2018-02-28 01:52:43,0.00141890,17.57000000
2018-02-28 01:52:43,0.00141900,0.71000000
2018-02-28 01:52:43,0.00141890,5.15000000
2018-02-28 01:52:44,0.00141900,5.80000000
2018-02-28 01:52:44,0.00141900,20.52000000
2018-02-28 01:52:44,0.00141900,332.00000000
2018-02-28 01:52:45,0.00141900,90.61000000
2018-02-28 01:52:46,0.00141890,15.87000000
2018-02-28 01:52:46,0.00141890,7.04000000
2018-02-28 01:52:46,0.00141900,8.29000000
2018-02-28 01:52:47,0.00141900,73.47000000
2018-02-28 01:52:48,0.00141890,115.19000000
2018-02-28 01:52:48,0.00141900,35.66000000
2018-02-28 01:52:49,0.00141890,156.49000000
2018-02-28 01:52:49,0.00141890,100.62000000
2018-02-28 01:52:50,0.00141890,45.40000000
2018-02-28 01:52:54,0.00141890,3.53000000
2018-02-28 01:52:54,0.00141900,196.12000000
2018-02-28 01:53:01,0.00141910,48.97000000
2018-02-28 01:53:01,0.00141900,57.94000000
2018-02-28 01:53:01,0.00141890,42.94000000
2018-02-28 01:53:03,0.00141980,5.33000000
2018-02-28 01:53:06,0.00141930,230.90000000
2018-02-28 01:53:09,0.00141900,2.96000000
2018-02-28 01:53:13,0.00141980,1.78000000
2018-02-28 01:53:13,0.00142000,6.22000000
2018-02-28 01:53:19,0.00142000,6.15000000
2018-02-28 01:53:20,0.00141940,94.13000000
2018-02-28 01:53:20,0.00142000,4.16000000
2018-02-28 01:53:20,0.00142000,15.69000000
2018-02-28 01:53:33,0.00142000,6.02000000
2018-02-28 01:53:33,0.00141910,67.37000000
2018-02-28 01:53:33,0.00141910,2.96000000
2018-02-28 01:53:35,0.00141910,29.12000000
2018-02-28 01:53:35,0.00141900,352.31000000
2018-02-28 01:53:37,0.00141920,17.36000000
2018-02-28 01:53:38,0.00141950,243.49000000
2018-02-28 01:53:39,0.00142000,20.00000000
2018-02-28 01:53:41,0.00142000,1.55000000
2018-02-28 01:53:45,0.00141920,13.17000000
2018-02-28 01:53:46,0.00141910,3.42000000
2018-02-28 01:53:47,0.00141910,26.55000000
2018-02-28 01:53:47,0.00141900,165.91000000
2018-02-28 01:53:47,0.00141900,99.24000000
2018-02-28 01:53:47,0.00141890,57.40000000
2018-02-28 01:53:48,0.00141990,20.62000000
2018-02-28 01:53:48,0.00142000,129.38000000
2018-02-28 01:53:48,0.00141950,37.85000000
2018-02-28 01:53:50,0.00141800,54.23000000
2018-02-28 01:53:50,0.00141780,2.71000000
2018-02-28 01:53:50,0.00141750,9.51000000
2018-02-28 01:53:50,0.00141720,59.03000000
2018-02-28 01:53:50,0.00141710,55.10000000
2018-02-28 01:53:51,0.00141890,22.75000000
2018-02-28 01:53:52,0.00141890,6.97000000
2018-02-28 01:53:57,0.00141850,107.01000000
2018-02-28 01:53:58,0.00141820,7.10000000
2018-02-28 01:53:58,0.00141710,12.75000000
2018-02-28 01:54:00,0.00141890,55.05000000
2018-02-28 01:54:00,0.00141900,20.00000000
2018-02-28 01:54:01,0.00141900,38.67000000
2018-02-28 01:54:01,0.00141870,143.47000000
2018-02-28 01:54:05,0.00141820,67.64000000
2018-02-28 01:54:05,0.00141820,68.31000000
2018-02-28 01:54:09,0.00141890,10.57000000
2018-02-28 01:54:11,0.00141720,35.66000000
2018-02-28 01:54:12,0.00141800,256.37000000
2018-02-28 01:54:15,0.00141820,1.41000000
2018-02-28 01:54:18,0.00141720,25.23000000
2018-02-28 01:54:18,0.00141710,103.15000000
2018-02-28 01:54:18,0.00141700,47.53000000
2018-02-28 01:54:18,0.00141610,47.12000000
2018-02-28 01:54:18,0.00141600,136.98000000
2018-02-28 01:54:18,0.00141600,247.35000000
2018-02-28 01:54:21,0.00141730,1.51000000
2018-02-28 01:54:21,0.00141730,1.44000000
2018-02-28 01:54:23,0.00141730,20.50000000
2018-02-28 01:54:26,0.00141780,119.88000000
2018-02-28 01:54:34,0.00141730,7.00000000
2018-02-28 01:54:35,0.00141730,147.68000000
2018-02-28 01:54:36,0.00141780,1.47000000
2018-02-28 01:54:36,0.00141730,47.61000000
2018-02-28 01:54:36,0.00141720,0.92000000
2018-02-28 01:54:40,0.00141730,17.89000000
2018-02-28 01:54:40,0.00141720,9.58000000
2018-02-28 01:54:40,0.00141600,98.98000000
2018-02-28 01:54:46,0.00141720,269.24000000
2018-02-28 01:54:55,0.00141770,1.00000000
2018-02-28 01:54:56,0.00141770,2.00000000
2018-02-28 01:54:58,0.00141770,11.50000000
2018-02-28 01:54:59,0.00141770,44.74000000
2018-02-28 01:54:59,0.00141780,7.00000000
2018-02-28 01:54:59,0.00141830,1.17000000
2018-02-28 01:55:02,0.00141720,132.76000000
2018-02-28 01:55:03,0.00141640,27.00000000
2018-02-28 01:55:03,0.00141630,1.24000000
2018-02-28 01:55:03,0.00141620,17.95000000
2018-02-28 01:55:03,0.00141610,65.47000000
2018-02-28 01:55:03,0.00141600,38.19000000
2018-02-28 01:55:04,0.00141770,1.14000000
2018-02-28 01:55:06,0.00141760,59.30000000
2018-02-28 01:55:06,0.00141770,52.46000000
2018-02-28 01:55:06,0.00141770,3.10000000
2018-02-28 01:55:09,0.00141760,1.37000000
2018-02-28 01:55:11,0.00141760,0.99000000
2018-02-28 01:55:15,0.00141770,2.35000000
2018-02-28 01:55:16,0.00141770,75.00000000
2018-02-28 01:55:16,0.00141760,9.01000000
2018-02-28 01:55:16,0.00141720,34.73000000
2018-02-28 01:55:17,0.00141770,65.95000000
2018-02-28 01:55:24,0.00141830,2.33000000
2018-02-28 01:55:27,0.00141830,133.17000000
2018-02-28 01:55:36,0.00141830,10.56000000
2018-02-28 01:55:37,0.00141780,145.64000000
2018-02-28 01:55:44,0.00141830,4.91000000
2018-02-28 01:55:48,0.00141830,10.00000000
2018-02-28 01:55:48,0.00141830,184.79000000
2018-02-28 01:55:53,0.00141780,2.40000000
2018-02-28 01:55:53,0.00141740,0.72000000
2018-02-28 01:55:55,0.00141740,12.90000000
2018-02-28 01:55:55,0.00141730,8.78000000
2018-02-28 01:56:00,0.00141740,4.91000000
2018-02-28 01:56:03,0.00141830,10.00000000
2018-02-28 01:56:03,0.00141840,2.68000000
2018-02-28 01:56:03,0.00141850,169.09000000
2018-02-28 01:56:03,0.00141930,44.69000000
2018-02-28 01:56:03,0.00141970,58.72000000
2018-02-28 01:56:03,0.00141980,7.10000000
2018-02-28 01:56:03,0.00142000,80.64000000
2018-02-28 01:56:07,0.00142000,0.85000000
2018-02-28 01:56:08,0.00142000,1.55000000
2018-02-28 01:56:08,0.00141870,158.23000000
2018-02-28 01:56:09,0.00142000,2.25000000
2018-02-28 01:56:09,0.00142000,1.20000000
2018-02-28 01:56:11,0.00141990,3.24000000
2018-02-28 01:56:11,0.00141770,7.10000000
2018-02-28 01:56:11,0.00141750,6.69000000
2018-02-28 01:56:11,0.00141740,72.86000000
2018-02-28 01:56:11,0.00141730,31.22000000
2018-02-28 01:56:11,0.00141720,71.53000000
2018-02-28 01:56:11,0.00141710,20.73000000
2018-02-28 01:56:11,0.00141610,171.31000000
2018-02-28 01:56:12,0.00141960,1.76000000
2018-02-28 01:56:16,0.00141940,1.90000000
2018-02-28 01:56:18,0.00141940,2.06000000
2018-02-28 01:56:20,0.00141830,19.06000000
2018-02-28 01:56:20,0.00141840,4.41000000
2018-02-28 01:56:24,0.00141810,3.95000000
2018-02-28 01:56:33,0.00141800,79.36000000
2018-02-28 01:56:36,0.00141790,1.14000000
2018-02-28 01:56:38,0.00141790,29.10000000
2018-02-28 01:56:43,0.00141720,7.10000000
2018-02-28 01:56:43,0.00141710,4.99000000
2018-02-28 01:56:43,0.00141710,11.75000000
2018-02-28 01:56:45,0.00141720,6.37000000
2018-02-28 01:56:46,0.00141720,1.14000000
2018-02-28 01:56:46,0.00141720,6.98000000
2018-02-28 01:56:47,0.00141720,5.37000000
2018-02-28 01:56:49,0.00141700,171.10000000
2018-02-28 01:56:51,0.00141690,3.30000000
2018-02-28 01:56:52,0.00141670,7.54000000
2018-02-28 01:56:52,0.00141670,5.79000000
2018-02-28 01:56:53,0.00141670,4.01000000
2018-02-28 01:56:54,0.00141700,34.74000000
2018-02-28 01:57:01,0.00141700,51.49000000
2018-02-28 01:57:02,0.00141700,76.67000000
2018-02-28 01:57:10,0.00141650,61.18000000
2018-02-28 01:57:10,0.00141650,9.41000000
2018-02-28 01:57:10,0.00141640,33.53000000
2018-02-28 01:57:11,0.00141660,34.62000000
2018-02-28 01:57:17,0.00141640,0.02000000
2018-02-28 01:57:17,0.00141610,3.33000000
2018-02-28 01:57:18,0.00141610,14.66000000
2018-02-28 01:57:18,0.00141660,9.66000000
2018-02-28 01:57:20,0.00141660,10.34000000
2018-02-28 01:57:20,0.00141610,0.02000000
2018-02-28 01:57:20,0.00141600,139.49000000
2018-02-28 01:57:21,0.00141600,134.34000000
2018-02-28 01:57:23,0.00141600,106.11000000
2018-02-28 01:57:26,0.00141600,641.73000000
2018-02-28 01:57:26,0.00141600,27.92000000
2018-02-28 01:57:27,0.00141620,183.98000000
2018-02-28 01:57:29,0.00141600,13.14000000
2018-02-28 01:57:31,0.00141600,100.00000000
2018-02-28 01:57:33,0.00141600,104.43000000
2018-02-28 01:57:35,0.00141610,22.99000000
2018-02-28 01:57:35,0.00141600,777.41000000
2018-02-28 01:57:35,0.00141600,546.45000000
2018-02-28 01:57:35,0.00141600,215.10000000
2018-02-28 01:57:37,0.00141550,1.00000000
2018-02-28 01:57:37,0.00141550,6.89000000
2018-02-28 01:57:37,0.00141540,13.57000000
2018-02-28 01:57:37,0.00141520,1.45000000
2018-02-28 01:57:37,0.00141510,2.00000000
2018-02-28 01:57:37,0.00141500,525.14000000
2018-02-28 01:57:37,0.00141490,1.41000000
2018-02-28 01:57:37,0.00141450,4.54000000
2018-02-28 01:57:37,0.00141440,0.78000000
2018-02-28 01:57:37,0.00141410,64.95000000
2018-02-28 01:57:37,0.00141400,3.40000000
2018-02-28 01:57:37,0.00141390,59.31000000
2018-02-28 01:57:37,0.00141380,107.41000000
2018-02-28 01:57:37,0.00141360,1.66000000
2018-02-28 01:57:37,0.00141350,25.52000000
2018-02-28 01:57:37,0.00141350,29.25000000
2018-02-28 01:57:37,0.00141350,45.23000000
2018-02-28 01:57:37,0.00141330,2.31000000
2018-02-28 01:57:37,0.00141310,9.95000000
2018-02-28 01:57:37,0.00141300,6.05000000
2018-02-28 01:57:37,0.00141270,2.44000000
2018-02-28 01:57:37,0.00141250,119.11000000
2018-02-28 01:57:37,0.00141250,130.43000000
2018-02-28 01:57:37,0.00141250,60.82000000
2018-02-28 01:57:37,0.00141490,3.09000000
2018-02-28 01:57:37,0.00141400,1.84000000
2018-02-28 01:57:37,0.00141460,1.43000000
2018-02-28 01:57:37,0.00141250,7.03000000
2018-02-28 01:57:37,0.00141250,41.11000000
2018-02-28 01:57:37,0.00141300,212.29000000
2018-02-28 01:57:37,0.00141300,5.01000000
2018-02-28 01:57:38,0.00141300,5.01000000
2018-02-28 01:57:38,0.00141300,5.01000000
2018-02-28 01:57:38,0.00141300,5.01000000
2018-02-28 01:57:39,0.00141300,5.01000000
2018-02-28 01:57:39,0.00141250,6.94000000
2018-02-28 01:57:40,0.00141300,5.01000000
2018-02-28 01:57:40,0.00141300,5.01000000
2018-02-28 01:57:40,0.00141300,8.00000000
2018-02-28 01:57:40,0.00141300,139.43000000
2018-02-28 01:57:40,0.00141300,5.01000000
2018-02-28 01:57:41,0.00141300,114.69000000
2018-02-28 01:57:41,0.00141450,59.31000000
2018-02-28 01:57:41,0.00141460,18.55000000
2018-02-28 01:57:41,0.00141490,13.90000000
2018-02-28 01:57:41,0.00141250,95.76000000
2018-02-28 01:57:41,0.00141240,17.73000000
2018-02-28 01:57:41,0.00141210,0.85000000
2018-02-28 01:57:41,0.00141200,200.23000000
2018-02-28 01:57:42,0.00141390,47.49000000
2018-02-28 01:57:44,0.00141490,1.74000000
2018-02-28 01:57:44,0.00141490,3.50000000
2018-02-28 01:57:44,0.00141490,2.15000000
2018-02-28 01:57:45,0.00141490,1.73000000
2018-02-28 01:57:45,0.00141490,13.78000000
2018-02-28 01:57:46,0.00141490,1.39000000
2018-02-28 01:57:46,0.00141490,2.79000000
2018-02-28 01:57:46,0.00141490,34.78000000
2018-02-28 01:57:46,0.00141490,1.56000000
2018-02-28 01:57:46,0.00141490,5.55000000
2018-02-28 01:57:48,0.00141480,2.77000000
2018-02-28 01:57:49,0.00141480,0.95000000
2018-02-28 01:57:51,0.00141480,0.95000000
2018-02-28 01:57:52,0.00141480,3.53000000
2018-02-28 01:57:53,0.00141300,8.12000000
2018-02-28 01:57:55,0.00141390,196.85000000
2018-02-28 01:57:55,0.00141300,7.48000000
2018-02-28 01:57:59,0.00141470,1.00000000
2018-02-28 01:57:59,0.00141300,30.08000000
2018-02-28 01:57:59,0.00141200,216.35000000
2018-02-28 01:57:59,0.00141200,202.76000000
2018-02-28 01:57:59,0.00141200,7.06000000
2018-02-28 01:58:00,0.00141200,11.25000000
2018-02-28 01:58:00,0.00141190,14.00000000
2018-02-28 01:58:00,0.00141180,12.97000000
2018-02-28 01:58:00,0.00141150,11.30000000
2018-02-28 01:58:00,0.00141140,4.03000000
2018-02-28 01:58:00,0.00141130,20.00000000
2018-02-28 01:58:01,0.00141180,3.54000000
2018-02-28 01:58:02,0.00141110,9.61000000
2018-02-28 01:58:02,0.00141100,57.33000000
2018-02-28 01:58:02,0.00141100,20.05000000
2018-02-28 01:58:02,0.00141100,130.28000000
2018-02-28 01:58:04,0.00141110,2.35000000
2018-02-28 01:58:04,0.00141200,17.71000000
2018-02-28 01:58:05,0.00141200,1.60000000
2018-02-28 01:58:05,0.00141200,1.20000000
2018-02-28 01:58:05,0.00141100,40.45000000
2018-02-28 01:58:06,0.00141200,1.77000000
2018-02-28 01:58:06,0.00141100,293.16000000
2018-02-28 01:58:06,0.00141100,202.37000000
2018-02-28 01:58:06,0.00141100,38.06000000
2018-02-28 01:58:06,0.00141100,1.27000000
2018-02-28 01:58:06,0.00141080,3.51000000
2018-02-28 01:58:06,0.00141100,68.67000000
2018-02-28 01:58:07,0.00141100,6.66000000
2018-02-28 01:58:07,0.00141100,157.89000000
2018-02-28 01:58:07,0.00141100,21.23000000
2018-02-28 01:58:08,0.00141100,7.70000000
2018-02-28 01:58:08,0.00141100,9.49000000
2018-02-28 01:58:08,0.00141200,37.92000000
2018-02-28 01:58:09,0.00141040,345.27000000
2018-02-28 01:58:09,0.00141040,22.34000000
2018-02-28 01:58:10,0.00141040,31.16000000
2018-02-28 01:58:10,0.00141200,24.14000000
2018-02-28 01:58:11,0.00141200,1.00000000
2018-02-28 01:58:11,0.00141040,229.10000000
2018-02-28 01:58:12,0.00141040,10.83000000
2018-02-28 01:58:12,0.00141030,22.87000000
2018-02-28 01:58:12,0.00141020,14.92000000
2018-02-28 01:58:12,0.00141010,15.58000000
2018-02-28 01:58:12,0.00141000,146.93000000
2018-02-28 01:58:12,0.00141000,2.99000000
2018-02-28 01:58:12,0.00141000,24.37000000
2018-02-28 01:58:12,0.00141000,1.30000000
2018-02-28 01:58:12,0.00141000,206.69000000
2018-02-28 01:58:12,0.00141000,7.00000000
2018-02-28 01:58:12,0.00141000,2.83000000
2018-02-28 01:58:12,0.00141000,3.08000000
2018-02-28 01:58:12,0.00141000,175.95000000
2018-02-28 01:58:12,0.00141040,0.78000000
2018-02-28 01:58:12,0.00141040,45.07000000
2018-02-28 01:58:12,0.00141000,489.81000000
2018-02-28 01:58:12,0.00141000,297.45000000
2018-02-28 01:58:12,0.00141040,32.74000000
2018-02-28 01:58:12,0.00141000,176.66000000
2018-02-28 01:58:12,0.00141000,95.44000000
2018-02-28 01:58:12,0.00141000,230.97000000
2018-02-28 01:58:12,0.00140940,66.70000000
2018-02-28 01:58:12,0.00140940,37.30000000
2018-02-28 01:58:12,0.00140930,25.50000000
2018-02-28 01:58:12,0.00140920,21.49000000
2018-02-28 01:58:12,0.00140920,69.81000000
2018-02-28 01:58:13,0.00140970,60.37000000
2018-02-28 01:58:14,0.00141040,16.19000000
2018-02-28 01:58:14,0.00141000,3.54000000
2018-02-28 01:58:14,0.00140930,1.99000000
2018-02-28 01:58:14,0.00140930,1.99000000
2018-02-28 01:58:15,0.00141040,1.14000000
2018-02-28 01:58:15,0.00140930,2.71000000
2018-02-28 01:58:15,0.00140920,101.04000000
2018-02-28 01:58:15,0.00140900,80.38000000
2018-02-28 01:58:15,0.00140890,5.00000000
2018-02-28 01:58:15,0.00140880,6.41000000
2018-02-28 01:58:15,0.00140860,116.47000000
2018-02-28 01:58:15,0.00140800,6.71000000
2018-02-28 01:58:15,0.00140730,3.26000000
2018-02-28 01:58:15,0.00140710,60.80000000
2018-02-28 01:58:15,0.00140700,99.38000000
2018-02-28 01:58:15,0.00140700,2.72000000
2018-02-28 01:58:15,0.00140750,33.00000000
2018-02-28 01:58:15,0.00140750,7.08000000
2018-02-28 01:58:15,0.00140750,107.83000000
2018-02-28 01:58:15,0.00140880,6.00000000
2018-02-28 01:58:16,0.00140930,1.00000000
2018-02-28 01:58:18,0.00140700,30.23000000
2018-02-28 01:58:19,0.00140930,28.18000000
2018-02-28 01:58:20,0.00140700,31.25000000
2018-02-28 01:58:21,0.00140930,4.29000000
2018-02-28 01:58:25,0.00140710,51.55000000
2018-02-28 01:58:25,0.00140700,48.45000000
2018-02-28 01:58:25,0.00140700,716.13000000
2018-02-28 01:58:25,0.00140700,426.30000000
2018-02-28 01:58:26,0.00140700,30.23000000
2018-02-28 01:58:26,0.00140700,1.15000000
2018-02-28 01:58:26,0.00140700,22.28000000
2018-02-28 01:58:26,0.00140700,3.53000000
2018-02-28 01:58:26,0.00140700,43.00000000
2018-02-28 01:58:27,0.00140700,58.11000000
2018-02-28 01:58:27,0.00140700,4.98000000
2018-02-28 01:58:28,0.00140700,56.94000000
2018-02-28 01:58:28,0.00140700,35.53000000
2018-02-28 01:58:28,0.00140690,14.44000000
2018-02-28 01:58:29,0.00140690,7.11000000
2018-02-28 01:58:29,0.00140690,5.01000000
2018-02-28 01:58:29,0.00140690,5.01000000
2018-02-28 01:58:29,0.00140690,5.01000000
2018-02-28 01:58:30,0.00140690,5.01000000
2018-02-28 01:58:30,0.00140690,58.41000000
2018-02-28 01:58:30,0.00140700,5.01000000
2018-02-28 01:58:33,0.00140680,32.98000000
2018-02-28 01:58:33,0.00140660,5.11000000
2018-02-28 01:58:33,0.00140640,1.42000000
2018-02-28 01:58:33,0.00140600,0.84000000
2018-02-28 01:58:33,0.00140590,35.89000000
2018-02-28 01:58:33,0.00140580,28.11000000
2018-02-28 01:58:33,0.00140560,0.79000000
2018-02-28 01:58:33,0.00140550,94.45000000
2018-02-28 01:58:33,0.00140550,25.63000000
2018-02-28 01:58:33,0.00140550,1.07000000
2018-02-28 01:58:33,0.00140550,36.63000000
2018-02-28 01:58:33,0.00140550,2.31000000
2018-02-28 01:58:33,0.00140550,5.01000000
2018-02-28 01:58:33,0.00140550,2.00000000
2018-02-28 01:58:33,0.00140520,209.73000000
2018-02-28 01:58:33,0.00140550,31.71000000
2018-02-28 01:58:33,0.00140550,4.87000000
2018-02-28 01:58:34,0.00140550,5.29000000
2018-02-28 01:58:34,0.00140520,1.55000000
2018-02-28 01:58:35,0.00140550,1.00000000
2018-02-28 01:58:35,0.00140540,14.18000000
2018-02-28 01:58:35,0.00140520,20.45000000
2018-02-28 01:58:35,0.00140510,217.79000000
2018-02-28 01:58:35,0.00140500,261.76000000
2018-02-28 01:58:35,0.00140500,6.24000000
2018-02-28 01:58:35,0.00140500,3.99000000
2018-02-28 01:58:35,0.00140500,14.00000000
2018-02-28 01:58:35,0.00140500,84.71000000
2018-02-28 01:58:35,0.00140490,0.72000000
2018-02-28 01:58:35,0.00140480,7.62000000
2018-02-28 01:58:35,0.00140470,0.72000000
2018-02-28 01:58:35,0.00140410,56.39000000
2018-02-28 01:58:35,0.00140410,35.34000000
2018-02-28 01:58:36,0.00140510,62.14000000
2018-02-28 01:58:37,0.00140510,3.99000000
2018-02-28 01:58:37,0.00140410,0.99000000
2018-02-28 01:58:38,0.00140500,1.00000000
2018-02-28 01:58:39,0.00140500,19.00000000
2018-02-28 01:58:39,0.00140520,8.43000000
2018-02-28 01:58:40,0.00140520,0.02000000
2018-02-28 01:58:40,0.00140540,0.02000000
2018-02-28 01:58:40,0.00140550,10.97000000
2018-02-28 01:58:41,0.00140540,40.00000000
2018-02-28 01:58:41,0.00140540,60.02000000
2018-02-28 01:58:41,0.00140540,63.31000000
2018-02-28 01:58:41,0.00140550,16.37000000
2018-02-28 01:58:43,0.00140540,98.86000000
2018-02-28 01:58:43,0.00140540,44.55000000
2018-02-28 01:58:43,0.00140550,55.79000000
2018-02-28 01:58:44,0.00140540,33.51000000
2018-02-28 01:58:45,0.00140540,110.10000000
2018-02-28 01:58:45,0.00140520,34.80000000
2018-02-28 01:58:46,0.00140550,3.20000000
2018-02-28 01:58:46,0.00140540,10.00000000
2018-02-28 01:58:47,0.00140540,43.60000000
2018-02-28 01:58:48,0.00140540,11.91000000
2018-02-28 01:58:48,0.00140420,6.69000000
2018-02-28 01:58:48,0.00140410,4.49000000
2018-02-28 01:58:49,0.00140540,1.70000000
2018-02-28 01:58:49,0.00140540,3.46000000
2018-02-28 01:58:49,0.00140540,62.39000000
2018-02-28 01:58:49,0.00140410,5.52000000
2018-02-28 01:58:49,0.00140470,73.24000000
2018-02-28 01:58:50,0.00140550,33.02000000
2018-02-28 01:58:51,0.00140550,2.04000000
2018-02-28 01:58:51,0.00140470,11.74000000
2018-02-28 01:58:51,0.00140470,32.31000000
2018-02-28 01:58:53,0.00140550,23.46000000
2018-02-28 01:58:53,0.00140550,23.46000000
2018-02-28 01:58:53,0.00140410,60.34000000
2018-02-28 01:58:55,0.00140420,3.11000000
2018-02-28 01:58:55,0.00140550,2.67000000
2018-02-28 01:58:57,0.00140470,10.00000000
2018-02-28 01:58:57,0.00140420,33.91000000
2018-02-28 01:58:57,0.00140410,22.58000000
2018-02-28 01:58:57,0.00140500,1.57000000
2018-02-28 01:59:00,0.00140500,0.21000000
2018-02-28 01:59:00,0.00140540,19.39000000
2018-02-28 01:59:00,0.00140550,10.40000000
2018-02-28 01:59:01,0.00140550,719.45000000
2018-02-28 01:59:01,0.00140550,7.10000000
2018-02-28 01:59:01,0.00140550,510.63000000
2018-02-28 01:59:02,0.00140540,92.49000000
2018-02-28 01:59:03,0.00140600,207.51000000
2018-02-28 01:59:03,0.00140430,168.09000000
2018-02-28 01:59:03,0.00140430,96.17000000
2018-02-28 01:59:03,0.00140700,1.75000000
