DATE,PRICE,VOLUME
2018-02-27 18:00:00,0.00143270,329.23000000
2018-02-27 18:00:03,0.00143200,72.42000000
2018-02-27 18:00:04,0.00143200,24.97000000
2018-02-27 18:00:04,0.00143200,3.50000000
2018-02-27 18:00:06,0.00143270,2.00000000
2018-02-27 18:00:07,0.00143200,5.24000000
2018-02-27 18:00:08,0.00143260,1.49000000
2018-02-27 18:00:08,0.00143270,2.33000000
2018-02-27 18:00:08,0.00143360,40.33000000
2018-02-27 18:00:08,0.00143370,20.13000000
2018-02-27 18:00:10,0.00143200,2.19000000
2018-02-27 18:00:12,0.00143200,150.00000000
2018-02-27 18:00:13,0.00143370,49.12000000
2018-02-27 18:00:14,0.00143260,1.11000000
2018-02-27 18:00:14,0.00143370,1.37000000
2018-02-27 18:00:14,0.00143200,56.57000000
2018-02-27 18:00:14,0.00143190,3.32000000
2018-02-27 18:00:14,0.00143150,16.00000000
2018-02-27 18:00:14,0.00143110,6.14000000
2018-02-27 18:00:14,0.00143070,1.40000000
2018-02-27 18:00:14,0.00143060,2.80000000
2018-02-27 18:00:14,0.00143040,3.50000000
2018-02-27 18:00:14,0.00143010,48.68000000
2018-02-27 18:00:14,0.00143000,736.79000000
2018-02-27 18:00:14,0.00143000,287.12000000
2018-02-27 18:00:15,0.00143200,141.04000000
2018-02-27 18:00:15,0.00143000,13.39000000
2018-02-27 18:00:15,0.00143360,17.43000000
2018-02-27 18:00:15,0.00143370,191.56000000
2018-02-27 18:00:18,0.00143010,40.00000000
2018-02-27 18:00:18,0.00143000,10.00000000
2018-02-27 18:00:19,0.00143030,7.00000000
2018-02-27 18:00:19,0.00143000,626.77000000
2018-02-27 18:00:19,0.00143340,20.94000000
2018-02-27 18:00:19,0.00143370,261.90000000
2018-02-27 18:00:19,0.00143380,28.38000000
2018-02-27 18:00:19,0.00143500,36.96000000
2018-02-27 18:00:21,0.00143010,1.50000000
2018-02-27 18:00:22,0.00143240,150.77000000
2018-02-27 18:00:22,0.00143490,1.53000000
2018-02-27 18:00:23,0.00143040,1.53000000
2018-02-27 18:00:23,0.00143030,1.71000000
2018-02-27 18:00:23,0.00143020,64.13000000
2018-02-27 18:00:23,0.00143010,12.48000000
2018-02-27 18:00:23,0.00143000,0.34000000
2018-02-27 18:00:24,0.00143000,5.01000000
2018-02-27 18:00:24,0.00143000,87.42000000
2018-02-27 18:00:28,0.00143000,68.90000000
2018-02-27 18:00:28,0.00143000,44.78000000
2018-02-27 18:00:28,0.00142990,20.98000000
2018-02-27 18:00:28,0.00142980,21.07000000
2018-02-27 18:00:28,0.00142960,200.94000000
2018-02-27 18:00:28,0.00142930,0.92000000
2018-02-27 18:00:28,0.00142920,4.20000000
2018-02-27 18:00:28,0.00142910,122.22000000
2018-02-27 18:00:29,0.00143190,1.04000000
2018-02-27 18:00:30,0.00143190,1.75000000
2018-02-27 18:00:35,0.00143170,14.09000000
2018-02-27 18:00:38,0.00143170,0.76000000
2018-02-27 18:00:39,0.00143030,346.07000000
2018-02-27 18:00:39,0.00143170,3.49000000
2018-02-27 18:00:39,0.00142910,213.38000000
2018-02-27 18:00:40,0.00142910,40.00000000
2018-02-27 18:00:46,0.00143160,7.00000000
2018-02-27 18:00:46,0.00143170,7.49000000
2018-02-27 18:00:48,0.00143000,10.12000000
2018-02-27 18:00:48,0.00143000,10.09000000
2018-02-27 18:00:48,0.00143000,6.98000000
2018-02-27 18:00:48,0.00143000,1.18000000
2018-02-27 18:00:49,0.00142910,17.60000000
2018-02-27 18:00:49,0.00143000,5.01000000
2018-02-27 18:00:49,0.00143000,1.16000000
2018-02-27 18:00:49,0.00142910,40.67000000
2018-02-27 18:00:49,0.00142900,2.90000000
2018-02-27 18:00:49,0.00142890,0.85000000
2018-02-27 18:00:49,0.00142870,16.80000000
2018-02-27 18:00:49,0.00142850,1.23000000
2018-02-27 18:00:49,0.00142840,7.01000000
2018-02-27 18:00:49,0.00142830,2.10000000
2018-02-27 18:00:49,0.00142820,179.54000000
2018-02-27 18:00:49,0.00142800,3.71000000
2018-02-27 18:00:49,0.00142790,3.50000000
2018-02-27 18:00:49,0.00142780,28.82000000
2018-02-27 18:00:49,0.00143000,15.00000000
2018-02-27 18:00:49,0.00143000,5.01000000
2018-02-27 18:00:49,0.00143000,31.10000000
2018-02-27 18:00:50,0.00143000,5.01000000
2018-02-27 18:00:50,0.00143000,1.04000000
2018-02-27 18:00:50,0.00143000,5.01000000
2018-02-27 18:00:50,0.00143000,5.01000000
2018-02-27 18:00:51,0.00143000,1.51000000
2018-02-27 18:00:51,0.00143000,5.01000000
2018-02-27 18:00:51,0.00143000,2.12000000
2018-02-27 18:00:51,0.00143000,5.01000000
2018-02-27 18:00:51,0.00143000,5.01000000
2018-02-27 18:00:52,0.00143000,4.73000000
2018-02-27 18:00:52,0.00143000,3.30000000
2018-02-27 18:00:52,0.00143000,2.31000000
2018-02-27 18:00:53,0.00143000,5.40000000
2018-02-27 18:00:53,0.00143000,5.00000000
2018-02-27 18:00:54,0.00143000,156.00000000
2018-02-27 18:00:54,0.00143000,5.01000000
2018-02-27 18:00:55,0.00143000,10.34000000
2018-02-27 18:00:55,0.00143000,5.01000000
2018-02-27 18:00:55,0.00143000,2.55000000
2018-02-27 18:00:55,0.00143000,1.79000000
2018-02-27 18:00:56,0.00143000,1.25000000
2018-02-27 18:00:56,0.00143000,1.04000000
2018-02-27 18:00:56,0.00143000,1.88000000
2018-02-27 18:00:56,0.00143150,1.06000000
2018-02-27 18:00:56,0.00143170,1.09000000
2018-02-27 18:00:56,0.00142880,167.61000000
2018-02-27 18:00:58,0.00143000,5.01000000
2018-02-27 18:00:58,0.00143000,5.01000000
2018-02-27 18:00:58,0.00143000,5.01000000
2018-02-27 18:00:59,0.00143000,5.01000000
2018-02-27 18:00:59,0.00143000,5.01000000
2018-02-27 18:01:00,0.00143000,5.01000000
2018-02-27 18:01:00,0.00143000,5.01000000
2018-02-27 18:01:00,0.00143000,5.01000000
2018-02-27 18:01:01,0.00143000,5.01000000
2018-02-27 18:01:01,0.00143000,5.01000000
2018-02-27 18:01:01,0.00143000,6.37000000
2018-02-27 18:01:01,0.00143000,5.01000000
2018-02-27 18:01:02,0.00143000,5.01000000
2018-02-27 18:01:02,0.00143000,4.06000000
2018-02-27 18:01:03,0.00142800,7.10000000
2018-02-27 18:01:03,0.00142780,363.04000000
2018-02-27 18:01:04,0.00142980,7.08000000
2018-02-27 18:01:04,0.00142820,7.10000000
2018-02-27 18:01:04,0.00142800,6.98000000
2018-02-27 18:01:04,0.00142800,9.50000000
2018-02-27 18:01:04,0.00142980,2.10000000
2018-02-27 18:01:04,0.00142980,5.00000000
2018-02-27 18:01:05,0.00142980,0.02000000
2018-02-27 18:01:05,0.00143000,13.61000000
2018-02-27 18:01:06,0.00143000,70.01000000
2018-02-27 18:01:06,0.00143000,3.12000000
2018-02-27 18:01:06,0.00142990,1.97000000
2018-02-27 18:01:07,0.00142990,1.39000000
2018-02-27 18:01:07,0.00142990,0.02000000
2018-02-27 18:01:07,0.00143000,3.47000000
2018-02-27 18:01:08,0.00142820,7.10000000
2018-02-27 18:01:08,0.00142800,16.48000000
2018-02-27 18:01:08,0.00142800,132.05000000
2018-02-27 18:01:08,0.00142800,6.55000000
2018-02-27 18:01:08,0.00142800,6.98000000
2018-02-27 18:01:08,0.00142800,132.33000000
2018-02-27 18:01:08,0.00142800,6.54000000
2018-02-27 18:01:09,0.00142800,34.86000000
2018-02-27 18:01:11,0.00142910,6.54000000
2018-02-27 18:01:11,0.00142850,39.67000000
2018-02-27 18:01:12,0.00142980,2.00000000
2018-02-27 18:01:13,0.00142780,321.39000000
2018-02-27 18:01:14,0.00142980,10.84000000
2018-02-27 18:01:15,0.00142880,362.90000000
2018-02-27 18:01:18,0.00142980,2.80000000
2018-02-27 18:01:21,0.00142810,43.46000000
2018-02-27 18:01:21,0.00142800,37.23000000
2018-02-27 18:01:23,0.00142970,1.03000000
2018-02-27 18:01:23,0.00142800,24.80000000
2018-02-27 18:01:25,0.00142800,33.04000000
2018-02-27 18:01:25,0.00142800,33.04000000
2018-02-27 18:01:25,0.00142970,0.83000000
2018-02-27 18:01:25,0.00142970,1.75000000
2018-02-27 18:01:27,0.00142800,217.83000000
2018-02-27 18:01:28,0.00142800,286.81000000
2018-02-27 18:01:28,0.00142800,28.83000000
2018-02-27 18:01:28,0.00142960,1.36000000
2018-02-27 18:01:29,0.00142960,2.13000000
2018-02-27 18:01:29,0.00142800,137.87000000
2018-02-27 18:01:29,0.00142780,7.15000000
2018-02-27 18:01:29,0.00142750,423.92000000
2018-02-27 18:01:31,0.00142800,1.23000000
2018-02-27 18:01:31,0.00142780,9.50000000
2018-02-27 18:01:33,0.00142780,10.00000000
2018-02-27 18:01:33,0.00142970,1.75000000
2018-02-27 18:01:35,0.00142780,224.68000000
2018-02-27 18:01:37,0.00142800,1.00000000
2018-02-27 18:01:38,0.00142800,51.45000000
2018-02-27 18:01:38,0.00142800,3.64000000
2018-02-27 18:01:38,0.00142870,1.48000000
2018-02-27 18:01:38,0.00142910,6.99000000
2018-02-27 18:01:38,0.00142910,1.53000000
2018-02-27 18:01:38,0.00142800,6.97000000
2018-02-27 18:01:38,0.00142800,11.48000000
2018-02-27 18:01:40,0.00142960,26.00000000
2018-02-27 18:01:40,0.00142970,98.47000000
2018-02-27 18:01:40,0.00142980,144.87000000
2018-02-27 18:01:42,0.00142800,203.45000000
2018-02-27 18:01:42,0.00142780,0.01000000
2018-02-27 18:01:42,0.00142750,213.37000000
2018-02-27 18:01:42,0.00142740,0.71000000
2018-02-27 18:01:42,0.00142700,491.80000000
2018-02-27 18:01:42,0.00142780,3.09000000
2018-02-27 18:01:44,0.00142800,2.80000000
2018-02-27 18:01:44,0.00142800,7.10000000
2018-02-27 18:01:45,0.00142780,3.90000000
2018-02-27 18:01:45,0.00142800,0.09000000
2018-02-27 18:01:45,0.00142960,1.40000000
2018-02-27 18:01:45,0.00142780,23.56000000
2018-02-27 18:01:46,0.00142750,4.61000000
2018-02-27 18:01:46,0.00142730,7.85000000
2018-02-27 18:01:46,0.00142730,6.08000000
2018-02-27 18:01:47,0.00142780,29.71000000
2018-02-27 18:01:47,0.00142960,9.40000000
2018-02-27 18:01:47,0.00142960,5.14000000
2018-02-27 18:01:47,0.00142980,11.08000000
2018-02-27 18:01:48,0.00142980,3.49000000
2018-02-27 18:01:49,0.00142980,6.99000000
2018-02-27 18:01:49,0.00142750,7.10000000
2018-02-27 18:01:50,0.00142960,1.33000000
2018-02-27 18:01:50,0.00142960,5.77000000
2018-02-27 18:01:50,0.00142980,9.09000000
2018-02-27 18:01:51,0.00142850,5.98000000
2018-02-27 18:01:51,0.00142750,7.10000000
2018-02-27 18:01:51,0.00142730,4.75000000
2018-02-27 18:01:51,0.00142700,11.93000000
2018-02-27 18:01:52,0.00142700,2.77000000
2018-02-27 18:01:53,0.00142850,5.98000000
2018-02-27 18:01:53,0.00142960,7.10000000
2018-02-27 18:01:53,0.00142980,0.70000000
2018-02-27 18:01:53,0.00142980,1.72000000
2018-02-27 18:01:54,0.00142980,1.45000000
2018-02-27 18:01:54,0.00142930,1.00000000
2018-02-27 18:01:54,0.00142930,2.12000000
2018-02-27 18:01:57,0.00142770,4.58000000
2018-02-27 18:01:58,0.00142770,2.52000000
2018-02-27 18:01:58,0.00142750,5.46000000
2018-02-27 18:01:58,0.00142900,3.78000000
2018-02-27 18:01:59,0.00142750,3.35000000
2018-02-27 18:01:59,0.00142900,1.03000000
2018-02-27 18:02:01,0.00142900,14.00000000
2018-02-27 18:02:06,0.00142900,12.17000000
2018-02-27 18:02:06,0.00142770,17.07000000
2018-02-27 18:02:06,0.00142770,49.42000000
2018-02-27 18:02:07,0.00142770,2.45000000
2018-02-27 18:02:07,0.00142750,186.60000000
2018-02-27 18:02:07,0.00142900,18.18000000
2018-02-27 18:02:07,0.00142930,2.12000000
2018-02-27 18:02:07,0.00142960,7.10000000
2018-02-27 18:02:07,0.00142980,135.30000000
2018-02-27 18:02:08,0.00142930,1.38000000
2018-02-27 18:02:09,0.00142910,201.28000000
2018-02-27 18:02:09,0.00142930,3.60000000
2018-02-27 18:02:10,0.00142900,1.00000000
2018-02-27 18:02:10,0.00142900,6.66000000
2018-02-27 18:02:10,0.00142900,1.00000000
2018-02-27 18:02:10,0.00142900,47.85000000
2018-02-27 18:02:11,0.00142930,1.75000000
2018-02-27 18:02:11,0.00142930,130.19000000
2018-02-27 18:02:12,0.00142900,5.00000000
2018-02-27 18:02:13,0.00142900,11.50000000
2018-02-27 18:02:16,0.00142930,30.94000000
2018-02-27 18:02:16,0.00142980,9.68000000
2018-02-27 18:02:18,0.00142980,13.52000000
2018-02-27 18:02:20,0.00142900,144.10000000
2018-02-27 18:02:20,0.00142900,4.99000000
2018-02-27 18:02:21,0.00142980,28.05000000
2018-02-27 18:02:22,0.00142900,13.00000000
2018-02-27 18:02:22,0.00142980,0.09000000
2018-02-27 18:02:22,0.00142900,18.68000000
2018-02-27 18:02:23,0.00142930,22.82000000
2018-02-27 18:02:23,0.00142900,22.82000000
2018-02-27 18:02:25,0.00142900,149.12000000
2018-02-27 18:02:26,0.00142900,1.00000000
2018-02-27 18:02:26,0.00142900,11.16000000
2018-02-27 18:02:29,0.00142900,21.10000000
2018-02-27 18:02:32,0.00142900,2.87000000
2018-02-27 18:02:32,0.00142950,1.98000000
2018-02-27 18:02:32,0.00142980,1.12000000
2018-02-27 18:02:32,0.00143000,8.49000000
2018-02-27 18:02:33,0.00142900,23.70000000
2018-02-27 18:02:35,0.00142900,32.60000000
2018-02-27 18:02:39,0.00142900,104.96000000
2018-02-27 18:02:43,0.00142930,218.11000000
2018-02-27 18:02:45,0.00142950,1.25000000
2018-02-27 18:02:50,0.00142950,0.73000000
2018-02-27 18:02:51,0.00142950,1.37000000
2018-02-27 18:02:52,0.00142950,2.09000000
2018-02-27 18:02:53,0.00142900,92.02000000
2018-02-27 18:02:53,0.00142780,5.00000000
2018-02-27 18:02:53,0.00142750,41.87000000
2018-02-27 18:02:55,0.00142950,36.88000000
2018-02-27 18:02:55,0.00142980,15.52000000
2018-02-27 18:02:55,0.00143000,44.50000000
2018-02-27 18:02:58,0.00142950,3.49000000
2018-02-27 18:02:58,0.00142780,39.95000000
2018-02-27 18:03:02,0.00143000,256.36000000
2018-02-27 18:03:04,0.00143010,39.28000000
2018-02-27 18:03:05,0.00143000,34.45000000
2018-02-27 18:03:09,0.00143170,1.75000000
2018-02-27 18:03:10,0.00143000,67.46000000
2018-02-27 18:03:10,0.00142950,3.49000000
2018-02-27 18:03:11,0.00142900,17.00000000
2018-02-27 18:03:12,0.00142950,112.58000000
2018-02-27 18:03:12,0.00142950,37.62000000
2018-02-27 18:03:12,0.00142950,69.00000000
2018-02-27 18:03:12,0.00142950,112.58000000
2018-02-27 18:03:12,0.00142950,112.58000000
2018-02-27 18:03:12,0.00142950,69.95000000
2018-02-27 18:03:12,0.00142950,112.58000000
2018-02-27 18:03:12,0.00142950,222.92000000
2018-02-27 18:03:13,0.00142900,66.85000000
2018-02-27 18:03:13,0.00142780,2.15000000
2018-02-27 18:03:20,0.00142900,111.42000000
2018-02-27 18:03:20,0.00142830,1.26000000
2018-02-27 18:03:20,0.00142900,1.00000000
2018-02-27 18:03:22,0.00142900,0.11000000
2018-02-27 18:03:22,0.00142900,85.94000000
2018-02-27 18:03:23,0.00142900,50.03000000
2018-02-27 18:03:26,0.00142860,234.58000000
2018-02-27 18:03:28,0.00142830,1.38000000
2018-02-27 18:03:30,0.00142830,47.83000000
2018-02-27 18:03:31,0.00142830,40.13000000
2018-02-27 18:03:31,0.00142830,22.42000000
2018-02-27 18:03:32,0.00142850,1.75000000
2018-02-27 18:03:33,0.00142850,0.76000000
2018-02-27 18:03:35,0.00142850,4.38000000
2018-02-27 18:03:35,0.00142860,20.00000000
2018-02-27 18:03:36,0.00142860,9.20000000
2018-02-27 18:03:36,0.00142850,2.20000000
2018-02-27 18:03:39,0.00142870,56.11000000
2018-02-27 18:03:39,0.00142850,5.32000000
2018-02-27 18:03:39,0.00142830,216.54000000
2018-02-27 18:03:40,0.00142900,0.86000000
2018-02-27 18:03:40,0.00142990,112.61000000
2018-02-27 18:03:40,0.00143000,240.25000000
2018-02-27 18:03:40,0.00143010,6.99000000
2018-02-27 18:03:40,0.00143010,350.62000000
2018-02-27 18:03:41,0.00143010,34.82000000
2018-02-27 18:03:41,0.00142850,15.13000000
2018-02-27 18:03:42,0.00143020,1.00000000
2018-02-27 18:03:45,0.00143020,1.62000000
2018-02-27 18:03:46,0.00143020,39.38000000
2018-02-27 18:03:46,0.00142850,9.63000000
2018-02-27 18:03:47,0.00143140,12.00000000
2018-02-27 18:03:47,0.00143170,11.58000000
2018-02-27 18:03:47,0.00143180,1.09000000
2018-02-27 18:03:47,0.00143190,3.33000000
2018-02-27 18:03:48,0.00143170,0.13000000
2018-02-27 18:03:50,0.00143000,9.46000000
2018-02-27 18:03:53,0.00143050,82.01000000
2018-02-27 18:03:55,0.00142890,5.04000000
2018-02-27 18:03:55,0.00143040,251.41000000
2018-02-27 18:03:58,0.00142910,7.00000000
2018-02-27 18:03:58,0.00142900,7.73000000
2018-02-27 18:03:59,0.00143160,1.61000000
2018-02-27 18:04:00,0.00143160,4.53000000
2018-02-27 18:04:03,0.00142930,7.00000000
2018-02-27 18:04:03,0.00142930,7.00000000
2018-02-27 18:04:05,0.00142930,10.98000000
2018-02-27 18:04:05,0.00143140,7.00000000
2018-02-27 18:04:05,0.00143160,7.86000000
2018-02-27 18:04:05,0.00143180,13.85000000
2018-02-27 18:04:05,0.00143190,6.39000000
2018-02-27 18:04:05,0.00143200,48.43000000
2018-02-27 18:04:07,0.00143200,23.47000000
2018-02-27 18:04:09,0.00143200,7.83000000
2018-02-27 18:04:09,0.00143200,90.70000000
2018-02-27 18:04:10,0.00143200,2.02000000
2018-02-27 18:04:10,0.00143200,455.73000000
2018-02-27 18:04:10,0.00143250,1.13000000
2018-02-27 18:04:10,0.00143300,1.57000000
2018-02-27 18:04:13,0.00143300,93.43000000
2018-02-27 18:04:13,0.00143320,2.48000000
2018-02-27 18:04:13,0.00143400,1.23000000
2018-02-27 18:04:13,0.00143500,334.31000000
2018-02-27 18:04:13,0.00143560,87.29000000
2018-02-27 18:04:13,0.00143700,32.84000000
2018-02-27 18:04:13,0.00143760,5519.01000000
2018-02-27 18:04:14,0.00143200,1.37000000
2018-02-27 18:04:15,0.00143180,1.37000000
2018-02-27 18:04:15,0.00143180,0.01000000
2018-02-27 18:04:15,0.00143200,23.13000000
2018-02-27 18:04:16,0.00143400,72.95000000
2018-02-27 18:04:17,0.00143770,3.62000000
2018-02-27 18:04:18,0.00143160,0.04000000
2018-02-27 18:04:19,0.00143400,21.00000000
2018-02-27 18:04:19,0.00143400,5.00000000
2018-02-27 18:04:20,0.00143420,5.00000000
2018-02-27 18:04:21,0.00143520,1.35000000
2018-02-27 18:04:22,0.00143520,5.00000000
2018-02-27 18:04:22,0.00143760,1.25000000
2018-02-27 18:04:24,0.00143520,3.83000000
2018-02-27 18:04:24,0.00143440,0.05000000
2018-02-27 18:04:25,0.00143600,12.95000000
2018-02-27 18:04:25,0.00143780,2.06000000
2018-02-27 18:04:25,0.00143790,105.97000000
2018-02-27 18:04:25,0.00143800,5.00000000
2018-02-27 18:04:25,0.00143810,11.99000000
2018-02-27 18:04:25,0.00143830,2.10000000
2018-02-27 18:04:25,0.00143870,2.10000000
2018-02-27 18:04:25,0.00143900,30.83000000
2018-02-27 18:04:25,0.00143900,55.35000000
2018-02-27 18:04:25,0.00143920,7.00000000
2018-02-27 18:04:25,0.00143950,5.36000000
2018-02-27 18:04:25,0.00143970,26.59000000
2018-02-27 18:04:25,0.00143430,71.74000000
2018-02-27 18:04:25,0.00143420,7.00000000
2018-02-27 18:04:25,0.00143400,145.97000000
2018-02-27 18:04:25,0.00143310,3.88000000
2018-02-27 18:04:25,0.00143300,50.55000000
2018-02-27 18:04:26,0.00143440,2.10000000
2018-02-27 18:04:29,0.00143430,5.89000000
2018-02-27 18:04:29,0.00143460,268.25000000
2018-02-27 18:04:30,0.00143430,10.45000000
2018-02-27 18:04:30,0.00143420,26.07000000
2018-02-27 18:04:30,0.00143320,7.00000000
2018-02-27 18:04:30,0.00143300,21.04000000
2018-02-27 18:04:31,0.00143510,1.54000000
2018-02-27 18:04:34,0.00143450,7.99000000
2018-02-27 18:04:34,0.00143310,9.25000000
2018-02-27 18:04:35,0.00143480,7.79000000
2018-02-27 18:04:35,0.00143490,2.10000000
2018-02-27 18:04:38,0.00143540,6.09000000
2018-02-27 18:04:38,0.00143540,76.09000000
2018-02-27 18:04:38,0.00143320,59.58000000
2018-02-27 18:04:38,0.00143300,284.50000000
2018-02-27 18:04:38,0.00143220,10.03000000
2018-02-27 18:04:39,0.00143490,13.96000000
2018-02-27 18:04:39,0.00143500,68.83000000
2018-02-27 18:04:39,0.00143510,10.48000000
2018-02-27 18:04:39,0.00143540,63.95000000
2018-02-27 18:04:40,0.00143540,2292.67000000
2018-02-27 18:04:44,0.00143440,121.53000000
2018-02-27 18:04:45,0.00143320,1.00000000
2018-02-27 18:04:46,0.00143440,17.90000000
2018-02-27 18:04:46,0.00143490,6.93000000
2018-02-27 18:04:46,0.00143650,194.43000000
2018-02-27 18:04:46,0.00143720,53.74000000
2018-02-27 18:04:48,0.00143710,26.00000000
2018-02-27 18:04:48,0.00143540,10.00000000
2018-02-27 18:04:49,0.00143440,6.34000000
2018-02-27 18:04:49,0.00143510,83.45000000
2018-02-27 18:04:54,0.00143510,6.34000000
2018-02-27 18:04:54,0.00143510,93.66000000
2018-02-27 18:04:55,0.00143510,203.77000000
2018-02-27 18:04:59,0.00143510,86.79000000
2018-02-27 18:04:59,0.00143510,16.46000000
2018-02-27 18:04:59,0.00143540,1.06000000
2018-02-27 18:04:59,0.00143730,7.00000000
2018-02-27 18:04:59,0.00143740,7.99000000
2018-02-27 18:04:59,0.00143780,13.27000000
2018-02-27 18:05:01,0.00143770,23.12000000
2018-02-27 18:05:01,0.00143780,73.75000000
2018-02-27 18:05:01,0.00143790,133.19000000
2018-02-27 18:05:01,0.00143950,14.53000000
2018-02-27 18:05:01,0.00143970,25.41000000
2018-02-27 18:05:03,0.00143510,20.00000000
2018-02-27 18:05:04,0.00143490,0.05000000
2018-02-27 18:05:05,0.00143400,20.00000000
2018-02-27 18:05:05,0.00143400,0.01000000
2018-02-27 18:05:06,0.00143400,6.97000000
2018-02-27 18:05:06,0.00143440,4.46000000
2018-02-27 18:05:06,0.00143440,280.62000000
2018-02-27 18:05:07,0.00143400,1.01000000
2018-02-27 18:05:07,0.00143390,1.06000000
2018-02-27 18:05:07,0.00143380,21.71000000
2018-02-27 18:05:08,0.00143330,13.92000000
2018-02-27 18:05:08,0.00143330,14.34000000
2018-02-27 18:05:10,0.00143440,4.46000000
2018-02-27 18:05:10,0.00143490,6.08000000
2018-02-27 18:05:10,0.00143510,7.25000000
2018-02-27 18:05:10,0.00143510,14.97000000
2018-02-27 18:05:14,0.00143690,0.16000000
2018-02-27 18:05:16,0.00143690,2.09000000
2018-02-27 18:05:18,0.00143520,59.15000000
2018-02-27 18:05:18,0.00143510,135.29000000
2018-02-27 18:05:21,0.00143520,39.87000000
2018-02-27 18:05:21,0.00143510,168.87000000
2018-02-27 18:05:21,0.00143590,106.62000000
2018-02-27 18:05:24,0.00143520,10.40000000
2018-02-27 18:05:26,0.00143540,4.31000000
2018-02-27 18:05:27,0.00143550,19.51000000
2018-02-27 18:05:27,0.00143540,65.09000000
2018-02-27 18:05:27,0.00143520,26.82000000
2018-02-27 18:05:34,0.00143690,0.95000000
2018-02-27 18:05:41,0.00143690,4.79000000
2018-02-27 18:05:41,0.00143740,10.21000000
2018-02-27 18:05:42,0.00143630,301.92000000
2018-02-27 18:05:42,0.00143600,78.72000000
2018-02-27 18:05:42,0.00143680,48.94000000
2018-02-27 18:05:42,0.00143690,7.49000000
2018-02-27 18:05:44,0.00143690,0.03000000
2018-02-27 18:05:44,0.00143750,7.73000000
2018-02-27 18:05:44,0.00143790,120.60000000
2018-02-27 18:05:45,0.00143710,1.00000000
2018-02-27 18:05:46,0.00143790,31.99000000
2018-02-27 18:05:47,0.00143790,5.94000000
2018-02-27 18:05:47,0.00143800,2.06000000
2018-02-27 18:05:48,0.00143800,2.00000000
2018-02-27 18:05:49,0.00143710,6.98000000
2018-02-27 18:05:49,0.00143750,26.64000000
2018-02-27 18:05:49,0.00143800,134.25000000
2018-02-27 18:05:49,0.00143880,14.99000000
2018-02-27 18:05:49,0.00143980,56.84000000
2018-02-27 18:05:49,0.00143990,15.69000000
2018-02-27 18:05:49,0.00144000,47.55000000
2018-02-27 18:05:49,0.00144010,10.39000000
2018-02-27 18:05:50,0.00144070,0.50000000
2018-02-27 18:05:51,0.00143780,0.12000000
2018-02-27 18:05:51,0.00143780,0.92000000
2018-02-27 18:05:52,0.00144000,7.98000000
2018-02-27 18:05:52,0.00144080,0.03000000
2018-02-27 18:05:53,0.00143980,1.37000000
2018-02-27 18:05:53,0.00144080,0.53000000
2018-02-27 18:05:53,0.00144080,0.01000000
2018-02-27 18:05:53,0.00143890,43.98000000
2018-02-27 18:05:54,0.00143890,283.14000000
2018-02-27 18:05:54,0.00144080,2.93000000
2018-02-27 18:05:54,0.00144110,3.16000000
2018-02-27 18:05:54,0.00144120,6.13000000
2018-02-27 18:05:54,0.00144170,4.78000000
2018-02-27 18:05:55,0.00144070,12.50000000
2018-02-27 18:05:57,0.00143800,5.00000000
2018-02-27 18:05:58,0.00143830,1.50000000
2018-02-27 18:06:02,0.00144070,5.00000000
2018-02-27 18:06:02,0.00144080,37.83000000
2018-02-27 18:06:02,0.00144110,1.50000000
2018-02-27 18:06:02,0.00144170,0.03000000
2018-02-27 18:06:02,0.00144170,3.98000000
2018-02-27 18:06:02,0.00144170,3.98000000
2018-02-27 18:06:03,0.00144180,123.08000000
2018-02-27 18:06:03,0.00144170,1.17000000
2018-02-27 18:06:06,0.00144170,1.52000000
2018-02-27 18:06:06,0.00144170,2.33000000
2018-02-27 18:06:09,0.00144170,2.13000000
2018-02-27 18:06:11,0.00144170,6.93000000
2018-02-27 18:06:11,0.00144170,16.73000000
2018-02-27 18:06:14,0.00144170,208.99000000
2018-02-27 18:06:14,0.00144170,8.75000000
2018-02-27 18:06:15,0.00144180,318.38000000
2018-02-27 18:06:16,0.00144200,3.19000000
2018-02-27 18:06:16,0.00144210,30.26000000
2018-02-27 18:06:16,0.00144210,0.17000000
2018-02-27 18:06:16,0.00144170,0.68000000
2018-02-27 18:06:20,0.00144240,22.32000000
2018-02-27 18:06:20,0.00144250,61.19000000
2018-02-27 18:06:20,0.00144300,171.07000000
2018-02-27 18:06:20,0.00144180,20.97000000
2018-02-27 18:06:20,0.00144170,36.53000000
2018-02-27 18:06:20,0.00144170,91.00000000
2018-02-27 18:06:20,0.00144150,9.00000000
2018-02-27 18:06:24,0.00144170,6.52000000
2018-02-27 18:06:24,0.00144160,58.84000000
2018-02-27 18:06:24,0.00144150,31.45000000
2018-02-27 18:06:24,0.00144150,3.85000000
2018-02-27 18:06:24,0.00144300,1.73000000
2018-02-27 18:06:26,0.00144200,2.99000000
2018-02-27 18:06:28,0.00144200,7.62000000
2018-02-27 18:06:28,0.00144150,243.85000000
2018-02-27 18:06:28,0.00144220,139.92000000
2018-02-27 18:06:29,0.00144150,49.15000000
2018-02-27 18:06:31,0.00144150,68.87000000
2018-02-27 18:06:34,0.00144300,4.21000000
2018-02-27 18:06:34,0.00144300,66.26000000
2018-02-27 18:06:34,0.00144300,11.58000000
2018-02-27 18:06:34,0.00144160,12.22000000
2018-02-27 18:06:34,0.00144160,8.01000000
2018-02-27 18:06:34,0.00144160,6.93000000
2018-02-27 18:06:37,0.00144290,25.22000000
2018-02-27 18:06:38,0.00144160,21.14000000
2018-02-27 18:06:38,0.00144150,95.21000000
2018-02-27 18:06:38,0.00144150,2.00000000
2018-02-27 18:06:39,0.00144150,245.81000000
2018-02-27 18:06:41,0.00144160,29.16000000
2018-02-27 18:06:41,0.00144160,58.65000000
2018-02-27 18:06:41,0.00144150,23.36000000
2018-02-27 18:06:42,0.00144150,147.54000000
2018-02-27 18:06:45,0.00144290,6.93000000
2018-02-27 18:06:46,0.00144210,335.22000000
2018-02-27 18:06:47,0.00144290,69.59000000
2018-02-27 18:06:50,0.00144290,5.82000000
2018-02-27 18:06:50,0.00144300,17.38000000
2018-02-27 18:06:57,0.00144210,1.71000000
2018-02-27 18:06:57,0.00144210,10.00000000
2018-02-27 18:06:57,0.00144210,1.34000000
2018-02-27 18:06:58,0.00144210,10.26000000
2018-02-27 18:06:58,0.00144210,0.02000000
2018-02-27 18:07:03,0.00144210,54.78000000
2018-02-27 18:07:03,0.00144210,101.98000000
2018-02-27 18:07:04,0.00144210,25.22000000
2018-02-27 18:07:04,0.00144210,29.56000000
2018-02-27 18:07:04,0.00144280,14.56000000
2018-02-27 18:07:05,0.00144160,9.56000000
2018-02-27 18:07:05,0.00144150,18.25000000
2018-02-27 18:07:05,0.00144000,17.40000000
2018-02-27 18:07:05,0.00143840,11.34000000
2018-02-27 18:07:05,0.00143830,12.40000000
2018-02-27 18:07:05,0.00143800,32.89000000
2018-02-27 18:07:05,0.00143600,1.41000000
2018-02-27 18:07:07,0.00143680,10.32000000
2018-02-27 18:07:08,0.00144250,9.61000000
2018-02-27 18:07:11,0.00144090,7.95000000
2018-02-27 18:07:11,0.00143750,3.48000000
2018-02-27 18:07:12,0.00144090,0.02000000
2018-02-27 18:07:13,0.00144210,64.40000000
2018-02-27 18:07:13,0.00144210,10.58000000
2018-02-27 18:07:14,0.00144250,2.08000000
2018-02-27 18:07:15,0.00144240,25.62000000
2018-02-27 18:07:16,0.00144220,11.69000000
2018-02-27 18:07:16,0.00144210,21.79000000
2018-02-27 18:07:16,0.00144000,4.91000000
2018-02-27 18:07:16,0.00144000,1.30000000
2018-02-27 18:07:17,0.00144000,26.42000000
2018-02-27 18:07:17,0.00144000,1.36000000
2018-02-27 18:07:17,0.00144000,1.12000000
2018-02-27 18:07:19,0.00144000,9.63000000
2018-02-27 18:07:19,0.00143820,3.47000000
2018-02-27 18:07:19,0.00143800,5.92000000
2018-02-27 18:07:19,0.00143770,58.14000000
2018-02-27 18:07:19,0.00143750,1.88000000
2018-02-27 18:07:19,0.00143730,3.47000000
2018-02-27 18:07:19,0.00143600,23.16000000
2018-02-27 18:07:19,0.00143540,3.48000000
2018-02-27 18:07:19,0.00143510,6.59000000
2018-02-27 18:07:19,0.00143500,1.60000000
2018-02-27 18:07:20,0.00143500,0.60000000
2018-02-27 18:07:20,0.00143440,1.20000000
2018-02-27 18:07:21,0.00143790,1.40000000
2018-02-27 18:07:22,0.00143970,1.12000000
2018-02-27 18:07:23,0.00143740,352.05000000
2018-02-27 18:07:24,0.00143950,18.87000000
2018-02-27 18:07:26,0.00143950,0.01000000
2018-02-27 18:07:26,0.00143960,1.30000000
2018-02-27 18:07:26,0.00143960,2.90000000
2018-02-27 18:07:26,0.00143960,8.18000000
2018-02-27 18:07:28,0.00144000,12.02000000
2018-02-27 18:07:31,0.00144000,0.02000000
2018-02-27 18:07:31,0.00144040,1.08000000
2018-02-27 18:07:32,0.00144010,20.00000000
2018-02-27 18:07:32,0.00144000,109.71000000
2018-02-27 18:07:36,0.00144000,65.84000000
2018-02-27 18:07:37,0.00143970,173.59000000
2018-02-27 18:07:37,0.00143990,3.48000000
2018-02-27 18:07:37,0.00144000,0.02000000
2018-02-27 18:07:37,0.00144040,4.28000000
2018-02-27 18:07:37,0.00144130,51.25000000
2018-02-27 18:07:42,0.00144130,6.89000000
2018-02-27 18:07:42,0.00144190,1.21000000
2018-02-27 18:07:42,0.00144200,15.93000000
2018-02-27 18:07:45,0.00144000,34.00000000
2018-02-27 18:07:48,0.00144190,3.95000000
2018-02-27 18:07:48,0.00144100,368.89000000
2018-02-27 18:07:54,0.00144190,7.35000000
2018-02-27 18:07:55,0.00144100,67.60000000
2018-02-27 18:07:56,0.00144020,1.00000000
2018-02-27 18:07:56,0.00144190,20.00000000
2018-02-27 18:07:59,0.00144190,113.16000000
2018-02-27 18:07:59,0.00144190,6.92000000
2018-02-27 18:07:59,0.00144190,24.84000000
2018-02-27 18:08:00,0.00144190,1.36000000
2018-02-27 18:08:01,0.00144020,10.34000000
2018-02-27 18:08:05,0.00144090,190.43000000
2018-02-27 18:08:07,0.00144020,20.17000000
2018-02-27 18:08:09,0.00144090,16.30000000
2018-02-27 18:08:10,0.00144090,3.33000000
2018-02-27 18:08:11,0.00144040,1.80000000
2018-02-27 18:08:13,0.00144040,3.60000000
2018-02-27 18:08:16,0.00144160,15.00000000
2018-02-27 18:08:17,0.00144090,11.97000000
2018-02-27 18:08:18,0.00144040,17.06000000
2018-02-27 18:08:21,0.00144130,2.42000000
2018-02-27 18:08:25,0.00144130,1.23000000
2018-02-27 18:08:25,0.00144150,3.29000000
2018-02-27 18:08:26,0.00144150,5.74000000
2018-02-27 18:08:27,0.00144130,22.53000000
2018-02-27 18:08:28,0.00144050,4.22000000
2018-02-27 18:08:29,0.00144090,206.89000000
2018-02-27 18:08:29,0.00144090,15.67000000
2018-02-27 18:08:30,0.00144090,4.62000000
2018-02-27 18:08:30,0.00144060,82.06000000
2018-02-27 18:08:30,0.00144050,51.06000000
2018-02-27 18:08:33,0.00144050,10.17000000
2018-02-27 18:08:36,0.00144050,11.34000000
2018-02-27 18:08:37,0.00144090,0.02000000
2018-02-27 18:08:37,0.00144140,3.00000000
2018-02-27 18:08:39,0.00144140,6.92000000
2018-02-27 18:08:41,0.00144090,0.98000000
2018-02-27 18:08:41,0.00144050,35.88000000
2018-02-27 18:08:41,0.00144040,174.13000000
2018-02-27 18:08:41,0.00144020,58.76000000
2018-02-27 18:08:41,0.00144000,35.23000000
2018-02-27 18:08:42,0.00144140,64.87000000
2018-02-27 18:08:43,0.00144140,52.75000000
2018-02-27 18:08:44,0.00144100,160.38000000
2018-02-27 18:08:44,0.00144000,23.51000000
2018-02-27 18:08:45,0.00144100,41.35000000
2018-02-27 18:08:45,0.00144000,1.23000000
2018-02-27 18:08:46,0.00144140,35.00000000
2018-02-27 18:08:47,0.00144040,106.80000000
2018-02-27 18:08:48,0.00144040,2.23000000
2018-02-27 18:08:49,0.00144040,23.02000000
2018-02-27 18:08:49,0.00144010,28.43000000
2018-02-27 18:08:50,0.00144040,5.24000000
2018-02-27 18:08:50,0.00144000,40.00000000
2018-02-27 18:08:50,0.00144040,9.77000000
2018-02-27 18:08:50,0.00144040,3.67000000
2018-02-27 18:08:50,0.00144040,0.13000000
2018-02-27 18:08:52,0.00144040,1.31000000
2018-02-27 18:08:52,0.00144040,1.00000000
2018-02-27 18:08:52,0.00144000,5.79000000
2018-02-27 18:08:52,0.00143960,97.88000000
2018-02-27 18:08:52,0.00143900,21.20000000
2018-02-27 18:08:54,0.00144040,16.62000000
2018-02-27 18:08:54,0.00144040,5.00000000
2018-02-27 18:08:57,0.00144040,14.59000000
2018-02-27 18:08:58,0.00143900,46.27000000
2018-02-27 18:08:58,0.00143900,130.96000000
2018-02-27 18:08:58,0.00143900,54.96000000
2018-02-27 18:09:01,0.00143950,106.10000000
2018-02-27 18:09:01,0.00144040,9.52000000
2018-02-27 18:09:02,0.00144040,0.77000000
2018-02-27 18:09:02,0.00144040,5.69000000
2018-02-27 18:09:03,0.00144010,17.46000000
2018-02-27 18:09:03,0.00144040,27.75000000
2018-02-27 18:09:04,0.00144040,34.66000000
2018-02-27 18:09:05,0.00144040,13.23000000
2018-02-27 18:09:05,0.00144040,40.50000000
2018-02-27 18:09:05,0.00144040,9.83000000
2018-02-27 18:09:08,0.00144040,2.78000000
2018-02-27 18:09:08,0.00144040,2.89000000
2018-02-27 18:09:08,0.00144040,33.03000000
2018-02-27 18:09:08,0.00144040,36.85000000
2018-02-27 18:09:09,0.00143880,2.80000000
2018-02-27 18:09:10,0.00144000,55.53000000
2018-02-27 18:09:13,0.00144000,1.04000000
2018-02-27 18:09:16,0.00143930,38.00000000
2018-02-27 18:09:16,0.00143930,6.93000000
2018-02-27 18:09:16,0.00143930,3.67000000
2018-02-27 18:09:16,0.00143930,6.93000000
2018-02-27 18:09:16,0.00143930,236.44000000
2018-02-27 18:09:16,0.00143930,1.97000000
2018-02-27 18:09:16,0.00143930,4.96000000
2018-02-27 18:09:17,0.00144000,6.41000000
2018-02-27 18:09:17,0.00143930,1.39000000
2018-02-27 18:09:19,0.00144000,7.57000000
2018-02-27 18:09:19,0.00144000,32.72000000
2018-02-27 18:09:19,0.00144030,1.13000000
2018-02-27 18:09:20,0.00144030,1.12000000
2018-02-27 18:09:21,0.00144000,20.10000000
2018-02-27 18:09:21,0.00144030,11.81000000
2018-02-27 18:09:21,0.00144030,12.75000000
2018-02-27 18:09:25,0.00144030,19.12000000
2018-02-27 18:09:25,0.00144030,12.29000000
2018-02-27 18:09:37,0.00144020,24.57000000
2018-02-27 18:09:39,0.00144000,248.32000000
2018-02-27 18:09:40,0.00144000,5.25000000
2018-02-27 18:09:40,0.00144000,16.05000000
2018-02-27 18:09:40,0.00144000,20.61000000
2018-02-27 18:09:40,0.00144020,13.70000000
2018-02-27 18:09:40,0.00144020,34.40000000
2018-02-27 18:09:41,0.00144020,34.40000000
2018-02-27 18:09:42,0.00144000,34.41000000
2018-02-27 18:09:42,0.00144000,34.40000000
2018-02-27 18:09:43,0.00144000,307.15000000
2018-02-27 18:09:43,0.00144000,9.63000000
2018-02-27 18:09:43,0.00144000,10.06000000
2018-02-27 18:09:44,0.00143930,2.00000000
2018-02-27 18:09:47,0.00143930,45.21000000
2018-02-27 18:09:47,0.00143930,31.63000000
2018-02-27 18:09:48,0.00143930,1.12000000
2018-02-27 18:09:48,0.00143930,1.12000000
2018-02-27 18:09:48,0.00143930,1.12000000
2018-02-27 18:09:49,0.00143930,9.50000000
2018-02-27 18:09:49,0.00143900,307.99000000
2018-02-27 18:09:50,0.00143930,1.12000000
2018-02-27 18:09:50,0.00143930,5.12000000
2018-02-27 18:09:50,0.00143920,5.12000000
2018-02-27 18:09:53,0.00143920,1.88000000
2018-02-27 18:09:53,0.00143930,1.15000000
2018-02-27 18:09:53,0.00143930,1.00000000
2018-02-27 18:09:55,0.00143930,19.76000000
2018-02-27 18:09:55,0.00143990,15.32000000
2018-02-27 18:09:56,0.00143990,9.26000000
2018-02-27 18:09:56,0.00144000,173.63000000
2018-02-27 18:09:56,0.00144000,8.76000000
2018-02-27 18:09:56,0.00143880,6.85000000
2018-02-27 18:09:57,0.00144000,2.19000000
2018-02-27 18:09:58,0.00144000,0.55000000
2018-02-27 18:09:59,0.00144000,0.13000000
2018-02-27 18:10:00,0.00144000,194.85000000
2018-02-27 18:10:00,0.00144000,7.00000000
2018-02-27 18:10:00,0.00144020,0.04000000
2018-02-27 18:10:01,0.00144010,138.15000000
2018-02-27 18:10:03,0.00144020,6.93000000
2018-02-27 18:10:03,0.00144000,53.32000000
2018-02-27 18:10:04,0.00144020,13.55000000
2018-02-27 18:10:04,0.00144000,62.50000000
2018-02-27 18:10:05,0.00144020,79.10000000
2018-02-27 18:10:06,0.00144000,5.00000000
2018-02-27 18:10:07,0.00144020,141.04000000
2018-02-27 18:10:08,0.00144000,30.52000000
2018-02-27 18:10:09,0.00144000,4.05000000
2018-02-27 18:10:11,0.00144020,0.01000000
2018-02-27 18:10:16,0.00144010,323.66000000
2018-02-27 18:10:17,0.00144020,10.00000000
2018-02-27 18:10:23,0.00144020,30.00000000
2018-02-27 18:10:25,0.00144020,168.00000000
2018-02-27 18:10:26,0.00144000,63.54000000
2018-02-27 18:10:27,0.00144020,6.42000000
2018-02-27 18:10:30,0.00144020,2.78000000
2018-02-27 18:10:31,0.00144000,5.22000000
2018-02-27 18:10:34,0.00144020,24.28000000
2018-02-27 18:10:36,0.00144010,153.81000000
2018-02-27 18:10:36,0.00144000,383.74000000
2018-02-27 18:10:37,0.00144000,3.58000000
2018-02-27 18:10:38,0.00144000,33.56000000
2018-02-27 18:10:38,0.00144000,44.07000000
2018-02-27 18:10:40,0.00144000,40.47000000
2018-02-27 18:10:52,0.00143880,13.07000000
2018-02-27 18:10:52,0.00143850,38.98000000
2018-02-27 18:10:52,0.00143760,20.18000000
2018-02-27 18:10:52,0.00143750,65.64000000
2018-02-27 18:10:52,0.00143710,58.79000000
2018-02-27 18:10:52,0.00143700,25.20000000
2018-02-27 18:10:56,0.00143830,339.68000000
2018-02-27 18:10:56,0.00143700,4.68000000
2018-02-27 18:10:58,0.00143700,124.44000000
2018-02-27 18:11:04,0.00143700,20.52000000
2018-02-27 18:11:08,0.00143700,50.00000000
2018-02-27 18:11:10,0.00143700,9.00000000
2018-02-27 18:11:10,0.00143740,169.84000000
2018-02-27 18:11:11,0.00143790,58.79000000
2018-02-27 18:11:11,0.00143800,161.62000000
2018-02-27 18:11:15,0.00143840,11.32000000
2018-02-27 18:11:30,0.00143900,355.70000000
2018-02-27 18:11:30,0.00143840,1.40000000
2018-02-27 18:11:33,0.00143840,0.44000000
2018-02-27 18:11:33,0.00143840,7.67000000
2018-02-27 18:11:33,0.00143800,10.00000000
2018-02-27 18:11:33,0.00143730,0.43000000
2018-02-27 18:11:41,0.00143750,10.00000000
2018-02-27 18:11:42,0.00143750,3.99000000
2018-02-27 18:11:44,0.00143900,162.26000000
2018-02-27 18:11:45,0.00143820,185.86000000
2018-02-27 18:11:46,0.00143900,2.43000000
2018-02-27 18:11:48,0.00143750,1.12000000
2018-02-27 18:11:48,0.00143750,1.18000000
2018-02-27 18:11:48,0.00143750,29.53000000
2018-02-27 18:11:49,0.00143900,7.64000000
2018-02-27 18:11:50,0.00143900,8.48000000
2018-02-27 18:11:50,0.00143750,1.00000000
2018-02-27 18:11:51,0.00143750,10.35000000
2018-02-27 18:11:54,0.00143840,10.00000000
2018-02-27 18:11:54,0.00143750,96.29000000
2018-02-27 18:11:54,0.00143720,28.76000000
2018-02-27 18:11:54,0.00143710,58.94000000
2018-02-27 18:11:54,0.00143700,139.95000000
2018-02-27 18:11:55,0.00143760,2.31000000
2018-02-27 18:11:56,0.00143750,30.00000000
2018-02-27 18:11:59,0.00143730,3.00000000
2018-02-27 18:11:59,0.00143700,180.99000000
2018-02-27 18:12:00,0.00143750,28.94000000
2018-02-27 18:12:00,0.00143760,73.92000000
2018-02-27 18:12:02,0.00143820,16.02000000
2018-02-27 18:12:02,0.00143840,2.71000000
2018-02-27 18:12:02,0.00143760,13.32000000
2018-02-27 18:12:04,0.00143760,4.51000000
2018-02-27 18:12:06,0.00143900,116.02000000
2018-02-27 18:12:09,0.00143760,145.85000000
2018-02-27 18:12:11,0.00143900,265.12000000
2018-02-27 18:12:19,0.00143820,201.88000000
2018-02-27 18:12:22,0.00143890,13.76000000
2018-02-27 18:12:22,0.00143760,168.26000000
2018-02-27 18:12:23,0.00143760,75.55000000
2018-02-27 18:12:26,0.00143760,5.00000000
2018-02-27 18:12:30,0.00143890,5.40000000
2018-02-27 18:12:34,0.00143780,7.97000000
2018-02-27 18:12:34,0.00143760,159.86000000
2018-02-27 18:12:35,0.00143890,2.03000000
2018-02-27 18:12:35,0.00143760,86.99000000
2018-02-27 18:12:35,0.00143700,3.00000000
2018-02-27 18:12:35,0.00143680,12.01000000
2018-02-27 18:12:38,0.00143710,32.04000000
2018-02-27 18:12:38,0.00143760,100.00000000
2018-02-27 18:12:38,0.00143850,177.88000000
2018-02-27 18:12:44,0.00143760,10.29000000
2018-02-27 18:12:46,0.00143850,0.14000000
2018-02-27 18:12:48,0.00143770,213.74000000
2018-02-27 18:12:48,0.00143760,229.74000000
2018-02-27 18:12:48,0.00143700,16.00000000
2018-02-27 18:12:48,0.00143680,8.94000000
2018-02-27 18:12:48,0.00143620,1.44000000
2018-02-27 18:12:48,0.00143610,58.97000000
2018-02-27 18:12:48,0.00143600,462.11000000
2018-02-27 18:12:48,0.00143500,9.06000000
2018-02-27 18:12:49,0.00143840,1.71000000
2018-02-27 18:12:50,0.00143760,108.84000000
2018-02-27 18:12:50,0.00143760,2.79000000
2018-02-27 18:12:51,0.00143750,54.39000000
2018-02-27 18:12:54,0.00143500,22.33000000
2018-02-27 18:12:55,0.00143620,217.91000000
2018-02-27 18:13:04,0.00143680,26.00000000
2018-02-27 18:13:07,0.00143710,47.71000000
2018-02-27 18:13:10,0.00143680,123.54000000
2018-02-27 18:13:10,0.00143500,20.94000000
2018-02-27 18:13:10,0.00143500,90.19000000
2018-02-27 18:13:16,0.00143500,19.65000000
2018-02-27 18:13:16,0.00143500,7.00000000
2018-02-27 18:13:16,0.00143500,9.63000000
2018-02-27 18:13:19,0.00143500,65.86000000
2018-02-27 18:13:21,0.00143500,45.00000000
2018-02-27 18:13:21,0.00143450,7.00000000
2018-02-27 18:13:21,0.00143440,18.00000000
2018-02-27 18:13:22,0.00143550,233.57000000
2018-02-27 18:13:23,0.00143500,1.00000000
2018-02-27 18:13:26,0.00143500,24.82000000
2018-02-27 18:13:30,0.00143440,4.52000000
2018-02-27 18:13:31,0.00143550,32.44000000
2018-02-27 18:13:33,0.00143550,8.34000000
2018-02-27 18:13:33,0.00143450,241.79000000
2018-02-27 18:13:33,0.00143440,357.23000000
2018-02-27 18:13:34,0.00143450,19.27000000
2018-02-27 18:13:36,0.00143440,5.00000000
2018-02-27 18:13:37,0.00143670,2.87000000
2018-02-27 18:13:38,0.00143680,2.10000000
2018-02-27 18:13:39,0.00143680,4.90000000
2018-02-27 18:13:39,0.00143700,1.61000000
2018-02-27 18:13:41,0.00143500,1.84000000
2018-02-27 18:13:42,0.00143650,47.39000000
2018-02-27 18:13:46,0.00143450,94.44000000
2018-02-27 18:13:47,0.00143540,249.60000000
2018-02-27 18:13:49,0.00143450,316.93000000
2018-02-27 18:13:49,0.00143450,230.97000000
2018-02-27 18:13:54,0.00143650,4.77000000
2018-02-27 18:13:58,0.00143640,8.36000000
2018-02-27 18:13:58,0.00143480,13.07000000
2018-02-27 18:13:58,0.00143460,7.00000000
2018-02-27 18:13:58,0.00143440,13.07000000
2018-02-27 18:13:58,0.00143460,7.00000000
2018-02-27 18:13:58,0.00143440,1.03000000
2018-02-27 18:13:58,0.00143460,2.75000000
2018-02-27 18:13:58,0.00143440,6.96000000
2018-02-27 18:13:58,0.00143440,122.04000000
2018-02-27 18:13:58,0.00143430,12.09000000
2018-02-27 18:13:58,0.00143410,5.54000000
2018-02-27 18:13:59,0.00143460,1.14000000
2018-02-27 18:14:01,0.00143630,3.00000000
2018-02-27 18:14:03,0.00143510,79.75000000
2018-02-27 18:14:06,0.00143410,4.69000000
2018-02-27 18:14:06,0.00143410,39.49000000
2018-02-27 18:14:10,0.00143630,5.49000000
2018-02-27 18:14:10,0.00143430,7.00000000
2018-02-27 18:14:10,0.00143410,22.00000000
2018-02-27 18:14:13,0.00143410,171.79000000
2018-02-27 18:14:13,0.00143410,5.12000000
2018-02-27 18:14:13,0.00143610,2.00000000
2018-02-27 18:14:15,0.00143610,5.00000000
2018-02-27 18:14:15,0.00143630,2.00000000
2018-02-27 18:14:22,0.00143430,7.00000000
2018-02-27 18:14:22,0.00143410,48.17000000
2018-02-27 18:14:22,0.00143400,731.66000000
2018-02-27 18:14:22,0.00143380,3.25000000
2018-02-27 18:14:22,0.00143300,158.94000000
2018-02-27 18:14:22,0.00143300,924.56000000
2018-02-27 18:14:23,0.00143400,87.81000000
2018-02-27 18:14:23,0.00143390,45.00000000
2018-02-27 18:14:23,0.00143390,220.62000000
2018-02-27 18:14:23,0.00143230,20.00000000
2018-02-27 18:14:23,0.00143220,18.59000000
2018-02-27 18:14:23,0.00143210,2.05000000
2018-02-27 18:14:23,0.00143200,4.36000000
2018-02-27 18:14:23,0.00143200,265.62000000
2018-02-27 18:14:24,0.00143390,21.66000000
2018-02-27 18:14:24,0.00143390,1.31000000
2018-02-27 18:14:24,0.00143380,20.00000000
2018-02-27 18:14:24,0.00143390,225.15000000
2018-02-27 18:14:24,0.00143390,17.50000000
2018-02-27 18:14:29,0.00143200,28.27000000
2018-02-27 18:14:37,0.00143200,152.64000000
2018-02-27 18:14:37,0.00143160,18.17000000
2018-02-27 18:14:37,0.00143390,1.00000000
2018-02-27 18:14:37,0.00143160,47.77000000
2018-02-27 18:14:37,0.00143150,3.49000000
2018-02-27 18:14:37,0.00143120,6.14000000
2018-02-27 18:14:37,0.00143050,154.72000000
2018-02-27 18:14:37,0.00143020,57.64000000
2018-02-27 18:14:37,0.00143390,75.68000000
2018-02-27 18:14:39,0.00143390,4.17000000
2018-02-27 18:14:39,0.00143200,64.59000000
2018-02-27 18:14:40,0.00143100,28.77000000
2018-02-27 18:14:41,0.00143200,161.09000000
2018-02-27 18:14:42,0.00143200,16.45000000
2018-02-27 18:14:43,0.00143230,95.78000000
2018-02-27 18:14:44,0.00143100,87.33000000
2018-02-27 18:14:46,0.00143100,55.00000000
2018-02-27 18:14:48,0.00143100,1.77000000
2018-02-27 18:14:49,0.00143110,5.13000000
2018-02-27 18:14:53,0.00143360,5.18000000
2018-02-27 18:14:53,0.00143370,3.49000000
2018-02-27 18:14:53,0.00143380,12.25000000
2018-02-27 18:14:57,0.00143300,8.98000000
2018-02-27 18:14:59,0.00143300,67.52000000
2018-02-27 18:14:59,0.00143140,123.72000000
2018-02-27 18:15:00,0.00143370,5.92000000
2018-02-27 18:15:00,0.00143380,37.79000000
2018-02-27 18:15:01,0.00143260,52.44000000
2018-02-27 18:15:01,0.00143200,41.05000000
2018-02-27 18:15:01,0.00143260,229.20000000
2018-02-27 18:15:04,0.00143300,4.74000000
2018-02-27 18:15:04,0.00143360,495.26000000
2018-02-27 18:15:05,0.00143360,6.18000000
2018-02-27 18:15:07,0.00143360,2.19000000
2018-02-27 18:15:07,0.00143270,43.74000000
2018-02-27 18:15:07,0.00143360,5.30000000
2018-02-27 18:15:07,0.00143360,10.88000000
2018-02-27 18:15:07,0.00143380,58.66000000
2018-02-27 18:15:19,0.00143310,111.80000000
2018-02-27 18:15:22,0.00143360,1.51000000
2018-02-27 18:15:22,0.00143380,47.14000000
2018-02-27 18:15:25,0.00143270,2.22000000
2018-02-27 18:15:26,0.00143310,7.68000000
2018-02-27 18:15:29,0.00143270,1.44000000
2018-02-27 18:15:30,0.00143270,18.85000000
2018-02-27 18:15:32,0.00143270,13.40000000
2018-02-27 18:15:33,0.00143300,3.37000000
2018-02-27 18:15:33,0.00143310,13.87000000
2018-02-27 18:15:36,0.00143310,1.74000000
2018-02-27 18:15:36,0.00143280,49.07000000
2018-02-27 18:15:37,0.00143310,20.13000000
2018-02-27 18:15:37,0.00143290,297.66000000
2018-02-27 18:15:42,0.00143280,43.00000000
2018-02-27 18:15:47,0.00143280,31.07000000
2018-02-27 18:15:47,0.00143280,12.65000000
2018-02-27 18:15:48,0.00143300,1.65000000
2018-02-27 18:15:50,0.00143280,21.86000000
2018-02-27 18:15:53,0.00143270,31.87000000
2018-02-27 18:15:58,0.00143280,5.21000000
2018-02-27 18:16:09,0.00143280,5.08000000
2018-02-27 18:16:10,0.00143280,11.14000000
2018-02-27 18:16:12,0.00143270,39.21000000
2018-02-27 18:16:12,0.00143260,11.39000000
2018-02-27 18:16:12,0.00143140,27.02000000
2018-02-27 18:16:15,0.00143140,16.64000000
2018-02-27 18:16:15,0.00143140,10.00000000
2018-02-27 18:16:15,0.00143140,76.23000000
2018-02-27 18:16:18,0.00143110,100.00000000
2018-02-27 18:16:22,0.00143110,79.11000000
2018-02-27 18:16:22,0.00143100,42.29000000
2018-02-27 18:16:24,0.00143100,14.52000000
2018-02-27 18:16:24,0.00143090,12.31000000
2018-02-27 18:16:24,0.00143020,66.49000000
2018-02-27 18:16:24,0.00143000,421.62000000
2018-02-27 18:16:24,0.00142990,3.06000000
2018-02-27 18:16:24,0.00142990,1.00000000
2018-02-27 18:16:24,0.00142990,1.77000000
2018-02-27 18:16:24,0.00142990,1.00000000
2018-02-27 18:16:24,0.00142990,1.70000000
2018-02-27 18:16:24,0.00143000,0.77000000
2018-02-27 18:16:24,0.00143000,0.77000000
2018-02-27 18:16:24,0.00143000,0.77000000
2018-02-27 18:16:25,0.00143000,6.90000000
2018-02-27 18:16:25,0.00143000,187.30000000
2018-02-27 18:16:26,0.00143270,13.97000000
2018-02-27 18:16:26,0.00143280,7.46000000
2018-02-27 18:16:30,0.00143020,19.57000000
2018-02-27 18:16:30,0.00142990,2.30000000
2018-02-27 18:16:31,0.00143120,143.49000000
2018-02-27 18:16:34,0.00143000,1.50000000
2018-02-27 18:16:35,0.00143270,13.95000000
2018-02-27 18:16:38,0.00143200,20.00000000
2018-02-27 18:16:38,0.00143270,3.35000000
2018-02-27 18:16:38,0.00143280,48.07000000
2018-02-27 18:16:38,0.00143000,217.65000000
2018-02-27 18:16:38,0.00142990,11.68000000
2018-02-27 18:16:38,0.00142960,1.39000000
2018-02-27 18:16:38,0.00142930,46.71000000
2018-02-27 18:16:38,0.00142930,57.82000000
2018-02-27 18:16:41,0.00143180,1.75000000
2018-02-27 18:16:42,0.00142920,7.00000000
2018-02-27 18:16:42,0.00142900,17.27000000
2018-02-27 18:16:43,0.00142930,10.00000000
2018-02-27 18:16:43,0.00142930,40.42000000
2018-02-27 18:16:47,0.00143020,329.35000000
2018-02-27 18:16:53,0.00143020,2.19000000
2018-02-27 18:16:53,0.00143160,6.98000000
2018-02-27 18:16:54,0.00143160,0.02000000
2018-02-27 18:16:54,0.00143180,0.74000000
2018-02-27 18:16:54,0.00143180,9.19000000
2018-02-27 18:16:54,0.00143190,10.51000000
2018-02-27 18:16:54,0.00143280,0.30000000
2018-02-27 18:16:54,0.00142920,2.59000000
2018-02-27 18:16:56,0.00143160,3.00000000
2018-02-27 18:17:02,0.00143160,36.20000000
2018-02-27 18:17:02,0.00142960,5.00000000
2018-02-27 18:17:04,0.00142960,2.00000000
2018-02-27 18:17:04,0.00142940,1.49000000
2018-02-27 18:17:04,0.00143140,6.90000000
2018-02-27 18:17:04,0.00142940,4.00000000
2018-02-27 18:17:08,0.00143020,7.00000000
2018-02-27 18:17:08,0.00143030,159.51000000
2018-02-27 18:17:08,0.00142950,6.58000000
2018-02-27 18:17:08,0.00142930,9.68000000
2018-02-27 18:17:09,0.00142960,37.64000000
2018-02-27 18:17:09,0.00142940,50.44000000
2018-02-27 18:17:11,0.00143020,8.60000000
2018-02-27 18:17:12,0.00142940,6.32000000
2018-02-27 18:17:13,0.00143000,11.73000000
2018-02-27 18:17:21,0.00143000,21.77000000
2018-02-27 18:17:21,0.00143000,7.00000000
2018-02-27 18:17:21,0.00143000,21.27000000
2018-02-27 18:17:23,0.00143000,17.10000000
2018-02-27 18:17:23,0.00143000,2.90000000
2018-02-27 18:17:25,0.00142960,345.38000000
2018-02-27 18:17:29,0.00143000,2.00000000
2018-02-27 18:17:39,0.00142940,1.00000000
2018-02-27 18:17:40,0.00142930,26.35000000
2018-02-27 18:17:40,0.00142930,2.59000000
2018-02-27 18:17:40,0.00142940,3.66000000
2018-02-27 18:17:41,0.00142930,12.17000000
2018-02-27 18:17:45,0.00142930,10.60000000
2018-02-27 18:17:45,0.00142930,110.60000000
2018-02-27 18:17:45,0.00142910,8.43000000
2018-02-27 18:17:47,0.00142930,2.10000000
2018-02-27 18:17:49,0.00142930,2.09000000
2018-02-27 18:17:51,0.00142910,18.25000000
2018-02-27 18:17:51,0.00142910,3.63000000
2018-02-27 18:17:53,0.00142910,19.87000000
2018-02-27 18:17:55,0.00142930,49.34000000
2018-02-27 18:17:59,0.00142930,51.29000000
2018-02-27 18:18:00,0.00142930,5.74000000
2018-02-27 18:18:02,0.00142940,4.74000000
2018-02-27 18:18:03,0.00142930,25.95000000
2018-02-27 18:18:04,0.00142940,15.41000000
2018-02-27 18:18:04,0.00143000,287.24000000
2018-02-27 18:18:04,0.00143000,2.35000000
2018-02-27 18:18:09,0.00143020,2.79000000
2018-02-27 18:18:11,0.00143000,44.93000000
2018-02-27 18:18:17,0.00142960,41.19000000
2018-02-27 18:18:17,0.00142960,150.37000000
2018-02-27 18:18:18,0.00142960,3.95000000
2018-02-27 18:18:18,0.00142960,20.00000000
2018-02-27 18:18:23,0.00142960,1.00000000
2018-02-27 18:18:33,0.00142960,16.24000000
2018-02-27 18:18:33,0.00142940,54.50000000
2018-02-27 18:18:33,0.00142930,41.95000000
2018-02-27 18:18:33,0.00142920,63.97000000
2018-02-27 18:18:34,0.00142990,0.97000000
2018-02-27 18:18:34,0.00143000,76.81000000
2018-02-27 18:18:35,0.00142960,15.66000000
2018-02-27 18:18:35,0.00143000,2.00000000
2018-02-27 18:18:36,0.00142970,21.71000000
2018-02-27 18:18:40,0.00142960,23.94000000
2018-02-27 18:18:42,0.00142970,13.48000000
2018-02-27 18:18:43,0.00143000,10.00000000
2018-02-27 18:18:45,0.00142970,61.97000000
2018-02-27 18:18:45,0.00142960,10.40000000
2018-02-27 18:18:45,0.00142930,84.38000000
2018-02-27 18:18:46,0.00142930,9.18000000
2018-02-27 18:18:48,0.00142990,11.33000000
2018-02-27 18:18:48,0.00142930,122.00000000
2018-02-27 18:18:48,0.00142910,8.84000000
2018-02-27 18:18:51,0.00142940,207.58000000
2018-02-27 18:18:52,0.00142910,10.56000000
2018-02-27 18:18:56,0.00142910,48.39000000
2018-02-27 18:18:56,0.00142910,3.17000000
2018-02-27 18:19:00,0.00142920,2.37000000
2018-02-27 18:19:01,0.00142980,0.95000000
2018-02-27 18:19:01,0.00142990,40.34000000
2018-02-27 18:19:02,0.00142990,13.74000000
2018-02-27 18:19:04,0.00142990,26.59000000
2018-02-27 18:19:04,0.00143000,203.04000000
2018-02-27 18:19:04,0.00143000,3.00000000
2018-02-27 18:19:05,0.00143000,11.55000000
2018-02-27 18:19:05,0.00143000,16.33000000
2018-02-27 18:19:07,0.00143000,22.57000000
2018-02-27 18:19:07,0.00143000,1.00000000
2018-02-27 18:19:08,0.00143000,52.53000000
2018-02-27 18:19:09,0.00143000,20.59000000
2018-02-27 18:19:11,0.00143000,120.06000000
2018-02-27 18:19:12,0.00142950,37.38000000
2018-02-27 18:19:12,0.00143000,4.60000000
2018-02-27 18:19:13,0.00142990,89.00000000
2018-02-27 18:19:13,0.00143000,50.03000000
2018-02-27 18:19:14,0.00142950,18.73000000
2018-02-27 18:19:15,0.00143000,66.03000000
2018-02-27 18:19:16,0.00143000,49.29000000
2018-02-27 18:19:18,0.00143010,0.99000000
2018-02-27 18:19:18,0.00143070,1.38000000
2018-02-27 18:19:18,0.00143000,27.18000000
2018-02-27 18:19:24,0.00143070,15.45000000
2018-02-27 18:19:24,0.00143030,223.25000000
2018-02-27 18:19:28,0.00143070,16.36000000
2018-02-27 18:19:28,0.00143140,0.10000000
2018-02-27 18:19:28,0.00143200,1.54000000
2018-02-27 18:19:29,0.00143000,27.47000000
2018-02-27 18:19:31,0.00143200,8.45000000
2018-02-27 18:19:31,0.00143300,6.58000000
2018-02-27 18:19:31,0.00143310,100.27000000
2018-02-27 18:19:31,0.00143380,21.99000000
2018-02-27 18:19:31,0.00143500,17.92000000
2018-02-27 18:19:31,0.00143590,0.99000000
2018-02-27 18:19:31,0.00143640,2.04000000
2018-02-27 18:19:31,0.00143660,168.37000000
2018-02-27 18:19:31,0.00143020,0.78000000
2018-02-27 18:19:32,0.00143050,20.00000000
2018-02-27 18:19:32,0.00143040,24.88000000
2018-02-27 18:19:33,0.00143060,0.91000000
2018-02-27 18:19:35,0.00143520,1.74000000
2018-02-27 18:19:37,0.00143290,53.40000000
2018-02-27 18:19:37,0.00143500,1.04000000
2018-02-27 18:19:37,0.00143100,5.00000000
2018-02-27 18:19:37,0.00143500,1.74000000
2018-02-27 18:19:37,0.00143500,1.39000000
2018-02-27 18:19:39,0.00143120,3.50000000
2018-02-27 18:19:43,0.00143410,15.83000000
2018-02-27 18:19:43,0.00143420,9.51000000
2018-02-27 18:19:44,0.00143400,15.07000000
2018-02-27 18:19:49,0.00143400,1.72000000
2018-02-27 18:19:56,0.00143380,4.13000000
2018-02-27 18:19:56,0.00143200,5.00000000
2018-02-27 18:19:57,0.00143280,239.27000000
2018-02-27 18:19:58,0.00143200,5.00000000
2018-02-27 18:19:59,0.00143380,19.88000000
2018-02-27 18:20:00,0.00143200,1.46000000
2018-02-27 18:20:02,0.00143200,1.65000000
2018-02-27 18:20:02,0.00143200,1.65000000
2018-02-27 18:20:03,0.00143200,54.49000000
2018-02-27 18:20:04,0.00143200,1.69000000
2018-02-27 18:20:05,0.00143200,1.00000000
2018-02-27 18:20:06,0.00143200,1.69000000
2018-02-27 18:20:06,0.00143200,27.71000000
2018-02-27 18:20:06,0.00143200,1.46000000
2018-02-27 18:20:08,0.00143200,6.72000000
2018-02-27 18:20:08,0.00143200,1.46000000
2018-02-27 18:20:09,0.00143260,69.43000000
2018-02-27 18:20:10,0.00143340,4.87000000
2018-02-27 18:20:10,0.00143350,20.68000000
2018-02-27 18:20:10,0.00143200,2.39000000
2018-02-27 18:20:10,0.00143200,5.00000000
2018-02-27 18:20:11,0.00143200,143.17000000
2018-02-27 18:20:16,0.00143150,0.50000000
2018-02-27 18:20:18,0.00143150,5.76000000
2018-02-27 18:20:18,0.00143140,13.97000000
2018-02-27 18:20:18,0.00143130,6.37000000
2018-02-27 18:20:20,0.00143200,45.00000000
2018-02-27 18:20:20,0.00143150,7.00000000
2018-02-27 18:20:28,0.00143140,255.29000000
2018-02-27 18:20:31,0.00143130,0.63000000
2018-02-27 18:20:31,0.00143120,21.67000000
2018-02-27 18:20:31,0.00143150,1.04000000
2018-02-27 18:20:40,0.00143130,3.49000000
2018-02-27 18:20:40,0.00143140,0.85000000
2018-02-27 18:20:40,0.00143150,121.21000000
2018-02-27 18:20:40,0.00143120,0.62000000
2018-02-27 18:20:40,0.00143100,24.30000000
2018-02-27 18:20:40,0.00143100,10.62000000
2018-02-27 18:20:42,0.00143100,31.53000000
2018-02-27 18:20:42,0.00143150,21.44000000
2018-02-27 18:20:42,0.00143150,40.71000000
2018-02-27 18:20:44,0.00143070,85.45000000
2018-02-27 18:20:48,0.00143020,29.32000000
2018-02-27 18:20:48,0.00143140,1.00000000
2018-02-27 18:20:49,0.00143020,100.66000000
2018-02-27 18:20:50,0.00143140,2.55000000
2018-02-27 18:20:54,0.00143070,0.90000000
2018-02-27 18:20:54,0.00143140,7.10000000
2018-02-27 18:20:54,0.00143020,141.28000000
2018-02-27 18:20:55,0.00143040,271.32000000
2018-02-27 18:21:00,0.00143050,49.05000000
2018-02-27 18:21:01,0.00143050,4.45000000
2018-02-27 18:21:09,0.00143020,57.34000000
2018-02-27 18:21:09,0.00143020,121.02000000
2018-02-27 18:21:10,0.00143040,77.00000000
2018-02-27 18:21:10,0.00143040,22.08000000
2018-02-27 18:21:11,0.00143040,8.95000000
2018-02-27 18:21:11,0.00143030,101.47000000
2018-02-27 18:21:14,0.00143020,31.83000000
2018-02-27 18:21:14,0.00143000,59.66000000
2018-02-27 18:21:14,0.00142950,20.84000000
2018-02-27 18:21:14,0.00142930,151.08000000
2018-02-27 18:21:14,0.00142910,93.68000000
2018-02-27 18:21:14,0.00142900,8.64000000
2018-02-27 18:21:14,0.00142890,58.70000000
2018-02-27 18:21:14,0.00142850,7.67000000
2018-02-27 18:21:14,0.00142830,71.29000000
2018-02-27 18:21:14,0.00142830,31.83000000
2018-02-27 18:21:15,0.00142830,84.54000000
2018-02-27 18:21:15,0.00142820,145.00000000
2018-02-27 18:21:15,0.00142800,1.37000000
2018-02-27 18:21:15,0.00142800,34.99000000
2018-02-27 18:21:15,0.00142800,12.80000000
2018-02-27 18:21:15,0.00142800,172.13000000
2018-02-27 18:21:15,0.00142800,300.17000000
2018-02-27 18:21:18,0.00142800,32.85000000
2018-02-27 18:21:19,0.00142800,1.42000000
2018-02-27 18:21:20,0.00142800,403.11000000
2018-02-27 18:21:23,0.00142800,2.89000000
2018-02-27 18:21:24,0.00142800,100.26000000
2018-02-27 18:21:25,0.00142810,287.34000000
2018-02-27 18:21:30,0.00142810,3.52000000
2018-02-27 18:21:31,0.00142810,2.00000000
2018-02-27 18:21:31,0.00142800,5.00000000
2018-02-27 18:21:31,0.00142800,253.16000000
2018-02-27 18:21:32,0.00142810,5.84000000
2018-02-27 18:21:33,0.00142800,4.50000000
2018-02-27 18:21:36,0.00142800,12.87000000
2018-02-27 18:21:39,0.00142810,75.72000000
2018-02-27 18:21:40,0.00142800,5.00000000
2018-02-27 18:21:44,0.00142800,30.66000000
2018-02-27 18:21:48,0.00142800,0.95000000
2018-02-27 18:21:49,0.00142800,72.17000000
2018-02-27 18:21:50,0.00142810,225.58000000
2018-02-27 18:21:52,0.00142810,11.91000000
2018-02-27 18:21:52,0.00142810,190.02000000
2018-02-27 18:21:52,0.00142800,100.58000000
2018-02-27 18:21:53,0.00142800,3.90000000
2018-02-27 18:21:55,0.00142780,1.37000000
2018-02-27 18:21:59,0.00142800,6.93000000
2018-02-27 18:21:59,0.00142800,9.06000000
2018-02-27 18:22:01,0.00142780,24.27000000
2018-02-27 18:22:01,0.00142750,1.37000000
2018-02-27 18:22:02,0.00142760,303.01000000
2018-02-27 18:22:07,0.00142760,2.00000000
2018-02-27 18:22:07,0.00142760,84.39000000
2018-02-27 18:22:12,0.00142750,13.99000000
2018-02-27 18:22:14,0.00142760,23.38000000
2018-02-27 18:22:14,0.00142750,13.91000000
2018-02-27 18:22:15,0.00142760,63.67000000
2018-02-27 18:22:15,0.00142780,101.15000000
2018-02-27 18:22:17,0.00142780,36.22000000
2018-02-27 18:22:18,0.00142790,133.16000000
2018-02-27 18:22:19,0.00142780,86.95000000
2018-02-27 18:22:28,0.00142780,64.19000000
2018-02-27 18:22:28,0.00142750,38.42000000
2018-02-27 18:22:28,0.00142730,13.31000000
2018-02-27 18:22:28,0.00142720,9.65000000
2018-02-27 18:22:28,0.00142710,5.57000000
2018-02-27 18:22:28,0.00142700,217.75000000
2018-02-27 18:22:28,0.00142680,3.03000000
2018-02-27 18:22:28,0.00142670,178.09000000
2018-02-27 18:22:29,0.00142800,70.66000000
2018-02-27 18:22:32,0.00142800,2.00000000
2018-02-27 18:22:33,0.00142670,83.76000000
2018-02-27 18:22:35,0.00142730,319.03000000
2018-02-27 18:22:37,0.00142780,33.00000000
2018-02-27 18:22:37,0.00142670,17.42000000
2018-02-27 18:22:40,0.00142800,4.34000000
2018-02-27 18:22:41,0.00142780,2.12000000
2018-02-27 18:22:43,0.00142730,8.76000000
2018-02-27 18:22:45,0.00142790,1.75000000
2018-02-27 18:22:48,0.00142730,3.00000000
2018-02-27 18:22:49,0.00142730,19.98000000
2018-02-27 18:22:49,0.00142730,90.28000000
2018-02-27 18:22:50,0.00142730,51.57000000
2018-02-27 18:22:52,0.00142730,33.63000000
2018-02-27 18:22:53,0.00142750,149.19000000
2018-02-27 18:22:54,0.00142790,27.13000000
2018-02-27 18:22:54,0.00142800,20.80000000
2018-02-27 18:22:54,0.00142730,114.88000000
2018-02-27 18:22:56,0.00142800,1.00000000
2018-02-27 18:22:56,0.00142730,54.06000000
2018-02-27 18:22:56,0.00142700,31.55000000
2018-02-27 18:22:56,0.00142670,309.40000000
2018-02-27 18:22:56,0.00142640,0.85000000
2018-02-27 18:22:56,0.00142630,117.14000000
2018-02-27 18:22:56,0.00142600,342.80000000
2018-02-27 18:22:59,0.00142790,4.00000000
2018-02-27 18:23:00,0.00142790,2.12000000
2018-02-27 18:23:00,0.00142800,10.62000000
2018-02-27 18:23:02,0.00142800,2.64000000
2018-02-27 18:23:04,0.00142790,2.00000000
2018-02-27 18:23:05,0.00142800,181.90000000
2018-02-27 18:23:05,0.00142820,18.61000000
2018-02-27 18:23:05,0.00142880,13.97000000
2018-02-27 18:23:05,0.00143000,44.48000000
2018-02-27 18:23:05,0.00143020,98.71000000
2018-02-27 18:23:05,0.00143030,15.33000000
2018-02-27 18:23:05,0.00143040,677.00000000
2018-02-27 18:23:09,0.00142960,1.32000000
2018-02-27 18:23:09,0.00143030,5.53000000
2018-02-27 18:23:10,0.00143030,1.00000000
2018-02-27 18:23:11,0.00143030,16.00000000
2018-02-27 18:23:12,0.00143040,11.98000000
2018-02-27 18:23:14,0.00143040,3.94000000
2018-02-27 18:23:15,0.00143030,5.51000000
2018-02-27 18:23:15,0.00143040,434.50000000
2018-02-27 18:23:15,0.00143050,59.99000000
2018-02-27 18:23:17,0.00143050,11.50000000
2018-02-27 18:23:17,0.00143070,6.98000000
2018-02-27 18:23:17,0.00143070,15.87000000
2018-02-27 18:23:17,0.00142840,6.98000000
2018-02-27 18:23:20,0.00142930,55.10000000
2018-02-27 18:23:20,0.00142930,110.11000000
2018-02-27 18:23:22,0.00142860,7.00000000
2018-02-27 18:23:25,0.00142930,20.99000000
2018-02-27 18:23:26,0.00142930,0.89000000
2018-02-27 18:23:31,0.00142850,351.07000000
2018-02-27 18:23:32,0.00142860,15.42000000
2018-02-27 18:23:32,0.00142930,51.86000000
2018-02-27 18:23:33,0.00142930,3.68000000
2018-02-27 18:23:34,0.00142930,6.90000000
2018-02-27 18:23:35,0.00142930,1.13000000
2018-02-27 18:23:35,0.00142930,10.75000000
2018-02-27 18:23:36,0.00142930,1.13000000
2018-02-27 18:23:37,0.00142930,3.52000000
2018-02-27 18:23:37,0.00142930,1.18000000
2018-02-27 18:23:38,0.00143010,5.59000000
2018-02-27 18:23:39,0.00142930,1.18000000
2018-02-27 18:23:39,0.00142930,112.68000000
2018-02-27 18:23:39,0.00142930,6.90000000
2018-02-27 18:23:40,0.00142930,1.13000000
2018-02-27 18:23:41,0.00142930,1.13000000
2018-02-27 18:23:42,0.00142930,34.06000000
2018-02-27 18:23:43,0.00142930,1.13000000
2018-02-27 18:23:43,0.00142930,1.87000000
2018-02-27 18:23:45,0.00142940,16.69000000
2018-02-27 18:23:46,0.00142930,1.00000000
2018-02-27 18:23:48,0.00142850,21.00000000
2018-02-27 18:23:49,0.00142930,32.64000000
2018-02-27 18:23:51,0.00142880,181.23000000
2018-02-27 18:23:52,0.00142850,4.05000000
2018-02-27 18:24:01,0.00142930,48.47000000
2018-02-27 18:24:01,0.00142930,8.44000000
2018-02-27 18:24:01,0.00142900,4.00000000
2018-02-27 18:24:02,0.00142900,72.20000000
2018-02-27 18:24:09,0.00142900,75.00000000
2018-02-27 18:24:10,0.00142900,376.63000000
2018-02-27 18:24:11,0.00142900,156.41000000
2018-02-27 18:24:11,0.00142900,7.16000000
2018-02-27 18:24:12,0.00142860,11.39000000
2018-02-27 18:24:12,0.00142890,4.57000000
2018-02-27 18:24:14,0.00142890,2.41000000
2018-02-27 18:24:14,0.00142900,14.91000000
2018-02-27 18:24:14,0.00142900,1.53000000
2018-02-27 18:24:16,0.00142900,5.20000000
2018-02-27 18:24:17,0.00142900,261.40000000
2018-02-27 18:24:17,0.00142920,0.21000000
2018-02-27 18:24:21,0.00142920,4.14000000
2018-02-27 18:24:21,0.00142930,6.14000000
2018-02-27 18:24:23,0.00142900,2.35000000
2018-02-27 18:24:24,0.00142930,19.61000000
2018-02-27 18:24:25,0.00142910,196.90000000
2018-02-27 18:24:27,0.00142930,1.00000000
2018-02-27 18:24:30,0.00142930,38.23000000
2018-02-27 18:24:31,0.00142930,7.92000000
2018-02-27 18:24:37,0.00143000,18.68000000
2018-02-27 18:24:37,0.00143010,1.41000000
2018-02-27 18:24:37,0.00143040,2.00000000
2018-02-27 18:24:41,0.00143040,77.62000000
2018-02-27 18:24:42,0.00143040,1.40000000
2018-02-27 18:24:42,0.00143040,111.77000000
2018-02-27 18:24:45,0.00143040,17.92000000
2018-02-27 18:24:46,0.00143080,27.06000000
2018-02-27 18:24:47,0.00143140,141.02000000
2018-02-27 18:24:48,0.00143040,8.57000000
2018-02-27 18:24:48,0.00143040,14.00000000
2018-02-27 18:24:49,0.00143040,3.05000000
2018-02-27 18:24:50,0.00143040,3.05000000
2018-02-27 18:24:50,0.00143040,1.00000000
2018-02-27 18:24:50,0.00143040,5.86000000
2018-02-27 18:24:51,0.00143040,140.35000000
2018-02-27 18:24:51,0.00142940,17.28000000
2018-02-27 18:24:51,0.00142930,18.25000000
2018-02-27 18:24:51,0.00143140,55.29000000
2018-02-27 18:24:52,0.00142930,140.00000000
2018-02-27 18:24:52,0.00142950,0.99000000
2018-02-27 18:24:52,0.00142950,5.00000000
2018-02-27 18:24:52,0.00142950,1.01000000
2018-02-27 18:24:52,0.00142930,137.51000000
2018-02-27 18:24:54,0.00142930,4.62000000
2018-02-27 18:24:54,0.00143040,15.42000000
2018-02-27 18:24:54,0.00143120,7.00000000
2018-02-27 18:24:55,0.00143140,1.05000000
2018-02-27 18:24:56,0.00143120,3.77000000
2018-02-27 18:24:56,0.00143140,84.13000000
2018-02-27 18:24:58,0.00143130,212.92000000
2018-02-27 18:24:58,0.00143120,2.63000000
2018-02-27 18:25:00,0.00143120,1.84000000
2018-02-27 18:25:02,0.00143120,1.29000000
2018-02-27 18:25:04,0.00143140,186.11000000
2018-02-27 18:25:05,0.00143140,21.75000000
2018-02-27 18:25:05,0.00143150,305.19000000
2018-02-27 18:25:07,0.00143190,0.89000000
2018-02-27 18:25:07,0.00143200,0.89000000
2018-02-27 18:25:07,0.00143200,9.91000000
2018-02-27 18:25:07,0.00143270,2.08000000
2018-02-27 18:25:07,0.00143280,53.46000000
2018-02-27 18:25:07,0.00143120,3.71000000
2018-02-27 18:25:08,0.00143280,3.16000000
2018-02-27 18:25:08,0.00143280,7.50000000
2018-02-27 18:25:11,0.00143280,104.28000000
2018-02-27 18:25:11,0.00143320,3.26000000
2018-02-27 18:25:11,0.00143360,0.87000000
2018-02-27 18:25:11,0.00143380,104.43000000
2018-02-27 18:25:11,0.00143390,33.89000000
2018-02-27 18:25:11,0.00143400,20.44000000
2018-02-27 18:25:11,0.00143410,324.80000000
2018-02-27 18:25:11,0.00143500,1035.79000000
2018-02-27 18:25:12,0.00143280,60.78000000
2018-02-27 18:25:13,0.00143280,50.60000000
2018-02-27 18:25:13,0.00143280,0.02000000
2018-02-27 18:25:13,0.00143500,40.43000000
2018-02-27 18:25:14,0.00143500,90.60000000
2018-02-27 18:25:15,0.00143500,21.83000000
2018-02-27 18:25:15,0.00143660,19.83000000
2018-02-27 18:25:15,0.00143660,3.59000000
2018-02-27 18:25:15,0.00143660,0.81000000
2018-02-27 18:25:15,0.00143660,350.72000000
2018-02-27 18:25:16,0.00143210,9.99000000
2018-02-27 18:25:16,0.00143500,9.99000000
2018-02-27 18:25:18,0.00143510,1.66000000
2018-02-27 18:25:19,0.00143710,7.96000000
2018-02-27 18:25:19,0.00143720,7.01000000
2018-02-27 18:25:19,0.00143730,6.30000000
2018-02-27 18:25:19,0.00143750,26.57000000
2018-02-27 18:25:19,0.00143790,140.45000000
2018-02-27 18:25:19,0.00143790,18.34000000
2018-02-27 18:25:20,0.00143530,2.10000000
2018-02-27 18:25:22,0.00143530,4.90000000
2018-02-27 18:25:22,0.00143520,59.24000000
2018-02-27 18:25:22,0.00143500,679.90000000
2018-02-27 18:25:22,0.00143180,13.96000000
2018-02-27 18:25:22,0.00143170,8.00000000
2018-02-27 18:25:22,0.00143130,3.49000000
2018-02-27 18:25:22,0.00143100,0.85000000
2018-02-27 18:25:22,0.00143040,8.58000000
2018-02-27 18:25:22,0.00143000,3.48000000
2018-02-27 18:25:22,0.00142990,62.98000000
2018-02-27 18:25:22,0.00142990,2.31000000
2018-02-27 18:25:22,0.00142990,2.31000000
2018-02-27 18:25:22,0.00142990,57.38000000
2018-02-27 18:25:22,0.00142990,7.71000000
2018-02-27 18:25:22,0.00142990,717.66000000
2018-02-27 18:25:22,0.00143550,1.16000000
2018-02-27 18:25:24,0.00143550,1.75000000
2018-02-27 18:25:26,0.00143680,28.54000000
2018-02-27 18:25:26,0.00143550,1.22000000
2018-02-27 18:25:26,0.00143550,2.87000000
2018-02-27 18:25:27,0.00143460,5.13000000
2018-02-27 18:25:27,0.00143680,30.70000000
2018-02-27 18:25:27,0.00143690,7.00000000
2018-02-27 18:25:29,0.00143750,1.35000000
2018-02-27 18:25:29,0.00143750,69.18000000
2018-02-27 18:25:29,0.00143750,1.12000000
2018-02-27 18:25:30,0.00143750,49.99000000
2018-02-27 18:25:31,0.00143750,1.09000000
2018-02-27 18:25:31,0.00143780,7.00000000
2018-02-27 18:25:31,0.00143800,64.97000000
2018-02-27 18:25:31,0.00143870,7.01000000
2018-02-27 18:25:31,0.00143960,1.02000000
2018-02-27 18:25:31,0.00143770,1.18000000
2018-02-27 18:25:33,0.00143770,6.79000000
2018-02-27 18:25:33,0.00143760,1.06000000
2018-02-27 18:25:33,0.00143770,0.01000000
2018-02-27 18:25:33,0.00143950,127.52000000
2018-02-27 18:25:33,0.00143960,23.75000000
2018-02-27 18:25:33,0.00143990,6.81000000
2018-02-27 18:25:33,0.00144000,219.46000000
2018-02-27 18:25:33,0.00144000,68.69000000
2018-02-27 18:25:34,0.00144000,21.12000000
2018-02-27 18:25:34,0.00144000,2.44000000
2018-02-27 18:25:34,0.00144000,63.75000000
2018-02-27 18:25:34,0.00144000,3.62000000
2018-02-27 18:25:34,0.00144000,6.37000000
2018-02-27 18:25:34,0.00144000,73.12000000
2018-02-27 18:25:34,0.00144000,809.69000000
2018-02-27 18:25:34,0.00144000,990.10000000
2018-02-27 18:25:34,0.00144000,614.64000000
2018-02-27 18:25:35,0.00143760,59.01000000
2018-02-27 18:25:35,0.00143750,38.71000000
2018-02-27 18:25:36,0.00143750,3.00000000
2018-02-27 18:25:37,0.00143750,3.51000000
2018-02-27 18:25:39,0.00143770,22.22000000
2018-02-27 18:25:39,0.00143880,155.27000000
2018-02-27 18:25:40,0.00144000,3.48000000
2018-02-27 18:25:40,0.00144010,51.03000000
2018-02-27 18:25:41,0.00144000,10.16000000
2018-02-27 18:25:42,0.00144010,11.47000000
2018-02-27 18:25:42,0.00144020,50.00000000
2018-02-27 18:25:42,0.00144040,13.96000000
2018-02-27 18:25:42,0.00144050,1.62000000
2018-02-27 18:25:42,0.00144060,7.97000000
2018-02-27 18:25:42,0.00144080,1.00000000
2018-02-27 18:25:42,0.00144100,113.91000000
2018-02-27 18:25:44,0.00143810,1.40000000
2018-02-27 18:25:51,0.00143870,23.76000000
2018-02-27 18:25:51,0.00143990,0.83000000
2018-02-27 18:25:51,0.00144000,305.05000000
2018-02-27 18:25:52,0.00144000,1.12000000
2018-02-27 18:25:56,0.00144000,74.93000000
2018-02-27 18:25:56,0.00144000,1.12000000
2018-02-27 18:25:56,0.00144000,20.96000000
2018-02-27 18:25:57,0.00144010,5.59000000
2018-02-27 18:25:57,0.00144100,8.62000000
2018-02-27 18:25:57,0.00144000,22.19000000
2018-02-27 18:25:57,0.00144000,577.83000000
2018-02-27 18:25:57,0.00143880,27.20000000
2018-02-27 18:25:57,0.00143860,58.79000000
2018-02-27 18:25:57,0.00143850,7.96000000
2018-02-27 18:25:57,0.00143830,232.71000000
2018-02-27 18:25:57,0.00143810,38.14000000
2018-02-27 18:25:57,0.00143780,17.89000000
2018-02-27 18:25:57,0.00143770,2.14000000
2018-02-27 18:25:57,0.00143750,349.03000000
2018-02-27 18:25:57,0.00143750,195.47000000
2018-02-27 18:25:58,0.00143810,177.52000000
2018-02-27 18:25:59,0.00144080,14.19000000
2018-02-27 18:25:59,0.00143530,4.00000000
2018-02-27 18:26:01,0.00143760,10.19000000
2018-02-27 18:26:02,0.00144030,1.11000000
2018-02-27 18:26:09,0.00144020,3.00000000
2018-02-27 18:26:09,0.00144020,6.76000000
2018-02-27 18:26:11,0.00143880,163.79000000
2018-02-27 18:26:12,0.00144020,27.72000000
2018-02-27 18:26:13,0.00143810,8.44000000
2018-02-27 18:26:16,0.00144000,3.00000000
2018-02-27 18:26:16,0.00144000,0.66000000
2018-02-27 18:26:16,0.00144010,3.86000000
2018-02-27 18:26:16,0.00144020,28.20000000
2018-02-27 18:26:16,0.00144030,22.28000000
2018-02-27 18:26:16,0.00143830,7.00000000
2018-02-27 18:26:16,0.00143810,17.00000000
2018-02-27 18:26:20,0.00143810,23.72000000
2018-02-27 18:26:21,0.00143810,36.07000000
2018-02-27 18:26:25,0.00143810,5.00000000
2018-02-27 18:26:25,0.00143980,1.74000000
2018-02-27 18:26:26,0.00143980,5.26000000
2018-02-27 18:26:26,0.00144000,19.06000000
2018-02-27 18:26:27,0.00143890,4.01000000
2018-02-27 18:26:27,0.00143940,73.47000000
2018-02-27 18:26:28,0.00143890,40.82000000
2018-02-27 18:26:28,0.00143890,1.00000000
2018-02-27 18:26:29,0.00143890,2.81000000
2018-02-27 18:26:29,0.00143890,21.41000000
2018-02-27 18:26:31,0.00143980,10.41000000
2018-02-27 18:26:31,0.00144000,52.31000000
2018-02-27 18:26:31,0.00144000,58.50000000
2018-02-27 18:26:31,0.00144000,1.96000000
2018-02-27 18:26:31,0.00144000,22.42000000
2018-02-27 18:26:32,0.00144030,1.22000000
2018-02-27 18:26:33,0.00144000,1.37000000
2018-02-27 18:26:35,0.00144000,403.78000000
2018-02-27 18:26:35,0.00143940,96.22000000
2018-02-27 18:26:35,0.00144030,3.36000000
2018-02-27 18:26:36,0.00143940,5.00000000
2018-02-27 18:26:38,0.00143950,5.00000000
2018-02-27 18:26:39,0.00144030,73.14000000
2018-02-27 18:26:39,0.00144040,22.56000000
2018-02-27 18:26:39,0.00144090,182.60000000
2018-02-27 18:26:39,0.00144100,663.13000000
2018-02-27 18:26:40,0.00144010,5.00000000
2018-02-27 18:26:41,0.00144030,1.00000000
2018-02-27 18:26:43,0.00144030,1.43000000
2018-02-27 18:26:43,0.00144010,6.30000000
2018-02-27 18:26:43,0.00144010,5.00000000
2018-02-27 18:26:44,0.00144010,5.00000000
2018-02-27 18:26:44,0.00144010,137.49000000
2018-02-27 18:26:44,0.00144010,168.32000000
2018-02-27 18:26:49,0.00144010,172.12000000
2018-02-27 18:26:50,0.00144010,18.27000000
2018-02-27 18:26:50,0.00144000,54.23000000
2018-02-27 18:26:50,0.00144000,1.12000000
2018-02-27 18:26:50,0.00144000,1.12000000
2018-02-27 18:26:51,0.00143980,18.63000000
2018-02-27 18:26:51,0.00143940,187.79000000
2018-02-27 18:26:52,0.00144000,1.12000000
2018-02-27 18:26:52,0.00144000,1.12000000
2018-02-27 18:26:53,0.00143980,60.00000000
2018-02-27 18:26:53,0.00143940,88.03000000
2018-02-27 18:26:54,0.00144000,1.12000000
2018-02-27 18:26:55,0.00144000,0.92000000
2018-02-27 18:26:59,0.00144000,2.00000000
2018-02-27 18:26:59,0.00144090,1.35000000
2018-02-27 18:26:59,0.00144100,46.60000000
2018-02-27 18:26:59,0.00144000,67.06000000
2018-02-27 18:26:59,0.00144000,8.58000000
2018-02-27 18:27:00,0.00143960,81.80000000
2018-02-27 18:27:00,0.00143940,2.76000000
2018-02-27 18:27:00,0.00144000,0.01000000
2018-02-27 18:27:01,0.00144100,88.10000000
2018-02-27 18:27:01,0.00144100,165.91000000
2018-02-27 18:27:03,0.00144100,24.48000000
2018-02-27 18:27:05,0.00144000,2.00000000
2018-02-27 18:27:06,0.00144100,58.95000000
2018-02-27 18:27:06,0.00144130,6.13000000
2018-02-27 18:27:06,0.00144140,23.42000000
2018-02-27 18:27:06,0.00144160,77.35000000
2018-02-27 18:27:06,0.00144160,6.29000000
2018-02-27 18:27:09,0.00144100,1.43000000
2018-02-27 18:27:09,0.00144100,17.05000000
2018-02-27 18:27:10,0.00144150,2.09000000
2018-02-27 18:27:11,0.00144100,2.36000000
2018-02-27 18:27:11,0.00144100,1.54000000
2018-02-27 18:27:11,0.00144100,10.29000000
2018-02-27 18:27:12,0.00144150,1.01000000
2018-02-27 18:27:12,0.00144120,180.64000000
2018-02-27 18:27:16,0.00144120,7.95000000
2018-02-27 18:27:16,0.00144100,5.15000000
2018-02-27 18:27:21,0.00144100,18.89000000
2018-02-27 18:27:21,0.00144100,195.28000000
2018-02-27 18:27:22,0.00144100,1.15000000
2018-02-27 18:27:22,0.00144100,9.95000000
2018-02-27 18:27:23,0.00144000,11.98000000
2018-02-27 18:27:24,0.00144100,161.13000000
2018-02-27 18:27:24,0.00144140,54.87000000
2018-02-27 18:27:25,0.00144000,101.55000000
2018-02-27 18:27:25,0.00144000,11.98000000
2018-02-27 18:27:26,0.00143940,6.00000000
2018-02-27 18:27:28,0.00144000,1.67000000
2018-02-27 18:27:28,0.00144000,100.82000000
2018-02-27 18:27:31,0.00144000,0.07000000
2018-02-27 18:27:31,0.00143940,21.41000000
2018-02-27 18:27:31,0.00143870,13.90000000
2018-02-27 18:27:31,0.00143810,3.33000000
2018-02-27 18:27:31,0.00143760,38.16000000
2018-02-27 18:27:33,0.00143760,3.00000000
2018-02-27 18:27:33,0.00143760,17.73000000
2018-02-27 18:27:33,0.00143750,50.26000000
2018-02-27 18:27:34,0.00143870,90.32000000
2018-02-27 18:27:35,0.00143750,8.37000000
2018-02-27 18:27:37,0.00143750,0.26000000
2018-02-27 18:27:38,0.00143940,29.11000000
2018-02-27 18:27:45,0.00143940,7.56000000
2018-02-27 18:27:45,0.00143840,189.17000000
2018-02-27 18:27:51,0.00143750,104.00000000
2018-02-27 18:27:54,0.00143770,6.99000000
2018-02-27 18:28:01,0.00143840,69.52000000
2018-02-27 18:28:01,0.00143810,34.08000000
2018-02-27 18:28:01,0.00143770,0.01000000
2018-02-27 18:28:01,0.00143750,291.04000000
2018-02-27 18:28:03,0.00143870,98.84000000
2018-02-27 18:28:07,0.00143840,62.28000000
2018-02-27 18:28:08,0.00143830,8.87000000
2018-02-27 18:28:09,0.00143830,3.00000000
2018-02-27 18:28:10,0.00143750,1.86000000
2018-02-27 18:28:11,0.00143830,10.35000000
2018-02-27 18:28:11,0.00143840,30.01000000
2018-02-27 18:28:11,0.00143750,3.00000000
2018-02-27 18:28:12,0.00143840,12.00000000
2018-02-27 18:28:14,0.00143840,27.26000000
2018-02-27 18:28:14,0.00143900,22.74000000
2018-02-27 18:28:16,0.00143750,10.19000000
2018-02-27 18:28:17,0.00143820,8.52000000
2018-02-27 18:28:19,0.00143900,13.00000000
2018-02-27 18:28:24,0.00143900,3.00000000
2018-02-27 18:28:27,0.00143900,2.00000000
2018-02-27 18:28:34,0.00143810,107.36000000
2018-02-27 18:28:34,0.00143750,8.18000000
2018-02-27 18:28:36,0.00143880,20.83000000
2018-02-27 18:28:36,0.00143890,13.00000000
2018-02-27 18:28:36,0.00143900,52.49000000
2018-02-27 18:28:45,0.00143900,18.35000000
2018-02-27 18:28:51,0.00143900,91.40000000
2018-02-27 18:28:51,0.00143910,2.19000000
2018-02-27 18:28:51,0.00143970,29.63000000
2018-02-27 18:28:51,0.00143990,49.06000000
2018-02-27 18:28:54,0.00143770,11.40000000
2018-02-27 18:28:55,0.00143850,5.16000000
2018-02-27 18:28:55,0.00143890,17.86000000
2018-02-27 18:28:56,0.00143820,17.04000000
2018-02-27 18:29:08,0.00143770,17.74000000
2018-02-27 18:29:08,0.00143750,20.83000000
2018-02-27 18:29:12,0.00143750,261.18000000
2018-02-27 18:29:15,0.00143780,115.88000000
2018-02-27 18:29:23,0.00143750,301.89000000
2018-02-27 18:29:23,0.00143750,25.00000000
2018-02-27 18:29:24,0.00143820,46.97000000
2018-02-27 18:29:25,0.00143750,189.74000000
2018-02-27 18:29:26,0.00143750,15.63000000
2018-02-27 18:29:28,0.00143710,25.37000000
2018-02-27 18:29:28,0.00143750,4.00000000
2018-02-27 18:29:31,0.00143690,6.56000000
2018-02-27 18:29:31,0.00143510,2.89000000
2018-02-27 18:29:32,0.00143740,1.02000000
2018-02-27 18:29:33,0.00143740,1.87000000
2018-02-27 18:29:33,0.00143750,5.99000000
2018-02-27 18:29:38,0.00143740,1.44000000
2018-02-27 18:29:38,0.00143750,0.56000000
2018-02-27 18:29:42,0.00143510,6.95000000
2018-02-27 18:29:42,0.00143500,6.95000000
2018-02-27 18:29:42,0.00143510,493.05000000
2018-02-27 18:29:49,0.00143600,124.21000000
2018-02-27 18:29:52,0.00143520,3.48000000
2018-02-27 18:29:52,0.00143510,10.02000000
2018-02-27 18:29:57,0.00143520,44.66000000
2018-02-27 18:29:57,0.00143500,59.16000000
2018-02-27 18:29:57,0.00143500,1.31000000
2018-02-27 18:29:57,0.00143500,1442.68000000
2018-02-27 18:29:57,0.00143470,2.09000000
2018-02-27 18:29:58,0.00143700,11.42000000
2018-02-27 18:29:59,0.00143680,20.00000000
2018-02-27 18:29:59,0.00143690,13.90000000
2018-02-27 18:29:59,0.00143700,175.50000000
2018-02-27 18:29:59,0.00143750,565.72000000
2018-02-27 18:30:01,0.00143690,1.00000000
2018-02-27 18:30:01,0.00143690,9.83000000
2018-02-27 18:30:01,0.00143750,67.35000000
2018-02-27 18:30:05,0.00143500,6.26000000
2018-02-27 18:30:06,0.00143590,33.89000000
2018-02-27 18:30:09,0.00143610,12.40000000
2018-02-27 18:30:10,0.00143610,7.60000000
2018-02-27 18:30:10,0.00143600,30.00000000
2018-02-27 18:30:10,0.00143460,3.48000000
2018-02-27 18:30:10,0.00143430,3.83000000
2018-02-27 18:30:10,0.00143420,7.00000000
2018-02-27 18:30:10,0.00143410,13.94000000
2018-02-27 18:30:10,0.00143390,10.42000000
2018-02-27 18:30:10,0.00143350,6.32000000
2018-02-27 18:30:10,0.00143340,3.48000000
2018-02-27 18:30:10,0.00143320,7.00000000
2018-02-27 18:30:10,0.00143290,12.60000000
2018-02-27 18:30:10,0.00143270,58.89000000
2018-02-27 18:30:10,0.00143250,2.05000000
2018-02-27 18:30:10,0.00143230,33.12000000
2018-02-27 18:30:12,0.00143690,6.61000000
2018-02-27 18:30:13,0.00143510,110.78000000
2018-02-27 18:30:20,0.00143610,21.03000000
2018-02-27 18:30:21,0.00143480,132.74000000
2018-02-27 18:30:32,0.00143270,1.04000000
2018-02-27 18:30:34,0.00143380,42.41000000
2018-02-27 18:30:35,0.00143270,2.16000000
2018-02-27 18:30:37,0.00143400,0.59000000
2018-02-27 18:30:37,0.00143400,5.00000000
2018-02-27 18:30:42,0.00143480,9.94000000
2018-02-27 18:30:47,0.00143480,11.60000000
2018-02-27 18:30:48,0.00143480,18.06000000
2018-02-27 18:30:52,0.00143490,1.05000000
2018-02-27 18:30:52,0.00143480,28.83000000
2018-02-27 18:30:53,0.00143480,9.97000000
2018-02-27 18:30:56,0.00143480,14.22000000
2018-02-27 18:30:56,0.00143480,9.04000000
2018-02-27 18:31:00,0.00143480,77.58000000
2018-02-27 18:31:01,0.00143430,50.93000000
2018-02-27 18:31:03,0.00143400,5.48000000
2018-02-27 18:31:03,0.00143270,1.96000000
2018-02-27 18:31:04,0.00143470,17.69000000
2018-02-27 18:31:04,0.00143470,19.12000000
2018-02-27 18:31:05,0.00143470,4.61000000
2018-02-27 18:31:05,0.00143290,7.00000000
2018-02-27 18:31:05,0.00143270,4.30000000
2018-02-27 18:31:05,0.00143260,11.00000000
2018-02-27 18:31:05,0.00143230,291.76000000
2018-02-27 18:31:05,0.00143110,2.13000000
2018-02-27 18:31:05,0.00143100,38.40000000
2018-02-27 18:31:05,0.00143090,114.58000000
2018-02-27 18:31:05,0.00143000,26.22000000
2018-02-27 18:31:10,0.00143350,3.00000000
2018-02-27 18:31:12,0.00143350,2.39000000
2018-02-27 18:31:14,0.00143300,149.78000000
2018-02-27 18:31:17,0.00143270,8.52000000
2018-02-27 18:31:19,0.00143270,1.40000000
2018-02-27 18:31:25,0.00143040,86.00000000
2018-02-27 18:31:25,0.00143030,22.75000000
2018-02-27 18:31:26,0.00143040,69.62000000
2018-02-27 18:31:28,0.00143050,7.00000000
2018-02-27 18:31:28,0.00143010,60.45000000
2018-02-27 18:31:28,0.00143000,32.38000000
2018-02-27 18:31:31,0.00143220,1.25000000
2018-02-27 18:31:33,0.00143020,44.17000000
2018-02-27 18:31:35,0.00143020,0.07000000
2018-02-27 18:31:35,0.00143110,59.45000000
2018-02-27 18:31:36,0.00143020,0.99000000
2018-02-27 18:31:37,0.00143220,5.75000000
2018-02-27 18:31:39,0.00143020,21.39000000
2018-02-27 18:31:45,0.00143220,1.12000000
2018-02-27 18:31:45,0.00143220,1.12000000
2018-02-27 18:31:46,0.00143220,4.24000000
2018-02-27 18:31:49,0.00143190,4.61000000
2018-02-27 18:31:50,0.00143110,158.30000000
2018-02-27 18:31:52,0.00143050,215.78000000
2018-02-27 18:31:55,0.00143050,31.88000000
2018-02-27 18:31:55,0.00143050,14.24000000
2018-02-27 18:31:59,0.00143050,92.35000000
2018-02-27 18:31:59,0.00143030,194.04000000
2018-02-27 18:31:59,0.00143030,0.72000000
2018-02-27 18:31:59,0.00143030,0.72000000
2018-02-27 18:31:59,0.00143030,0.72000000
2018-02-27 18:31:59,0.00143030,0.72000000
2018-02-27 18:31:59,0.00143030,0.72000000
2018-02-27 18:31:59,0.00143030,3.37000000
2018-02-27 18:31:59,0.00143030,4.10000000
2018-02-27 18:31:59,0.00143030,2.89000000
2018-02-27 18:31:59,0.00143030,975.33000000
2018-02-27 18:32:03,0.00143100,67.79000000
2018-02-27 18:32:03,0.00143030,0.36000000
2018-02-27 18:32:04,0.00143030,0.72000000
2018-02-27 18:32:05,0.00143050,13.38000000
2018-02-27 18:32:07,0.00143050,0.72000000
2018-02-27 18:32:12,0.00143050,45.54000000
2018-02-27 18:32:12,0.00143040,175.48000000
2018-02-27 18:32:13,0.00143040,14.73000000
2018-02-27 18:32:14,0.00143100,166.63000000
2018-02-27 18:32:18,0.00143170,3.31000000
2018-02-27 18:32:22,0.00143170,187.00000000
2018-02-27 18:32:24,0.00143100,10.23000000
2018-02-27 18:32:30,0.00143100,18.33000000
2018-02-27 18:32:32,0.00143150,13.97000000
2018-02-27 18:32:33,0.00143100,35.45000000
2018-02-27 18:32:35,0.00143140,21.65000000
2018-02-27 18:32:37,0.00143150,2.08000000
2018-02-27 18:32:46,0.00143140,11.33000000
2018-02-27 18:32:46,0.00143150,46.13000000
2018-02-27 18:32:48,0.00143140,40.00000000
2018-02-27 18:32:48,0.00143150,2.56000000
2018-02-27 18:32:48,0.00143140,10.00000000
2018-02-27 18:32:50,0.00143150,1.75000000
2018-02-27 18:32:50,0.00143140,13.54000000
2018-02-27 18:32:53,0.00143140,5.63000000
2018-02-27 18:32:53,0.00143110,13.93000000
2018-02-27 18:32:53,0.00143100,35.99000000
2018-02-27 18:32:53,0.00143070,294.67000000
2018-02-27 18:32:57,0.00143070,49.81000000
2018-02-27 18:33:03,0.00143150,206.54000000
2018-02-27 18:33:07,0.00143110,84.83000000
2018-02-27 18:33:07,0.00143080,1.05000000
2018-02-27 18:33:12,0.00143080,264.40000000
2018-02-27 18:33:12,0.00143070,77.03000000
2018-02-27 18:33:12,0.00143040,101.41000000
2018-02-27 18:33:12,0.00143020,49.16000000
2018-02-27 18:33:12,0.00143000,89.02000000
2018-02-27 18:33:12,0.00142960,94.31000000
2018-02-27 18:33:18,0.00143100,10.24000000
2018-02-27 18:33:18,0.00143100,57.00000000
2018-02-27 18:33:18,0.00143110,183.67000000
2018-02-27 18:33:22,0.00143100,17.05000000
2018-02-27 18:33:23,0.00143100,91.18000000
2018-02-27 18:33:27,0.00143140,7.00000000
2018-02-27 18:33:27,0.00143150,18.00000000
2018-02-27 18:33:28,0.00143100,9.03000000
2018-02-27 18:33:30,0.00143120,93.35000000
2018-02-27 18:33:31,0.00143150,20.22000000
2018-02-27 18:33:32,0.00143100,1.33000000
2018-02-27 18:33:32,0.00143100,4.08000000
2018-02-27 18:33:33,0.00143100,8.75000000
2018-02-27 18:33:33,0.00143100,35.39000000
2018-02-27 18:33:33,0.00143100,11.91000000
2018-02-27 18:33:35,0.00143100,14.66000000
2018-02-27 18:33:36,0.00143150,8.57000000
2018-02-27 18:33:36,0.00143160,6.95000000
2018-02-27 18:33:38,0.00143160,14.26000000
2018-02-27 18:33:38,0.00143190,25.15000000
2018-02-27 18:33:40,0.00143120,1.11000000
2018-02-27 18:33:40,0.00143120,2.58000000
2018-02-27 18:33:40,0.00143190,25.55000000
2018-02-27 18:33:40,0.00143200,7.00000000
2018-02-27 18:33:41,0.00143220,69.81000000
2018-02-27 18:33:41,0.00143220,2.27000000
2018-02-27 18:33:42,0.00143220,29.23000000
2018-02-27 18:33:42,0.00143240,14.00000000
2018-02-27 18:33:44,0.00143260,0.86000000
2018-02-27 18:33:45,0.00143190,1.00000000
2018-02-27 18:33:46,0.00143190,5.07000000
2018-02-27 18:33:46,0.00143190,5.30000000
2018-02-27 18:33:46,0.00143190,14.16000000
2018-02-27 18:33:47,0.00143190,0.02000000
2018-02-27 18:33:49,0.00143180,2.09000000
2018-02-27 18:33:49,0.00143180,1.35000000
2018-02-27 18:33:51,0.00143110,11.18000000
2018-02-27 18:33:51,0.00143100,97.29000000
2018-02-27 18:33:51,0.00143100,100.00000000
2018-02-27 18:33:51,0.00143080,1.32000000
2018-02-27 18:33:53,0.00143080,2.43000000
2018-02-27 18:33:55,0.00143080,0.66000000
2018-02-27 18:33:56,0.00143050,1.71000000
2018-02-27 18:33:56,0.00143010,124.79000000
2018-02-27 18:33:56,0.00143000,347.22000000
2018-02-27 18:33:56,0.00143000,152.46000000
2018-02-27 18:33:56,0.00143100,1.04000000
2018-02-27 18:33:56,0.00143100,1.11000000
2018-02-27 18:33:56,0.00143100,1.11000000
2018-02-27 18:33:58,0.00142960,5.25000000
2018-02-27 18:33:58,0.00143000,37.56000000
2018-02-27 18:33:58,0.00143100,119.54000000
2018-02-27 18:33:58,0.00142960,228.95000000
2018-02-27 18:33:58,0.00142950,221.07000000
2018-02-27 18:33:58,0.00142930,161.70000000
2018-02-27 18:33:58,0.00142930,4.91000000
2018-02-27 18:34:00,0.00142930,1370.85000000
2018-02-27 18:34:00,0.00142930,35.54000000
2018-02-27 18:34:02,0.00142940,3.49000000
2018-02-27 18:34:02,0.00142900,2.62000000
2018-02-27 18:34:03,0.00142920,101.87000000
2018-02-27 18:34:04,0.00143100,1.04000000
2018-02-27 18:34:05,0.00142900,304.58000000
2018-02-27 18:34:06,0.00143100,3.33000000
2018-02-27 18:34:06,0.00143000,4.74000000
2018-02-27 18:34:09,0.00143000,13.67000000
2018-02-27 18:34:10,0.00143000,30.46000000
2018-02-27 18:34:10,0.00142960,0.08000000
2018-02-27 18:34:11,0.00142930,98.11000000
2018-02-27 18:34:14,0.00142960,7.36000000
2018-02-27 18:34:16,0.00142930,258.03000000
2018-02-27 18:34:16,0.00142910,104.57000000
2018-02-27 18:34:16,0.00142900,5.05000000
2018-02-27 18:34:16,0.00142890,6.15000000
2018-02-27 18:34:17,0.00142900,7.84000000
2018-02-27 18:34:18,0.00142910,15.57000000
2018-02-27 18:34:19,0.00142960,13.33000000
2018-02-27 18:34:22,0.00142920,11.55000000
2018-02-27 18:34:23,0.00142900,21.98000000
2018-02-27 18:34:24,0.00142900,16.33000000
2018-02-27 18:34:25,0.00142920,5.00000000
2018-02-27 18:34:27,0.00142900,104.54000000
2018-02-27 18:34:28,0.00142900,59.65000000
2018-02-27 18:34:28,0.00142900,178.60000000
2018-02-27 18:34:29,0.00142900,6.99000000
2018-02-27 18:34:29,0.00142900,23.03000000
2018-02-27 18:34:34,0.00142840,6.95000000
2018-02-27 18:34:34,0.00142830,1.64000000
2018-02-27 18:34:34,0.00142810,67.40000000
2018-02-27 18:34:34,0.00142800,183.39000000
2018-02-27 18:34:34,0.00142790,2.00000000
2018-02-27 18:34:34,0.00142760,3.63000000
2018-02-27 18:34:34,0.00142740,1.40000000
2018-02-27 18:34:34,0.00142720,71.56000000
2018-02-27 18:34:34,0.00142710,50.98000000
2018-02-27 18:34:34,0.00142700,161.71000000
2018-02-27 18:34:34,0.00142700,209.63000000
2018-02-27 18:34:35,0.00142900,5.00000000
2018-02-27 18:34:35,0.00142900,3.50000000
2018-02-27 18:34:36,0.00142900,1.40000000
2018-02-27 18:34:36,0.00142720,3.50000000
2018-02-27 18:34:36,0.00142710,12.55000000
2018-02-27 18:34:36,0.00142700,1217.05000000
2018-02-27 18:34:37,0.00142900,0.91000000
2018-02-27 18:34:38,0.00142830,104.69000000
2018-02-27 18:34:38,0.00142700,628.47000000
2018-02-27 18:34:38,0.00142700,6.99000000
2018-02-27 18:34:38,0.00142650,119.31000000
2018-02-27 18:34:38,0.00142700,0.01000000
2018-02-27 18:34:38,0.00142700,6.99000000
2018-02-27 18:34:38,0.00142700,6.99000000
2018-02-27 18:34:38,0.00142700,6.99000000
2018-02-27 18:34:40,0.00142650,3.85000000
2018-02-27 18:34:40,0.00142670,110.39000000
2018-02-27 18:34:42,0.00142700,2.00000000
2018-02-27 18:34:45,0.00142670,5.00000000
2018-02-27 18:34:45,0.00142660,2.97000000
2018-02-27 18:34:45,0.00142650,13.40000000
2018-02-27 18:34:48,0.00142700,7.00000000
2018-02-27 18:34:50,0.00142700,612.78000000
2018-02-27 18:34:50,0.00142700,243.22000000
2018-02-27 18:34:53,0.00142900,3.49000000
2018-02-27 18:34:54,0.00142900,3.50000000
2018-02-27 18:34:54,0.00142660,10.00000000
2018-02-27 18:34:54,0.00142650,1.41000000
2018-02-27 18:34:54,0.00142900,10.53000000
2018-02-27 18:34:55,0.00142650,21.67000000
2018-02-27 18:34:55,0.00142900,8.47000000
2018-02-27 18:34:57,0.00142900,1.40000000
2018-02-27 18:34:59,0.00142900,7.00000000
2018-02-27 18:35:01,0.00142790,19.88000000
2018-02-27 18:35:02,0.00142900,30.12000000
2018-02-27 18:35:07,0.00142720,3.50000000
2018-02-27 18:35:11,0.00142890,2.10000000
2018-02-27 18:35:13,0.00142890,0.10000000
2018-02-27 18:35:17,0.00142800,118.72000000
2018-02-27 18:35:18,0.00142890,1.75000000
2018-02-27 18:35:18,0.00142720,310.56000000
2018-02-27 18:35:18,0.00142710,1.00000000
2018-02-27 18:35:18,0.00142700,3757.78000000
2018-02-27 18:35:18,0.00142700,1182.80000000
2018-02-27 18:35:18,0.00142650,1249.13000000
2018-02-27 18:35:18,0.00142600,222.71000000
2018-02-27 18:35:18,0.00142590,70.15000000
2018-02-27 18:35:18,0.00142580,346.75000000
2018-02-27 18:35:18,0.00142570,206.80000000
2018-02-27 18:35:18,0.00142570,95.74000000
2018-02-27 18:35:21,0.00142880,1.00000000
2018-02-27 18:35:21,0.00142730,1.00000000
2018-02-27 18:35:23,0.00142650,0.77000000
2018-02-27 18:35:23,0.00142600,0.73000000
2018-02-27 18:35:26,0.00142720,3.27000000
2018-02-27 18:35:30,0.00142600,62.21000000
2018-02-27 18:35:31,0.00142650,28.40000000
2018-02-27 18:35:33,0.00142720,6.30000000
2018-02-27 18:35:33,0.00142600,4.14000000
2018-02-27 18:35:34,0.00142720,30.08000000
2018-02-27 18:35:34,0.00142840,20.67000000
2018-02-27 18:35:35,0.00142700,2.00000000
2018-02-27 18:35:35,0.00142620,7.10000000
2018-02-27 18:35:35,0.00142600,107.00000000
2018-02-27 18:35:36,0.00142700,3.50000000
2018-02-27 18:35:39,0.00142700,7.00000000
2018-02-27 18:35:43,0.00142640,127.24000000
2018-02-27 18:35:43,0.00142700,1.67000000
2018-02-27 18:35:43,0.00142700,1.67000000
2018-02-27 18:35:43,0.00142700,1.96000000
2018-02-27 18:35:43,0.00142700,1.67000000
2018-02-27 18:35:44,0.00142700,1.67000000
2018-02-27 18:35:45,0.00142600,53.97000000
2018-02-27 18:35:45,0.00142700,2.00000000
2018-02-27 18:35:49,0.00142700,1.33000000
2018-02-27 18:35:52,0.00142610,1.00000000
2018-02-27 18:35:52,0.00142600,0.92000000
2018-02-27 18:35:54,0.00142700,7.00000000
2018-02-27 18:35:54,0.00142700,1.10000000
2018-02-27 18:35:56,0.00142700,37.69000000
2018-02-27 18:35:58,0.00142700,14.73000000
2018-02-27 18:35:59,0.00142820,7.10000000
2018-02-27 18:35:59,0.00142840,29.33000000
2018-02-27 18:35:59,0.00142880,6.10000000
2018-02-27 18:35:59,0.00142890,0.52000000
2018-02-27 18:36:01,0.00142820,1.72000000
2018-02-27 18:36:02,0.00142820,14.30000000
2018-02-27 18:36:03,0.00142820,13.20000000
2018-02-27 18:36:03,0.00142720,7.10000000
2018-02-27 18:36:03,0.00142700,570.07000000
2018-02-27 18:36:04,0.00142750,36.92000000
2018-02-27 18:36:04,0.00142820,5.00000000
2018-02-27 18:36:06,0.00142700,292.00000000
2018-02-27 18:36:06,0.00142700,36.03000000
2018-02-27 18:36:09,0.00142810,3.49000000
2018-02-27 18:36:09,0.00142820,19.56000000
2018-02-27 18:36:10,0.00142700,112.00000000
2018-02-27 18:36:10,0.00142700,7.21000000
2018-02-27 18:36:14,0.00142710,0.74000000
2018-02-27 18:36:17,0.00142710,51.62000000
2018-02-27 18:36:17,0.00142700,153.14000000
2018-02-27 18:36:19,0.00142700,6.78000000
2018-02-27 18:36:20,0.00142700,5.23000000
2018-02-27 18:36:20,0.00142610,58.16000000
2018-02-27 18:36:20,0.00142600,55.94000000
2018-02-27 18:36:24,0.00142640,135.77000000
2018-02-27 18:36:24,0.00142700,11.39000000
2018-02-27 18:36:25,0.00142600,3.30000000
2018-02-27 18:36:27,0.00142600,39.52000000
2018-02-27 18:36:37,0.00142600,549.80000000
2018-02-27 18:36:38,0.00142600,23.20000000
2018-02-27 18:36:41,0.00142640,1.13000000
2018-02-27 18:36:41,0.00142640,44.31000000
2018-02-27 18:36:43,0.00142640,1.13000000
2018-02-27 18:36:43,0.00142600,64.46000000
2018-02-27 18:36:43,0.00142590,1.00000000
2018-02-27 18:36:43,0.00142580,1.00000000
2018-02-27 18:36:43,0.00142570,44.59000000
2018-02-27 18:36:45,0.00142600,1.05000000
2018-02-27 18:36:45,0.00142600,7.33000000
2018-02-27 18:36:45,0.00142600,7.36000000
2018-02-27 18:36:46,0.00142600,16.00000000
2018-02-27 18:36:47,0.00142600,20.71000000
2018-02-27 18:36:49,0.00142570,18.45000000
2018-02-27 18:36:49,0.00142560,286.51000000
2018-02-27 18:36:50,0.00142600,2.24000000
2018-02-27 18:36:50,0.00142570,3.23000000
2018-02-27 18:36:56,0.00142600,1.84000000
2018-02-27 18:36:57,0.00142570,0.97000000
2018-02-27 18:37:00,0.00142600,5.28000000
2018-02-27 18:37:00,0.00142600,2.79000000
2018-02-27 18:37:01,0.00142600,2.48000000
2018-02-27 18:37:01,0.00142570,73.26000000
2018-02-27 18:37:01,0.00142570,242.53000000
2018-02-27 18:37:01,0.00142560,368.41000000
2018-02-27 18:37:01,0.00142560,216.00000000
2018-02-27 18:37:01,0.00142560,191.37000000
2018-02-27 18:37:01,0.00142570,86.00000000
2018-02-27 18:37:01,0.00142580,58.29000000
2018-02-27 18:37:01,0.00142580,1.59000000
2018-02-27 18:37:02,0.00142580,8.65000000
2018-02-27 18:37:02,0.00142580,57.60000000
2018-02-27 18:37:03,0.00142560,1256.89000000
2018-02-27 18:37:03,0.00142560,612.78000000
2018-02-27 18:37:04,0.00142560,899.00000000
2018-02-27 18:37:04,0.00142580,1.13000000
2018-02-27 18:37:04,0.00142580,9.23000000
2018-02-27 18:37:04,0.00142560,122.07000000
2018-02-27 18:37:05,0.00142580,1.48000000
2018-02-27 18:37:05,0.00142580,6.32000000
2018-02-27 18:37:05,0.00142560,748.05000000
2018-02-27 18:37:06,0.00142560,3024.63000000
2018-02-27 18:37:06,0.00142600,1.13000000
2018-02-27 18:37:08,0.00142600,67.09000000
2018-02-27 18:37:08,0.00142560,140.27000000
2018-02-27 18:37:08,0.00142600,1.13000000
2018-02-27 18:37:10,0.00142590,10.32000000
2018-02-27 18:37:10,0.00142590,3.69000000
2018-02-27 18:37:11,0.00142560,395.09000000
2018-02-27 18:37:11,0.00142550,112.64000000
2018-02-27 18:37:12,0.00142550,140.88000000
2018-02-27 18:37:12,0.00142590,1.13000000
2018-02-27 18:37:13,0.00142590,43.60000000
2018-02-27 18:37:13,0.00142590,0.02000000
2018-02-27 18:37:14,0.00142600,1.13000000
2018-02-27 18:37:14,0.00142600,58.22000000
2018-02-27 18:37:14,0.00142600,0.41000000
2018-02-27 18:37:15,0.00142570,53.96000000
2018-02-27 18:37:15,0.00142600,1.13000000
2018-02-27 18:37:16,0.00142600,62.25000000
2018-02-27 18:37:17,0.00142600,2.64000000
2018-02-27 18:37:17,0.00142600,276.76000000
2018-02-27 18:37:18,0.00142600,8.52000000
2018-02-27 18:37:19,0.00142600,0.84000000
2018-02-27 18:37:19,0.00142550,28.75000000
2018-02-27 18:37:20,0.00142600,21.00000000
2018-02-27 18:37:20,0.00142570,2.64000000
2018-02-27 18:37:20,0.00142550,102.22000000
2018-02-27 18:37:21,0.00142550,60.95000000
2018-02-27 18:37:21,0.00142570,1.13000000
2018-02-27 18:37:22,0.00142570,1.39000000
2018-02-27 18:37:22,0.00142560,1.66000000
2018-02-27 18:37:22,0.00142550,483.43000000
2018-02-27 18:37:22,0.00142550,27.39000000
2018-02-27 18:37:23,0.00142550,1.50000000
2018-02-27 18:37:23,0.00142530,3.51000000
2018-02-27 18:37:23,0.00142510,15.03000000
2018-02-27 18:37:23,0.00142500,1075.73000000
2018-02-27 18:37:23,0.00142500,26.60000000
2018-02-27 18:37:24,0.00142550,29.94000000
2018-02-27 18:37:24,0.00142550,1.19000000
2018-02-27 18:37:24,0.00142550,1.13000000
2018-02-27 18:37:25,0.00142550,1.13000000
2018-02-27 18:37:26,0.00142560,1.13000000
2018-02-27 18:37:27,0.00142550,9.05000000
2018-02-27 18:37:27,0.00142500,393.12000000
2018-02-27 18:37:28,0.00142550,1.13000000
2018-02-27 18:37:29,0.00142550,24.05000000
2018-02-27 18:37:29,0.00142550,7.20000000
2018-02-27 18:37:30,0.00142550,15.81000000
2018-02-27 18:37:30,0.00142550,4.81000000
2018-02-27 18:37:31,0.00142550,1.13000000
2018-02-27 18:37:32,0.00142550,2.10000000
2018-02-27 18:37:33,0.00142550,7.51000000
2018-02-27 18:37:35,0.00142550,2.51000000
2018-02-27 18:37:35,0.00142500,13.92000000
2018-02-27 18:37:35,0.00142520,152.81000000
2018-02-27 18:37:36,0.00142550,1.00000000
2018-02-27 18:37:38,0.00142500,63.51000000
2018-02-27 18:37:43,0.00142550,2.10000000
2018-02-27 18:37:44,0.00142500,36.97000000
2018-02-27 18:37:45,0.00142550,7.51000000
2018-02-27 18:37:47,0.00142520,62.29000000
2018-02-27 18:37:56,0.00142550,12.16000000
2018-02-27 18:37:56,0.00142550,0.67000000
2018-02-27 18:37:56,0.00142560,35.33000000
2018-02-27 18:37:57,0.00142550,12.00000000
2018-02-27 18:37:59,0.00142560,29.59000000
2018-02-27 18:37:59,0.00142560,32.20000000
2018-02-27 18:38:00,0.00142560,4.54000000
2018-02-27 18:38:02,0.00142560,29.12000000
2018-02-27 18:38:02,0.00142570,8.82000000
2018-02-27 18:38:04,0.00142570,2.21000000
2018-02-27 18:38:05,0.00142570,3.46000000
2018-02-27 18:38:09,0.00142560,1.74000000
2018-02-27 18:38:10,0.00142570,14.02000000
2018-02-27 18:38:13,0.00142560,7.21000000
2018-02-27 18:38:15,0.00142570,252.93000000
2018-02-27 18:38:16,0.00142570,28.06000000
2018-02-27 18:38:17,0.00142560,1.16000000
2018-02-27 18:38:18,0.00142560,0.55000000
2018-02-27 18:38:18,0.00142560,33.33000000
2018-02-27 18:38:20,0.00142570,1.13000000
2018-02-27 18:38:21,0.00142570,19.60000000
2018-02-27 18:38:21,0.00142570,1.19000000
2018-02-27 18:38:22,0.00142560,7.54000000
2018-02-27 18:38:22,0.00142550,7.48000000
2018-02-27 18:38:25,0.00142570,5.00000000
2018-02-27 18:38:26,0.00142570,6.08000000
2018-02-27 18:38:26,0.00142600,1.13000000
2018-02-27 18:38:26,0.00142600,7.01000000
2018-02-27 18:38:27,0.00142600,24.87000000
2018-02-27 18:38:27,0.00142600,11.15000000
2018-02-27 18:38:29,0.00142640,169.66000000
2018-02-27 18:38:30,0.00142700,10.37000000
2018-02-27 18:38:32,0.00142700,2.62000000
2018-02-27 18:38:33,0.00142600,3.70000000
2018-02-27 18:38:33,0.00142700,1.05000000
2018-02-27 18:38:34,0.00142700,1.32000000
2018-02-27 18:38:38,0.00142600,0.25000000
2018-02-27 18:38:39,0.00142610,1.00000000
2018-02-27 18:38:40,0.00142700,1.32000000
2018-02-27 18:38:41,0.00142700,3.67000000
2018-02-27 18:38:41,0.00142650,31.82000000
2018-02-27 18:38:41,0.00142650,47.52000000
2018-02-27 18:38:42,0.00142650,1.00000000
2018-02-27 18:38:42,0.00142700,7.23000000
2018-02-27 18:38:43,0.00142650,30.82000000
2018-02-27 18:38:44,0.00142610,11.38000000
2018-02-27 18:38:44,0.00142650,44.75000000
2018-02-27 18:38:45,0.00142610,1.00000000
2018-02-27 18:38:47,0.00142600,1.00000000
2018-02-27 18:38:47,0.00142650,1.38000000
2018-02-27 18:38:48,0.00142650,53.06000000
2018-02-27 18:38:49,0.00142610,1.00000000
2018-02-27 18:38:49,0.00142650,18.89000000
2018-02-27 18:38:50,0.00142650,181.07000000
2018-02-27 18:38:54,0.00142630,14.27000000
2018-02-27 18:38:56,0.00142610,0.65000000
2018-02-27 18:38:56,0.00142610,12.02000000
2018-02-27 18:38:56,0.00142600,184.37000000
2018-02-27 18:38:56,0.00142630,1.38000000
2018-02-27 18:38:58,0.00142600,28.56000000
2018-02-27 18:38:59,0.00142620,13.07000000
2018-02-27 18:38:59,0.00142630,6.74000000
2018-02-27 18:39:01,0.00142600,40.58000000
2018-02-27 18:39:01,0.00142600,24.06000000
2018-02-27 18:39:01,0.00142600,40.74000000
2018-02-27 18:39:01,0.00142570,178.18000000
2018-02-27 18:39:02,0.00142560,2.21000000
2018-02-27 18:39:02,0.00142550,7.21000000
2018-02-27 18:39:02,0.00142630,2.27000000
2018-02-27 18:39:02,0.00142630,0.01000000
2018-02-27 18:39:02,0.00142650,11.03000000
2018-02-27 18:39:06,0.00142600,106.19000000
2018-02-27 18:39:08,0.00142600,9.22000000
2018-02-27 18:39:08,0.00142600,70.12000000
2018-02-27 18:39:10,0.00142550,14.06000000
2018-02-27 18:39:12,0.00142600,40.89000000
2018-02-27 18:39:16,0.00142650,151.64000000
2018-02-27 18:39:16,0.00142650,55.09000000
2018-02-27 18:39:19,0.00142600,5.84000000
2018-02-27 18:39:20,0.00142550,16.25000000
2018-02-27 18:39:21,0.00142600,5.73000000
2018-02-27 18:39:21,0.00142700,6.36000000
2018-02-27 18:39:23,0.00142550,20.00000000
2018-02-27 18:39:23,0.00142570,87.86000000
2018-02-27 18:39:24,0.00142600,6.65000000
2018-02-27 18:39:26,0.00142600,16.49000000
2018-02-27 18:39:31,0.00142600,10.00000000
2018-02-27 18:39:34,0.00142560,40.09000000
2018-02-27 18:39:34,0.00142600,2.81000000
2018-02-27 18:39:34,0.00142600,2.45000000
2018-02-27 18:39:36,0.00142570,186.70000000
2018-02-27 18:39:37,0.00142600,1.40000000
2018-02-27 18:39:40,0.00142560,1.38000000
2018-02-27 18:39:42,0.00142600,57.00000000
2018-02-27 18:39:50,0.00142580,10.17000000
2018-02-27 18:40:00,0.00142580,18.71000000
2018-02-27 18:40:00,0.00142570,1.00000000
2018-02-27 18:40:00,0.00142560,9.88000000
2018-02-27 18:40:04,0.00142600,11.37000000
2018-02-27 18:40:06,0.00142600,10.00000000
2018-02-27 18:40:06,0.00142570,1.67000000
2018-02-27 18:40:06,0.00142570,4.38000000
2018-02-27 18:40:07,0.00142570,1.67000000
2018-02-27 18:40:07,0.00142600,5.55000000
2018-02-27 18:40:08,0.00142560,160.29000000
2018-02-27 18:40:12,0.00142560,68.17000000
2018-02-27 18:40:12,0.00142560,0.84000000
2018-02-27 18:40:16,0.00142550,17.17000000
2018-02-27 18:40:16,0.00142520,48.29000000
2018-02-27 18:40:20,0.00142520,21.08000000
2018-02-27 18:40:20,0.00142510,293.83000000
2018-02-27 18:40:21,0.00142560,10.00000000
2018-02-27 18:40:23,0.00142520,24.39000000
2018-02-27 18:40:23,0.00142510,1.35000000
2018-02-27 18:40:24,0.00142520,59.38000000
2018-02-27 18:40:26,0.00142520,97.73000000
2018-02-27 18:40:26,0.00142510,27.96000000
2018-02-27 18:40:26,0.00142560,3.51000000
