DATE,PRICE,VOLUME
2018-02-24 04:59:59,0.00138400,2.75000000
2018-02-24 04:59:59,0.00138420,12.91000000
2018-02-24 05:00:00,0.00138390,4.58000000
2018-02-24 05:00:00,0.00138420,12.94000000
2018-02-24 05:00:00,0.00138430,349.74000000
2018-02-24 05:00:00,0.00138450,9.35000000
2018-02-24 05:00:00,0.00138490,66.44000000
2018-02-24 05:00:00,0.00138500,424.00000000
2018-02-24 05:00:00,0.00138600,12.37000000
2018-02-24 05:00:00,0.00138610,5.32000000
2018-02-24 05:00:00,0.00138610,11.44000000
2018-02-24 05:00:01,0.00138620,17.11000000
2018-02-24 05:00:01,0.00138620,2.89000000
2018-02-24 05:00:01,0.00138630,12.02000000
2018-02-24 05:00:01,0.00138920,6.00000000
2018-02-24 05:00:01,0.00138630,2.04000000
2018-02-24 05:00:02,0.00138640,6.00000000
2018-02-24 05:00:02,0.00138600,8.00000000
2018-02-24 05:00:03,0.00138650,23.60000000
2018-02-24 05:00:03,0.00138680,7.30000000
2018-02-24 05:00:03,0.00138650,26.40000000
2018-02-24 05:00:07,0.00138720,30.82000000
2018-02-24 05:00:07,0.00138730,124.69000000
2018-02-24 05:00:07,0.00138670,7.30000000
2018-02-24 05:00:08,0.00138640,0.25000000
2018-02-24 05:00:08,0.00138640,10.58000000
2018-02-24 05:00:08,0.00138600,385.80000000
2018-02-24 05:00:09,0.00138600,0.75000000
2018-02-24 05:00:09,0.00138710,5.00000000
2018-02-24 05:00:10,0.00138720,2.44000000
2018-02-24 05:00:11,0.00138710,30.38000000
2018-02-24 05:00:12,0.00138710,0.81000000
2018-02-24 05:00:13,0.00138650,39.10000000
2018-02-24 05:00:13,0.00138720,13.81000000
2018-02-24 05:00:13,0.00138730,17.72000000
2018-02-24 05:00:15,0.00138600,3.24000000
2018-02-24 05:00:16,0.00138600,542.27000000
2018-02-24 05:00:20,0.00138600,700.00000000
2018-02-24 05:00:24,0.00138600,9.76000000
2018-02-24 05:00:25,0.00138600,89.12000000
2018-02-24 05:00:26,0.00138490,5.79000000
2018-02-24 05:00:26,0.00138490,10.48000000
2018-02-24 05:00:26,0.00138490,18.88000000
2018-02-24 05:00:27,0.00138490,57.86000000
2018-02-24 05:00:27,0.00138490,244.92000000
2018-02-24 05:00:27,0.00138600,117.76000000
2018-02-24 05:00:27,0.00138600,8.81000000
2018-02-24 05:00:32,0.00138600,3.69000000
2018-02-24 05:00:34,0.00138710,8.01000000
2018-02-24 05:00:34,0.00138730,13.10000000
2018-02-24 05:00:34,0.00138810,7.30000000
2018-02-24 05:00:34,0.00138880,7.30000000
2018-02-24 05:00:34,0.00138930,22.50000000
2018-02-24 05:00:34,0.00138950,7.30000000
2018-02-24 05:00:34,0.00138990,50.51000000
2018-02-24 05:00:34,0.00139000,655.98000000
2018-02-24 05:00:34,0.00138610,1.58000000
2018-02-24 05:00:36,0.00138650,35.81000000
2018-02-24 05:00:39,0.00138710,41.37000000
2018-02-24 05:00:40,0.00138960,37.39000000
2018-02-24 05:00:40,0.00138980,86.32000000
2018-02-24 05:00:40,0.00139000,12.43000000
2018-02-24 05:00:42,0.00138990,23.56000000
2018-02-24 05:00:42,0.00139000,10.15000000
2018-02-24 05:00:43,0.00138760,5.36000000
2018-02-24 05:00:43,0.00139000,8.43000000
2018-02-24 05:00:43,0.00139000,230.04000000
2018-02-24 05:00:44,0.00138780,1.17000000
2018-02-24 05:00:44,0.00138850,17.17000000
2018-02-24 05:00:44,0.00138780,13.47000000
2018-02-24 05:00:44,0.00138770,3.70000000
2018-02-24 05:00:45,0.00138770,3.60000000
2018-02-24 05:00:45,0.00138750,10.95000000
2018-02-24 05:00:45,0.00138740,2.74000000
2018-02-24 05:00:45,0.00138740,1.28000000
2018-02-24 05:00:45,0.00138990,0.83000000
2018-02-24 05:00:47,0.00138850,3.73000000
2018-02-24 05:00:47,0.00138850,167.50000000
2018-02-24 05:00:49,0.00138850,0.96000000
2018-02-24 05:00:49,0.00138760,7.30000000
2018-02-24 05:00:49,0.00138730,1.35000000
2018-02-24 05:00:51,0.00138850,2.77000000
2018-02-24 05:00:51,0.00138850,354.52000000
2018-02-24 05:00:52,0.00138900,9.06000000
2018-02-24 05:00:59,0.00138800,28.00000000
2018-02-24 05:00:59,0.00138900,3.41000000
2018-02-24 05:01:02,0.00138900,17.94000000
2018-02-24 05:01:02,0.00138900,3.94000000
2018-02-24 05:01:02,0.00138900,409.97000000
2018-02-24 05:01:02,0.00138900,221.72000000
2018-02-24 05:01:04,0.00138960,10.00000000
2018-02-24 05:01:06,0.00138960,8.11000000
2018-02-24 05:01:06,0.00138980,3.60000000
2018-02-24 05:01:06,0.00138990,3.25000000
2018-02-24 05:01:08,0.00138870,5.79000000
2018-02-24 05:01:09,0.00138960,100.00000000
2018-02-24 05:01:09,0.00138990,21.00000000
2018-02-24 05:01:09,0.00138960,26.90000000
2018-02-24 05:01:17,0.00138990,2.00000000
2018-02-24 05:01:18,0.00138960,3.03000000
2018-02-24 05:01:19,0.00138960,3.03000000
2018-02-24 05:01:20,0.00138960,21.56000000
2018-02-24 05:01:20,0.00138960,37.90000000
2018-02-24 05:01:20,0.00138960,37.90000000
2018-02-24 05:01:20,0.00138960,37.95000000
2018-02-24 05:01:20,0.00138960,21.56000000
2018-02-24 05:01:21,0.00138960,17.62000000
2018-02-24 05:01:22,0.00138860,3.90000000
2018-02-24 05:01:23,0.00138960,61.12000000
2018-02-24 05:01:24,0.00138900,186.61000000
2018-02-24 05:01:26,0.00138960,46.78000000
2018-02-24 05:01:26,0.00138960,16.74000000
2018-02-24 05:01:31,0.00138960,1.74000000
2018-02-24 05:01:31,0.00138960,21.57000000
2018-02-24 05:01:31,0.00138960,21.57000000
2018-02-24 05:01:31,0.00138960,35.98000000
2018-02-24 05:01:31,0.00138960,9.64000000
2018-02-24 05:01:31,0.00138950,7.30000000
2018-02-24 05:01:31,0.00138880,7.30000000
2018-02-24 05:01:31,0.00138860,2.35000000
2018-02-24 05:01:31,0.00138990,12.63000000
2018-02-24 05:01:31,0.00138940,7.30000000
2018-02-24 05:01:32,0.00138960,15.30000000
2018-02-24 05:01:34,0.00138880,21.57000000
2018-02-24 05:01:34,0.00138880,21.57000000
2018-02-24 05:01:34,0.00138880,96.22000000
2018-02-24 05:01:34,0.00138880,15.95000000
2018-02-24 05:01:34,0.00138880,4.61000000
2018-02-24 05:01:34,0.00138880,21.57000000
2018-02-24 05:01:34,0.00138860,4.85000000
2018-02-24 05:01:34,0.00138860,21.57000000
2018-02-24 05:01:35,0.00138860,17.95000000
2018-02-24 05:01:36,0.00138840,7.30000000
2018-02-24 05:01:37,0.00138860,7.98000000
2018-02-24 05:01:38,0.00138880,21.58000000
2018-02-24 05:01:38,0.00138880,36.00000000
2018-02-24 05:01:38,0.00138860,21.58000000
2018-02-24 05:01:38,0.00138860,21.58000000
2018-02-24 05:01:38,0.00138860,8.30000000
2018-02-24 05:01:38,0.00138880,21.57000000
2018-02-24 05:01:38,0.00138880,21.57000000
2018-02-24 05:01:38,0.00138880,21.58000000
2018-02-24 05:01:38,0.00138880,36.00000000
2018-02-24 05:01:38,0.00138880,21.57000000
2018-02-24 05:01:38,0.00138880,21.58000000
2018-02-24 05:01:38,0.00138880,21.58000000
2018-02-24 05:01:38,0.00138880,10.38000000
2018-02-24 05:01:38,0.00138860,245.42000000
2018-02-24 05:01:38,0.00138900,21.57000000
2018-02-24 05:01:39,0.00138900,21.58000000
2018-02-24 05:01:40,0.00138840,3.12000000
2018-02-24 05:01:40,0.00138840,16.79000000
2018-02-24 05:01:40,0.00138840,23.03000000
2018-02-24 05:01:41,0.00138800,40.46000000
2018-02-24 05:01:41,0.00138800,24.39000000
2018-02-24 05:01:42,0.00138800,36.87000000
2018-02-24 05:01:42,0.00138800,15.08000000
2018-02-24 05:01:42,0.00138800,20.82000000
2018-02-24 05:01:42,0.00138800,110.61000000
2018-02-24 05:01:42,0.00138800,137.66000000
2018-02-24 05:01:44,0.00138800,2.00000000
2018-02-24 05:01:49,0.00138750,34.53000000
2018-02-24 05:01:50,0.00138800,1.03000000
2018-02-24 05:01:54,0.00138800,0.81000000
2018-02-24 05:01:56,0.00138800,4.00000000
2018-02-24 05:01:56,0.00138750,29.14000000
2018-02-24 05:01:59,0.00138750,209.01000000
2018-02-24 05:01:59,0.00138720,14.41000000
2018-02-24 05:01:59,0.00138650,7.00000000
2018-02-24 05:01:59,0.00138600,97.93000000
2018-02-24 05:01:59,0.00138490,73.61000000
2018-02-24 05:02:00,0.00138640,137.03000000
2018-02-24 05:02:00,0.00138790,20.00000000
2018-02-24 05:02:00,0.00138800,66.97000000
2018-02-24 05:02:00,0.00138880,2.50000000
2018-02-24 05:02:05,0.00138810,12.89000000
2018-02-24 05:02:05,0.00138880,25.42000000
2018-02-24 05:02:06,0.00138880,7.11000000
2018-02-24 05:02:06,0.00138880,12.91000000
2018-02-24 05:02:06,0.00138840,2.26000000
2018-02-24 05:02:06,0.00138800,10.80000000
2018-02-24 05:02:08,0.00138810,322.93000000
2018-02-24 05:02:08,0.00138800,261.30000000
2018-02-24 05:02:08,0.00138640,137.03000000
2018-02-24 05:02:08,0.00138490,19.40000000
2018-02-24 05:02:08,0.00138400,70.00000000
2018-02-24 05:02:08,0.00138390,4.00000000
2018-02-24 05:02:08,0.00138250,34.00000000
2018-02-24 05:02:08,0.00138240,151.04000000
2018-02-24 05:02:08,0.00138260,123.27000000
2018-02-24 05:02:08,0.00138250,42.45000000
2018-02-24 05:02:11,0.00138330,70.00000000
2018-02-24 05:02:11,0.00138320,10.84000000
2018-02-24 05:02:11,0.00138280,100.32000000
2018-02-24 05:02:11,0.00138250,18.64000000
2018-02-24 05:02:11,0.00138370,1.00000000
2018-02-24 05:02:13,0.00138390,79.00000000
2018-02-24 05:02:13,0.00138380,2.27000000
2018-02-24 05:02:13,0.00138330,8.06000000
2018-02-24 05:02:13,0.00138660,21.00000000
2018-02-24 05:02:13,0.00138660,21.00000000
2018-02-24 05:02:13,0.00138660,30.28000000
2018-02-24 05:02:14,0.00138650,28.06000000
2018-02-24 05:02:14,0.00138660,50.99000000
2018-02-24 05:02:15,0.00138660,50.00000000
2018-02-24 05:02:16,0.00138530,393.41000000
2018-02-24 05:02:21,0.00138640,100.00000000
2018-02-24 05:02:21,0.00138530,12.53000000
2018-02-24 05:02:21,0.00138410,3.45000000
2018-02-24 05:02:22,0.00138410,1.92000000
2018-02-24 05:02:22,0.00138410,20.10000000
2018-02-24 05:02:22,0.00138650,42.45000000
2018-02-24 05:02:22,0.00138730,14.41000000
2018-02-24 05:02:22,0.00138750,36.77000000
2018-02-24 05:02:22,0.00138880,117.28000000
2018-02-24 05:02:23,0.00138630,18.05000000
2018-02-24 05:02:23,0.00138640,7.30000000
2018-02-24 05:02:23,0.00138700,5.28000000
2018-02-24 05:02:23,0.00138880,46.20000000
2018-02-24 05:02:23,0.00138900,1.14000000
2018-02-24 05:02:28,0.00138640,1.32000000
2018-02-24 05:02:29,0.00138890,20.00000000
2018-02-24 05:02:29,0.00138900,2.86000000
2018-02-24 05:02:29,0.00138900,21.59000000
2018-02-24 05:02:29,0.00138900,2.99000000
2018-02-24 05:02:29,0.00138900,7.25000000
2018-02-24 05:02:31,0.00138750,2.27000000
2018-02-24 05:02:31,0.00138750,156.86000000
2018-02-24 05:02:33,0.00138670,6.41000000
2018-02-24 05:02:34,0.00138750,2.27000000
2018-02-24 05:02:43,0.00138800,3.99000000
2018-02-24 05:02:43,0.00138860,0.83000000
2018-02-24 05:02:44,0.00138880,13.59000000
2018-02-24 05:02:46,0.00138870,415.51000000
2018-02-24 05:02:51,0.00138890,2.41000000
2018-02-24 05:02:51,0.00138900,4.05000000
2018-02-24 05:02:53,0.00138900,46.37000000
2018-02-24 05:02:53,0.00138950,151.63000000
2018-02-24 05:02:53,0.00138860,3.85000000
2018-02-24 05:02:53,0.00138940,2.26000000
2018-02-24 05:02:53,0.00138940,1.33000000
2018-02-24 05:02:53,0.00138880,5.97000000
2018-02-24 05:02:54,0.00138880,1.33000000
2018-02-24 05:02:54,0.00138880,8.42000000
2018-02-24 05:02:54,0.00138880,10.84000000
2018-02-24 05:02:59,0.00138930,3.35000000
2018-02-24 05:02:59,0.00138910,180.74000000
2018-02-24 05:03:03,0.00138930,3.95000000
2018-02-24 05:03:03,0.00138950,9.32000000
2018-02-24 05:03:05,0.00138950,39.05000000
2018-02-24 05:03:05,0.00139000,122.43000000
2018-02-24 05:03:08,0.00138910,4.31000000
2018-02-24 05:03:12,0.00138970,2.28000000
2018-02-24 05:03:12,0.00139000,0.90000000
2018-02-24 05:03:13,0.00139000,111.49000000
2018-02-24 05:03:13,0.00139000,21.58000000
2018-02-24 05:03:13,0.00139000,10.73000000
2018-02-24 05:03:13,0.00139020,10.00000000
2018-02-24 05:03:13,0.00139070,7.45000000
2018-02-24 05:03:13,0.00139000,8.00000000
2018-02-24 05:03:14,0.00139000,3.51000000
2018-02-24 05:03:14,0.00139000,15.11000000
2018-02-24 05:03:16,0.00139070,96.68000000
2018-02-24 05:03:16,0.00139080,97.60000000
2018-02-24 05:03:17,0.00139080,2.21000000
2018-02-24 05:03:17,0.00139080,6.96000000
2018-02-24 05:03:17,0.00138930,7.19000000
2018-02-24 05:03:17,0.00138910,5.71000000
2018-02-24 05:03:17,0.00138970,437.12000000
2018-02-24 05:03:18,0.00139000,13.69000000
2018-02-24 05:03:26,0.00139050,5.00000000
2018-02-24 05:03:30,0.00139000,60.16000000
2018-02-24 05:03:31,0.00139050,20.00000000
2018-02-24 05:03:33,0.00138930,13.33000000
2018-02-24 05:03:33,0.00139050,14.45000000
2018-02-24 05:03:33,0.00139080,1.79000000
2018-02-24 05:03:33,0.00139100,31.84000000
2018-02-24 05:03:33,0.00139180,448.93000000
2018-02-24 05:03:35,0.00139050,45.64000000
2018-02-24 05:03:36,0.00138950,7.19000000
2018-02-24 05:03:36,0.00138930,3.26000000
2018-02-24 05:03:37,0.00139000,29.35000000
2018-02-24 05:03:37,0.00138930,99.04000000
2018-02-24 05:03:37,0.00138910,107.30000000
2018-02-24 05:03:37,0.00138900,7.19000000
2018-02-24 05:03:38,0.00138900,35.00000000
2018-02-24 05:03:38,0.00138900,28.32000000
2018-02-24 05:03:39,0.00138880,202.84000000
2018-02-24 05:03:40,0.00138900,64.70000000
2018-02-24 05:03:40,0.00138900,714.63000000
2018-02-24 05:03:40,0.00138900,1.79000000
2018-02-24 05:03:41,0.00138860,0.50000000
2018-02-24 05:03:42,0.00138900,127.28000000
2018-02-24 05:03:44,0.00138860,43.87000000
2018-02-24 05:03:44,0.00138900,2.40000000
2018-02-24 05:03:44,0.00138900,12.55000000
2018-02-24 05:03:44,0.00139000,4.72000000
2018-02-24 05:03:44,0.00139000,6.90000000
2018-02-24 05:03:51,0.00138970,459.22000000
2018-02-24 05:03:53,0.00139000,2.57000000
2018-02-24 05:03:53,0.00139010,7.19000000
2018-02-24 05:03:53,0.00139030,7.19000000
2018-02-24 05:03:53,0.00139050,7.53000000
2018-02-24 05:03:53,0.00139170,83.46000000
2018-02-24 05:04:02,0.00138950,6.85000000
2018-02-24 05:04:02,0.00138870,38.64000000
2018-02-24 05:04:03,0.00139170,0.92000000
2018-02-24 05:04:06,0.00139100,0.87000000
2018-02-24 05:04:06,0.00139170,7.11000000
2018-02-24 05:04:07,0.00138990,7.19000000
2018-02-24 05:04:07,0.00138970,1.86000000
2018-02-24 05:04:07,0.00139020,224.94000000
2018-02-24 05:04:08,0.00139080,7.19000000
2018-02-24 05:04:08,0.00139160,7.38000000
2018-02-24 05:04:08,0.00139070,7.30000000
2018-02-24 05:04:08,0.00139160,3.13000000
2018-02-24 05:04:11,0.00139100,17.53000000
2018-02-24 05:04:13,0.00139100,17.54000000
2018-02-24 05:04:13,0.00139170,26.29000000
2018-02-24 05:04:13,0.00139170,1.10000000
2018-02-24 05:04:13,0.00139170,56.33000000
2018-02-24 05:04:17,0.00139020,7.19000000
2018-02-24 05:04:17,0.00139000,19.81000000
2018-02-24 05:04:20,0.00139090,481.33000000
2018-02-24 05:04:20,0.00139100,100.00000000
2018-02-24 05:04:20,0.00139100,100.00000000
2018-02-24 05:04:21,0.00139100,1.70000000
2018-02-24 05:04:21,0.00139100,19.87000000
2018-02-24 05:04:21,0.00139100,21.55000000
2018-02-24 05:04:21,0.00139100,18.84000000
2018-02-24 05:04:21,0.00139100,122.18000000
2018-02-24 05:04:22,0.00139060,7.19000000
2018-02-24 05:04:22,0.00139040,7.19000000
2018-02-24 05:04:22,0.00139000,17.05000000
2018-02-24 05:04:26,0.00139130,7.19000000
2018-02-24 05:04:26,0.00139150,2.68000000
2018-02-24 05:04:26,0.00139100,13.66000000
2018-02-24 05:04:33,0.00139150,51.91000000
2018-02-24 05:04:36,0.00139170,153.00000000
2018-02-24 05:04:36,0.00139150,9.99000000
2018-02-24 05:04:36,0.00139150,6.62000000
2018-02-24 05:04:36,0.00139130,48.71000000
2018-02-24 05:04:37,0.00139130,2.40000000
2018-02-24 05:04:40,0.00139150,17.05000000
2018-02-24 05:04:40,0.00139170,121.64000000
2018-02-24 05:04:41,0.00139180,1.98000000
2018-02-24 05:04:41,0.00139170,9.99000000
2018-02-24 05:04:47,0.00139180,5.57000000
2018-02-24 05:04:49,0.00139180,1.80000000
2018-02-24 05:04:49,0.00139180,63.40000000
2018-02-24 05:04:49,0.00139190,569.25000000
2018-02-24 05:04:49,0.00139200,83.57000000
2018-02-24 05:04:50,0.00139170,9.94000000
2018-02-24 05:04:56,0.00139180,10.00000000
2018-02-24 05:04:57,0.00139200,800.00000000
2018-02-24 05:04:57,0.00139180,25.10000000
2018-02-24 05:04:58,0.00139200,23.37000000
2018-02-24 05:05:00,0.00139190,12.68000000
2018-02-24 05:05:04,0.00139190,5.00000000
2018-02-24 05:05:08,0.00139190,48.51000000
2018-02-24 05:05:09,0.00139190,0.97000000
2018-02-24 05:05:09,0.00139200,42.06000000
2018-02-24 05:05:09,0.00139220,20.16000000
2018-02-24 05:05:09,0.00139230,98.61000000
2018-02-24 05:05:09,0.00139240,242.48000000
2018-02-24 05:05:10,0.00139200,1.56000000
2018-02-24 05:05:11,0.00139200,6.38000000
2018-02-24 05:05:11,0.00139190,33.62000000
2018-02-24 05:05:11,0.00139190,77.47000000
2018-02-24 05:05:13,0.00139240,26.21000000
2018-02-24 05:05:14,0.00139210,269.15000000
2018-02-24 05:05:15,0.00139200,50.00000000
2018-02-24 05:05:16,0.00139200,12.95000000
2018-02-24 05:05:16,0.00139240,11.97000000
2018-02-24 05:05:19,0.00139240,80.59000000
2018-02-24 05:05:19,0.00139250,769.60000000
2018-02-24 05:05:22,0.00139250,7.17000000
2018-02-24 05:05:22,0.00139240,25.03000000
2018-02-24 05:05:22,0.00139200,173.34000000
2018-02-24 05:05:22,0.00139190,42.61000000
2018-02-24 05:05:23,0.00139250,50.00000000
2018-02-24 05:05:25,0.00139250,151.06000000
2018-02-24 05:05:27,0.00139250,400.00000000
2018-02-24 05:05:27,0.00139250,4.28000000
2018-02-24 05:05:28,0.00139250,1055.12000000
2018-02-24 05:05:29,0.00139290,279.25000000
2018-02-24 05:05:29,0.00139290,300.00000000
2018-02-24 05:05:29,0.00139290,170.75000000
2018-02-24 05:05:31,0.00139290,5.01000000
2018-02-24 05:05:31,0.00139290,121.29000000
2018-02-24 05:05:31,0.00139290,36.65000000
2018-02-24 05:05:32,0.00139290,185.00000000
2018-02-24 05:05:32,0.00139250,1.55000000
2018-02-24 05:05:35,0.00139290,7.10000000
2018-02-24 05:05:35,0.00139260,34.87000000
2018-02-24 05:05:38,0.00139290,21.67000000
2018-02-24 05:05:39,0.00139290,476.15000000
2018-02-24 05:05:40,0.00139300,16.13000000
2018-02-24 05:05:41,0.00139290,54.66000000
2018-02-24 05:05:41,0.00139250,573.41000000
2018-02-24 05:05:42,0.00139250,20.00000000
2018-02-24 05:05:42,0.00139300,113.67000000
2018-02-24 05:05:44,0.00139290,10.43000000
2018-02-24 05:05:45,0.00139300,9.36000000
2018-02-24 05:05:46,0.00139300,2.27000000
2018-02-24 05:05:47,0.00139310,0.81000000
2018-02-24 05:05:48,0.00139310,6.42000000
2018-02-24 05:05:50,0.00139330,10.10000000
2018-02-24 05:05:50,0.00139340,11.80000000
2018-02-24 05:05:51,0.00139350,30.96000000
2018-02-24 05:05:54,0.00139350,20.57000000
2018-02-24 05:05:54,0.00139360,7.74000000
2018-02-24 05:05:55,0.00139360,21.51000000
2018-02-24 05:05:55,0.00139360,18.45000000
2018-02-24 05:05:55,0.00139390,50.55000000
2018-02-24 05:05:55,0.00139350,47.96000000
2018-02-24 05:05:56,0.00139300,21.36000000
2018-02-24 05:05:56,0.00139260,2.79000000
2018-02-24 05:05:56,0.00139250,6.20000000
2018-02-24 05:05:56,0.00139390,335.73000000
2018-02-24 05:05:56,0.00139400,460.54000000
2018-02-24 05:05:56,0.00139400,1.93000000
2018-02-24 05:05:57,0.00139360,118.87000000
2018-02-24 05:05:58,0.00139260,4.80000000
2018-02-24 05:05:58,0.00139250,84.24000000
2018-02-24 05:05:58,0.00139400,43.13000000
2018-02-24 05:05:58,0.00139400,143.54000000
2018-02-24 05:05:59,0.00139400,0.64000000
2018-02-24 05:05:59,0.00139350,9.61000000
2018-02-24 05:06:00,0.00139400,4.15000000
2018-02-24 05:06:00,0.00139320,7.19000000
2018-02-24 05:06:00,0.00139300,10.12000000
2018-02-24 05:06:00,0.00139260,0.29000000
2018-02-24 05:06:00,0.00139380,7.19000000
2018-02-24 05:06:01,0.00139400,4.64000000
2018-02-24 05:06:01,0.00139400,19.09000000
2018-02-24 05:06:01,0.00139290,55.00000000
2018-02-24 05:06:01,0.00139400,802.42000000
2018-02-24 05:06:03,0.00139400,72.55000000
2018-02-24 05:06:03,0.00139400,14.65000000
2018-02-24 05:06:04,0.00139400,21.50000000
2018-02-24 05:06:04,0.00139400,17.64000000
2018-02-24 05:06:04,0.00139400,21.50000000
2018-02-24 05:06:04,0.00139400,2.81000000
2018-02-24 05:06:05,0.00139350,1.80000000
2018-02-24 05:06:05,0.00139350,54.68000000
2018-02-24 05:06:06,0.00139350,1.80000000
2018-02-24 05:06:07,0.00139400,31.69000000
2018-02-24 05:06:08,0.00139400,3.43000000
2018-02-24 05:06:09,0.00139400,15.00000000
2018-02-24 05:06:09,0.00139330,2.26000000
2018-02-24 05:06:10,0.00139400,21.50000000
2018-02-24 05:06:10,0.00139400,21.50000000
2018-02-24 05:06:10,0.00139400,21.50000000
2018-02-24 05:06:10,0.00139400,28.74000000
2018-02-24 05:06:10,0.00139400,162.10000000
2018-02-24 05:06:10,0.00139400,20.67000000
2018-02-24 05:06:11,0.00139400,21.50000000
2018-02-24 05:06:11,0.00139400,21.50000000
2018-02-24 05:06:11,0.00139400,21.49000000
2018-02-24 05:06:11,0.00139400,0.02000000
2018-02-24 05:06:11,0.00139400,21.50000000
2018-02-24 05:06:11,0.00139400,21.50000000
2018-02-24 05:06:11,0.00139400,21.50000000
2018-02-24 05:06:11,0.00139400,21.49000000
2018-02-24 05:06:11,0.00139400,12.35000000
2018-02-24 05:06:13,0.00139390,3.13000000
2018-02-24 05:06:13,0.00139400,7.29000000
2018-02-24 05:06:14,0.00139390,8.85000000
2018-02-24 05:06:15,0.00139400,1753.77000000
2018-02-24 05:06:16,0.00139390,21.51000000
2018-02-24 05:06:16,0.00139390,8.49000000
2018-02-24 05:06:16,0.00139400,276.66000000
2018-02-24 05:06:16,0.00139400,170.60000000
2018-02-24 05:06:17,0.00139400,300.00000000
2018-02-24 05:06:18,0.00139400,743.28000000
2018-02-24 05:06:18,0.00139400,1.63000000
2018-02-24 05:06:18,0.00139400,370.60000000
2018-02-24 05:06:18,0.00139400,21.51000000
2018-02-24 05:06:19,0.00139400,140.23000000
2018-02-24 05:06:19,0.00139400,719.88000000
2018-02-24 05:06:19,0.00139400,588.15000000
2018-02-24 05:06:19,0.00139400,196.42000000
2018-02-24 05:06:19,0.00139410,1.44000000
2018-02-24 05:06:19,0.00139430,2.11000000
2018-02-24 05:06:19,0.00139440,3.56000000
2018-02-24 05:06:19,0.00139450,195.76000000
2018-02-24 05:06:19,0.00139460,2.97000000
2018-02-24 05:06:19,0.00139460,24.15000000
2018-02-24 05:06:19,0.00139490,5.13000000
2018-02-24 05:06:19,0.00139500,27.95000000
2018-02-24 05:06:20,0.00139400,168.99000000
2018-02-24 05:06:20,0.00139330,3.10000000
2018-02-24 05:06:20,0.00139320,207.19000000
2018-02-24 05:06:20,0.00139310,15.00000000
2018-02-24 05:06:20,0.00139300,147.45000000
2018-02-24 05:06:21,0.00139430,1.86000000
2018-02-24 05:06:21,0.00139440,2.28000000
2018-02-24 05:06:21,0.00139500,73.66000000
2018-02-24 05:06:21,0.00139500,12.04000000
2018-02-24 05:06:22,0.00139400,3.00000000
2018-02-24 05:06:22,0.00139320,7.19000000
2018-02-24 05:06:22,0.00139310,2.03000000
2018-02-24 05:06:22,0.00139390,21.50000000
2018-02-24 05:06:22,0.00139390,291.36000000
2018-02-24 05:06:22,0.00139410,2.00000000
2018-02-24 05:06:22,0.00139480,7.19000000
2018-02-24 05:06:22,0.00139500,90.81000000
2018-02-24 05:06:23,0.00139460,0.97000000
2018-02-24 05:06:24,0.00139400,1.12000000
2018-02-24 05:06:26,0.00139410,6.48000000
2018-02-24 05:06:28,0.00139450,112.70000000
2018-02-24 05:06:28,0.00139500,60.78000000
2018-02-24 05:06:28,0.00139500,341.36000000
2018-02-24 05:06:28,0.00139520,299.22000000
2018-02-24 05:06:28,0.00139540,173.52000000
2018-02-24 05:06:28,0.00139560,7.90000000
2018-02-24 05:06:28,0.00139580,6.21000000
2018-02-24 05:06:28,0.00139600,97.89000000
2018-02-24 05:06:28,0.00139600,83.38000000
2018-02-24 05:06:28,0.00139610,3.61000000
2018-02-24 05:06:28,0.00139640,79.89000000
2018-02-24 05:06:28,0.00139650,88.28000000
2018-02-24 05:06:28,0.00139660,30.52000000
2018-02-24 05:06:28,0.00139680,98.83000000
2018-02-24 05:06:29,0.00139540,121.29000000
2018-02-24 05:06:29,0.00139540,12.00000000
2018-02-24 05:06:30,0.00139700,43.27000000
2018-02-24 05:06:31,0.00139700,109.03000000
2018-02-24 05:06:31,0.00139730,3.63000000
2018-02-24 05:06:31,0.00139740,31.60000000
2018-02-24 05:06:31,0.00139750,2.80000000
2018-02-24 05:06:31,0.00139800,262.12000000
2018-02-24 05:06:32,0.00139800,112.27000000
2018-02-24 05:06:32,0.00139800,14.35000000
2018-02-24 05:06:33,0.00139600,2.73000000
2018-02-24 05:06:33,0.00139800,2.45000000
2018-02-24 05:06:35,0.00139790,2.00000000
2018-02-24 05:06:35,0.00139790,0.21000000
2018-02-24 05:06:35,0.00139800,6.32000000
2018-02-24 05:06:35,0.00139830,12.24000000
2018-02-24 05:06:37,0.00139800,109.75000000
2018-02-24 05:06:37,0.00139830,90.25000000
2018-02-24 05:06:37,0.00139800,2.85000000
2018-02-24 05:06:37,0.00139650,2.85000000
2018-02-24 05:06:38,0.00139800,1.39000000
2018-02-24 05:06:38,0.00139800,2.40000000
2018-02-24 05:06:38,0.00139810,8.35000000
2018-02-24 05:06:38,0.00139810,21.45000000
2018-02-24 05:06:39,0.00139810,48.78000000
2018-02-24 05:06:39,0.00139800,2.21000000
2018-02-24 05:06:39,0.00139800,2.34000000
2018-02-24 05:06:39,0.00139650,29.74000000
2018-02-24 05:06:39,0.00139640,7.19000000
2018-02-24 05:06:39,0.00139630,20.00000000
2018-02-24 05:06:39,0.00139620,7.19000000
2018-02-24 05:06:39,0.00139610,6.79000000
2018-02-24 05:06:40,0.00139780,7.19000000
2018-02-24 05:06:40,0.00139800,111.48000000
2018-02-24 05:06:40,0.00139800,1.12000000
2018-02-24 05:06:40,0.00139610,3.48000000
2018-02-24 05:06:41,0.00139630,7.19000000
2018-02-24 05:06:41,0.00139610,76.25000000
2018-02-24 05:06:41,0.00139560,48.64000000
2018-02-24 05:06:41,0.00139540,328.78000000
2018-02-24 05:06:41,0.00139790,7.19000000
2018-02-24 05:06:41,0.00139800,184.76000000
2018-02-24 05:06:41,0.00139810,29.80000000
2018-02-24 05:06:41,0.00139820,7.19000000
2018-02-24 05:06:41,0.00139830,45.09000000
2018-02-24 05:06:41,0.00139840,86.55000000
2018-02-24 05:06:41,0.00139860,14.47000000
2018-02-24 05:06:41,0.00139870,419.24000000
2018-02-24 05:06:41,0.00139880,205.40000000
2018-02-24 05:06:41,0.00139890,824.17000000
2018-02-24 05:06:41,0.00139900,36.45000000
2018-02-24 05:06:41,0.00139900,10.00000000
2018-02-24 05:06:41,0.00139540,1.80000000
2018-02-24 05:06:42,0.00139800,9.77000000
2018-02-24 05:06:42,0.00139800,392.49000000
2018-02-24 05:06:42,0.00139800,5.00000000
2018-02-24 05:06:42,0.00139900,111.21000000
2018-02-24 05:06:42,0.00139800,4.73000000
2018-02-24 05:06:43,0.00139800,137.60000000
2018-02-24 05:06:43,0.00139550,4.73000000
2018-02-24 05:06:43,0.00139890,0.75000000
2018-02-24 05:06:43,0.00139610,1.74000000
2018-02-24 05:06:45,0.00139800,50.00000000
2018-02-24 05:06:45,0.00139870,104.73000000
2018-02-24 05:06:45,0.00139890,67.45000000
2018-02-24 05:06:45,0.00139900,484.27000000
2018-02-24 05:06:45,0.00139890,2.21000000
2018-02-24 05:06:45,0.00139890,6.30000000
2018-02-24 05:06:45,0.00139660,5.93000000
2018-02-24 05:06:45,0.00139660,2.40000000
2018-02-24 05:06:45,0.00139900,6.93000000
2018-02-24 05:06:45,0.00139660,2.21000000
2018-02-24 05:06:46,0.00139900,431.95000000
2018-02-24 05:06:46,0.00139660,89.46000000
2018-02-24 05:06:46,0.00139650,107.22000000
2018-02-24 05:06:46,0.00139580,7.19000000
2018-02-24 05:06:46,0.00139550,136.29000000
2018-02-24 05:06:46,0.00139550,89.46000000
2018-02-24 05:06:47,0.00139850,164.63000000
2018-02-24 05:06:47,0.00139870,7.19000000
2018-02-24 05:06:47,0.00139890,45.27000000
2018-02-24 05:06:47,0.00139890,32.69000000
2018-02-24 05:06:49,0.00139690,7.19000000
2018-02-24 05:06:49,0.00139800,2.29000000
2018-02-24 05:06:50,0.00139590,7.22000000
2018-02-24 05:06:51,0.00139800,1.68000000
2018-02-24 05:06:51,0.00139800,2.00000000
2018-02-24 05:06:52,0.00139800,3.18000000
2018-02-24 05:06:52,0.00139880,4.29000000
2018-02-24 05:06:53,0.00139620,6.54000000
2018-02-24 05:06:53,0.00139800,48.16000000
2018-02-24 05:06:54,0.00139650,3.00000000
2018-02-24 05:06:54,0.00139880,2.00000000
2018-02-24 05:06:54,0.00139650,4.19000000
2018-02-24 05:06:54,0.00139630,0.81000000
2018-02-24 05:06:55,0.00139830,5.00000000
2018-02-24 05:06:57,0.00139830,5.00000000
2018-02-24 05:06:57,0.00139840,7.19000000
2018-02-24 05:06:57,0.00139850,29.35000000
2018-02-24 05:06:57,0.00139860,7.19000000
2018-02-24 05:06:57,0.00139880,76.65000000
2018-02-24 05:06:57,0.00139880,1.89000000
2018-02-24 05:06:58,0.00139830,218.52000000
2018-02-24 05:06:58,0.00139880,8.50000000
2018-02-24 05:06:59,0.00139830,28.60000000
2018-02-24 05:06:59,0.00139830,5.00000000
2018-02-24 05:06:59,0.00139870,35.88000000
2018-02-24 05:06:59,0.00139880,1348.92000000
2018-02-24 05:06:59,0.00139890,82.37000000
2018-02-24 05:06:59,0.00139900,259.42000000
2018-02-24 05:07:00,0.00139880,21.44000000
2018-02-24 05:07:00,0.00139880,21.44000000
2018-02-24 05:07:00,0.00139880,2.12000000
2018-02-24 05:07:00,0.00139850,34.04000000
2018-02-24 05:07:00,0.00139850,300.92000000
2018-02-24 05:07:01,0.00139850,5.00000000
2018-02-24 05:07:01,0.00139850,22.78000000
2018-02-24 05:07:01,0.00139880,0.98000000
2018-02-24 05:07:01,0.00139900,21.28000000
2018-02-24 05:07:01,0.00139850,6.26000000
2018-02-24 05:07:01,0.00139830,6.26000000
2018-02-24 05:07:01,0.00139830,66.10000000
2018-02-24 05:07:03,0.00139900,1141.19000000
2018-02-24 05:07:03,0.00139900,6.39000000
2018-02-24 05:07:03,0.00139900,0.80000000
2018-02-24 05:07:04,0.00139900,5.00000000
2018-02-24 05:07:04,0.00139900,762.60000000
2018-02-24 05:07:04,0.00139780,7.19000000
2018-02-24 05:07:04,0.00139760,10.26000000
2018-02-24 05:07:04,0.00139760,9.99000000
2018-02-24 05:07:04,0.00139850,2.73000000
2018-02-24 05:07:04,0.00139760,15.67000000
2018-02-24 05:07:04,0.00139850,178.74000000
2018-02-24 05:07:04,0.00139760,10.00000000
2018-02-24 05:07:05,0.00139850,55.93000000
2018-02-24 05:07:05,0.00139880,7.19000000
2018-02-24 05:07:05,0.00139910,3.75000000
2018-02-24 05:07:05,0.00139930,32.92000000
2018-02-24 05:07:05,0.00139940,1.59000000
2018-02-24 05:07:05,0.00139950,217.91000000
2018-02-24 05:07:05,0.00139760,18.89000000
2018-02-24 05:07:06,0.00139830,92.91000000
2018-02-24 05:07:07,0.00139900,14.56000000
2018-02-24 05:07:07,0.00139900,2.20000000
2018-02-24 05:07:07,0.00139900,13.76000000
2018-02-24 05:07:07,0.00139900,5.00000000
2018-02-24 05:07:08,0.00139900,3.07000000
2018-02-24 05:07:08,0.00139950,30.20000000
2018-02-24 05:07:08,0.00139950,7.15000000
2018-02-24 05:07:08,0.00139900,5.15000000
2018-02-24 05:07:08,0.00139950,0.67000000
2018-02-24 05:07:08,0.00139950,251.46000000
2018-02-24 05:07:08,0.00139960,2.32000000
2018-02-24 05:07:08,0.00139970,163.15000000
2018-02-24 05:07:08,0.00139980,122.31000000
2018-02-24 05:07:08,0.00139990,66.89000000
2018-02-24 05:07:08,0.00140000,2954.77000000
2018-02-24 05:07:08,0.00140000,101.44000000
2018-02-24 05:07:09,0.00140000,261.14000000
2018-02-24 05:07:10,0.00139920,7.19000000
2018-02-24 05:07:10,0.00139900,2.81000000
2018-02-24 05:07:11,0.00139980,7.19000000
2018-02-24 05:07:11,0.00140000,608.91000000
2018-02-24 05:07:11,0.00139900,64.97000000
2018-02-24 05:07:11,0.00139940,100.68000000
2018-02-24 05:07:12,0.00140000,200.00000000
2018-02-24 05:07:12,0.00140000,108.38000000
2018-02-24 05:07:12,0.00140000,566.65000000
2018-02-24 05:07:12,0.00140010,8.23000000
2018-02-24 05:07:12,0.00140030,7.41000000
2018-02-24 05:07:12,0.00140040,2.19000000
2018-02-24 05:07:12,0.00140100,300.00000000
2018-02-24 05:07:12,0.00140110,1.45000000
2018-02-24 05:07:12,0.00140200,530.72000000
2018-02-24 05:07:12,0.00140050,3.76000000
2018-02-24 05:07:12,0.00140050,8.76000000
2018-02-24 05:07:12,0.00140020,7.18000000
2018-02-24 05:07:12,0.00140200,1040.92000000
2018-02-24 05:07:12,0.00140210,3.06000000
2018-02-24 05:07:12,0.00140020,2.40000000
2018-02-24 05:07:12,0.00140250,1700.42000000
2018-02-24 05:07:12,0.00140250,723.35000000
2018-02-24 05:07:12,0.00140290,1.00000000
2018-02-24 05:07:13,0.00140030,3.85000000
2018-02-24 05:07:13,0.00140030,16.15000000
2018-02-24 05:07:13,0.00140020,0.34000000
2018-02-24 05:07:13,0.00140040,71.38000000
2018-02-24 05:07:13,0.00140020,16.63000000
2018-02-24 05:07:13,0.00140190,29.26000000
2018-02-24 05:07:13,0.00140380,61.74000000
2018-02-24 05:07:13,0.00140030,0.95000000
2018-02-24 05:07:13,0.00140380,9.64000000
2018-02-24 05:07:13,0.00140390,20.00000000
2018-02-24 05:07:13,0.00140400,80.78000000
2018-02-24 05:07:14,0.00140390,2.16000000
2018-02-24 05:07:14,0.00140400,15.28000000
2018-02-24 05:07:14,0.00140060,25.10000000
2018-02-24 05:07:14,0.00140060,5.51000000
2018-02-24 05:07:14,0.00140250,43.11000000
2018-02-24 05:07:14,0.00140250,33.59000000
2018-02-24 05:07:14,0.00140070,9.41000000
2018-02-24 05:07:15,0.00140070,35.73000000
2018-02-24 05:07:15,0.00140200,55.59000000
2018-02-24 05:07:15,0.00140200,144.41000000
2018-02-24 05:07:15,0.00140070,55.59000000
2018-02-24 05:07:15,0.00140070,8.68000000
2018-02-24 05:07:15,0.00140030,39.07000000
2018-02-24 05:07:15,0.00140020,161.16000000
2018-02-24 05:07:15,0.00140020,12.03000000
2018-02-24 05:07:15,0.00140200,25.88000000
2018-02-24 05:07:15,0.00140200,12.43000000
2018-02-24 05:07:16,0.00140120,7.19000000
2018-02-24 05:07:16,0.00140100,400.97000000
2018-02-24 05:07:16,0.00140070,35.69000000
2018-02-24 05:07:16,0.00140020,1470.21000000
2018-02-24 05:07:17,0.00140020,90.40000000
2018-02-24 05:07:18,0.00140150,2.00000000
2018-02-24 05:07:18,0.00140020,0.88000000
2018-02-24 05:07:18,0.00140020,6.23000000
2018-02-24 05:07:18,0.00140010,8.21000000
2018-02-24 05:07:19,0.00140140,27.24000000
2018-02-24 05:07:19,0.00140160,7.94000000
2018-02-24 05:07:19,0.00140180,5.82000000
2018-02-24 05:07:19,0.00140180,1.37000000
2018-02-24 05:07:19,0.00140200,17.93000000
2018-02-24 05:07:19,0.00140200,21.39000000
2018-02-24 05:07:19,0.00140200,21.39000000
2018-02-24 05:07:19,0.00140200,8.31000000
2018-02-24 05:07:21,0.00140200,21.27000000
2018-02-24 05:07:21,0.00140200,12.92000000
2018-02-24 05:07:21,0.00140200,5.23000000
2018-02-24 05:07:21,0.00140200,21.39000000
2018-02-24 05:07:21,0.00140210,24.97000000
2018-02-24 05:07:22,0.00140230,0.04000000
2018-02-24 05:07:23,0.00140210,4.28000000
2018-02-24 05:07:23,0.00140230,83.93000000
2018-02-24 05:07:23,0.00140250,35.74000000
2018-02-24 05:07:23,0.00140330,10.33000000
2018-02-24 05:07:23,0.00140200,8.51000000
2018-02-24 05:07:23,0.00140220,2.14000000
2018-02-24 05:07:23,0.00140220,14.66000000
2018-02-24 05:07:23,0.00140200,6.73000000
2018-02-24 05:07:23,0.00140200,21.39000000
2018-02-24 05:07:24,0.00140200,21.39000000
2018-02-24 05:07:24,0.00140310,7.19000000
2018-02-24 05:07:24,0.00140320,49.81000000
2018-02-24 05:07:24,0.00140200,21.39000000
2018-02-24 05:07:24,0.00140200,20.16000000
2018-02-24 05:07:24,0.00140210,23.07000000
2018-02-24 05:07:24,0.00140210,21.39000000
2018-02-24 05:07:24,0.00140210,8.22000000
2018-02-24 05:07:24,0.00140210,4.08000000
2018-02-24 05:07:24,0.00140210,31.60000000
2018-02-24 05:07:24,0.00140320,27.36000000
2018-02-24 05:07:24,0.00140330,24.35000000
2018-02-24 05:07:24,0.00140400,133.30000000
2018-02-24 05:07:25,0.00140200,21.39000000
2018-02-24 05:07:25,0.00140200,15.90000000
2018-02-24 05:07:25,0.00140200,3.61000000
2018-02-24 05:07:25,0.00140200,21.39000000
2018-02-24 05:07:25,0.00140230,2.22000000
2018-02-24 05:07:25,0.00140230,1.09000000
2018-02-24 05:07:25,0.00140210,10.00000000
2018-02-24 05:07:26,0.00140210,27.23000000
2018-02-24 05:07:26,0.00140200,7.64000000
2018-02-24 05:07:26,0.00140230,2.22000000
2018-02-24 05:07:26,0.00140300,22.70000000
2018-02-24 05:07:27,0.00140210,9.40000000
2018-02-24 05:07:27,0.00140300,141.93000000
2018-02-24 05:07:27,0.00140400,92.44000000
2018-02-24 05:07:27,0.00140220,4.89000000
2018-02-24 05:07:27,0.00140220,2.30000000
2018-02-24 05:07:28,0.00140210,35.68000000
2018-02-24 05:07:28,0.00140210,21.05000000
2018-02-24 05:07:28,0.00140280,7.19000000
2018-02-24 05:07:28,0.00140300,21.06000000
2018-02-24 05:07:29,0.00140410,142.88000000
2018-02-24 05:07:29,0.00140490,2.00000000
2018-02-24 05:07:29,0.00140500,58.43000000
2018-02-24 05:07:29,0.00140300,2.74000000
2018-02-24 05:07:29,0.00140390,11.23000000
2018-02-24 05:07:29,0.00140390,5.28000000
2018-02-24 05:07:29,0.00140300,0.30000000
2018-02-24 05:07:29,0.00140230,9.88000000
2018-02-24 05:07:29,0.00140210,22.48000000
2018-02-24 05:07:30,0.00140210,24.03000000
2018-02-24 05:07:30,0.00140390,126.89000000
2018-02-24 05:07:30,0.00140500,889.24000000
2018-02-24 05:07:30,0.00140500,0.90000000
2018-02-24 05:07:30,0.00140500,7.48000000
2018-02-24 05:07:30,0.00140500,7.48000000
2018-02-24 05:07:30,0.00140500,2.74000000
2018-02-24 05:07:30,0.00140520,7.19000000
2018-02-24 05:07:30,0.00140500,28.42000000
2018-02-24 05:07:30,0.00140500,5.00000000
2018-02-24 05:07:30,0.00140500,35.61000000
2018-02-24 05:07:31,0.00140500,3.73000000
2018-02-24 05:07:31,0.00140500,35.61000000
2018-02-24 05:07:31,0.00140580,7.19000000
2018-02-24 05:07:31,0.00140600,18.58000000
2018-02-24 05:07:31,0.00140700,2.00000000
2018-02-24 05:07:31,0.00140750,22.70000000
2018-02-24 05:07:31,0.00140500,41.74000000
2018-02-24 05:07:31,0.00140250,20.00000000
2018-02-24 05:07:31,0.00140200,30.19000000
2018-02-24 05:07:32,0.00140210,10.00000000
2018-02-24 05:07:32,0.00140490,14.26000000
2018-02-24 05:07:32,0.00140500,3.32000000
2018-02-24 05:07:32,0.00140600,0.83000000
2018-02-24 05:07:32,0.00140750,124.93000000
2018-02-24 05:07:32,0.00140500,278.84000000
2018-02-24 05:07:32,0.00140240,79.82000000
2018-02-24 05:07:32,0.00140750,0.21000000
2018-02-24 05:07:32,0.00140760,3.85000000
2018-02-24 05:07:32,0.00140770,3.45000000
2018-02-24 05:07:32,0.00140850,0.99000000
2018-02-24 05:07:32,0.00140900,121.52000000
2018-02-24 05:07:32,0.00140970,2.28000000
2018-02-24 05:07:32,0.00140980,74.77000000
2018-02-24 05:07:32,0.00140990,26.05000000
2018-02-24 05:07:32,0.00140240,0.67000000
2018-02-24 05:07:33,0.00140500,24.41000000
2018-02-24 05:07:33,0.00140360,357.06000000
2018-02-24 05:07:33,0.00140240,4.60000000
2018-02-24 05:07:33,0.00140490,10.00000000
2018-02-24 05:07:33,0.00140500,2.59000000
2018-02-24 05:07:33,0.00140240,47.69000000
2018-02-24 05:07:34,0.00140500,114.29000000
2018-02-24 05:07:34,0.00140700,2.90000000
2018-02-24 05:07:34,0.00140680,4.84000000
2018-02-24 05:07:34,0.00140710,2.90000000
2018-02-24 05:07:34,0.00140710,2.91000000
2018-02-24 05:07:34,0.00140710,21.32000000
2018-02-24 05:07:34,0.00140710,12.45000000
2018-02-24 05:07:34,0.00140710,6.23000000
2018-02-24 05:07:34,0.00140710,2.19000000
2018-02-24 05:07:34,0.00140710,3.32000000
2018-02-24 05:07:34,0.00140710,5.00000000
2018-02-24 05:07:34,0.00140710,9.90000000
2018-02-24 05:07:34,0.00140260,7.19000000
2018-02-24 05:07:34,0.00140250,100.00000000
2018-02-24 05:07:34,0.00140240,12.43000000
2018-02-24 05:07:34,0.00140240,35.67000000
2018-02-24 05:07:34,0.00140240,4.56000000
2018-02-24 05:07:35,0.00140210,8.02000000
2018-02-24 05:07:35,0.00140240,2.09000000
2018-02-24 05:07:35,0.00140210,2.09000000
2018-02-24 05:07:35,0.00140210,2.24000000
2018-02-24 05:07:35,0.00140230,8.23000000
2018-02-24 05:07:35,0.00140230,49.86000000
2018-02-24 05:07:35,0.00140230,8.23000000
2018-02-24 05:07:35,0.00140210,8.23000000
2018-02-24 05:07:36,0.00140210,0.13000000
2018-02-24 05:07:36,0.00140200,261.14000000
2018-02-24 05:07:36,0.00140230,4.19000000
2018-02-24 05:07:37,0.00140230,119.59000000
2018-02-24 05:07:37,0.00140230,13.74000000
2018-02-24 05:07:37,0.00140240,26.67000000
2018-02-24 05:07:37,0.00140210,2.02000000
2018-02-24 05:07:37,0.00140220,13.28000000
2018-02-24 05:07:37,0.00140240,36.91000000
2018-02-24 05:07:37,0.00140210,1.07000000
2018-02-24 05:07:37,0.00140240,21.37000000
2018-02-24 05:07:37,0.00140240,20.14000000
2018-02-24 05:07:38,0.00140240,42.00000000
2018-02-24 05:07:38,0.00140210,50.00000000
2018-02-24 05:07:38,0.00140240,42.18000000
2018-02-24 05:07:38,0.00140240,0.75000000
2018-02-24 05:07:39,0.00140240,21.37000000
2018-02-24 05:07:39,0.00140240,21.36000000
2018-02-24 05:07:39,0.00140240,35.65000000
2018-02-24 05:07:39,0.00140240,18.52000000
2018-02-24 05:07:39,0.00140210,2.09000000
2018-02-24 05:07:39,0.00140210,18.52000000
2018-02-24 05:07:40,0.00140240,52.88000000
2018-02-24 05:07:40,0.00140240,2.98000000
2018-02-24 05:07:40,0.00140240,19.74000000
2018-02-24 05:07:40,0.00140240,16.14000000
2018-02-24 05:07:41,0.00140240,5.50000000
2018-02-24 05:07:41,0.00140240,32.15000000
2018-02-24 05:07:41,0.00140350,35.69000000
2018-02-24 05:07:41,0.00140480,7.19000000
2018-02-24 05:07:41,0.00140700,21.48000000
2018-02-24 05:07:41,0.00140700,12.17000000
2018-02-24 05:07:41,0.00140700,9.15000000
2018-02-24 05:07:41,0.00140700,1.80000000
2018-02-24 05:07:41,0.00140700,2.25000000
2018-02-24 05:07:41,0.00140700,21.32000000
2018-02-24 05:07:41,0.00140700,244.71000000
2018-02-24 05:07:41,0.00140710,14.90000000
2018-02-24 05:07:41,0.00140240,6.68000000
2018-02-24 05:07:42,0.00140260,1.31000000
2018-02-24 05:07:42,0.00140260,3.55000000
2018-02-24 05:07:42,0.00140270,1.81000000
2018-02-24 05:07:43,0.00140800,5.40000000
2018-02-24 05:07:43,0.00140310,7.19000000
2018-02-24 05:07:43,0.00140270,2.81000000
2018-02-24 05:07:43,0.00140260,188.39000000
2018-02-24 05:07:45,0.00140760,57.32000000
2018-02-24 05:07:46,0.00140400,1.44000000
2018-02-24 05:07:49,0.00140480,50.00000000
2018-02-24 05:07:49,0.00140460,16.30000000
2018-02-24 05:07:49,0.00140420,7.19000000
2018-02-24 05:07:49,0.00140390,30.29000000
2018-02-24 05:07:49,0.00140330,9.94000000
2018-02-24 05:07:49,0.00140310,1.43000000
2018-02-24 05:07:49,0.00140300,148.85000000
2018-02-24 05:07:52,0.00140560,122.78000000
2018-02-24 05:07:54,0.00140620,6.83000000
2018-02-24 05:07:54,0.00140500,5.38000000
2018-02-24 05:07:54,0.00140490,6.96000000
2018-02-24 05:07:54,0.00140610,6.06000000
2018-02-24 05:07:54,0.00140620,2.92000000
2018-02-24 05:07:55,0.00140620,40.93000000
2018-02-24 05:07:55,0.00140600,1.56000000
2018-02-24 05:07:55,0.00140600,12.17000000
2018-02-24 05:07:55,0.00140620,14.86000000
2018-02-24 05:07:56,0.00140610,0.64000000
2018-02-24 05:07:56,0.00140610,100.00000000
2018-02-24 05:07:56,0.00140620,120.39000000
2018-02-24 05:07:56,0.00140660,35.65000000
2018-02-24 05:07:56,0.00140680,4.28000000
2018-02-24 05:07:56,0.00140690,19.70000000
2018-02-24 05:07:56,0.00140610,5.00000000
2018-02-24 05:07:57,0.00140610,0.97000000
2018-02-24 05:07:57,0.00140610,10.00000000
2018-02-24 05:07:57,0.00140610,64.27000000
2018-02-24 05:07:58,0.00140620,13.99000000
2018-02-24 05:07:58,0.00140600,18.42000000
2018-02-24 05:07:58,0.00140580,40.50000000
2018-02-24 05:07:58,0.00140560,84.09000000
2018-02-24 05:07:59,0.00140510,3.40000000
2018-02-24 05:07:59,0.00140620,722.16000000
2018-02-24 05:07:59,0.00140620,8.22000000
2018-02-24 05:07:59,0.00140530,7.19000000
2018-02-24 05:08:00,0.00140600,7.19000000
2018-02-24 05:08:00,0.00140620,10.15000000
2018-02-24 05:08:01,0.00140610,1.55000000
2018-02-24 05:08:01,0.00140610,0.52000000
2018-02-24 05:08:01,0.00140620,227.61000000
2018-02-24 05:08:01,0.00140610,14.60000000
2018-02-24 05:08:01,0.00140610,100.00000000
2018-02-24 05:08:01,0.00140610,100.00000000
2018-02-24 05:08:02,0.00140610,100.00000000
2018-02-24 05:08:02,0.00140610,100.00000000
2018-02-24 05:08:02,0.00140610,56.32000000
2018-02-24 05:08:02,0.00140580,14.60000000
2018-02-24 05:08:02,0.00140620,367.70000000
2018-02-24 05:08:02,0.00140620,102.74000000
2018-02-24 05:08:02,0.00140620,1.53000000
2018-02-24 05:08:02,0.00140620,190.92000000
2018-02-24 05:08:03,0.00140530,7.19000000
2018-02-24 05:08:03,0.00140510,3.79000000
2018-02-24 05:08:03,0.00140500,14.02000000
2018-02-24 05:08:03,0.00140500,2.00000000
2018-02-24 05:08:04,0.00140500,10.00000000
2018-02-24 05:08:04,0.00140590,7.19000000
2018-02-24 05:08:04,0.00140600,61.38000000
2018-02-24 05:08:04,0.00140620,683.36000000
2018-02-24 05:08:05,0.00140620,21.61000000
2018-02-24 05:08:05,0.00140500,622.25000000
2018-02-24 05:08:05,0.00140490,9.21000000
2018-02-24 05:08:05,0.00140420,21.46000000
2018-02-24 05:08:05,0.00140520,7.19000000
2018-02-24 05:08:06,0.00140500,42.81000000
2018-02-24 05:08:06,0.00140590,1.43000000
2018-02-24 05:08:06,0.00140600,7.19000000
2018-02-24 05:08:06,0.00140620,159.18000000
2018-02-24 05:08:06,0.00140620,1070.20000000
2018-02-24 05:08:06,0.00140620,1420.63000000
2018-02-24 05:08:06,0.00140690,3.42000000
2018-02-24 05:08:06,0.00140700,10.13000000
2018-02-24 05:08:06,0.00140710,4.35000000
2018-02-24 05:08:06,0.00140720,7.19000000
2018-02-24 05:08:06,0.00140750,157.79000000
2018-02-24 05:08:06,0.00140990,375.46000000
2018-02-24 05:08:06,0.00140620,192.82000000
2018-02-24 05:08:06,0.00140630,71.09000000
2018-02-24 05:08:06,0.00140620,121.73000000
2018-02-24 05:08:07,0.00140620,192.82000000
2018-02-24 05:08:07,0.00140640,5.00000000
2018-02-24 05:08:08,0.00140790,4.84000000
2018-02-24 05:08:08,0.00140790,0.72000000
2018-02-24 05:08:08,0.00140790,373.61000000
2018-02-24 05:08:08,0.00140780,1.19000000
2018-02-24 05:08:08,0.00140790,48.81000000
2018-02-24 05:08:08,0.00140700,21.29000000
2018-02-24 05:08:08,0.00140700,20.00000000
2018-02-24 05:08:09,0.00140700,23.92000000
2018-02-24 05:08:09,0.00140780,10.00000000
2018-02-24 05:08:10,0.00140720,7.19000000
2018-02-24 05:08:10,0.00140700,129.95000000
2018-02-24 05:08:10,0.00140760,61.09000000
2018-02-24 05:08:10,0.00140770,7.19000000
2018-02-24 05:08:10,0.00140790,34.20000000
2018-02-24 05:08:10,0.00140700,5.00000000
2018-02-24 05:08:10,0.00140700,115.80000000
2018-02-24 05:08:11,0.00140790,1.25000000
2018-02-24 05:08:11,0.00140970,4.25000000
2018-02-24 05:08:11,0.00140990,134.23000000
2018-02-24 05:08:12,0.00140800,2.70000000
2018-02-24 05:08:12,0.00140780,5.60000000
2018-02-24 05:08:12,0.00140780,21.29000000
2018-02-24 05:08:13,0.00140780,5.00000000
2018-02-24 05:08:13,0.00140980,0.16000000
2018-02-24 05:08:14,0.00140780,3.64000000
2018-02-24 05:08:14,0.00140980,2.91000000
2018-02-24 05:08:14,0.00140990,1.29000000
2018-02-24 05:08:14,0.00140800,11.44000000
2018-02-24 05:08:15,0.00140800,0.01000000
2018-02-24 05:08:15,0.00140780,74.75000000
2018-02-24 05:08:15,0.00140720,7.19000000
2018-02-24 05:08:15,0.00140700,16.68000000
2018-02-24 05:08:15,0.00140970,7.19000000
2018-02-24 05:08:15,0.00140980,1.06000000
2018-02-24 05:08:15,0.00140990,388.03000000
2018-02-24 05:08:16,0.00140780,2.57000000
2018-02-24 05:08:16,0.00140730,7.19000000
2018-02-24 05:08:16,0.00140710,50.00000000
2018-02-24 05:08:16,0.00140700,100.00000000
2018-02-24 05:08:16,0.00140690,5.00000000
2018-02-24 05:08:17,0.00140700,207.53000000
2018-02-24 05:08:17,0.00140700,1.98000000
2018-02-24 05:08:17,0.00140700,15.00000000
2018-02-24 05:08:17,0.00140890,12.10000000
2018-02-24 05:08:17,0.00140690,25.88000000
2018-02-24 05:08:17,0.00140690,24.12000000
2018-02-24 05:08:17,0.00140890,81.59000000
2018-02-24 05:08:17,0.00140900,48.79000000
2018-02-24 05:08:17,0.00140950,7.19000000
2018-02-24 05:08:17,0.00140970,10.00000000
2018-02-24 05:08:17,0.00140980,7.97000000
2018-02-24 05:08:17,0.00140990,12.61000000
2018-02-24 05:08:17,0.00140640,9.22000000
2018-02-24 05:08:17,0.00140630,61.87000000
2018-02-24 05:08:18,0.00140650,7.42000000
2018-02-24 05:08:18,0.00140630,2.58000000
2018-02-24 05:08:18,0.00140880,100.00000000
2018-02-24 05:08:18,0.00140910,9.22000000
2018-02-24 05:08:18,0.00140990,5.00000000
2018-02-24 05:08:19,0.00140990,768.95000000
2018-02-24 05:08:19,0.00141000,624.15000000
2018-02-24 05:08:19,0.00140700,1.83000000
2018-02-24 05:08:19,0.00140880,6.53000000
2018-02-24 05:08:20,0.00141000,2.45000000
2018-02-24 05:08:20,0.00140990,32.84000000
2018-02-24 05:08:20,0.00140990,21.27000000
2018-02-24 05:08:20,0.00140990,148.19000000
2018-02-24 05:08:20,0.00140990,45.37000000
2018-02-24 05:08:20,0.00141000,166.66000000
2018-02-24 05:08:21,0.00140990,2.19000000
2018-02-24 05:08:21,0.00141000,3501.36000000
2018-02-24 05:08:21,0.00141000,8.89000000
2018-02-24 05:08:21,0.00141010,74.63000000
2018-02-24 05:08:21,0.00141030,2.35000000
2018-02-24 05:08:21,0.00141030,7.84000000
2018-02-24 05:08:21,0.00141000,22.81000000
2018-02-24 05:08:21,0.00141000,21.27000000
2018-02-24 05:08:21,0.00141000,599.96000000
2018-02-24 05:08:22,0.00141000,2.84000000
2018-02-24 05:08:22,0.00141000,55.41000000
2018-02-24 05:08:22,0.00141000,1.23000000
2018-02-24 05:08:22,0.00141000,35.51000000
2018-02-24 05:08:22,0.00141000,3.23000000
2018-02-24 05:08:22,0.00141000,21.27000000
2018-02-24 05:08:22,0.00141000,32.25000000
2018-02-24 05:08:22,0.00141000,18.80000000
2018-02-24 05:08:22,0.00141000,21.27000000
2018-02-24 05:08:22,0.00141000,40.38000000
2018-02-24 05:08:22,0.00141000,21.27000000
2018-02-24 05:08:22,0.00141000,11.08000000
2018-02-24 05:08:22,0.00141000,5.37000000
2018-02-24 05:08:22,0.00141000,3.31000000
2018-02-24 05:08:22,0.00141000,21.27000000
2018-02-24 05:08:22,0.00141000,118.60000000
2018-02-24 05:08:23,0.00140990,3.69000000
2018-02-24 05:08:23,0.00141030,14.52000000
2018-02-24 05:08:23,0.00140990,1.13000000
2018-02-24 05:08:23,0.00140740,56.87000000
2018-02-24 05:08:23,0.00140740,10.00000000
2018-02-24 05:08:23,0.00140740,21.27000000
2018-02-24 05:08:23,0.00140750,4.82000000
2018-02-24 05:08:23,0.00140750,3.30000000
2018-02-24 05:08:23,0.00141020,55.12000000
2018-02-24 05:08:24,0.00141010,8.12000000
2018-02-24 05:08:24,0.00141020,33.02000000
2018-02-24 05:08:24,0.00141030,140.82000000
2018-02-24 05:08:25,0.00140770,2.10000000
2018-02-24 05:08:25,0.00140770,5.00000000
2018-02-24 05:08:25,0.00140770,0.09000000
2018-02-24 05:08:25,0.00140760,35.59000000
2018-02-24 05:08:26,0.00140770,1.72000000
2018-02-24 05:08:26,0.00140770,68.51000000
2018-02-24 05:08:27,0.00140990,21.27000000
2018-02-24 05:08:27,0.00140990,12.74000000
2018-02-24 05:08:27,0.00140990,2.22000000
2018-02-24 05:08:27,0.00140990,5.00000000
2018-02-24 05:08:27,0.00140990,21.27000000
2018-02-24 05:08:27,0.00140990,35.50000000
2018-02-24 05:08:27,0.00140990,33.08000000
2018-02-24 05:08:27,0.00140880,144.89000000
2018-02-24 05:08:27,0.00140990,2.00000000
2018-02-24 05:08:28,0.00140990,54.00000000
2018-02-24 05:08:28,0.00140790,1.81000000
2018-02-24 05:08:28,0.00140790,1.20000000
2018-02-24 05:08:28,0.00140790,1.00000000
2018-02-24 05:08:29,0.00140980,4.34000000
2018-02-24 05:08:29,0.00141000,165.66000000
2018-02-24 05:08:30,0.00140970,7.19000000
2018-02-24 05:08:30,0.00140980,6.98000000
2018-02-24 05:08:30,0.00140990,21.27000000
2018-02-24 05:08:30,0.00140990,10.84000000
2018-02-24 05:08:30,0.00140990,35.50000000
2018-02-24 05:08:30,0.00140990,21.27000000
2018-02-24 05:08:30,0.00140990,91.04000000
2018-02-24 05:08:30,0.00140990,35.50000000
2018-02-24 05:08:30,0.00140990,21.27000000
2018-02-24 05:08:30,0.00141000,52.34000000
2018-02-24 05:08:30,0.00140990,21.27000000
2018-02-24 05:08:30,0.00140990,35.50000000
2018-02-24 05:08:30,0.00140990,21.27000000
2018-02-24 05:08:30,0.00140990,1.90000000
2018-02-24 05:08:30,0.00140990,1.74000000
2018-02-24 05:08:30,0.00140990,3.31000000
2018-02-24 05:08:30,0.00140990,21.27000000
2018-02-24 05:08:30,0.00140990,21.27000000
2018-02-24 05:08:31,0.00140990,21.27000000
2018-02-24 05:08:31,0.00140990,3.64000000
2018-02-24 05:08:31,0.00140990,21.27000000
2018-02-24 05:08:31,0.00140990,3.31000000
2018-02-24 05:08:31,0.00140990,21.27000000
2018-02-24 05:08:31,0.00140990,21.27000000
2018-02-24 05:08:31,0.00140990,15.02000000
2018-02-24 05:08:31,0.00140990,3.31000000
2018-02-24 05:08:31,0.00140990,11.82000000
2018-02-24 05:08:31,0.00140990,14.35000000
2018-02-24 05:08:31,0.00140990,3.31000000
2018-02-24 05:08:31,0.00140990,16.28000000
2018-02-24 05:08:31,0.00140990,90.99000000
2018-02-24 05:08:32,0.00140990,21.27000000
2018-02-24 05:08:32,0.00140990,27.28000000
2018-02-24 05:08:32,0.00140820,5.00000000
2018-02-24 05:08:32,0.00140820,2.19000000
2018-02-24 05:08:32,0.00140800,19.08000000
2018-02-24 05:08:32,0.00140950,43.06000000
2018-02-24 05:08:32,0.00140800,10.00000000
2018-02-24 05:08:32,0.00140950,42.75000000
2018-02-24 05:08:32,0.00140960,7.19000000
2018-02-24 05:08:32,0.00141000,45.83000000
2018-02-24 05:08:32,0.00141000,50.00000000
2018-02-24 05:08:32,0.00141000,21.27000000
2018-02-24 05:08:33,0.00141000,93.84000000
2018-02-24 05:08:33,0.00141000,5.73000000
2018-02-24 05:08:33,0.00140800,21.27000000
2018-02-24 05:08:33,0.00140830,1.69000000
2018-02-24 05:08:34,0.00140830,5.50000000
2018-02-24 05:08:34,0.00140800,0.11000000
2018-02-24 05:08:34,0.00140830,2.40000000
2018-02-24 05:08:34,0.00140830,3.74000000
2018-02-24 05:08:34,0.00140930,12.37000000
2018-02-24 05:08:35,0.00140800,5.00000000
2018-02-24 05:08:35,0.00140940,35.62000000
2018-02-24 05:08:35,0.00140990,3.38000000
2018-02-24 05:08:36,0.00140940,2.93000000
2018-02-24 05:08:36,0.00140940,2.93000000
2018-02-24 05:08:36,0.00140940,5.89000000
2018-02-24 05:08:36,0.00140940,21.28000000
2018-02-24 05:08:36,0.00140940,14.16000000
2018-02-24 05:08:36,0.00140990,0.91000000
2018-02-24 05:08:36,0.00140940,21.27000000
2018-02-24 05:08:36,0.00140940,21.28000000
2018-02-24 05:08:36,0.00140940,15.79000000
2018-02-24 05:08:36,0.00140940,21.27000000
2018-02-24 05:08:36,0.00140990,5.05000000
2018-02-24 05:08:36,0.00140940,9.71000000
2018-02-24 05:08:36,0.00140940,21.28000000
2018-02-24 05:08:36,0.00140940,12.45000000
2018-02-24 05:08:36,0.00140940,8.84000000
2018-02-24 05:08:37,0.00140940,5.00000000
2018-02-24 05:08:37,0.00140990,1.00000000
2018-02-24 05:08:37,0.00140990,38.86000000
2018-02-24 05:08:38,0.00140940,131.76000000
2018-02-24 05:08:38,0.00140970,11.50000000
2018-02-24 05:08:38,0.00140990,37.00000000
2018-02-24 05:08:38,0.00140940,5.00000000
2018-02-24 05:08:39,0.00140990,13.74000000
2018-02-24 05:08:39,0.00140960,401.27000000
2018-02-24 05:08:39,0.00140990,1.05000000
2018-02-24 05:08:39,0.00140940,21.28000000
2018-02-24 05:08:40,0.00140940,2.37000000
2018-02-24 05:08:40,0.00140940,16.37000000
2018-02-24 05:08:40,0.00140990,46.26000000
2018-02-24 05:08:41,0.00140940,21.28000000
2018-02-24 05:08:41,0.00140940,10.33000000
2018-02-24 05:08:41,0.00140990,108.49000000
2018-02-24 05:08:41,0.00140940,5.00000000
2018-02-24 05:08:41,0.00140940,45.70000000
2018-02-24 05:08:42,0.00140940,0.75000000
2018-02-24 05:08:43,0.00140990,2.61000000
2018-02-24 05:08:43,0.00140990,19.45000000
2018-02-24 05:08:43,0.00140990,11.37000000
2018-02-24 05:08:43,0.00141000,16.52000000
2018-02-24 05:08:44,0.00141000,13.25000000
2018-02-24 05:08:44,0.00141010,7.19000000
2018-02-24 05:08:44,0.00141020,408.77000000
2018-02-24 05:08:44,0.00141020,21.27000000
2018-02-24 05:08:44,0.00141020,4.66000000
2018-02-24 05:08:44,0.00141020,5.09000000
2018-02-24 05:08:44,0.00141020,6.63000000
2018-02-24 05:08:44,0.00141020,21.27000000
2018-02-24 05:08:44,0.00141020,11.66000000
2018-02-24 05:08:44,0.00141020,20.92000000
2018-02-24 05:08:44,0.00141020,4.04000000
2018-02-24 05:08:45,0.00141020,71.23000000
2018-02-24 05:08:45,0.00141020,9.56000000
2018-02-24 05:08:45,0.00141020,147.49000000
2018-02-24 05:08:45,0.00141030,26.62000000
2018-02-24 05:08:45,0.00141060,9.22000000
2018-02-24 05:08:45,0.00141060,33.40000000
2018-02-24 05:08:45,0.00141070,5.00000000
2018-02-24 05:08:45,0.00141070,1.83000000
2018-02-24 05:08:45,0.00141070,4.50000000
2018-02-24 05:08:45,0.00141070,3.31000000
2018-02-24 05:08:46,0.00141070,3.31000000
2018-02-24 05:08:46,0.00141070,3.31000000
2018-02-24 05:08:47,0.00141070,3.31000000
2018-02-24 05:08:47,0.00141070,3.31000000
2018-02-24 05:08:47,0.00141070,3.31000000
2018-02-24 05:08:47,0.00141070,2.10000000
2018-02-24 05:08:48,0.00141070,3.31000000
2018-02-24 05:08:48,0.00141070,1.89000000
2018-02-24 05:08:48,0.00141070,3.31000000
2018-02-24 05:08:48,0.00141070,10.00000000
2018-02-24 05:08:48,0.00141070,3.31000000
2018-02-24 05:08:48,0.00141070,27.00000000
2018-02-24 05:08:48,0.00141100,12.48000000
2018-02-24 05:08:49,0.00141080,0.71000000
2018-02-24 05:08:49,0.00141070,3.31000000
2018-02-24 05:08:49,0.00141080,2.60000000
2018-02-24 05:08:49,0.00141080,2.19000000
2018-02-24 05:08:49,0.00141100,53.52000000
2018-02-24 05:08:49,0.00141100,3.31000000
2018-02-24 05:08:49,0.00141110,72.59000000
2018-02-24 05:08:50,0.00141100,4.84000000
2018-02-24 05:08:50,0.00141110,3.31000000
2018-02-24 05:08:50,0.00141110,215.20000000
2018-02-24 05:08:50,0.00141100,207.89000000
2018-02-24 05:08:50,0.00141120,1.22000000
2018-02-24 05:08:50,0.00141100,3.22000000
2018-02-24 05:08:50,0.00141100,49.32000000
2018-02-24 05:08:50,0.00141100,330.43000000
2018-02-24 05:08:50,0.00141100,282.52000000
2018-02-24 05:08:50,0.00141100,3.31000000
2018-02-24 05:08:50,0.00141100,16.67000000
2018-02-24 05:08:50,0.00141140,3.00000000
2018-02-24 05:08:50,0.00141170,1.80000000
2018-02-24 05:08:50,0.00141170,19.43000000
2018-02-24 05:08:52,0.00141180,1.05000000
2018-02-24 05:08:52,0.00141140,3.00000000
2018-02-24 05:08:53,0.00141180,16.09000000
2018-02-24 05:08:54,0.00141180,24.41000000
2018-02-24 05:08:54,0.00141200,73.19000000
2018-02-24 05:08:55,0.00141200,19.99000000
2018-02-24 05:08:55,0.00141210,120.09000000
2018-02-24 05:08:55,0.00141210,2.30000000
2018-02-24 05:08:57,0.00141210,48.53000000
2018-02-24 05:08:57,0.00141220,10.00000000
2018-02-24 05:08:57,0.00141230,21.22000000
2018-02-24 05:08:58,0.00141230,112.84000000
2018-02-24 05:08:58,0.00141290,21.22000000
2018-02-24 05:08:58,0.00141290,4.86000000
2018-02-24 05:08:58,0.00141290,21.22000000
2018-02-24 05:08:58,0.00141290,21.22000000
2018-02-24 05:08:58,0.00141290,1.00000000
2018-02-24 05:08:58,0.00141290,21.22000000
2018-02-24 05:08:58,0.00141290,21.22000000
2018-02-24 05:08:58,0.00141290,78.68000000
2018-02-24 05:08:58,0.00141290,21.22000000
2018-02-24 05:08:58,0.00141290,21.22000000
2018-02-24 05:08:58,0.00141290,21.22000000
2018-02-24 05:08:58,0.00141290,21.22000000
2018-02-24 05:08:59,0.00141290,21.22000000
2018-02-24 05:08:59,0.00141290,10.11000000
2018-02-24 05:08:59,0.00141300,21.22000000
2018-02-24 05:08:59,0.00141300,21.22000000
2018-02-24 05:08:59,0.00141300,21.22000000
2018-02-24 05:08:59,0.00141300,21.22000000
2018-02-24 05:08:59,0.00141300,21.22000000
2018-02-24 05:08:59,0.00141300,21.22000000
2018-02-24 05:08:59,0.00141230,217.09000000
2018-02-24 05:08:59,0.00141300,21.22000000
2018-02-24 05:08:59,0.00141300,21.22000000
2018-02-24 05:09:00,0.00141300,21.22000000
2018-02-24 05:09:00,0.00141300,21.22000000
2018-02-24 05:09:00,0.00141300,587.06000000
2018-02-24 05:09:00,0.00141350,50.00000000
2018-02-24 05:09:00,0.00141400,42.37000000
2018-02-24 05:09:01,0.00141400,1.31000000
2018-02-24 05:09:01,0.00141350,27.78000000
2018-02-24 05:09:02,0.00141400,245.98000000
2018-02-24 05:09:02,0.00141400,311.48000000
2018-02-24 05:09:02,0.00141410,1.28000000
2018-02-24 05:09:02,0.00141430,240.26000000
2018-02-24 05:09:02,0.00141350,388.65000000
2018-02-24 05:09:03,0.00141400,41.91000000
2018-02-24 05:09:05,0.00141300,48.64000000
2018-02-24 05:09:05,0.00141430,16.81000000
2018-02-24 05:09:05,0.00141410,64.38000000
2018-02-24 05:09:05,0.00141430,411.44000000
2018-02-24 05:09:05,0.00141490,94.18000000
2018-02-24 05:09:06,0.00141490,49.83000000
2018-02-24 05:09:06,0.00141490,206.03000000
2018-02-24 05:09:06,0.00141490,3.58000000
2018-02-24 05:09:07,0.00141490,16.48000000
2018-02-24 05:09:07,0.00141500,292.59000000
2018-02-24 05:09:07,0.00141500,21.20000000
2018-02-24 05:09:07,0.00141500,30.48000000
2018-02-24 05:09:07,0.00141500,16.36000000
2018-02-24 05:09:07,0.00141500,21.20000000
2018-02-24 05:09:07,0.00141500,21.20000000
2018-02-24 05:09:07,0.00141500,112.40000000
2018-02-24 05:09:08,0.00141520,20.29000000
2018-02-24 05:09:08,0.00141560,16.81000000
2018-02-24 05:09:08,0.00141590,2.00000000
2018-02-24 05:09:08,0.00141600,8.49000000
2018-02-24 05:09:08,0.00141610,11.88000000
2018-02-24 05:09:08,0.00141620,6.00000000
2018-02-24 05:09:08,0.00141690,1.00000000
2018-02-24 05:09:08,0.00141700,3.46000000
2018-02-24 05:09:08,0.00141760,1.42000000
2018-02-24 05:09:08,0.00141790,7.40000000
2018-02-24 05:09:08,0.00141800,28.99000000
2018-02-24 05:09:08,0.00141830,1.39000000
2018-02-24 05:09:08,0.00141870,3.41000000
2018-02-24 05:09:08,0.00141880,135.04000000
2018-02-24 05:09:08,0.00141900,89.94000000
2018-02-24 05:09:08,0.00141910,3.76000000
2018-02-24 05:09:08,0.00141930,6.00000000
2018-02-24 05:09:08,0.00141940,0.74000000
2018-02-24 05:09:08,0.00141960,1.86000000
2018-02-24 05:09:08,0.00141980,21.73000000
2018-02-24 05:09:08,0.00141990,58.72000000
2018-02-24 05:09:08,0.00141510,20.00000000
2018-02-24 05:09:08,0.00141500,1.19000000
2018-02-24 05:09:08,0.00141500,21.20000000
2018-02-24 05:09:08,0.00141510,2.56000000
2018-02-24 05:09:08,0.00141510,21.04000000
2018-02-24 05:09:08,0.00141510,21.19000000
2018-02-24 05:09:08,0.00141510,21.19000000
2018-02-24 05:09:08,0.00141510,34.62000000
2018-02-24 05:09:08,0.00141530,3.30000000
2018-02-24 05:09:08,0.00141530,2.24000000
2018-02-24 05:09:09,0.00141530,1.56000000
2018-02-24 05:09:09,0.00141510,21.19000000
2018-02-24 05:09:09,0.00141510,21.19000000
2018-02-24 05:09:09,0.00141510,9.08000000
2018-02-24 05:09:10,0.00141570,57.45000000
2018-02-24 05:09:10,0.00141550,63.16000000
2018-02-24 05:09:10,0.00141560,39.39000000
2018-02-24 05:09:10,0.00141580,7.10000000
2018-02-24 05:09:10,0.00141600,5.00000000
2018-02-24 05:09:10,0.00141800,7.68000000
2018-02-24 05:09:10,0.00141810,4.39000000
2018-02-24 05:09:10,0.00141980,115.00000000
2018-02-24 05:09:10,0.00141990,47.74000000
2018-02-24 05:09:10,0.00141510,30.29000000
2018-02-24 05:09:10,0.00141500,78.20000000
2018-02-24 05:09:11,0.00141510,70.65000000
2018-02-24 05:09:11,0.00141500,147.87000000
2018-02-24 05:09:11,0.00141810,17.19000000
2018-02-24 05:09:11,0.00141800,70.65000000
2018-02-24 05:09:11,0.00141810,5.93000000
2018-02-24 05:09:11,0.00141990,151.09000000
2018-02-24 05:09:12,0.00141650,14.33000000
2018-02-24 05:09:12,0.00141650,408.55000000
2018-02-24 05:09:12,0.00141650,5.79000000
2018-02-24 05:09:12,0.00141650,5.79000000
2018-02-24 05:09:12,0.00141660,1.76000000
2018-02-24 05:09:12,0.00141660,5.00000000
2018-02-24 05:09:12,0.00141900,5.69000000
2018-02-24 05:09:12,0.00141900,394.81000000
2018-02-24 05:09:12,0.00141990,397.93000000
2018-02-24 05:09:12,0.00141650,2.75000000
2018-02-24 05:09:13,0.00141660,2.45000000
2018-02-24 05:09:13,0.00141530,7.10000000
2018-02-24 05:09:13,0.00141510,14.13000000
2018-02-24 05:09:13,0.00141500,158.09000000
2018-02-24 05:09:13,0.00141790,7.10000000
2018-02-24 05:09:13,0.00141980,26.76000000
2018-02-24 05:09:13,0.00141990,430.76000000
2018-02-24 05:09:14,0.00141570,10.42000000
2018-02-24 05:09:14,0.00141960,76.91000000
2018-02-24 05:09:14,0.00141990,166.37000000
2018-02-24 05:09:14,0.00141810,1.84000000
2018-02-24 05:09:14,0.00141810,0.26000000
2018-02-24 05:09:15,0.00141830,7.10000000
2018-02-24 05:09:15,0.00141810,5.92000000
2018-02-24 05:09:15,0.00141830,8.19000000
2018-02-24 05:09:15,0.00141900,3.31000000
2018-02-24 05:09:15,0.00141960,3.53000000
2018-02-24 05:09:15,0.00141970,7.10000000
2018-02-24 05:09:15,0.00141990,1147.05000000
2018-02-24 05:09:15,0.00142000,2490.76000000
2018-02-24 05:09:15,0.00141580,5.49000000
2018-02-24 05:09:15,0.00141580,5.89000000
2018-02-24 05:09:15,0.00141580,5.00000000
2018-02-24 05:09:15,0.00141600,70.58000000
2018-02-24 05:09:16,0.00141980,12.35000000
2018-02-24 05:09:16,0.00141900,8.28000000
2018-02-24 05:09:16,0.00141900,0.07000000
2018-02-24 05:09:16,0.00141600,8.36000000
2018-02-24 05:09:16,0.00141600,8.35000000
2018-02-24 05:09:16,0.00141900,19.95000000
2018-02-24 05:09:16,0.00141980,74.61000000
2018-02-24 05:09:16,0.00141990,121.13000000
2018-02-24 05:09:16,0.00141600,14.63000000
2018-02-24 05:09:16,0.00141990,95.26000000
2018-02-24 05:09:16,0.00142000,512.03000000
2018-02-24 05:09:17,0.00141610,5.00000000
2018-02-24 05:09:17,0.00141990,23.62000000
2018-02-24 05:09:17,0.00142000,614.99000000
2018-02-24 05:09:17,0.00141990,14.13000000
2018-02-24 05:09:17,0.00142000,399.34000000
2018-02-24 05:09:17,0.00141650,12.54000000
2018-02-24 05:09:17,0.00141650,12.28000000
2018-02-24 05:09:17,0.00141620,25.32000000
2018-02-24 05:09:17,0.00141610,1.26000000
2018-02-24 05:09:18,0.00141650,12.28000000
2018-02-24 05:09:18,0.00142000,702.62000000
2018-02-24 05:09:18,0.00141990,27.00000000
2018-02-24 05:09:18,0.00141990,7.10000000
2018-02-24 05:09:18,0.00141990,4.18000000
2018-02-24 05:09:18,0.00141990,27.48000000
2018-02-24 05:09:18,0.00141990,12.72000000
2018-02-24 05:09:18,0.00141650,7.10000000
2018-02-24 05:09:18,0.00141650,64.34000000
2018-02-24 05:09:18,0.00141630,9.04000000
2018-02-24 05:09:18,0.00141640,12.10000000
2018-02-24 05:09:18,0.00141650,21.56000000
2018-02-24 05:09:18,0.00141650,337.08000000
2018-02-24 05:09:19,0.00141900,4.08000000
2018-02-24 05:09:19,0.00141860,275.10000000
2018-02-24 05:09:19,0.00141630,47.69000000
2018-02-24 05:09:19,0.00141630,12.70000000
2018-02-24 05:09:19,0.00141630,30.57000000
2018-02-24 05:09:19,0.00141570,60.39000000
2018-02-24 05:09:19,0.00141860,35.30000000
2018-02-24 05:09:19,0.00141890,41.52000000
2018-02-24 05:09:19,0.00141890,29.08000000
2018-02-24 05:09:19,0.00141900,4.67000000
2018-02-24 05:09:19,0.00141970,7.10000000
2018-02-24 05:09:19,0.00141990,113.02000000
2018-02-24 05:09:19,0.00142000,612.60000000
2018-02-24 05:09:19,0.00142000,391.24000000
2018-02-24 05:09:19,0.00142000,240.32000000
2018-02-24 05:09:19,0.00141570,4.99000000
2018-02-24 05:09:19,0.00141550,20.00000000
2018-02-24 05:09:19,0.00141510,12.80000000
2018-02-24 05:09:19,0.00141500,160.49000000
2018-02-24 05:09:19,0.00141430,192.96000000
2018-02-24 05:09:19,0.00142010,25.20000000
2018-02-24 05:09:19,0.00142020,15.36000000
2018-02-24 05:09:19,0.00141970,5.73000000
2018-02-24 05:09:19,0.00141970,197.16000000
2018-02-24 05:09:19,0.00141970,77.31000000
2018-02-24 05:09:19,0.00141970,11.24000000
2018-02-24 05:09:19,0.00141970,35.30000000
2018-02-24 05:09:19,0.00141970,39.00000000
2018-02-24 05:09:19,0.00141430,39.00000000
2018-02-24 05:09:19,0.00141800,15.02000000
2018-02-24 05:09:19,0.00142000,87.93000000
2018-02-24 05:09:20,0.00141900,163.44000000
2018-02-24 05:09:20,0.00141970,12.51000000
2018-02-24 05:09:20,0.00142000,85.17000000
2018-02-24 05:09:20,0.00141660,84.77000000
2018-02-24 05:09:20,0.00141650,4.74000000
2018-02-24 05:09:20,0.00141630,40.16000000
2018-02-24 05:09:20,0.00141630,1.20000000
2018-02-24 05:09:20,0.00141630,21.14000000
2018-02-24 05:09:20,0.00141710,21.17000000
2018-02-24 05:09:20,0.00141710,7.31000000
2018-02-24 05:09:20,0.00141710,6.80000000
2018-02-24 05:09:20,0.00141670,40.20000000
2018-02-24 05:09:21,0.00141670,12.04000000
2018-02-24 05:09:21,0.00141700,6.80000000
2018-02-24 05:09:21,0.00141700,0.30000000
2018-02-24 05:09:21,0.00141440,12.04000000
2018-02-24 05:09:21,0.00141650,70.66000000
2018-02-24 05:09:21,0.00141660,2.71000000
2018-02-24 05:09:21,0.00141960,100.00000000
2018-02-24 05:09:21,0.00141970,50.00000000
2018-02-24 05:09:21,0.00141980,7.10000000
2018-02-24 05:09:21,0.00142000,173.58000000
2018-02-24 05:09:22,0.00141660,443.48000000
2018-02-24 05:09:22,0.00142000,358.72000000
2018-02-24 05:09:22,0.00142000,4.71000000
2018-02-24 05:09:22,0.00142000,10.76000000
2018-02-24 05:09:22,0.00141980,38.67000000
2018-02-24 05:09:22,0.00142000,23.95000000
2018-02-24 05:09:22,0.00142000,391.67000000
2018-02-24 05:09:22,0.00142000,47.00000000
2018-02-24 05:09:22,0.00142000,77.37000000
2018-02-24 05:09:22,0.00142000,24.73000000
2018-02-24 05:09:22,0.00142000,24.73000000
2018-02-24 05:09:22,0.00142000,17.24000000
2018-02-24 05:09:23,0.00141570,15.29000000
2018-02-24 05:09:23,0.00141440,338.45000000
2018-02-24 05:09:23,0.00141430,216.26000000
2018-02-24 05:09:23,0.00141650,3.93000000
2018-02-24 05:09:23,0.00141720,14.11000000
2018-02-24 05:09:23,0.00141810,35.76000000
2018-02-24 05:09:23,0.00141440,16.09000000
2018-02-24 05:09:24,0.00141440,54.60000000
2018-02-24 05:09:24,0.00141810,25.78000000
2018-02-24 05:09:24,0.00141450,3.51000000
2018-02-24 05:09:24,0.00141810,50.00000000
2018-02-24 05:09:24,0.00141800,11.98000000
2018-02-24 05:09:25,0.00141710,21.16000000
2018-02-24 05:09:25,0.00141710,21.16000000
2018-02-24 05:09:25,0.00141710,21.16000000
2018-02-24 05:09:25,0.00141800,3.74000000
2018-02-24 05:09:25,0.00141710,21.16000000
2018-02-24 05:09:25,0.00141710,5.00000000
2018-02-24 05:09:25,0.00141710,21.16000000
2018-02-24 05:09:25,0.00141710,21.16000000
2018-02-24 05:09:25,0.00141710,8.59000000
2018-02-24 05:09:25,0.00141710,288.48000000
2018-02-24 05:09:25,0.00141650,42.14000000
2018-02-24 05:09:26,0.00141540,21.16000000
2018-02-24 05:09:26,0.00141800,21.20000000
2018-02-24 05:09:27,0.00141550,53.41000000
2018-02-24 05:09:27,0.00141590,188.60000000
2018-02-24 05:09:27,0.00141540,2.82000000
2018-02-24 05:09:27,0.00141640,4.75000000
2018-02-24 05:09:27,0.00141640,29.02000000
2018-02-24 05:09:27,0.00141650,24.84000000
2018-02-24 05:09:27,0.00141800,100.00000000
2018-02-24 05:09:27,0.00141810,13.37000000
2018-02-24 05:09:27,0.00141800,21.15000000
2018-02-24 05:09:27,0.00141800,2.53000000
2018-02-24 05:09:27,0.00141800,43.06000000
2018-02-24 05:09:28,0.00141800,11.60000000
2018-02-24 05:09:28,0.00141550,6.12000000
2018-02-24 05:09:28,0.00141800,10.12000000
2018-02-24 05:09:28,0.00141800,121.54000000
2018-02-24 05:09:28,0.00141800,72.49000000
2018-02-24 05:09:28,0.00141640,5.00000000
2018-02-24 05:09:28,0.00141640,266.36000000
2018-02-24 05:09:29,0.00141580,7.10000000
2018-02-24 05:09:29,0.00141540,151.72000000
2018-02-24 05:09:29,0.00141550,4.49000000
2018-02-24 05:09:29,0.00141540,20.70000000
2018-02-24 05:09:29,0.00141540,1.55000000
2018-02-24 05:09:29,0.00141550,1.69000000
2018-02-24 05:09:30,0.00141550,2.34000000
2018-02-24 05:09:30,0.00141550,16.37000000
2018-02-24 05:09:30,0.00141550,76.74000000
2018-02-24 05:09:30,0.00141550,0.77000000
2018-02-24 05:09:30,0.00141540,4.23000000
2018-02-24 05:09:30,0.00141590,26.20000000
2018-02-24 05:09:31,0.00141600,37.98000000
2018-02-24 05:09:31,0.00141590,1.00000000
2018-02-24 05:09:32,0.00141590,0.01000000
2018-02-24 05:09:32,0.00141570,1.41000000
2018-02-24 05:09:32,0.00141540,2.31000000
2018-02-24 05:09:32,0.00141540,4.52000000
2018-02-24 05:09:32,0.00141510,2.78000000
2018-02-24 05:09:32,0.00141590,22.79000000
2018-02-24 05:09:32,0.00141600,45.04000000
2018-02-24 05:09:33,0.00141550,14.71000000
2018-02-24 05:09:33,0.00141510,2.00000000
2018-02-24 05:09:34,0.00141550,4.20000000
2018-02-24 05:09:34,0.00141540,2.23000000
2018-02-24 05:09:34,0.00141510,9.35000000
2018-02-24 05:09:34,0.00141510,11.76000000
2018-02-24 05:09:34,0.00141500,72.94000000
2018-02-24 05:09:34,0.00141480,7.10000000
2018-02-24 05:09:34,0.00141450,7.00000000
2018-02-24 05:09:35,0.00141440,6.20000000
2018-02-24 05:09:35,0.00141430,11.14000000
2018-02-24 05:09:35,0.00141500,49.14000000
2018-02-24 05:09:36,0.00141430,10.00000000
2018-02-24 05:09:36,0.00141510,34.52000000
2018-02-24 05:09:37,0.00141510,5.94000000
2018-02-24 05:09:37,0.00141510,6.19000000
2018-02-24 05:09:37,0.00141430,39.73000000
2018-02-24 05:09:37,0.00141430,31.49000000
2018-02-24 05:09:37,0.00141430,15.56000000
2018-02-24 05:09:38,0.00141350,2.73000000
2018-02-24 05:09:38,0.00141350,0.16000000
2018-02-24 05:09:38,0.00141430,2.95000000
2018-02-24 05:09:38,0.00141500,50.18000000
2018-02-24 05:09:39,0.00141350,1.60000000
2018-02-24 05:09:39,0.00141350,72.07000000
2018-02-24 05:09:39,0.00141320,5.17000000
2018-02-24 05:09:39,0.00141290,5.06000000
2018-02-24 05:09:39,0.00141200,2.91000000
2018-02-24 05:09:40,0.00141200,21.21000000
2018-02-24 05:09:40,0.00141200,21.21000000
2018-02-24 05:09:40,0.00141170,5.49000000
2018-02-24 05:09:40,0.00141200,21.62000000
2018-02-24 05:09:40,0.00141170,21.21000000
2018-02-24 05:09:40,0.00141200,2.54000000
2018-02-24 05:09:41,0.00141180,86.74000000
2018-02-24 05:09:41,0.00141200,124.86000000
2018-02-24 05:09:41,0.00141180,9.22000000
2018-02-24 05:09:41,0.00141180,12.84000000
2018-02-24 05:09:42,0.00141180,5.00000000
2018-02-24 05:09:42,0.00141180,1.89000000
2018-02-24 05:09:42,0.00141180,20.46000000
2018-02-24 05:09:42,0.00141200,0.96000000
2018-02-24 05:09:42,0.00141200,41.68000000
2018-02-24 05:09:42,0.00141290,3.59000000
2018-02-24 05:09:42,0.00141310,2.23000000
2018-02-24 05:09:42,0.00141180,31.26000000
2018-02-24 05:09:42,0.00141310,6.00000000
2018-02-24 05:09:42,0.00141180,65.97000000
2018-02-24 05:09:42,0.00141170,56.10000000
2018-02-24 05:09:42,0.00141110,372.50000000
2018-02-24 05:09:42,0.00141100,18.42000000
2018-02-24 05:09:42,0.00141090,4.02000000
2018-02-24 05:09:42,0.00141080,0.18000000
2018-02-24 05:09:42,0.00141050,4.96000000
2018-02-24 05:09:42,0.00141030,1.16000000
2018-02-24 05:09:42,0.00141020,3.30000000
2018-02-24 05:09:42,0.00141000,80.07000000
2018-02-24 05:09:42,0.00141000,258.72000000
2018-02-24 05:09:42,0.00141030,9.47000000
2018-02-24 05:09:42,0.00141020,7.10000000
2018-02-24 05:09:42,0.00141030,5.59000000
2018-02-24 05:09:42,0.00141190,4.01000000
2018-02-24 05:09:43,0.00141200,30.75000000
2018-02-24 05:09:43,0.00141030,3.88000000
2018-02-24 05:09:43,0.00141000,78.50000000
2018-02-24 05:09:43,0.00140990,26.47000000
2018-02-24 05:09:43,0.00141310,0.43000000
2018-02-24 05:09:43,0.00141030,22.76000000
2018-02-24 05:09:43,0.00141030,8.12000000
2018-02-24 05:09:44,0.00141020,6.58000000
2018-02-24 05:09:44,0.00141030,7.04000000
2018-02-24 05:09:44,0.00141030,5.35000000
2018-02-24 05:09:45,0.00141000,2.65000000
2018-02-24 05:09:45,0.00140990,6.58000000
2018-02-24 05:09:45,0.00140990,50.98000000
2018-02-24 05:09:45,0.00140980,49.02000000
2018-02-24 05:09:45,0.00141000,391.20000000
2018-02-24 05:09:46,0.00140980,25.00000000
2018-02-24 05:09:46,0.00141030,1.55000000
2018-02-24 05:09:46,0.00141000,444.98000000
2018-02-24 05:09:46,0.00141030,28.06000000
2018-02-24 05:09:46,0.00141090,10.70000000
2018-02-24 05:09:46,0.00141180,5.15000000
2018-02-24 05:09:47,0.00141180,14.28000000
2018-02-24 05:09:47,0.00141180,31.10000000
2018-02-24 05:09:47,0.00141180,42.77000000
2018-02-24 05:09:47,0.00140990,106.96000000
2018-02-24 05:09:47,0.00140990,2.19000000
2018-02-24 05:09:47,0.00141000,19.80000000
2018-02-24 05:09:47,0.00141010,24.93000000
2018-02-24 05:09:47,0.00141030,5.27000000
2018-02-24 05:09:48,0.00140990,8.73000000
2018-02-24 05:09:48,0.00141300,54.13000000
2018-02-24 05:09:48,0.00141000,3.62000000
2018-02-24 05:09:48,0.00141030,39.86000000
2018-02-24 05:09:48,0.00141070,19.80000000
2018-02-24 05:09:48,0.00141080,288.20000000
2018-02-24 05:09:49,0.00141080,176.42000000
2018-02-24 05:09:49,0.00141000,2.09000000
2018-02-24 05:09:49,0.00141030,1.91000000
2018-02-24 05:09:49,0.00141010,1.42000000
2018-02-24 05:09:49,0.00141000,3.62000000
2018-02-24 05:09:50,0.00141000,14.29000000
2018-02-24 05:09:50,0.00140990,24.93000000
2018-02-24 05:09:50,0.00141000,6.71000000
2018-02-24 05:09:50,0.00141000,53.51000000
2018-02-24 05:09:50,0.00141000,614.66000000
2018-02-24 05:09:51,0.00141000,11.56000000
2018-02-24 05:09:51,0.00141000,11.97000000
2018-02-24 05:09:51,0.00140990,21.67000000
2018-02-24 05:09:51,0.00141010,6.28000000
2018-02-24 05:09:51,0.00141010,43.72000000
2018-02-24 05:09:51,0.00141000,6.28000000
2018-02-24 05:09:51,0.00141000,24.75000000
2018-02-24 05:09:52,0.00141000,1.26000000
2018-02-24 05:09:52,0.00141230,1.56000000
2018-02-24 05:09:52,0.00141000,36.23000000
2018-02-24 05:09:53,0.00141000,21.26000000
2018-02-24 05:09:53,0.00140990,21.97000000
2018-02-24 05:09:53,0.00140990,5.13000000
2018-02-24 05:09:53,0.00141000,129.71000000
2018-02-24 05:09:53,0.00141000,533.71000000
2018-02-24 05:09:53,0.00140990,1.44000000
2018-02-24 05:09:54,0.00141000,183.53000000
2018-02-24 05:09:54,0.00141000,15.52000000
2018-02-24 05:09:54,0.00141000,93.61000000
2018-02-24 05:09:54,0.00141000,21.47000000
2018-02-24 05:09:55,0.00141000,5.07000000
2018-02-24 05:09:55,0.00141000,1.57000000
2018-02-24 05:09:55,0.00141210,6.40000000
2018-02-24 05:09:56,0.00141000,1.46000000
2018-02-24 05:09:56,0.00141000,2.38000000
2018-02-24 05:09:56,0.00141000,14.59000000
2018-02-24 05:09:56,0.00141000,227.44000000
2018-02-24 05:09:56,0.00141000,3.00000000
2018-02-24 05:09:57,0.00141020,8.00000000
2018-02-24 05:09:57,0.00141020,92.00000000
2018-02-24 05:09:57,0.00141000,292.14000000
2018-02-24 05:09:57,0.00141100,210.70000000
2018-02-24 05:09:57,0.00141000,1.64000000
2018-02-24 05:09:58,0.00141000,52.03000000
2018-02-24 05:09:58,0.00141000,187.46000000
2018-02-24 05:09:58,0.00141000,2.18000000
2018-02-24 05:09:58,0.00141010,4.66000000
2018-02-24 05:09:58,0.00141010,54.22000000
2018-02-24 05:09:58,0.00141010,1.79000000
2018-02-24 05:09:59,0.00141010,187.31000000
2018-02-24 05:09:59,0.00141000,42.50000000
2018-02-24 05:09:59,0.00141000,8.52000000
2018-02-24 05:09:59,0.00141180,24.19000000
2018-02-24 05:09:59,0.00141180,71.68000000
2018-02-24 05:09:59,0.00141190,24.30000000
2018-02-24 05:09:59,0.00141200,9.22000000
2018-02-24 05:10:00,0.00141200,2.67000000
2018-02-24 05:10:00,0.00141200,35.00000000
2018-02-24 05:10:00,0.00141200,9.60000000
2018-02-24 05:10:01,0.00141200,26.62000000
2018-02-24 05:10:01,0.00141000,49.11000000
2018-02-24 05:10:01,0.00141000,332.35000000
2018-02-24 05:10:01,0.00141000,12.52000000
2018-02-24 05:10:01,0.00141000,573.77000000
2018-02-24 05:10:01,0.00140990,4.98000000
2018-02-24 05:10:01,0.00140980,76.49000000
2018-02-24 05:10:02,0.00140950,77.84000000
2018-02-24 05:10:02,0.00140940,25.00000000
2018-02-24 05:10:02,0.00141200,0.01000000
2018-02-24 05:10:02,0.00141000,100.06000000
2018-02-24 05:10:02,0.00140960,10.56000000
2018-02-24 05:10:02,0.00140860,70.00000000
2018-02-24 05:10:02,0.00140840,25.05000000
2018-02-24 05:10:02,0.00140810,52.97000000
2018-02-24 05:10:02,0.00140800,127.61000000
2018-02-24 05:10:02,0.00140790,7.10000000
2018-02-24 05:10:02,0.00140720,9.55000000
2018-02-24 05:10:02,0.00140660,149.09000000
2018-02-24 05:10:02,0.00140660,1.12000000
2018-02-24 05:10:03,0.00141000,34.61000000
2018-02-24 05:10:04,0.00140880,2.00000000
2018-02-24 05:10:04,0.00141190,72.00000000
2018-02-24 05:10:04,0.00141000,10.59000000
2018-02-24 05:10:04,0.00141000,2.05000000
2018-02-24 05:10:04,0.00141000,1.00000000
2018-02-24 05:10:05,0.00140940,1.85000000
2018-02-24 05:10:05,0.00140680,21.59000000
2018-02-24 05:10:05,0.00140750,2.37000000
2018-02-24 05:10:05,0.00140750,5.82000000
2018-02-24 05:10:05,0.00140750,2.37000000
2018-02-24 05:10:05,0.00140750,7.34000000
2018-02-24 05:10:05,0.00140680,2.37000000
2018-02-24 05:10:05,0.00140750,21.29000000
2018-02-24 05:10:05,0.00140750,21.29000000
2018-02-24 05:10:06,0.00140740,2.00000000
2018-02-24 05:10:06,0.00140750,19.30000000
2018-02-24 05:10:06,0.00140750,21.30000000
2018-02-24 05:10:06,0.00140750,20.82000000
2018-02-24 05:10:06,0.00140700,5.61000000
2018-02-24 05:10:06,0.00140740,19.95000000
2018-02-24 05:10:06,0.00140740,0.04000000
2018-02-24 05:10:06,0.00140750,74.89000000
2018-02-24 05:10:06,0.00140660,15.69000000
2018-02-24 05:10:06,0.00140750,9.82000000
2018-02-24 05:10:06,0.00140690,19.94000000
2018-02-24 05:10:06,0.00140750,14.67000000
2018-02-24 05:10:07,0.00140750,24.96000000
2018-02-24 05:10:08,0.00140750,10.02000000
2018-02-24 05:10:08,0.00140750,21.29000000
2018-02-24 05:10:08,0.00140750,21.29000000
2018-02-24 05:10:08,0.00140750,78.08000000
2018-02-24 05:10:08,0.00140750,21.29000000
2018-02-24 05:10:08,0.00140750,35.52000000
2018-02-24 05:10:08,0.00140750,21.29000000
2018-02-24 05:10:08,0.00140660,21.29000000
2018-02-24 05:10:08,0.00140660,33.36000000
2018-02-24 05:10:08,0.00140750,62.37000000
2018-02-24 05:10:08,0.00140750,21.29000000
2018-02-24 05:10:08,0.00140750,35.52000000
2018-02-24 05:10:08,0.00140740,31.85000000
2018-02-24 05:10:09,0.00140660,84.41000000
2018-02-24 05:10:09,0.00140660,0.59000000
2018-02-24 05:10:09,0.00140660,67.40000000
2018-02-24 05:10:09,0.00140750,6.60000000
2018-02-24 05:10:09,0.00140660,21.31000000
2018-02-24 05:10:09,0.00140660,48.99000000
2018-02-24 05:10:09,0.00140660,21.30000000
2018-02-24 05:10:09,0.00140660,21.31000000
2018-02-24 05:10:09,0.00140660,22.00000000
2018-02-24 05:10:09,0.00140660,21.31000000
2018-02-24 05:10:10,0.00140660,12.57000000
2018-02-24 05:10:10,0.00140660,12.57000000
2018-02-24 05:10:10,0.00140660,3.31000000
2018-02-24 05:10:10,0.00140660,3.30000000
2018-02-24 05:10:10,0.00140660,21.31000000
2018-02-24 05:10:10,0.00140650,2.84000000
2018-02-24 05:10:10,0.00140660,12.73000000
2018-02-24 05:10:10,0.00140660,7.00000000
2018-02-24 05:10:10,0.00140660,21.31000000
2018-02-24 05:10:10,0.00140660,0.86000000
2018-02-24 05:10:10,0.00140640,3.26000000
2018-02-24 05:10:11,0.00140620,7.28000000
2018-02-24 05:10:11,0.00140620,9.66000000
2018-02-24 05:10:11,0.00140650,21.69000000
2018-02-24 05:10:11,0.00140660,128.07000000
2018-02-24 05:10:11,0.00140690,30.00000000
2018-02-24 05:10:12,0.00140740,2.61000000
2018-02-24 05:10:12,0.00140640,39.90000000
2018-02-24 05:10:12,0.00140640,199.91000000
2018-02-24 05:10:13,0.00140740,2.95000000
2018-02-24 05:10:13,0.00140750,37.95000000
2018-02-24 05:10:13,0.00140640,3.64000000
2018-02-24 05:10:14,0.00140660,4.28000000
2018-02-24 05:10:14,0.00140640,57.72000000
2018-02-24 05:10:14,0.00140640,7.91000000
2018-02-24 05:10:14,0.00140700,7.31000000
2018-02-24 05:10:14,0.00140700,1.57000000
2018-02-24 05:10:14,0.00140640,5.14000000
2018-02-24 05:10:15,0.00140690,467.08000000
2018-02-24 05:10:15,0.00140750,247.82000000
2018-02-24 05:10:16,0.00140650,0.87000000
2018-02-24 05:10:16,0.00140650,49.13000000
2018-02-24 05:10:17,0.00140640,1.16000000
2018-02-24 05:10:17,0.00140640,0.90000000
2018-02-24 05:10:18,0.00140750,132.26000000
2018-02-24 05:10:18,0.00140650,71.05000000
2018-02-24 05:10:18,0.00140640,80.95000000
2018-02-24 05:10:18,0.00140660,50.00000000
2018-02-24 05:10:18,0.00140650,2.66000000
2018-02-24 05:10:18,0.00140640,2.47000000
2018-02-24 05:10:19,0.00140640,2.32000000
2018-02-24 05:10:19,0.00140640,90.09000000
2018-02-24 05:10:20,0.00140940,1.12000000
2018-02-24 05:10:21,0.00140940,100.53000000
2018-02-24 05:10:21,0.00140950,14.13000000
2018-02-24 05:10:22,0.00140760,17.00000000
2018-02-24 05:10:22,0.00140760,3.00000000
2018-02-24 05:10:22,0.00140750,2.00000000
2018-02-24 05:10:23,0.00140960,4.27000000
2018-02-24 05:10:23,0.00140750,8.00000000
2018-02-24 05:10:23,0.00140700,130.01000000
2018-02-24 05:10:23,0.00140650,366.76000000
2018-02-24 05:10:23,0.00140640,71.47000000
2018-02-24 05:10:23,0.00140950,50.00000000
2018-02-24 05:10:23,0.00140960,39.63000000
2018-02-24 05:10:23,0.00140970,66.01000000
2018-02-24 05:10:23,0.00141000,152.70000000
2018-02-24 05:10:23,0.00141190,100.00000000
2018-02-24 05:10:23,0.00141200,634.09000000
2018-02-24 05:10:24,0.00141210,3.96000000
2018-02-24 05:10:24,0.00141210,4.00000000
2018-02-24 05:10:24,0.00141210,4.00000000
2018-02-24 05:10:24,0.00141210,196.27000000
2018-02-24 05:10:24,0.00141210,2.65000000
2018-02-24 05:10:24,0.00141210,6.15000000
2018-02-24 05:10:24,0.00141210,4.00000000
2018-02-24 05:10:24,0.00141210,30.13000000
2018-02-24 05:10:24,0.00141210,67.31000000
2018-02-24 05:10:24,0.00141210,14.36000000
2018-02-24 05:10:24,0.00141210,14.44000000
2018-02-24 05:10:24,0.00141210,7.88000000
2018-02-24 05:10:24,0.00141210,10.71000000
2018-02-24 05:10:25,0.00141220,43.00000000
2018-02-24 05:10:25,0.00141230,3.52000000
2018-02-24 05:10:25,0.00141240,664.28000000
2018-02-24 05:10:25,0.00141210,381.60000000
2018-02-24 05:10:25,0.00141210,45.45000000
2018-02-24 05:10:26,0.00141210,3.81000000
2018-02-24 05:10:26,0.00141210,1634.24000000
2018-02-24 05:10:27,0.00141240,17.37000000
2018-02-24 05:10:27,0.00141240,629.11000000
2018-02-24 05:10:27,0.00141300,372.89000000
2018-02-24 05:10:28,0.00141300,1.12000000
2018-02-24 05:10:28,0.00141300,47.05000000
2018-02-24 05:10:28,0.00141310,1.89000000
2018-02-24 05:10:28,0.00141300,2.83000000
2018-02-24 05:10:28,0.00141300,2.83000000
2018-02-24 05:10:28,0.00141300,7.00000000
2018-02-24 05:10:28,0.00141300,143.10000000
2018-02-24 05:10:28,0.00141300,3.34000000
2018-02-24 05:10:28,0.00141300,5.61000000
2018-02-24 05:10:28,0.00141300,5.61000000
2018-02-24 05:10:29,0.00141300,13.61000000
2018-02-24 05:10:29,0.00141300,112.88000000
2018-02-24 05:10:29,0.00141310,8.04000000
2018-02-24 05:10:29,0.00141360,3.53000000
2018-02-24 05:10:29,0.00141420,3.55000000
2018-02-24 05:10:29,0.00141470,34.88000000
2018-02-24 05:10:30,0.00141470,1.99000000
2018-02-24 05:10:31,0.00141300,25.11000000
2018-02-24 05:10:31,0.00141470,9.75000000
2018-02-24 05:10:31,0.00141330,7.10000000
2018-02-24 05:10:31,0.00141300,72.71000000
2018-02-24 05:10:32,0.00141450,7.10000000
2018-02-24 05:10:32,0.00141470,22.71000000
2018-02-24 05:10:32,0.00141400,17.13000000
2018-02-24 05:10:32,0.00141470,427.34000000
2018-02-24 05:10:32,0.00141500,1.82000000
2018-02-24 05:10:32,0.00141500,4.88000000
2018-02-24 05:10:32,0.00141500,6.50000000
2018-02-24 05:10:32,0.00141500,6.50000000
2018-02-24 05:10:32,0.00141500,21.20000000
2018-02-24 05:10:32,0.00141500,22.95000000
2018-02-24 05:10:33,0.00141500,21.20000000
2018-02-24 05:10:33,0.00141500,28.07000000
2018-02-24 05:10:33,0.00141500,35.36000000
2018-02-24 05:10:33,0.00141500,21.20000000
2018-02-24 05:10:33,0.00141500,60.77000000
2018-02-24 05:10:33,0.00141570,0.96000000
2018-02-24 05:10:34,0.00141530,232.80000000
2018-02-24 05:10:34,0.00141500,16.57000000
2018-02-24 05:10:35,0.00141530,16.58000000
2018-02-24 05:10:35,0.00141570,19.04000000
2018-02-24 05:10:35,0.00141600,240.16000000
2018-02-24 05:10:35,0.00141500,1.91000000
2018-02-24 05:10:36,0.00141600,7.23000000
2018-02-24 05:10:36,0.00141500,2.32000000
2018-02-24 05:10:37,0.00141600,8.39000000
2018-02-24 05:10:38,0.00141600,43.63000000
2018-02-24 05:10:38,0.00141600,4.50000000
2018-02-24 05:10:38,0.00141700,9.92000000
2018-02-24 05:10:38,0.00141800,11.50000000
2018-02-24 05:10:39,0.00141600,10.49000000
2018-02-24 05:10:39,0.00141700,48.38000000
2018-02-24 05:10:39,0.00141700,21.17000000
2018-02-24 05:10:39,0.00141700,21.17000000
2018-02-24 05:10:39,0.00141700,21.17000000
2018-02-24 05:10:39,0.00141700,21.17000000
2018-02-24 05:10:39,0.00141800,70.63000000
2018-02-24 05:10:39,0.00141700,15.32000000
2018-02-24 05:10:40,0.00141700,2.65000000
2018-02-24 05:10:40,0.00141700,5.51000000
2018-02-24 05:10:40,0.00141730,2.65000000
2018-02-24 05:10:40,0.00141730,4.45000000
2018-02-24 05:10:40,0.00141700,16.72000000
2018-02-24 05:10:40,0.00141780,7.10000000
2018-02-24 05:10:40,0.00141800,45.26000000
2018-02-24 05:10:40,0.00141810,87.16000000
2018-02-24 05:10:40,0.00141810,98.11000000
2018-02-24 05:10:40,0.00141700,16.29000000
2018-02-24 05:10:40,0.00141700,21.17000000
2018-02-24 05:10:40,0.00141700,21.17000000
2018-02-24 05:10:40,0.00141700,21.17000000
2018-02-24 05:10:40,0.00141700,21.17000000
2018-02-24 05:10:41,0.00141700,21.17000000
2018-02-24 05:10:41,0.00141700,15.39000000
2018-02-24 05:10:41,0.00141700,17.60000000
2018-02-24 05:10:41,0.00141810,24.85000000
2018-02-24 05:10:41,0.00141810,7.05000000
2018-02-24 05:10:41,0.00141810,21.15000000
2018-02-24 05:10:41,0.00141810,3.29000000
2018-02-24 05:10:41,0.00141810,14.88000000
2018-02-24 05:10:41,0.00141810,35.30000000
2018-02-24 05:10:41,0.00141810,7.59000000
2018-02-24 05:10:41,0.00141810,36.49000000
2018-02-24 05:10:42,0.00141650,21.15000000
2018-02-24 05:10:42,0.00141650,5.00000000
2018-02-24 05:10:42,0.00141650,47.95000000
2018-02-24 05:10:42,0.00141600,74.86000000
2018-02-24 05:10:43,0.00141600,93.04000000
2018-02-24 05:10:43,0.00141810,51.30000000
2018-02-24 05:10:43,0.00141700,10.67000000
2018-02-24 05:10:43,0.00141700,6.83000000
2018-02-24 05:10:43,0.00141700,21.17000000
2018-02-24 05:10:43,0.00141700,9.58000000
2018-02-24 05:10:44,0.00141700,21.17000000
2018-02-24 05:10:44,0.00141700,21.17000000
2018-02-24 05:10:44,0.00141700,8.82000000
2018-02-24 05:10:44,0.00141700,20.00000000
2018-02-24 05:10:44,0.00141810,9.21000000
2018-02-24 05:10:44,0.00141810,0.80000000
2018-02-24 05:10:44,0.00141810,3.29000000
2018-02-24 05:10:44,0.00141810,21.17000000
2018-02-24 05:10:44,0.00141810,122.66000000
2018-02-24 05:10:44,0.00141700,177.04000000
2018-02-24 05:10:45,0.00141700,47.99000000
2018-02-24 05:10:45,0.00141700,10.99000000
2018-02-24 05:10:45,0.00141700,2.66000000
2018-02-24 05:10:45,0.00141700,21.16000000
2018-02-24 05:10:45,0.00141780,1.52000000
2018-02-24 05:10:45,0.00141850,1.41000000
2018-02-24 05:10:45,0.00141900,2.16000000
2018-02-24 05:10:46,0.00141800,35.30000000
2018-02-24 05:10:46,0.00141800,0.77000000
2018-02-24 05:10:46,0.00141800,14.18000000
2018-02-24 05:10:46,0.00141800,23.35000000
2018-02-24 05:10:46,0.00141900,226.57000000
2018-02-24 05:10:46,0.00141910,50.96000000
2018-02-24 05:10:46,0.00141980,40.20000000
2018-02-24 05:10:47,0.00141980,78.99000000
2018-02-24 05:10:47,0.00141820,5.52000000
2018-02-24 05:10:47,0.00141820,1.58000000
2018-02-24 05:10:47,0.00141820,1.71000000
2018-02-24 05:10:47,0.00141880,5.35000000
2018-02-24 05:10:47,0.00141800,23.99000000
2018-02-24 05:10:48,0.00141880,1.75000000
2018-02-24 05:10:48,0.00141980,115.12000000
2018-02-24 05:10:48,0.00141990,199.86000000
2018-02-24 05:10:48,0.00141990,236.03000000
2018-02-24 05:10:48,0.00142000,158.06000000
2018-02-24 05:10:48,0.00141810,7.09000000
2018-02-24 05:10:49,0.00141820,3.59000000
2018-02-24 05:10:49,0.00141820,4.12000000
2018-02-24 05:10:49,0.00141820,2.81000000
2018-02-24 05:10:49,0.00141900,489.18000000
2018-02-24 05:10:49,0.00141980,16.36000000
2018-02-24 05:10:49,0.00141990,20.00000000
2018-02-24 05:10:49,0.00142000,60.28000000
2018-02-24 05:10:50,0.00142000,22.33000000
2018-02-24 05:10:50,0.00141990,8.54000000
2018-02-24 05:10:50,0.00142000,2.85000000
2018-02-24 05:10:50,0.00141810,16.18000000
2018-02-24 05:10:50,0.00141820,3.29000000
2018-02-24 05:10:50,0.00141820,16.71000000
2018-02-24 05:10:50,0.00142000,814.10000000
2018-02-24 05:10:50,0.00141810,23.51000000
2018-02-24 05:10:50,0.00141740,7.10000000
2018-02-24 05:10:50,0.00141730,39.39000000
2018-02-24 05:10:50,0.00141730,60.61000000
2018-02-24 05:10:50,0.00141720,9.39000000
2018-02-24 05:10:50,0.00141720,43.24000000
2018-02-24 05:10:50,0.00141700,26.76000000
2018-02-24 05:10:50,0.00141700,70.00000000
2018-02-24 05:10:50,0.00141700,70.00000000
2018-02-24 05:10:50,0.00141700,70.00000000
2018-02-24 05:10:50,0.00141700,70.00000000
2018-02-24 05:10:50,0.00141700,70.00000000
2018-02-24 05:10:50,0.00141700,70.00000000
2018-02-24 05:10:50,0.00141700,70.00000000
2018-02-24 05:10:50,0.00141990,7.10000000
2018-02-24 05:10:50,0.00142000,77.59000000
2018-02-24 05:10:50,0.00142000,250.25000000
2018-02-24 05:10:50,0.00142000,47.04000000
2018-02-24 05:10:50,0.00142000,41.00000000
2018-02-24 05:10:51,0.00141820,7.07000000
2018-02-24 05:10:51,0.00141700,33.98000000
2018-02-24 05:10:51,0.00141980,39.22000000
2018-02-24 05:10:51,0.00142000,3.13000000
2018-02-24 05:10:51,0.00142000,7.82000000
2018-02-24 05:10:51,0.00142000,35.27000000
2018-02-24 05:10:51,0.00142000,4.10000000
2018-02-24 05:10:51,0.00142000,6.00000000
2018-02-24 05:10:51,0.00142000,39.45000000
2018-02-24 05:10:51,0.00142010,15.55000000
2018-02-24 05:10:52,0.00141980,8.38000000
2018-02-24 05:10:52,0.00141990,6.62000000
2018-02-24 05:10:52,0.00141990,28.43000000
2018-02-24 05:10:52,0.00141980,16.16000000
2018-02-24 05:10:52,0.00141980,82.03000000
2018-02-24 05:10:53,0.00141900,3.64000000
2018-02-24 05:10:53,0.00141900,39.00000000
2018-02-24 05:10:54,0.00142000,47.00000000
2018-02-24 05:10:54,0.00142010,6.32000000
2018-02-24 05:10:54,0.00142010,8.02000000
2018-02-24 05:10:54,0.00142010,3.00000000
2018-02-24 05:10:54,0.00142010,4.15000000
2018-02-24 05:10:54,0.00142010,5.00000000
2018-02-24 05:10:55,0.00142010,30.00000000
2018-02-24 05:10:55,0.00142020,41.04000000
2018-02-24 05:10:56,0.00142010,477.42000000
2018-02-24 05:10:56,0.00141970,3.52000000
2018-02-24 05:10:56,0.00142020,54.35000000
2018-02-24 05:10:56,0.00142030,5.17000000
2018-02-24 05:10:56,0.00142050,0.78000000
2018-02-24 05:10:56,0.00142060,3.87000000
2018-02-24 05:10:56,0.00142120,8.99000000
2018-02-24 05:10:56,0.00142180,1.55000000
2018-02-24 05:10:56,0.00142200,25.29000000
2018-02-24 05:10:56,0.00142010,2.08000000
2018-02-24 05:10:56,0.00142010,5.00000000
2018-02-24 05:10:57,0.00142010,93.68000000
2018-02-24 05:10:57,0.00141920,7.10000000
2018-02-24 05:10:57,0.00141900,14.02000000
2018-02-24 05:10:57,0.00141990,7.10000000
2018-02-24 05:10:57,0.00142180,7.82000000
2018-02-24 05:10:57,0.00142180,156.93000000
2018-02-24 05:10:58,0.00142050,50.00000000
2018-02-24 05:10:58,0.00142050,2.23000000
2018-02-24 05:10:59,0.00142050,58.68000000
2018-02-24 05:10:59,0.00142010,95.80000000
2018-02-24 05:10:59,0.00142050,19.21000000
2018-02-24 05:10:59,0.00142170,79.15000000
2018-02-24 05:10:59,0.00142180,100.75000000
2018-02-24 05:10:59,0.00142200,12.34000000
2018-02-24 05:11:00,0.00142050,163.78000000
2018-02-24 05:11:00,0.00142010,19.22000000
2018-02-24 05:11:00,0.00142010,174.03000000
2018-02-24 05:11:00,0.00142000,1.54000000
2018-02-24 05:11:00,0.00142070,0.76000000
2018-02-24 05:11:00,0.00142070,1.77000000
2018-02-24 05:11:01,0.00142190,3.64000000
2018-02-24 05:11:01,0.00142190,17.84000000
2018-02-24 05:11:01,0.00142070,4.57000000
2018-02-24 05:11:01,0.00141980,3.79000000
2018-02-24 05:11:01,0.00142010,16.00000000
2018-02-24 05:11:01,0.00142010,51.95000000
2018-02-24 05:11:02,0.00142010,204.78000000
2018-02-24 05:11:03,0.00142010,64.16000000
2018-02-24 05:11:03,0.00142010,299.07000000
2018-02-24 05:11:03,0.00142010,5.22000000
2018-02-24 05:11:03,0.00142000,21.40000000
2018-02-24 05:11:03,0.00142000,78.93000000
2018-02-24 05:11:03,0.00142010,29.00000000
2018-02-24 05:11:04,0.00142000,40.50000000
2018-02-24 05:11:04,0.00142010,34.18000000
2018-02-24 05:11:04,0.00142150,7.10000000
2018-02-24 05:11:04,0.00142170,10.09000000
2018-02-24 05:11:04,0.00142200,353.93000000
2018-02-24 05:11:05,0.00142010,46.01000000
2018-02-24 05:11:05,0.00142000,134.81000000
2018-02-24 05:11:05,0.00142030,3.02000000
2018-02-24 05:11:05,0.00142030,4.00000000
2018-02-24 05:11:06,0.00142030,0.08000000
2018-02-24 05:11:06,0.00142010,12.06000000
2018-02-24 05:11:06,0.00142000,760.81000000
2018-02-24 05:11:06,0.00142000,1.21000000
2018-02-24 05:11:06,0.00142000,672.87000000
2018-02-24 05:11:06,0.00142130,7.10000000
2018-02-24 05:11:06,0.00142150,42.90000000
2018-02-24 05:11:07,0.00142010,7.31000000
2018-02-24 05:11:07,0.00142010,149.92000000
2018-02-24 05:11:07,0.00141980,1.11000000
2018-02-24 05:11:07,0.00141900,60.78000000
2018-02-24 05:11:08,0.00142000,7.70000000
2018-02-24 05:11:08,0.00141900,312.87000000
2018-02-24 05:11:08,0.00141880,46.13000000
2018-02-24 05:11:08,0.00142150,85.55000000
2018-02-24 05:11:08,0.00142080,254.90000000
2018-02-24 05:11:08,0.00142150,22.90000000
2018-02-24 05:11:09,0.00142020,7.10000000
2018-02-24 05:11:09,0.00142000,19.79000000
2018-02-24 05:11:09,0.00141910,100.00000000
2018-02-24 05:11:09,0.00141900,9.05000000
2018-02-24 05:11:09,0.00142000,13.54000000
2018-02-24 05:11:10,0.00142000,21.11000000
2018-02-24 05:11:10,0.00142000,12.85000000
2018-02-24 05:11:10,0.00142000,12.85000000
2018-02-24 05:11:10,0.00142000,8.26000000
2018-02-24 05:11:10,0.00142000,58.71000000
2018-02-24 05:11:11,0.00142000,6.78000000
2018-02-24 05:11:11,0.00141830,4.46000000
2018-02-24 05:11:11,0.00142000,200.00000000
2018-02-24 05:11:11,0.00141840,7.10000000
2018-02-24 05:11:11,0.00141830,2.59000000
2018-02-24 05:11:11,0.00141820,14.74000000
2018-02-24 05:11:11,0.00141800,10.77000000
2018-02-24 05:11:11,0.00141800,10.76000000
2018-02-24 05:11:11,0.00141800,10.76000000
2018-02-24 05:11:12,0.00141800,10.76000000
2018-02-24 05:11:12,0.00141790,0.84000000
2018-02-24 05:11:12,0.00141800,21.12000000
2018-02-24 05:11:12,0.00141800,22.26000000
2018-02-24 05:11:12,0.00141800,18.55000000
2018-02-24 05:11:12,0.00141800,3.89000000
2018-02-24 05:11:12,0.00141800,2.17000000
2018-02-24 05:11:12,0.00141800,22.30000000
2018-02-24 05:11:12,0.00141700,14.65000000
2018-02-24 05:11:12,0.00141800,87.47000000
2018-02-24 05:11:13,0.00141800,58.86000000
2018-02-24 05:11:13,0.00141700,528.27000000
2018-02-24 05:11:13,0.00141800,5.09000000
2018-02-24 05:11:14,0.00141700,181.06000000
2018-02-24 05:11:14,0.00141660,3.51000000
2018-02-24 05:11:14,0.00141650,510.85000000
2018-02-24 05:11:14,0.00141800,59.51000000
2018-02-24 05:11:14,0.00141720,7.10000000
2018-02-24 05:11:14,0.00141650,10.27000000
2018-02-24 05:11:15,0.00141780,7.10000000
2018-02-24 05:11:15,0.00141800,48.45000000
2018-02-24 05:11:15,0.00141800,2.12000000
2018-02-24 05:11:15,0.00141800,4.37000000
2018-02-24 05:11:15,0.00141650,7.04000000
2018-02-24 05:11:16,0.00141650,7.10000000
2018-02-24 05:11:16,0.00141800,342.99000000
2018-02-24 05:11:16,0.00141650,22.30000000
2018-02-24 05:11:16,0.00141700,8.49000000
2018-02-24 05:11:16,0.00141700,8.49000000
2018-02-24 05:11:16,0.00141650,8.49000000
2018-02-24 05:11:16,0.00141650,217.24000000
2018-02-24 05:11:16,0.00141610,1.15000000
2018-02-24 05:11:16,0.00141600,15.74000000
2018-02-24 05:11:17,0.00141650,3.83000000
2018-02-24 05:11:17,0.00141600,44.49000000
2018-02-24 05:11:17,0.00141700,12.62000000
2018-02-24 05:11:18,0.00141650,47.00000000
2018-02-24 05:11:18,0.00141700,0.02000000
2018-02-24 05:11:18,0.00141650,4.14000000
2018-02-24 05:11:19,0.00141700,63.49000000
2018-02-24 05:11:19,0.00141650,105.23000000
2018-02-24 05:11:19,0.00141650,1.48000000
2018-02-24 05:11:19,0.00141720,20.62000000
2018-02-24 05:11:20,0.00141670,1.54000000
2018-02-24 05:11:20,0.00141670,2.98000000
2018-02-24 05:11:20,0.00141790,100.00000000
2018-02-24 05:11:20,0.00141800,100.00000000
2018-02-24 05:11:20,0.00141980,7.10000000
2018-02-24 05:11:20,0.00142000,98.04000000
2018-02-24 05:11:21,0.00141670,2.58000000
2018-02-24 05:11:21,0.00141650,45.74000000
2018-02-24 05:11:21,0.00141650,2170.54000000
2018-02-24 05:11:22,0.00141780,7.10000000
2018-02-24 05:11:22,0.00141740,49.86000000
2018-02-24 05:11:23,0.00141730,8.51000000
2018-02-24 05:11:23,0.00141720,5.57000000
2018-02-24 05:11:23,0.00141650,7.49000000
2018-02-24 05:11:24,0.00141760,25.00000000
2018-02-24 05:11:24,0.00141650,16.45000000
2018-02-24 05:11:25,0.00141740,4.30000000
2018-02-24 05:11:25,0.00141650,104.04000000
2018-02-24 05:11:25,0.00141650,53.14000000
2018-02-24 05:11:25,0.00141770,18.55000000
2018-02-24 05:11:25,0.00141900,2.37000000
2018-02-24 05:11:25,0.00141900,5.89000000
2018-02-24 05:11:25,0.00141900,7.15000000
2018-02-24 05:11:26,0.00141900,7.85000000
2018-02-24 05:11:27,0.00141900,41.07000000
2018-02-24 05:11:27,0.00141830,3.73000000
2018-02-24 05:11:27,0.00141780,2.04000000
2018-02-24 05:11:27,0.00141780,50.60000000
2018-02-24 05:11:28,0.00141900,2.15000000
2018-02-24 05:11:30,0.00141780,2.18000000
2018-02-24 05:11:30,0.00141780,13.81000000
2018-02-24 05:11:30,0.00141780,56.37000000
2018-02-24 05:11:31,0.00141890,24.86000000
2018-02-24 05:11:31,0.00141900,122.16000000
2018-02-24 05:11:31,0.00141930,9.04000000
2018-02-24 05:11:31,0.00141950,16.40000000
2018-02-24 05:11:31,0.00141990,1.61000000
2018-02-24 05:11:31,0.00141900,2.15000000
2018-02-24 05:11:31,0.00141780,11.21000000
2018-02-24 05:11:31,0.00141770,78.57000000
2018-02-24 05:11:31,0.00141730,50.76000000
2018-02-24 05:11:31,0.00141880,1.76000000
2018-02-24 05:11:33,0.00141880,5.34000000
2018-02-24 05:11:33,0.00141890,2.86000000
2018-02-24 05:11:33,0.00141800,15.99000000
2018-02-24 05:11:34,0.00141880,1.06000000
2018-02-24 05:11:34,0.00141800,1.37000000
2018-02-24 05:11:35,0.00141830,276.51000000
2018-02-24 05:11:36,0.00141880,7.05000000
2018-02-24 05:11:36,0.00141880,97.47000000
2018-02-24 05:11:37,0.00141880,6.19000000
2018-02-24 05:11:37,0.00141800,1.86000000
2018-02-24 05:11:37,0.00141880,79.15000000
2018-02-24 05:11:37,0.00141880,3.52000000
2018-02-24 05:11:37,0.00141880,6.85000000
2018-02-24 05:11:38,0.00141880,13.19000000
2018-02-24 05:11:38,0.00141890,9.99000000
2018-02-24 05:11:38,0.00141900,19.67000000
2018-02-24 05:11:39,0.00141900,32.37000000
2018-02-24 05:11:39,0.00141900,64.58000000
2018-02-24 05:11:39,0.00141900,120.00000000
2018-02-24 05:11:39,0.00141900,3.00000000
2018-02-24 05:11:41,0.00141900,153.36000000
2018-02-24 05:11:41,0.00141880,0.98000000
2018-02-24 05:11:41,0.00141880,3.08000000
2018-02-24 05:11:41,0.00141900,4.87000000
2018-02-24 05:11:42,0.00141900,99.60000000
2018-02-24 05:11:43,0.00141900,16.86000000
2018-02-24 05:11:43,0.00141900,5.52000000
2018-02-24 05:11:44,0.00141900,25.17000000
2018-02-24 05:11:44,0.00141900,127.60000000
2018-02-24 05:11:45,0.00141900,142.46000000
2018-02-24 05:11:45,0.00141900,48.84000000
2018-02-24 05:11:46,0.00141900,59.08000000
2018-02-24 05:11:46,0.00141880,28.11000000
2018-02-24 05:11:47,0.00141900,48.98000000
2018-02-24 05:11:48,0.00141890,42.23000000
2018-02-24 05:11:48,0.00141900,13.41000000
2018-02-24 05:11:49,0.00141900,38.10000000
2018-02-24 05:11:49,0.00141900,22.08000000
2018-02-24 05:11:49,0.00141900,8.52000000
2018-02-24 05:11:50,0.00141900,151.74000000
2018-02-24 05:11:51,0.00141950,19.28000000
2018-02-24 05:11:51,0.00141950,0.04000000
2018-02-24 05:11:51,0.00141970,14.93000000
2018-02-24 05:11:51,0.00141980,37.57000000
2018-02-24 05:11:52,0.00141970,14.93000000
2018-02-24 05:11:52,0.00141900,17.66000000
2018-02-24 05:11:52,0.00141900,12.68000000
2018-02-24 05:11:52,0.00141980,3.00000000
2018-02-24 05:11:52,0.00141900,69.23000000
2018-02-24 05:11:52,0.00141950,50.00000000
2018-02-24 05:11:52,0.00141980,61.72000000
2018-02-24 05:11:52,0.00141990,126.76000000
2018-02-24 05:11:52,0.00142000,459.10000000
2018-02-24 05:11:52,0.00142000,71.92000000
2018-02-24 05:11:53,0.00142010,40.00000000
2018-02-24 05:11:54,0.00142000,199.80000000
2018-02-24 05:11:54,0.00142010,21.35000000
2018-02-24 05:11:54,0.00142000,6.70000000
2018-02-24 05:11:54,0.00142010,0.80000000
2018-02-24 05:11:55,0.00142000,14.32000000
2018-02-24 05:11:56,0.00142010,84.76000000
2018-02-24 05:11:56,0.00142010,71.08000000
2018-02-24 05:11:57,0.00141990,24.83000000
2018-02-24 05:11:58,0.00141970,3.52000000
2018-02-24 05:11:59,0.00141980,14.93000000
2018-02-24 05:11:59,0.00141990,61.97000000
2018-02-24 05:11:59,0.00141920,7.10000000
2018-02-24 05:11:59,0.00141890,2.00000000
2018-02-24 05:11:59,0.00141880,1546.19000000
2018-02-24 05:12:00,0.00141850,60.17000000
2018-02-24 05:12:00,0.00141880,86.21000000
2018-02-24 05:12:00,0.00141880,264.60000000
2018-02-24 05:12:00,0.00141880,39.45000000
2018-02-24 05:12:00,0.00141800,11.44000000
