DATE,PRICE,VOLUME
2018-02-23 02:00:00,0.00101490,23.34000000
2018-02-23 02:00:00,0.00101540,20.84000000
2018-02-23 02:00:00,0.00101580,1.98000000
2018-02-23 02:00:00,0.00101580,4.46000000
2018-02-23 02:00:00,0.00101580,39.06000000
2018-02-23 02:00:00,0.00101580,29.53000000
2018-02-23 02:00:00,0.00101600,35.22000000
2018-02-23 02:00:01,0.00101600,3.56000000
2018-02-23 02:00:01,0.00101670,100.54000000
2018-02-23 02:00:01,0.00101680,5.28000000
2018-02-23 02:00:01,0.00101680,2.53000000
2018-02-23 02:00:01,0.00101670,55.00000000
2018-02-23 02:00:01,0.00101700,16.21000000
2018-02-23 02:00:02,0.00101670,24.56000000
2018-02-23 02:00:02,0.00101610,1.86000000
2018-02-23 02:00:02,0.00101580,77.52000000
2018-02-23 02:00:02,0.00101580,9.44000000
2018-02-23 02:00:02,0.00101700,10.32000000
2018-02-23 02:00:02,0.00101750,4.18000000
2018-02-23 02:00:03,0.00101750,195.42000000
2018-02-23 02:00:05,0.00101690,137.62000000
2018-02-23 02:00:05,0.00101780,274.12000000
2018-02-23 02:00:05,0.00101700,266.35000000
2018-02-23 02:00:06,0.00101700,77.66000000
2018-02-23 02:00:06,0.00101780,116.38000000
2018-02-23 02:00:06,0.00101800,218.38000000
2018-02-23 02:00:06,0.00101810,4.48000000
2018-02-23 02:00:08,0.00101820,7.99000000
2018-02-23 02:00:08,0.00101870,60.44000000
2018-02-23 02:00:08,0.00101850,63.72000000
2018-02-23 02:00:09,0.00101850,18.05000000
2018-02-23 02:00:09,0.00101870,18.42000000
2018-02-23 02:00:09,0.00101900,2.00000000
2018-02-23 02:00:09,0.00101920,4.68000000
2018-02-23 02:00:09,0.00101940,8.16000000
2018-02-23 02:00:09,0.00101960,50.29000000
2018-02-23 02:00:09,0.00101970,151.88000000
2018-02-23 02:00:09,0.00101990,15.00000000
2018-02-23 02:00:09,0.00102000,288.45000000
2018-02-23 02:00:10,0.00101850,34.65000000
2018-02-23 02:00:10,0.00102000,1041.56000000
2018-02-23 02:00:12,0.00102010,2.98000000
2018-02-23 02:00:12,0.00102040,1.80000000
2018-02-23 02:00:12,0.00102000,2.88000000
2018-02-23 02:00:12,0.00102000,44.78000000
2018-02-23 02:00:12,0.00102000,77.28000000
2018-02-23 02:00:13,0.00102000,148.86000000
2018-02-23 02:00:13,0.00102040,3.94000000
2018-02-23 02:00:13,0.00102110,13.11000000
2018-02-23 02:00:15,0.00102060,2.36000000
2018-02-23 02:00:15,0.00102110,0.25000000
2018-02-23 02:00:15,0.00102110,58.94000000
2018-02-23 02:00:15,0.00102000,1.02000000
2018-02-23 02:00:15,0.00102110,47.22000000
2018-02-23 02:00:15,0.00102110,54.92000000
2018-02-23 02:00:15,0.00102110,32.91000000
2018-02-23 02:00:15,0.00102000,131.37000000
2018-02-23 02:00:15,0.00101990,1.98000000
2018-02-23 02:00:15,0.00101990,6.14000000
2018-02-23 02:00:16,0.00101990,90.84000000
2018-02-23 02:00:16,0.00102010,2.41000000
2018-02-23 02:00:16,0.00102090,1.98000000
2018-02-23 02:00:16,0.00102110,7.88000000
2018-02-23 02:00:16,0.00102110,32.71000000
2018-02-23 02:00:16,0.00102000,6.21000000
2018-02-23 02:00:16,0.00102110,4.01000000
2018-02-23 02:00:17,0.00102110,3.50000000
2018-02-23 02:00:17,0.00102150,9.93000000
2018-02-23 02:00:17,0.00102200,5.44000000
2018-02-23 02:00:17,0.00102110,145.12000000
2018-02-23 02:00:17,0.00102110,146.57000000
2018-02-23 02:00:17,0.00102000,98.27000000
2018-02-23 02:00:17,0.00102200,2.04000000
2018-02-23 02:00:18,0.00102200,5.50000000
2018-02-23 02:00:18,0.00102010,9.20000000
2018-02-23 02:00:19,0.00102100,23.15000000
2018-02-23 02:00:19,0.00102030,1.98000000
2018-02-23 02:00:19,0.00102010,0.77000000
2018-02-23 02:00:20,0.00102010,69.43000000
2018-02-23 02:00:20,0.00102000,395.78000000
2018-02-23 02:00:20,0.00102080,1.98000000
2018-02-23 02:00:20,0.00102100,93.27000000
2018-02-23 02:00:20,0.00102160,9.54000000
2018-02-23 02:00:20,0.00102000,14.44000000
2018-02-23 02:00:21,0.00101870,1.98000000
2018-02-23 02:00:21,0.00101860,1.19000000
2018-02-23 02:00:21,0.00101920,117.75000000
2018-02-23 02:00:21,0.00101980,1.98000000
2018-02-23 02:00:21,0.00102000,97.67000000
2018-02-23 02:00:21,0.00102000,66.38000000
2018-02-23 02:00:21,0.00102000,11.00000000
2018-02-23 02:00:21,0.00102000,25.92000000
2018-02-23 02:00:21,0.00101860,0.58000000
2018-02-23 02:00:22,0.00101880,329.86000000
2018-02-23 02:00:22,0.00101920,5.00000000
2018-02-23 02:00:22,0.00102000,88.83000000
2018-02-23 02:00:22,0.00102000,5.12000000
2018-02-23 02:00:23,0.00101880,1.98000000
2018-02-23 02:00:23,0.00101860,28.77000000
2018-02-23 02:00:23,0.00101850,29.85000000
2018-02-23 02:00:23,0.00101840,9.16000000
2018-02-23 02:00:23,0.00101820,3.09000000
2018-02-23 02:00:24,0.00101790,2.80000000
2018-02-23 02:00:25,0.00101970,9.16000000
2018-02-23 02:00:25,0.00101980,1.98000000
2018-02-23 02:00:25,0.00102000,524.28000000
2018-02-23 02:00:25,0.00101790,2.39000000
2018-02-23 02:00:25,0.00101790,53.35000000
2018-02-23 02:00:26,0.00101900,47.00000000
2018-02-23 02:00:26,0.00101810,1.92000000
2018-02-23 02:00:27,0.00101900,87.60000000
2018-02-23 02:00:27,0.00101900,80.48000000
2018-02-23 02:00:28,0.00101860,32.07000000
2018-02-23 02:00:28,0.00101860,48.33000000
2018-02-23 02:00:28,0.00101810,0.06000000
2018-02-23 02:00:28,0.00101790,190.80000000
2018-02-23 02:00:28,0.00101660,50.78000000
2018-02-23 02:00:28,0.00101650,10.43000000
2018-02-23 02:00:28,0.00101540,62.50000000
2018-02-23 02:00:28,0.00101500,2.16000000
2018-02-23 02:00:28,0.00101500,2.16000000
2018-02-23 02:00:28,0.00101500,4.10000000
2018-02-23 02:00:28,0.00101500,3.42000000
2018-02-23 02:00:28,0.00101500,4.10000000
2018-02-23 02:00:28,0.00101500,35.00000000
2018-02-23 02:00:28,0.00101500,4.09000000
2018-02-23 02:00:29,0.00101500,2.89000000
2018-02-23 02:00:29,0.00101500,2.90000000
2018-02-23 02:00:29,0.00101490,4.09000000
2018-02-23 02:00:29,0.00101500,1.89000000
2018-02-23 02:00:29,0.00101500,2.91000000
2018-02-23 02:00:29,0.00101500,76.00000000
2018-02-23 02:00:29,0.00101500,6.17000000
2018-02-23 02:00:29,0.00101500,15.21000000
2018-02-23 02:00:29,0.00101490,50.78000000
2018-02-23 02:00:31,0.00101870,2.48000000
2018-02-23 02:00:31,0.00101870,2.89000000
2018-02-23 02:00:31,0.00101870,2.83000000
2018-02-23 02:00:31,0.00101870,2.90000000
2018-02-23 02:00:32,0.00101870,1.59000000
2018-02-23 02:00:32,0.00101890,19.86000000
2018-02-23 02:00:32,0.00101900,11.84000000
2018-02-23 02:00:33,0.00101870,38.84000000
2018-02-23 02:00:33,0.00101800,2.59000000
2018-02-23 02:00:33,0.00101520,40.39000000
2018-02-23 02:00:33,0.00101520,10.39000000
2018-02-23 02:00:33,0.00101510,19.61000000
2018-02-23 02:00:34,0.00101530,8.47000000
2018-02-23 02:00:34,0.00101790,20.40000000
2018-02-23 02:00:35,0.00101780,30.38000000
2018-02-23 02:00:35,0.00101800,1.31000000
2018-02-23 02:00:36,0.00101790,8.47000000
2018-02-23 02:00:36,0.00101800,166.56000000
2018-02-23 02:00:36,0.00101790,8.47000000
2018-02-23 02:00:36,0.00101570,4.51000000
2018-02-23 02:00:36,0.00101550,25.32000000
2018-02-23 02:00:36,0.00101540,29.54000000
2018-02-23 02:00:36,0.00101520,41.05000000
2018-02-23 02:00:36,0.00101510,61.68000000
2018-02-23 02:00:37,0.00101570,1.63000000
2018-02-23 02:00:37,0.00101570,40.35000000
2018-02-23 02:00:37,0.00101570,88.60000000
2018-02-23 02:00:37,0.00101570,2.56000000
2018-02-23 02:00:37,0.00101570,33.63000000
2018-02-23 02:00:37,0.00101570,10.70000000
2018-02-23 02:00:37,0.00101570,33.63000000
2018-02-23 02:00:37,0.00101570,40.35000000
2018-02-23 02:00:37,0.00101570,38.72000000
2018-02-23 02:00:37,0.00101570,3.81000000
2018-02-23 02:00:37,0.00101570,201.19000000
2018-02-23 02:00:37,0.00101570,2.55000000
2018-02-23 02:00:37,0.00101570,30.00000000
2018-02-23 02:00:37,0.00101570,82.48000000
2018-02-23 02:00:37,0.00101570,82.48000000
2018-02-23 02:00:37,0.00101570,82.49000000
2018-02-23 02:00:37,0.00101570,14.54000000
2018-02-23 02:00:37,0.00101800,7.90000000
2018-02-23 02:00:38,0.00101680,153.86000000
2018-02-23 02:00:39,0.00101800,2.56000000
2018-02-23 02:00:39,0.00101800,57.65000000
2018-02-23 02:00:39,0.00101800,57.65000000
2018-02-23 02:00:39,0.00101800,12.12000000
2018-02-23 02:00:39,0.00101790,9.49000000
2018-02-23 02:00:39,0.00101790,2.63000000
2018-02-23 02:00:39,0.00101690,1.90000000
2018-02-23 02:00:39,0.00101580,0.77000000
2018-02-23 02:00:39,0.00101580,24.61000000
2018-02-23 02:00:39,0.00101570,25.62000000
2018-02-23 02:00:40,0.00101790,3.02000000
2018-02-23 02:00:41,0.00101590,19.32000000
2018-02-23 02:00:43,0.00101570,9.08000000
2018-02-23 02:00:44,0.00101570,2.14000000
2018-02-23 02:00:45,0.00101570,16.55000000
2018-02-23 02:00:46,0.00101570,0.01000000
2018-02-23 02:00:47,0.00101570,136.37000000
2018-02-23 02:00:47,0.00101520,4.91000000
2018-02-23 02:00:47,0.00101510,133.42000000
2018-02-23 02:00:47,0.00101500,19.12000000
2018-02-23 02:00:47,0.00101490,21.09000000
2018-02-23 02:00:47,0.00101480,28.28000000
2018-02-23 02:00:47,0.00101600,19.24000000
2018-02-23 02:00:47,0.00101600,3.00000000
2018-02-23 02:00:47,0.00101600,16.68000000
2018-02-23 02:00:48,0.00101600,1.87000000
2018-02-23 02:00:48,0.00101590,6.03000000
2018-02-23 02:00:48,0.00101600,6.36000000
2018-02-23 02:00:48,0.00101480,0.04000000
2018-02-23 02:00:48,0.00101590,1.94000000
2018-02-23 02:00:49,0.00101570,194.83000000
2018-02-23 02:00:49,0.00101500,5.64000000
2018-02-23 02:00:49,0.00101480,8.67000000
2018-02-23 02:00:49,0.00101480,36.38000000
2018-02-23 02:00:49,0.00101480,36.37000000
2018-02-23 02:00:49,0.00101480,30.32000000
2018-02-23 02:00:49,0.00101480,36.38000000
2018-02-23 02:00:49,0.00101480,36.38000000
2018-02-23 02:00:49,0.00101480,36.40000000
2018-02-23 02:00:49,0.00101480,36.38000000
2018-02-23 02:00:49,0.00101480,310.57000000
2018-02-23 02:00:49,0.00101480,116.61000000
2018-02-23 02:00:52,0.00101570,1.14000000
2018-02-23 02:00:54,0.00101550,1.29000000
2018-02-23 02:00:55,0.00101550,3.24000000
2018-02-23 02:00:56,0.00101550,62.05000000
2018-02-23 02:00:56,0.00101500,238.74000000
2018-02-23 02:00:56,0.00101410,45.71000000
2018-02-23 02:00:57,0.00101500,56.07000000
2018-02-23 02:00:57,0.00101560,1.98000000
2018-02-23 02:00:57,0.00101570,199.22000000
2018-02-23 02:00:57,0.00101580,61.19000000
2018-02-23 02:00:57,0.00101590,0.04000000
2018-02-23 02:00:57,0.00101600,190.08000000
2018-02-23 02:00:57,0.00101630,29.55000000
2018-02-23 02:00:57,0.00101670,50.23000000
2018-02-23 02:00:57,0.00101410,36.66000000
2018-02-23 02:00:57,0.00101410,79.95000000
2018-02-23 02:00:57,0.00101550,9.08000000
2018-02-23 02:00:57,0.00101580,3.48000000
2018-02-23 02:00:58,0.00101620,346.46000000
2018-02-23 02:01:01,0.00101550,16.88000000
2018-02-23 02:01:01,0.00101500,1.98000000
2018-02-23 02:01:02,0.00101500,75.17000000
2018-02-23 02:01:02,0.00101500,61.78000000
2018-02-23 02:01:03,0.00101480,4.00000000
2018-02-23 02:01:03,0.00101500,17.05000000
2018-02-23 02:01:03,0.00101500,32.32000000
2018-02-23 02:01:03,0.00101500,13.80000000
2018-02-23 02:01:06,0.00101490,7.03000000
2018-02-23 02:01:09,0.00101490,99.53000000
2018-02-23 02:01:09,0.00101490,40.18000000
2018-02-23 02:01:09,0.00101490,5.00000000
2018-02-23 02:01:11,0.00101490,11.76000000
2018-02-23 02:01:11,0.00101490,23.86000000
2018-02-23 02:01:13,0.00101490,48.08000000
2018-02-23 02:01:13,0.00101480,5.01000000
2018-02-23 02:01:14,0.00101490,0.14000000
2018-02-23 02:01:14,0.00101490,28.10000000
2018-02-23 02:01:15,0.00101490,5.26000000
2018-02-23 02:01:15,0.00101490,20.57000000
2018-02-23 02:01:19,0.00101490,64.04000000
2018-02-23 02:01:19,0.00101510,170.46000000
2018-02-23 02:01:19,0.00101490,15.00000000
2018-02-23 02:01:21,0.00101490,10.00000000
2018-02-23 02:01:21,0.00101550,1.31000000
2018-02-23 02:01:24,0.00101550,0.88000000
2018-02-23 02:01:24,0.00101490,4.31000000
2018-02-23 02:01:25,0.00101570,1.98000000
2018-02-23 02:01:25,0.00101550,31.23000000
2018-02-23 02:01:25,0.00101650,1.98000000
2018-02-23 02:01:25,0.00101670,29.54000000
2018-02-23 02:01:25,0.00101680,185.10000000
2018-02-23 02:01:25,0.00101690,430.67000000
2018-02-23 02:01:25,0.00101700,257.32000000
2018-02-23 02:01:25,0.00101490,6.87000000
2018-02-23 02:01:27,0.00101670,15.00000000
2018-02-23 02:01:28,0.00101700,33.22000000
2018-02-23 02:01:29,0.00101780,4.91000000
2018-02-23 02:01:29,0.00101790,48.25000000
2018-02-23 02:01:34,0.00101700,0.04000000
2018-02-23 02:01:34,0.00101700,1.98000000
2018-02-23 02:01:34,0.00101700,5.48000000
2018-02-23 02:01:34,0.00101770,1.98000000
2018-02-23 02:01:34,0.00101790,622.29000000
2018-02-23 02:01:35,0.00101790,7.46000000
2018-02-23 02:01:35,0.00101800,115.52000000
2018-02-23 02:01:35,0.00101880,177.87000000
2018-02-23 02:01:36,0.00101790,10.00000000
2018-02-23 02:01:37,0.00101880,222.13000000
2018-02-23 02:01:37,0.00101880,61.60000000
2018-02-23 02:01:37,0.00101890,15.00000000
2018-02-23 02:01:37,0.00101900,785.00000000
2018-02-23 02:01:38,0.00101900,228.46000000
2018-02-23 02:01:38,0.00101900,622.53000000
2018-02-23 02:01:38,0.00101990,154.48000000
2018-02-23 02:01:38,0.00102000,125.77000000
2018-02-23 02:01:39,0.00101810,1.98000000
2018-02-23 02:01:39,0.00101800,77.17000000
2018-02-23 02:01:39,0.00101860,1.98000000
2018-02-23 02:01:39,0.00102000,103.19000000
2018-02-23 02:01:40,0.00102020,5.00000000
2018-02-23 02:01:40,0.00102020,27.69000000
2018-02-23 02:01:40,0.00102060,0.07000000
2018-02-23 02:01:40,0.00102030,363.06000000
2018-02-23 02:01:42,0.00102000,42.22000000
2018-02-23 02:01:42,0.00102000,1.43000000
2018-02-23 02:01:42,0.00102020,19.40000000
2018-02-23 02:01:42,0.00102060,9.93000000
2018-02-23 02:01:42,0.00102100,4.00000000
2018-02-23 02:01:42,0.00102110,9.89000000
2018-02-23 02:01:42,0.00102150,6.00000000
2018-02-23 02:01:42,0.00102180,4.00000000
2018-02-23 02:01:42,0.00102200,138.68000000
2018-02-23 02:01:43,0.00102010,50.00000000
2018-02-23 02:01:44,0.00102030,1.98000000
2018-02-23 02:01:44,0.00102010,27.42000000
2018-02-23 02:01:44,0.00102180,1.98000000
2018-02-23 02:01:44,0.00102200,94.04000000
2018-02-23 02:01:44,0.00102050,66.76000000
2018-02-23 02:01:44,0.00102010,2.87000000
2018-02-23 02:01:44,0.00102000,230.37000000
2018-02-23 02:01:44,0.00102200,143.12000000
2018-02-23 02:01:46,0.00102180,112.96000000
2018-02-23 02:01:46,0.00102200,1.15000000
2018-02-23 02:01:46,0.00102200,17.16000000
2018-02-23 02:01:47,0.00102200,342.39000000
2018-02-23 02:01:48,0.00102040,1.98000000
2018-02-23 02:01:48,0.00102030,0.10000000
2018-02-23 02:01:48,0.00102180,1.98000000
2018-02-23 02:01:48,0.00102200,112.17000000
2018-02-23 02:01:48,0.00102200,9.13000000
2018-02-23 02:01:48,0.00102200,8.00000000
2018-02-23 02:01:48,0.00102200,7.97000000
2018-02-23 02:01:50,0.00102200,0.43000000
2018-02-23 02:01:50,0.00102200,349.17000000
2018-02-23 02:01:50,0.00102220,224.17000000
2018-02-23 02:01:50,0.00102200,17.61000000
2018-02-23 02:01:51,0.00102220,85.19000000
2018-02-23 02:01:51,0.00102220,0.32000000
2018-02-23 02:01:52,0.00102260,78.60000000
2018-02-23 02:01:52,0.00102270,4.00000000
2018-02-23 02:01:52,0.00102280,26.58000000
2018-02-23 02:01:53,0.00102260,0.24000000
2018-02-23 02:01:53,0.00102280,7.63000000
2018-02-23 02:01:54,0.00102260,29.33000000
2018-02-23 02:01:54,0.00102260,22.19000000
2018-02-23 02:01:54,0.00102220,7.14000000
2018-02-23 02:01:54,0.00102220,22.19000000
2018-02-23 02:01:54,0.00102260,22.20000000
2018-02-23 02:01:54,0.00102280,10.76000000
2018-02-23 02:01:55,0.00102280,1.91000000
2018-02-23 02:01:56,0.00102260,98.46000000
2018-02-23 02:01:56,0.00102260,72.28000000
2018-02-23 02:01:56,0.00102260,2.53000000
2018-02-23 02:01:56,0.00102260,39.98000000
2018-02-23 02:01:57,0.00102220,0.18000000
2018-02-23 02:01:57,0.00102260,0.47000000
2018-02-23 02:01:57,0.00102230,187.06000000
2018-02-23 02:01:57,0.00102220,29.34000000
2018-02-23 02:01:58,0.00102220,25.19000000
2018-02-23 02:01:58,0.00102200,258.54000000
2018-02-23 02:01:58,0.00102200,228.39000000
2018-02-23 02:01:59,0.00102230,0.12000000
2018-02-23 02:01:59,0.00102220,2.40000000
2018-02-23 02:01:59,0.00102230,30.49000000
2018-02-23 02:01:59,0.00102260,135.46000000
2018-02-23 02:01:59,0.00102280,46.55000000
2018-02-23 02:02:00,0.00102220,5.06000000
2018-02-23 02:02:00,0.00102200,19.94000000
2018-02-23 02:02:00,0.00102200,7.54000000
2018-02-23 02:02:00,0.00102200,2.46000000
2018-02-23 02:02:00,0.00102200,0.14000000
2018-02-23 02:02:00,0.00102210,0.03000000
2018-02-23 02:02:00,0.00102200,277.20000000
2018-02-23 02:02:00,0.00102040,7.19000000
2018-02-23 02:02:00,0.00102030,4.89000000
2018-02-23 02:02:00,0.00102020,4.02000000
2018-02-23 02:02:00,0.00102010,10.00000000
2018-02-23 02:02:01,0.00102200,8.89000000
2018-02-23 02:02:02,0.00102200,0.01000000
2018-02-23 02:02:02,0.00102200,8.15000000
2018-02-23 02:02:02,0.00102050,0.43000000
2018-02-23 02:02:02,0.00102200,0.22000000
2018-02-23 02:02:03,0.00102050,98.57000000
2018-02-23 02:02:03,0.00102040,1.98000000
2018-02-23 02:02:03,0.00102020,29.30000000
2018-02-23 02:02:03,0.00102010,47.72000000
2018-02-23 02:02:04,0.00102020,29.30000000
2018-02-23 02:02:04,0.00102000,770.70000000
2018-02-23 02:02:04,0.00102000,0.92000000
2018-02-23 02:02:04,0.00102000,1.98000000
2018-02-23 02:02:04,0.00102000,5.49000000
2018-02-23 02:02:05,0.00102000,4.19000000
2018-02-23 02:02:05,0.00102150,1.98000000
2018-02-23 02:02:05,0.00102170,42.74000000
2018-02-23 02:02:05,0.00102180,1.98000000
2018-02-23 02:02:05,0.00102200,203.23000000
2018-02-23 02:02:05,0.00102020,145.41000000
2018-02-23 02:02:05,0.00102190,40.41000000
2018-02-23 02:02:06,0.00102190,1.18000000
2018-02-23 02:02:06,0.00102020,54.59000000
2018-02-23 02:02:06,0.00101990,12.14000000
2018-02-23 02:02:06,0.00102000,98.00000000
2018-02-23 02:02:06,0.00102000,83.37000000
2018-02-23 02:02:06,0.00102000,112.36000000
2018-02-23 02:02:06,0.00102000,29.37000000
2018-02-23 02:02:06,0.00102000,112.36000000
2018-02-23 02:02:06,0.00102000,29.37000000
2018-02-23 02:02:07,0.00102000,49.87000000
2018-02-23 02:02:07,0.00102000,84.76000000
2018-02-23 02:02:09,0.00101990,17.11000000
2018-02-23 02:02:09,0.00102000,82.89000000
2018-02-23 02:02:09,0.00102000,220.43000000
2018-02-23 02:02:09,0.00102020,73.57000000
2018-02-23 02:02:10,0.00102020,29.37000000
2018-02-23 02:02:10,0.00102020,57.92000000
2018-02-23 02:02:10,0.00102020,29.37000000
2018-02-23 02:02:10,0.00102020,20.05000000
2018-02-23 02:02:10,0.00102000,1.25000000
2018-02-23 02:02:10,0.00102000,14.21000000
2018-02-23 02:02:10,0.00102000,10.22000000
2018-02-23 02:02:10,0.00101820,19.14000000
2018-02-23 02:02:10,0.00102190,14.54000000
2018-02-23 02:02:12,0.00102020,45.95000000
2018-02-23 02:02:13,0.00102010,78.23000000
2018-02-23 02:02:13,0.00102170,19.14000000
2018-02-23 02:02:13,0.00102190,14.40000000
2018-02-23 02:02:13,0.00102000,1.25000000
2018-02-23 02:02:13,0.00102000,67.27000000
2018-02-23 02:02:13,0.00102190,4.01000000
2018-02-23 02:02:13,0.00102190,25.00000000
2018-02-23 02:02:14,0.00102190,79.79000000
2018-02-23 02:02:15,0.00102000,11.06000000
2018-02-23 02:02:16,0.00102020,45.95000000
2018-02-23 02:02:16,0.00102190,67.61000000
2018-02-23 02:02:16,0.00102200,251.27000000
2018-02-23 02:02:16,0.00102200,15.00000000
2018-02-23 02:02:16,0.00102200,50.98000000
2018-02-23 02:02:17,0.00102200,28.13000000
2018-02-23 02:02:17,0.00102200,15.00000000
2018-02-23 02:02:17,0.00102200,2.63000000
2018-02-23 02:02:17,0.00102200,25.67000000
2018-02-23 02:02:18,0.00102200,20.39000000
2018-02-23 02:02:19,0.00102200,253.05000000
2018-02-23 02:02:19,0.00102190,29.40000000
2018-02-23 02:02:19,0.00102200,170.60000000
2018-02-23 02:02:19,0.00102200,1.80000000
2018-02-23 02:02:19,0.00102010,59.58000000
2018-02-23 02:02:19,0.00102000,10.00000000
2018-02-23 02:02:20,0.00102000,0.29000000
2018-02-23 02:02:21,0.00102200,10.40000000
2018-02-23 02:02:23,0.00102200,91.18000000
2018-02-23 02:02:24,0.00102180,6.00000000
2018-02-23 02:02:25,0.00102060,1.96000000
2018-02-23 02:02:25,0.00102040,25.37000000
2018-02-23 02:02:26,0.00102060,10.43000000
2018-02-23 02:02:27,0.00102180,220.13000000
2018-02-23 02:02:28,0.00102060,31.68000000
2018-02-23 02:02:29,0.00102060,5.00000000
2018-02-23 02:02:31,0.00102060,120.15000000
2018-02-23 02:02:32,0.00102160,1.96000000
2018-02-23 02:02:32,0.00102190,21.99000000
2018-02-23 02:02:32,0.00102200,29.32000000
2018-02-23 02:02:33,0.00102200,29.33000000
2018-02-23 02:02:33,0.00102200,60.79000000
2018-02-23 02:02:34,0.00102200,7.87000000
2018-02-23 02:02:36,0.00102190,66.71000000
2018-02-23 02:02:36,0.00102130,25.00000000
2018-02-23 02:02:36,0.00102130,178.67000000
2018-02-23 02:02:36,0.00102130,25.00000000
2018-02-23 02:02:37,0.00102100,1.96000000
2018-02-23 02:02:37,0.00102080,1.96000000
2018-02-23 02:02:37,0.00102060,101.84000000
2018-02-23 02:02:37,0.00102030,60.54000000
2018-02-23 02:02:37,0.00102000,28.29000000
2018-02-23 02:02:37,0.00102140,1.96000000
2018-02-23 02:02:38,0.00102000,212.38000000
2018-02-23 02:02:38,0.00102170,1.96000000
2018-02-23 02:02:38,0.00102180,1.98000000
2018-02-23 02:02:38,0.00102190,25.13000000
2018-02-23 02:02:39,0.00102190,17.73000000
2018-02-23 02:02:39,0.00102190,17.73000000
2018-02-23 02:02:39,0.00102190,17.67000000
2018-02-23 02:02:39,0.00102190,29.33000000
2018-02-23 02:02:39,0.00102190,12.60000000
2018-02-23 02:02:40,0.00102200,6.73000000
2018-02-23 02:02:40,0.00102190,25.37000000
2018-02-23 02:02:40,0.00102200,24.63000000
2018-02-23 02:02:40,0.00102200,24.63000000
2018-02-23 02:02:41,0.00102200,4.71000000
2018-02-23 02:02:42,0.00102200,58.61000000
2018-02-23 02:02:43,0.00102200,111.70000000
2018-02-23 02:02:44,0.00102200,2.63000000
2018-02-23 02:02:45,0.00102200,34.31000000
2018-02-23 02:02:45,0.00102220,2.05000000
2018-02-23 02:02:46,0.00102200,20.12000000
2018-02-23 02:02:46,0.00102200,28.00000000
2018-02-23 02:02:46,0.00102200,97.00000000
2018-02-23 02:02:47,0.00102200,28.72000000
2018-02-23 02:02:47,0.00102200,26.16000000
2018-02-23 02:02:47,0.00102220,2.84000000
2018-02-23 02:02:47,0.00102230,52.04000000
2018-02-23 02:02:47,0.00102230,111.49000000
2018-02-23 02:02:47,0.00102230,252.82000000
2018-02-23 02:02:47,0.00102230,94.86000000
2018-02-23 02:02:47,0.00102260,2.69000000
2018-02-23 02:02:47,0.00102260,78.33000000
2018-02-23 02:02:47,0.00102260,0.09000000
2018-02-23 02:02:47,0.00102280,5.72000000
2018-02-23 02:02:47,0.00102280,14.28000000
2018-02-23 02:02:47,0.00102280,14.28000000
2018-02-23 02:02:47,0.00102280,2.74000000
2018-02-23 02:02:47,0.00102280,8.47000000
2018-02-23 02:02:48,0.00102060,14.28000000
2018-02-23 02:02:50,0.00102240,27.67000000
2018-02-23 02:02:54,0.00102260,6.94000000
2018-02-23 02:02:57,0.00102280,161.08000000
2018-02-23 02:02:57,0.00102300,102.96000000
2018-02-23 02:02:57,0.00102360,23.22000000
2018-02-23 02:02:57,0.00102470,47.65000000
2018-02-23 02:02:57,0.00102220,87.22000000
2018-02-23 02:02:57,0.00102200,137.07000000
2018-02-23 02:02:59,0.00102190,14.28000000
2018-02-23 02:02:59,0.00102200,180.41000000
2018-02-23 02:02:59,0.00102130,1.96000000
2018-02-23 02:02:59,0.00102110,4.71000000
2018-02-23 02:02:59,0.00102170,1.96000000
2018-02-23 02:02:59,0.00102200,18.36000000
2018-02-23 02:02:59,0.00102200,53.49000000
2018-02-23 02:03:01,0.00102200,29.33000000
2018-02-23 02:03:04,0.00102110,10.00000000
2018-02-23 02:03:04,0.00102200,93.51000000
2018-02-23 02:03:05,0.00102220,20.22000000
2018-02-23 02:03:09,0.00102130,10.00000000
2018-02-23 02:03:11,0.00102220,7.01000000
2018-02-23 02:03:12,0.00102220,29.35000000
2018-02-23 02:03:12,0.00102210,220.27000000
2018-02-23 02:03:13,0.00102200,1.69000000
2018-02-23 02:03:13,0.00102200,224.08000000
2018-02-23 02:03:13,0.00102200,3.22000000
2018-02-23 02:03:14,0.00102200,53.49000000
2018-02-23 02:03:14,0.00102200,1.37000000
2018-02-23 02:03:14,0.00102200,1.08000000
2018-02-23 02:03:15,0.00102200,47.38000000
2018-02-23 02:03:15,0.00102200,157.69000000
2018-02-23 02:03:15,0.00102200,16.71000000
2018-02-23 02:03:15,0.00102200,28.54000000
2018-02-23 02:03:16,0.00102220,103.66000000
2018-02-23 02:03:16,0.00102220,3.17000000
2018-02-23 02:03:17,0.00102180,2.22000000
2018-02-23 02:03:17,0.00102180,7.78000000
2018-02-23 02:03:17,0.00102150,64.99000000
2018-02-23 02:03:17,0.00102120,1.96000000
2018-02-23 02:03:17,0.00102110,86.81000000
2018-02-23 02:03:17,0.00102100,120.07000000
2018-02-23 02:03:19,0.00102180,1.96000000
2018-02-23 02:03:19,0.00102200,1.96000000
2018-02-23 02:03:19,0.00102220,4.25000000
2018-02-23 02:03:20,0.00102110,4.97000000
2018-02-23 02:03:22,0.00102220,90.31000000
2018-02-23 02:03:22,0.00102220,21.74000000
2018-02-23 02:03:22,0.00102110,4.78000000
2018-02-23 02:03:24,0.00102220,4.88000000
2018-02-23 02:03:25,0.00102160,43.90000000
2018-02-23 02:03:30,0.00102220,19.66000000
2018-02-23 02:03:30,0.00102220,19.66000000
2018-02-23 02:03:30,0.00102130,1.95000000
2018-02-23 02:03:32,0.00102130,1.84000000
2018-02-23 02:03:32,0.00102120,1.72000000
2018-02-23 02:03:32,0.00102110,69.88000000
2018-02-23 02:03:32,0.00102100,73.43000000
2018-02-23 02:03:34,0.00102200,1.96000000
2018-02-23 02:03:34,0.00102210,4.90000000
2018-02-23 02:03:34,0.00102220,15.00000000
2018-02-23 02:03:36,0.00102130,1.63000000
2018-02-23 02:03:36,0.00102120,1.96000000
2018-02-23 02:03:36,0.00102100,436.17000000
2018-02-23 02:03:37,0.00102200,24.45000000
2018-02-23 02:03:37,0.00102180,0.50000000
2018-02-23 02:03:37,0.00102100,1.63000000
2018-02-23 02:03:37,0.00102060,4.48000000
2018-02-23 02:03:37,0.00102060,44.81000000
2018-02-23 02:03:37,0.00102050,94.41000000
2018-02-23 02:03:37,0.00102050,1.96000000
2018-02-23 02:03:38,0.00102030,23.86000000
2018-02-23 02:03:38,0.00102030,212.65000000
2018-02-23 02:03:40,0.00102030,23.86000000
2018-02-23 02:03:40,0.00102020,67.13000000
2018-02-23 02:03:41,0.00102010,4.89000000
2018-02-23 02:03:41,0.00102000,184.90000000
2018-02-23 02:03:45,0.00101990,7.01000000
2018-02-23 02:03:46,0.00101920,63.00000000
2018-02-23 02:03:46,0.00101910,14.98000000
2018-02-23 02:03:46,0.00101900,16.48000000
2018-02-23 02:03:46,0.00101900,494.58000000
2018-02-23 02:03:46,0.00101880,52.42000000
2018-02-23 02:03:46,0.00101830,181.52000000
2018-02-23 02:03:46,0.00101810,15.05000000
2018-02-23 02:03:46,0.00101800,197.83000000
2018-02-23 02:03:46,0.00101790,215.95000000
2018-02-23 02:03:46,0.00101790,23.26000000
2018-02-23 02:03:46,0.00101790,17.82000000
2018-02-23 02:03:46,0.00101970,16.21000000
2018-02-23 02:03:46,0.00101900,38.86000000
2018-02-23 02:03:47,0.00101900,1.82000000
2018-02-23 02:03:47,0.00101900,9.14000000
2018-02-23 02:03:49,0.00101900,0.09000000
2018-02-23 02:03:49,0.00101900,22.42000000
2018-02-23 02:03:49,0.00101720,50.69000000
2018-02-23 02:03:49,0.00101700,2.95000000
2018-02-23 02:03:49,0.00101670,11.70000000
2018-02-23 02:03:49,0.00101640,1.42000000
2018-02-23 02:03:49,0.00101640,112.40000000
2018-02-23 02:03:49,0.00101640,2.15000000
2018-02-23 02:03:49,0.00101610,35.80000000
2018-02-23 02:03:50,0.00101760,20.00000000
2018-02-23 02:03:51,0.00101750,10.38000000
2018-02-23 02:03:52,0.00101750,41.82000000
2018-02-23 02:03:52,0.00101750,43.40000000
2018-02-23 02:03:52,0.00101600,17.12000000
2018-02-23 02:03:52,0.00101560,5.83000000
2018-02-23 02:03:52,0.00101530,9.85000000
2018-02-23 02:03:52,0.00101500,83.87000000
2018-02-23 02:03:52,0.00101490,53.79000000
2018-02-23 02:03:52,0.00101410,20.51000000
2018-02-23 02:03:52,0.00101380,4.93000000
2018-02-23 02:03:52,0.00101370,98.64000000
2018-02-23 02:03:52,0.00101320,175.00000000
2018-02-23 02:03:52,0.00101260,79.35000000
2018-02-23 02:03:52,0.00101250,136.15000000
2018-02-23 02:03:52,0.00101240,2.41000000
2018-02-23 02:03:52,0.00101200,33.46000000
2018-02-23 02:03:52,0.00101160,4.91000000
2018-02-23 02:03:52,0.00101100,263.09000000
2018-02-23 02:03:52,0.00101020,3.08000000
2018-02-23 02:03:52,0.00101010,1001.87000000
2018-02-23 02:03:52,0.00101000,206.52000000
2018-02-23 02:03:52,0.00101000,5.00000000
2018-02-23 02:03:52,0.00101000,35.20000000
2018-02-23 02:03:52,0.00101000,29.33000000
2018-02-23 02:03:52,0.00101000,35.20000000
2018-02-23 02:03:52,0.00101000,5.20000000
2018-02-23 02:03:52,0.00101000,29.33000000
2018-02-23 02:03:52,0.00101000,5.00000000
2018-02-23 02:03:52,0.00101000,30.00000000
2018-02-23 02:03:52,0.00101000,8.14000000
2018-02-23 02:03:52,0.00101000,151.90000000
2018-02-23 02:03:52,0.00101000,151.90000000
2018-02-23 02:03:52,0.00101000,7.27000000
2018-02-23 02:03:52,0.00101000,523.61000000
2018-02-23 02:03:52,0.00101000,31.47000000
2018-02-23 02:03:52,0.00101000,19.91000000
2018-02-23 02:03:52,0.00101000,16.25000000
2018-02-23 02:03:52,0.00101000,19.91000000
2018-02-23 02:03:52,0.00101000,33.82000000
2018-02-23 02:03:52,0.00101000,16.32000000
2018-02-23 02:03:52,0.00101000,1.96000000
2018-02-23 02:03:52,0.00101000,21.40000000
2018-02-23 02:03:52,0.00101000,3.27000000
2018-02-23 02:03:52,0.00101000,16.25000000
2018-02-23 02:03:52,0.00101000,28.28000000
2018-02-23 02:03:52,0.00101000,13.68000000
2018-02-23 02:03:52,0.00100990,1.46000000
2018-02-23 02:03:53,0.00101000,1.01000000
2018-02-23 02:03:53,0.00101000,135.90000000
2018-02-23 02:03:53,0.00100980,17.26000000
2018-02-23 02:03:53,0.00101000,2.38000000
2018-02-23 02:03:53,0.00101000,93.10000000
2018-02-23 02:03:53,0.00101000,5.18000000
2018-02-23 02:03:53,0.00101000,12.33000000
2018-02-23 02:03:54,0.00100950,13.68000000
2018-02-23 02:03:54,0.00100950,55.00000000
2018-02-23 02:03:54,0.00101000,25.00000000
2018-02-23 02:03:54,0.00100950,5.29000000
2018-02-23 02:03:55,0.00100980,50.09000000
2018-02-23 02:03:56,0.00100980,0.07000000
2018-02-23 02:03:56,0.00100950,8.27000000
2018-02-23 02:03:56,0.00100980,0.53000000
2018-02-23 02:03:56,0.00100990,20.00000000
2018-02-23 02:03:56,0.00101000,30.16000000
2018-02-23 02:03:57,0.00100950,1.08000000
2018-02-23 02:03:57,0.00100970,1.96000000
2018-02-23 02:03:57,0.00101000,14.04000000
2018-02-23 02:03:57,0.00101000,5.00000000
2018-02-23 02:03:58,0.00101000,13.11000000
2018-02-23 02:03:58,0.00100950,110.66000000
2018-02-23 02:03:58,0.00100970,60.51000000
2018-02-23 02:03:59,0.00101000,13.93000000
2018-02-23 02:03:59,0.00100950,85.29000000
2018-02-23 02:03:59,0.00100950,90.05000000
2018-02-23 02:03:59,0.00100950,8.59000000
2018-02-23 02:03:59,0.00101000,16.42000000
2018-02-23 02:03:59,0.00101000,82.40000000
2018-02-23 02:04:01,0.00101000,0.15000000
2018-02-23 02:04:01,0.00100960,1.19000000
2018-02-23 02:04:01,0.00101000,10.00000000
2018-02-23 02:04:02,0.00100960,7.04000000
2018-02-23 02:04:02,0.00101000,3323.97000000
2018-02-23 02:04:03,0.00101490,24.23000000
2018-02-23 02:04:03,0.00101710,12.33000000
2018-02-23 02:04:03,0.00101720,8.78000000
2018-02-23 02:04:03,0.00101000,10.15000000
2018-02-23 02:04:03,0.00100960,95.62000000
2018-02-23 02:04:03,0.00100960,47.21000000
2018-02-23 02:04:03,0.00101020,196.99000000
2018-02-23 02:04:03,0.00101010,80.64000000
2018-02-23 02:04:04,0.00101040,6.00000000
2018-02-23 02:04:05,0.00101050,7.35000000
2018-02-23 02:04:06,0.00101050,8.89000000
2018-02-23 02:04:06,0.00101440,11.82000000
2018-02-23 02:04:06,0.00101200,4.89000000
2018-02-23 02:04:07,0.00101390,0.02000000
2018-02-23 02:04:08,0.00101390,202.97000000
2018-02-23 02:04:08,0.00101380,31.83000000
2018-02-23 02:04:09,0.00101380,10.51000000
2018-02-23 02:04:09,0.00101270,8.74000000
2018-02-23 02:04:09,0.00101200,26.46000000
2018-02-23 02:04:10,0.00101360,51.01000000
2018-02-23 02:04:10,0.00101370,18.17000000
2018-02-23 02:04:10,0.00101190,5.69000000
2018-02-23 02:04:10,0.00101110,24.58000000
2018-02-23 02:04:10,0.00101100,60.02000000
2018-02-23 02:04:10,0.00101100,1896.19000000
2018-02-23 02:04:12,0.00101200,9.90000000
2018-02-23 02:04:12,0.00101200,61.76000000
2018-02-23 02:04:14,0.00101210,7.71000000
2018-02-23 02:04:15,0.00101370,10.00000000
2018-02-23 02:04:15,0.00101200,1.01000000
2018-02-23 02:04:16,0.00101200,14.72000000
2018-02-23 02:04:16,0.00101210,8.17000000
2018-02-23 02:04:16,0.00101360,97.15000000
2018-02-23 02:04:17,0.00101340,7.71000000
2018-02-23 02:04:17,0.00101350,43.97000000
2018-02-23 02:04:17,0.00101360,23.49000000
2018-02-23 02:04:18,0.00101270,253.11000000
2018-02-23 02:04:19,0.00101360,14.60000000
2018-02-23 02:04:19,0.00101200,31.47000000
2018-02-23 02:04:20,0.00101200,263.01000000
2018-02-23 02:04:20,0.00101220,1.98000000
2018-02-23 02:04:20,0.00101200,33.76000000
2018-02-23 02:04:20,0.00101110,26.46000000
2018-02-23 02:04:20,0.00101100,15.00000000
2018-02-23 02:04:20,0.00101030,6.65000000
2018-02-23 02:04:20,0.00101000,28.25000000
2018-02-23 02:04:20,0.00100960,11.92000000
2018-02-23 02:04:25,0.00101200,40.99000000
2018-02-23 02:04:25,0.00101030,5.09000000
2018-02-23 02:04:25,0.00101000,13.12000000
2018-02-23 02:04:25,0.00100960,158.20000000
2018-02-23 02:04:25,0.00101050,1.98000000
2018-02-23 02:04:25,0.00100960,19.30000000
2018-02-23 02:04:27,0.00101270,26.46000000
2018-02-23 02:04:34,0.00101270,17.47000000
2018-02-23 02:04:34,0.00101270,12.17000000
2018-02-23 02:04:35,0.00101040,4.28000000
2018-02-23 02:04:36,0.00101270,4.08000000
2018-02-23 02:04:38,0.00101090,2.05000000
2018-02-23 02:04:39,0.00101130,77.11000000
2018-02-23 02:04:42,0.00101080,27.45000000
2018-02-23 02:04:43,0.00101000,71.98000000
2018-02-23 02:04:43,0.00100980,151.77000000
2018-02-23 02:04:43,0.00101070,1.77000000
2018-02-23 02:04:45,0.00101070,0.48000000
2018-02-23 02:04:45,0.00101080,19.10000000
2018-02-23 02:04:46,0.00101080,73.55000000
2018-02-23 02:04:49,0.00101020,50.00000000
2018-02-23 02:04:49,0.00101010,29.70000000
2018-02-23 02:04:49,0.00101000,22.00000000
2018-02-23 02:04:49,0.00100980,122.06000000
2018-02-23 02:04:49,0.00101080,31.42000000
2018-02-23 02:04:49,0.00101080,2.00000000
2018-02-23 02:04:50,0.00101080,25.00000000
2018-02-23 02:04:51,0.00101080,9.49000000
2018-02-23 02:04:52,0.00101080,9.00000000
2018-02-23 02:04:54,0.00101080,60.04000000
2018-02-23 02:04:56,0.00101000,46.00000000
2018-02-23 02:04:56,0.00101070,10.42000000
2018-02-23 02:04:56,0.00101070,1.39000000
2018-02-23 02:04:57,0.00101020,269.71000000
2018-02-23 02:04:59,0.00101000,87.06000000
2018-02-23 02:05:00,0.00101000,158.58000000
2018-02-23 02:05:00,0.00101000,6.40000000
2018-02-23 02:05:02,0.00101000,6.94000000
2018-02-23 02:05:05,0.00101000,229.99000000
2018-02-23 02:05:05,0.00101000,2.63000000
2018-02-23 02:05:05,0.00101050,38.19000000
2018-02-23 02:05:05,0.00101060,1.98000000
2018-02-23 02:05:05,0.00101080,36.21000000
2018-02-23 02:05:05,0.00101080,27.53000000
2018-02-23 02:05:05,0.00101080,81.77000000
2018-02-23 02:05:05,0.00101100,27.17000000
2018-02-23 02:05:05,0.00101100,37.71000000
2018-02-23 02:05:05,0.00101150,16.29000000
2018-02-23 02:05:05,0.00101150,4.53000000
2018-02-23 02:05:05,0.00101150,4.51000000
2018-02-23 02:05:05,0.00101080,60.04000000
2018-02-23 02:05:06,0.00101150,4.37000000
2018-02-23 02:05:06,0.00101060,1.98000000
2018-02-23 02:05:06,0.00101050,25.23000000
2018-02-23 02:05:06,0.00101000,78.52000000
2018-02-23 02:05:06,0.00100980,112.61000000
2018-02-23 02:05:06,0.00101200,7.80000000
2018-02-23 02:05:06,0.00101200,85.28000000
2018-02-23 02:05:07,0.00101000,6.73000000
2018-02-23 02:05:07,0.00100990,31.82000000
2018-02-23 02:05:07,0.00101000,112.55000000
2018-02-23 02:05:10,0.00100980,15.27000000
2018-02-23 02:05:11,0.00100980,2.41000000
2018-02-23 02:05:12,0.00100990,28.23000000
2018-02-23 02:05:13,0.00100990,93.71000000
2018-02-23 02:05:13,0.00100990,3.59000000
2018-02-23 02:05:13,0.00101000,147.93000000
2018-02-23 02:05:13,0.00101150,15.00000000
2018-02-23 02:05:13,0.00101200,180.65000000
2018-02-23 02:05:14,0.00101200,75.75000000
2018-02-23 02:05:14,0.00101080,46.70000000
2018-02-23 02:05:14,0.00101020,1.98000000
2018-02-23 02:05:14,0.00101000,58.60000000
2018-02-23 02:05:14,0.00101010,7.26000000
2018-02-23 02:05:15,0.00101020,29.69000000
2018-02-23 02:05:15,0.00101000,149.47000000
2018-02-23 02:05:15,0.00101000,9.13000000
2018-02-23 02:05:18,0.00101000,11.76000000
2018-02-23 02:05:19,0.00101020,1.98000000
2018-02-23 02:05:19,0.00101000,18.34000000
2018-02-23 02:05:21,0.00101000,306.96000000
2018-02-23 02:05:21,0.00101130,7.26000000
2018-02-23 02:05:21,0.00101140,1.98000000
2018-02-23 02:05:22,0.00101150,1.00000000
2018-02-23 02:05:24,0.00101150,7.14000000
2018-02-23 02:05:24,0.00101020,1.98000000
2018-02-23 02:05:24,0.00101000,191.56000000
2018-02-23 02:05:25,0.00101000,11.92000000
2018-02-23 02:05:25,0.00100990,44.66000000
2018-02-23 02:05:25,0.00100980,4.42000000
2018-02-23 02:05:29,0.00101110,1.98000000
2018-02-23 02:05:29,0.00101130,29.02000000
2018-02-23 02:05:29,0.00101020,1.98000000
2018-02-23 02:05:29,0.00101000,15.00000000
2018-02-23 02:05:29,0.00100980,83.02000000
2018-02-23 02:05:30,0.00100980,33.10000000
2018-02-23 02:05:30,0.00100980,2.63000000
2018-02-23 02:05:32,0.00100980,10.45000000
2018-02-23 02:05:34,0.00100980,4.04000000
2018-02-23 02:05:35,0.00100980,1.33000000
2018-02-23 02:05:35,0.00100980,56.97000000
2018-02-23 02:05:37,0.00100980,10.68000000
2018-02-23 02:05:37,0.00100980,9.02000000
2018-02-23 02:05:37,0.00100970,1.98000000
2018-02-23 02:05:37,0.00100970,10.68000000
2018-02-23 02:05:37,0.00100970,14.28000000
2018-02-23 02:05:37,0.00100960,81.71000000
2018-02-23 02:05:39,0.00100960,238.99000000
2018-02-23 02:05:39,0.00100960,269.13000000
2018-02-23 02:05:39,0.00100970,8.42000000
2018-02-23 02:05:39,0.00100980,53.86000000
2018-02-23 02:05:40,0.00101000,105.29000000
2018-02-23 02:05:40,0.00101000,196.03000000
2018-02-23 02:05:42,0.00101000,13.79000000
2018-02-23 02:05:44,0.00101000,1.00000000
2018-02-23 02:05:45,0.00101000,12.55000000
2018-02-23 02:05:45,0.00101000,35.67000000
2018-02-23 02:05:46,0.00101000,5.29000000
2018-02-23 02:05:46,0.00101000,2.00000000
2018-02-23 02:05:50,0.00100990,25.22000000
2018-02-23 02:05:54,0.00100990,5.69000000
2018-02-23 02:05:54,0.00100990,13.81000000
2018-02-23 02:05:54,0.00101000,49.24000000
2018-02-23 02:05:55,0.00100990,11.36000000
2018-02-23 02:05:55,0.00100980,29.01000000
2018-02-23 02:05:56,0.00101000,70.71000000
2018-02-23 02:05:56,0.00101050,10.05000000
2018-02-23 02:05:59,0.00101050,62.11000000
2018-02-23 02:05:59,0.00101000,3.77000000
2018-02-23 02:05:59,0.00100980,43.66000000
2018-02-23 02:05:59,0.00100930,9.28000000
2018-02-23 02:05:59,0.00100920,4.66000000
2018-02-23 02:05:59,0.00100910,4.95000000
2018-02-23 02:05:59,0.00100810,17.59000000
2018-02-23 02:05:59,0.00100790,5.62000000
2018-02-23 02:06:00,0.00101040,29.69000000
2018-02-23 02:06:00,0.00101050,11.57000000
2018-02-23 02:06:01,0.00101050,0.15000000
2018-02-23 02:06:01,0.00101050,19.60000000
2018-02-23 02:06:01,0.00101050,92.89000000
2018-02-23 02:06:02,0.00101050,41.97000000
2018-02-23 02:06:04,0.00100980,12.07000000
2018-02-23 02:06:07,0.00100890,302.92000000
2018-02-23 02:06:13,0.00100980,64.42000000
2018-02-23 02:06:14,0.00100890,1.00000000
2018-02-23 02:06:14,0.00100890,25.86000000
2018-02-23 02:06:15,0.00100980,16.07000000
2018-02-23 02:06:15,0.00100980,12.99000000
2018-02-23 02:06:17,0.00100980,4.00000000
2018-02-23 02:06:17,0.00100980,14.19000000
2018-02-23 02:06:17,0.00100980,14.22000000
2018-02-23 02:06:18,0.00100980,99.89000000
2018-02-23 02:06:19,0.00100980,11.29000000
2018-02-23 02:06:19,0.00100980,1.00000000
2018-02-23 02:06:20,0.00100890,17.15000000
2018-02-23 02:06:21,0.00100980,0.25000000
2018-02-23 02:06:21,0.00100910,2.00000000
2018-02-23 02:06:21,0.00100890,1.23000000
2018-02-23 02:06:22,0.00100920,126.92000000
2018-02-23 02:06:23,0.00100960,0.06000000
2018-02-23 02:06:25,0.00100960,1.94000000
2018-02-23 02:06:25,0.00100980,2.56000000
2018-02-23 02:06:25,0.00100980,0.02000000
2018-02-23 02:06:29,0.00100910,2.00000000
2018-02-23 02:06:31,0.00100910,2.85000000
2018-02-23 02:06:32,0.00100910,9.78000000
2018-02-23 02:06:33,0.00100890,6.00000000
2018-02-23 02:06:36,0.00100890,7.02000000
2018-02-23 02:06:37,0.00100810,38.74000000
2018-02-23 02:06:37,0.00100800,101.12000000
2018-02-23 02:06:37,0.00100790,250.92000000
2018-02-23 02:06:37,0.00100790,2.42000000
2018-02-23 02:06:37,0.00100790,4.59000000
2018-02-23 02:06:37,0.00100810,35.00000000
2018-02-23 02:06:37,0.00100810,284.16000000
2018-02-23 02:06:37,0.00100810,29.74000000
2018-02-23 02:06:37,0.00100810,5.26000000
2018-02-23 02:06:38,0.00100750,1.09000000
2018-02-23 02:06:38,0.00100670,14.90000000
2018-02-23 02:06:38,0.00100600,29.20000000
2018-02-23 02:06:38,0.00100590,18.09000000
2018-02-23 02:06:39,0.00100880,1.98000000
2018-02-23 02:06:39,0.00100890,531.68000000
2018-02-23 02:06:39,0.00100900,29.75000000
2018-02-23 02:06:39,0.00100910,78.21000000
2018-02-23 02:06:39,0.00100960,97.62000000
2018-02-23 02:06:39,0.00100960,0.48000000
2018-02-23 02:06:40,0.00100630,9.93000000
2018-02-23 02:06:40,0.00100600,50.00000000
2018-02-23 02:06:40,0.00100590,206.34000000
2018-02-23 02:06:41,0.00100960,0.24000000
2018-02-23 02:06:42,0.00100660,9.93000000
2018-02-23 02:06:42,0.00100650,51.17000000
2018-02-23 02:06:42,0.00100640,24.73000000
2018-02-23 02:06:42,0.00100610,4.96000000
2018-02-23 02:06:42,0.00100590,27.65000000
2018-02-23 02:06:42,0.00100600,29.82000000
2018-02-23 02:06:42,0.00100590,502.59000000
2018-02-23 02:06:43,0.00100940,0.15000000
2018-02-23 02:06:45,0.00100590,98.43000000
2018-02-23 02:06:46,0.00100590,62.48000000
2018-02-23 02:06:46,0.00100600,118.06000000
2018-02-23 02:06:48,0.00100670,3.57000000
2018-02-23 02:06:48,0.00100600,41.84000000
2018-02-23 02:06:48,0.00100590,70.87000000
2018-02-23 02:06:49,0.00100880,105.57000000
2018-02-23 02:06:49,0.00100890,30.78000000
2018-02-23 02:06:49,0.00100900,26.70000000
2018-02-23 02:06:49,0.00100900,110.33000000
2018-02-23 02:06:51,0.00100870,0.12000000
2018-02-23 02:06:53,0.00100740,28.63000000
2018-02-23 02:06:53,0.00100740,28.61000000
2018-02-23 02:06:53,0.00100740,28.61000000
2018-02-23 02:06:53,0.00100740,28.64000000
2018-02-23 02:06:53,0.00100740,28.67000000
2018-02-23 02:06:53,0.00100740,28.61000000
2018-02-23 02:06:53,0.00100740,3.22000000
2018-02-23 02:06:54,0.00100740,47.86000000
2018-02-23 02:06:54,0.00100740,34.80000000
2018-02-23 02:06:54,0.00100660,2.86000000
2018-02-23 02:06:56,0.00100840,7.00000000
2018-02-23 02:06:56,0.00100670,29.80000000
2018-02-23 02:06:56,0.00100660,19.72000000
2018-02-23 02:06:59,0.00100600,28.59000000
2018-02-23 02:06:59,0.00100590,718.53000000
2018-02-23 02:06:59,0.00100810,11.51000000
2018-02-23 02:07:02,0.00100750,49.88000000
2018-02-23 02:07:02,0.00100760,0.12000000
2018-02-23 02:07:02,0.00100760,3.27000000
2018-02-23 02:07:03,0.00100750,29.80000000
2018-02-23 02:07:03,0.00100760,36.27000000
2018-02-23 02:07:03,0.00100800,91.93000000
2018-02-23 02:07:04,0.00100590,72.12000000
2018-02-23 02:07:04,0.00100590,85.79000000
2018-02-23 02:07:04,0.00100590,0.15000000
2018-02-23 02:07:04,0.00100590,37.16000000
2018-02-23 02:07:04,0.00100570,21.76000000
2018-02-23 02:07:05,0.00100620,22.05000000
2018-02-23 02:07:05,0.00100580,29.82000000
2018-02-23 02:07:05,0.00100570,96.37000000
2018-02-23 02:07:05,0.00100740,20.00000000
2018-02-23 02:07:07,0.00100640,335.76000000
2018-02-23 02:07:09,0.00100570,39.99000000
2018-02-23 02:07:12,0.00100570,6.58000000
2018-02-23 02:07:12,0.00100510,51.17000000
2018-02-23 02:07:12,0.00100500,93.63000000
2018-02-23 02:07:12,0.00100590,2.00000000
2018-02-23 02:07:15,0.00100500,80.01000000
2018-02-23 02:07:16,0.00100500,158.04000000
2018-02-23 02:07:16,0.00100480,8.52000000
2018-02-23 02:07:16,0.00100470,51.78000000
2018-02-23 02:07:17,0.00100470,7.37000000
2018-02-23 02:07:17,0.00100430,15.94000000
2018-02-23 02:07:17,0.00100410,5.64000000
2018-02-23 02:07:17,0.00100410,8.15000000
2018-02-23 02:07:17,0.00100370,5.92000000
2018-02-23 02:07:17,0.00100350,118.17000000
2018-02-23 02:07:17,0.00100310,22.87000000
2018-02-23 02:07:17,0.00100300,82.59000000
2018-02-23 02:07:17,0.00100280,7.23000000
2018-02-23 02:07:17,0.00100260,2.19000000
2018-02-23 02:07:17,0.00100210,20.00000000
2018-02-23 02:07:17,0.00100200,114.77000000
2018-02-23 02:07:17,0.00100200,10.50000000
2018-02-23 02:07:17,0.00100200,17.37000000
2018-02-23 02:07:17,0.00100160,14.89000000
2018-02-23 02:07:17,0.00100130,2.10000000
2018-02-23 02:07:17,0.00100120,265.77000000
2018-02-23 02:07:17,0.00100110,291.35000000
2018-02-23 02:07:17,0.00100100,147.54000000
2018-02-23 02:07:17,0.00100180,39.67000000
2018-02-23 02:07:17,0.00100180,6.93000000
2018-02-23 02:07:18,0.00100400,2.39000000
2018-02-23 02:07:18,0.00100390,1.79000000
2018-02-23 02:07:19,0.00100380,29.82000000
2018-02-23 02:07:19,0.00100390,49.38000000
2018-02-23 02:07:20,0.00100400,159.76000000
2018-02-23 02:07:21,0.00100500,5.00000000
2018-02-23 02:07:22,0.00100500,1.23000000
2018-02-23 02:07:23,0.00100330,29.90000000
2018-02-23 02:07:23,0.00100310,60.54000000
2018-02-23 02:07:24,0.00100330,1.79000000
2018-02-23 02:07:24,0.00100330,1.79000000
2018-02-23 02:07:25,0.00100330,19.02000000
2018-02-23 02:07:25,0.00100310,0.99000000
2018-02-23 02:07:25,0.00100330,14.47000000
2018-02-23 02:07:25,0.00100310,15.46000000
2018-02-23 02:07:25,0.00100230,2.14000000
2018-02-23 02:07:27,0.00100230,25.28000000
2018-02-23 02:07:27,0.00100230,4.98000000
2018-02-23 02:07:27,0.00100230,7.92000000
2018-02-23 02:07:27,0.00100140,27.42000000
2018-02-23 02:07:27,0.00100140,24.01000000
2018-02-23 02:07:27,0.00100230,12.40000000
2018-02-23 02:07:27,0.00100330,183.36000000
2018-02-23 02:07:27,0.00100380,2.00000000
2018-02-23 02:07:28,0.00100300,139.38000000
2018-02-23 02:07:28,0.00100310,51.43000000
2018-02-23 02:07:28,0.00100320,2.00000000
2018-02-23 02:07:28,0.00100400,184.45000000
2018-02-23 02:07:28,0.00100400,81.24000000
2018-02-23 02:07:29,0.00100230,37.88000000
2018-02-23 02:07:30,0.00100140,54.67000000
2018-02-23 02:07:31,0.00100170,26.54000000
2018-02-23 02:07:32,0.00100310,53.57000000
2018-02-23 02:07:32,0.00100170,7.73000000
2018-02-23 02:07:32,0.00100160,2.00000000
2018-02-23 02:07:32,0.00100150,24.91000000
2018-02-23 02:07:32,0.00100130,229.72000000
2018-02-23 02:07:32,0.00100100,562.21000000
2018-02-23 02:07:32,0.00100080,4.15000000
2018-02-23 02:07:32,0.00100060,557.02000000
2018-02-23 02:07:32,0.00100050,13.19000000
2018-02-23 02:07:32,0.00100040,1.06000000
2018-02-23 02:07:32,0.00100030,75.41000000
2018-02-23 02:07:32,0.00100020,44.30000000
2018-02-23 02:07:32,0.00100020,10.50000000
2018-02-23 02:07:33,0.00100300,2.57000000
2018-02-23 02:07:33,0.00100300,27.33000000
2018-02-23 02:07:33,0.00100310,5.25000000
2018-02-23 02:07:34,0.00100290,24.91000000
2018-02-23 02:07:34,0.00100210,29.93000000
2018-02-23 02:07:34,0.00100210,322.43000000
2018-02-23 02:07:34,0.00100160,2.00000000
2018-02-23 02:07:34,0.00100140,5.36000000
2018-02-23 02:07:35,0.00100210,29.93000000
2018-02-23 02:07:35,0.00100270,2.00000000
2018-02-23 02:07:36,0.00100150,51.43000000
2018-02-23 02:07:36,0.00100140,59.59000000
2018-02-23 02:07:36,0.00100140,12.18000000
2018-02-23 02:07:36,0.00100070,42.50000000
2018-02-23 02:07:37,0.00100310,6.65000000
2018-02-23 02:07:38,0.00100130,51.43000000
2018-02-23 02:07:38,0.00100140,17.32000000
2018-02-23 02:07:38,0.00100390,7.45000000
2018-02-23 02:07:39,0.00100110,28.12000000
2018-02-23 02:07:41,0.00100120,1.84000000
2018-02-23 02:07:41,0.00100110,51.43000000
2018-02-23 02:07:41,0.00100100,33.01000000
2018-02-23 02:07:41,0.00100370,5.26000000
2018-02-23 02:07:41,0.00100100,23.15000000
2018-02-23 02:07:42,0.00100360,28.12000000
2018-02-23 02:07:42,0.00100100,11.41000000
2018-02-23 02:07:42,0.00100350,4.61000000
2018-02-23 02:07:42,0.00100360,0.65000000
2018-02-23 02:07:44,0.00100350,24.70000000
2018-02-23 02:07:44,0.00100210,9.86000000
2018-02-23 02:07:45,0.00100350,22.66000000
2018-02-23 02:07:45,0.00100360,4.99000000
2018-02-23 02:07:45,0.00100380,106.74000000
2018-02-23 02:07:45,0.00100390,7.52000000
2018-02-23 02:07:45,0.00100390,1.98000000
2018-02-23 02:07:45,0.00100390,9.93000000
2018-02-23 02:07:45,0.00100390,9.93000000
2018-02-23 02:07:45,0.00100390,20.53000000
2018-02-23 02:07:45,0.00100140,19.86000000
2018-02-23 02:07:45,0.00100140,10.09000000
2018-02-23 02:07:45,0.00100130,28.77000000
2018-02-23 02:07:45,0.00100100,414.45000000
2018-02-23 02:07:46,0.00100350,76.59000000
2018-02-23 02:07:47,0.00100210,34.93000000
2018-02-23 02:07:48,0.00100200,28.77000000
2018-02-23 02:07:48,0.00100250,176.36000000
2018-02-23 02:07:49,0.00100180,29.94000000
2018-02-23 02:07:49,0.00100180,21.49000000
2018-02-23 02:07:49,0.00100170,29.93000000
2018-02-23 02:07:49,0.00100180,0.01000000
2018-02-23 02:07:49,0.00100170,12.45000000
2018-02-23 02:07:50,0.00100200,1.70000000
2018-02-23 02:07:50,0.00100190,2.00000000
2018-02-23 02:07:51,0.00100190,2.00000000
2018-02-23 02:07:51,0.00100320,2.00000000
2018-02-23 02:07:51,0.00100330,93.81000000
2018-02-23 02:07:51,0.00100340,14.30000000
2018-02-23 02:07:51,0.00100340,15.65000000
2018-02-23 02:07:51,0.00100350,0.32000000
2018-02-23 02:07:52,0.00100350,64.48000000
2018-02-23 02:07:53,0.00100120,29.96000000
2018-02-23 02:07:53,0.00100110,35.04000000
2018-02-23 02:07:53,0.00100110,18.64000000
2018-02-23 02:07:53,0.00100100,28.84000000
2018-02-23 02:07:53,0.00100130,11.32000000
2018-02-23 02:07:53,0.00100130,12.28000000
2018-02-23 02:07:53,0.00100190,2.00000000
2018-02-23 02:07:53,0.00100110,2.00000000
2018-02-23 02:07:53,0.00100110,2.00000000
2018-02-23 02:07:54,0.00100330,2.00000000
2018-02-23 02:07:54,0.00100350,14.16000000
2018-02-23 02:07:54,0.00100350,100.83000000
2018-02-23 02:07:54,0.00100340,29.96000000
2018-02-23 02:07:54,0.00100350,16.98000000
2018-02-23 02:07:54,0.00100230,4.03000000
2018-02-23 02:07:54,0.00100230,4.25000000
2018-02-23 02:07:54,0.00100230,4.25000000
2018-02-23 02:07:55,0.00100320,23.60000000
2018-02-23 02:07:55,0.00100360,4.00000000
2018-02-23 02:07:56,0.00100230,137.47000000
2018-02-23 02:07:56,0.00100190,2.00000000
2018-02-23 02:07:56,0.00100130,263.30000000
2018-02-23 02:07:56,0.00100360,1.00000000
2018-02-23 02:07:58,0.00100230,0.25000000
2018-02-23 02:07:59,0.00100190,3.74000000
2018-02-23 02:08:01,0.00100170,2.00000000
2018-02-23 02:08:01,0.00100150,1.64000000
2018-02-23 02:08:01,0.00100200,2.14000000
2018-02-23 02:08:01,0.00100150,372.62000000
2018-02-23 02:08:01,0.00100210,0.06000000
2018-02-23 02:08:01,0.00100210,4.93000000
2018-02-23 02:08:01,0.00100220,7.74000000
2018-02-23 02:08:01,0.00100230,87.33000000
2018-02-23 02:08:02,0.00100100,10.40000000
2018-02-23 02:08:03,0.00100140,5.58000000
2018-02-23 02:08:03,0.00100130,33.33000000
2018-02-23 02:08:04,0.00100130,27.84000000
2018-02-23 02:08:04,0.00100200,2.00000000
2018-02-23 02:08:04,0.00100200,94.32000000
2018-02-23 02:08:05,0.00100300,0.02000000
2018-02-23 02:08:05,0.00100200,1.05000000
2018-02-23 02:08:06,0.00100300,0.16000000
2018-02-23 02:08:06,0.00100220,2.00000000
2018-02-23 02:08:06,0.00100200,2.00000000
2018-02-23 02:08:06,0.00100130,38.83000000
2018-02-23 02:08:06,0.00100120,2.00000000
2018-02-23 02:08:06,0.00100100,926.92000000
2018-02-23 02:08:07,0.00100180,1.44000000
2018-02-23 02:08:08,0.00100180,0.56000000
2018-02-23 02:08:08,0.00100200,1.03000000
2018-02-23 02:08:08,0.00100200,7.06000000
2018-02-23 02:08:09,0.00100100,1.46000000
2018-02-23 02:08:09,0.00100100,76.41000000
2018-02-23 02:08:09,0.00100090,15.00000000
2018-02-23 02:08:09,0.00100080,4.54000000
2018-02-23 02:08:09,0.00100070,4.95000000
2018-02-23 02:08:10,0.00100190,93.59000000
2018-02-23 02:08:12,0.00100190,29.00000000
2018-02-23 02:08:14,0.00100180,47.59000000
2018-02-23 02:08:14,0.00100180,5.00000000
2018-02-23 02:08:15,0.00100180,47.59000000
2018-02-23 02:08:15,0.00100180,41.96000000
2018-02-23 02:08:15,0.00100190,121.12000000
2018-02-23 02:08:15,0.00100200,569.26000000
2018-02-23 02:08:16,0.00100200,1.96000000
2018-02-23 02:08:19,0.00100190,4.00000000
2018-02-23 02:08:19,0.00100200,7.48000000
2018-02-23 02:08:22,0.00100190,4.99000000
2018-02-23 02:08:22,0.00100200,89.21000000
2018-02-23 02:08:23,0.00100200,19.10000000
2018-02-23 02:08:23,0.00100180,140.84000000
2018-02-23 02:08:23,0.00100120,210.42000000
2018-02-23 02:08:23,0.00100070,127.78000000
2018-02-23 02:08:23,0.00100060,155.75000000
2018-02-23 02:08:23,0.00100040,22.85000000
2018-02-23 02:08:23,0.00100030,46.58000000
2018-02-23 02:08:23,0.00100180,2.00000000
2018-02-23 02:08:23,0.00100190,190.97000000
2018-02-23 02:08:24,0.00100190,2.00000000
2018-02-23 02:08:24,0.00100200,598.00000000
2018-02-23 02:08:24,0.00100180,26.41000000
2018-02-23 02:08:24,0.00100200,235.55000000
2018-02-23 02:08:24,0.00100200,54.44000000
2018-02-23 02:08:25,0.00100200,19.80000000
2018-02-23 02:08:25,0.00100200,0.09000000
2018-02-23 02:08:26,0.00100050,2.00000000
2018-02-23 02:08:26,0.00100040,29.98000000
2018-02-23 02:08:26,0.00100030,51.39000000
2018-02-23 02:08:30,0.00100100,220.87000000
2018-02-23 02:08:30,0.00100100,1.51000000
2018-02-23 02:08:32,0.00100100,5.00000000
2018-02-23 02:08:33,0.00100030,252.35000000
2018-02-23 02:08:33,0.00100020,169.79000000
2018-02-23 02:08:33,0.00100100,0.76000000
2018-02-23 02:08:33,0.00100030,2.01000000
2018-02-23 02:08:33,0.00100030,6.25000000
2018-02-23 02:08:34,0.00100100,23.70000000
2018-02-23 02:08:34,0.00100100,25.32000000
2018-02-23 02:08:34,0.00100100,29.95000000
2018-02-23 02:08:34,0.00100100,7.68000000
2018-02-23 02:08:36,0.00100030,8.26000000
2018-02-23 02:08:36,0.00100020,68.20000000
2018-02-23 02:08:36,0.00100010,508.73000000
2018-02-23 02:08:36,0.00100000,14.81000000
2018-02-23 02:08:36,0.00100000,156.22000000
2018-02-23 02:08:36,0.00100000,1001.87000000
2018-02-23 02:08:36,0.00100000,217.11000000
2018-02-23 02:08:36,0.00100000,83.97000000
2018-02-23 02:08:36,0.00100000,11.54000000
2018-02-23 02:08:36,0.00100000,2.00000000
2018-02-23 02:08:36,0.00100000,201.66000000
2018-02-23 02:08:36,0.00100100,333.47000000
2018-02-23 02:08:37,0.00100100,7.42000000
2018-02-23 02:08:37,0.00100010,20.00000000
2018-02-23 02:08:38,0.00100030,4.99000000
2018-02-23 02:08:38,0.00100000,515.01000000
2018-02-23 02:08:38,0.00100090,0.38000000
2018-02-23 02:08:38,0.00100000,53.66000000
2018-02-23 02:08:38,0.00100000,84.10000000
2018-02-23 02:08:38,0.00100000,403.30000000
2018-02-23 02:08:38,0.00100000,100.00000000
2018-02-23 02:08:38,0.00100000,22.31000000
2018-02-23 02:08:38,0.00100000,83.37000000
2018-02-23 02:08:38,0.00100000,29.96000000
2018-02-23 02:08:38,0.00100000,51.25000000
2018-02-23 02:08:38,0.00100000,10.49000000
2018-02-23 02:08:39,0.00100000,2.23000000
2018-02-23 02:08:39,0.00100000,327.77000000
2018-02-23 02:08:39,0.00100000,29.96000000
2018-02-23 02:08:39,0.00100000,15.14000000
2018-02-23 02:08:39,0.00099990,20.00000000
2018-02-23 02:08:39,0.00099990,2.63000000
2018-02-23 02:08:39,0.00100000,25.27000000
2018-02-23 02:08:39,0.00100000,29.96000000
2018-02-23 02:08:39,0.00100000,138.81000000
2018-02-23 02:08:39,0.00099990,56.53000000
2018-02-23 02:08:39,0.00100000,174.01000000
2018-02-23 02:08:39,0.00100000,29.96000000
2018-02-23 02:08:39,0.00099990,100.83000000
2018-02-23 02:08:39,0.00099990,2.00000000
2018-02-23 02:08:39,0.00100000,178.51000000
2018-02-23 02:08:39,0.00100000,477.37000000
2018-02-23 02:08:40,0.00100000,29.96000000
2018-02-23 02:08:40,0.00100000,29.97000000
2018-02-23 02:08:40,0.00100000,29.96000000
2018-02-23 02:08:40,0.00099990,79.34000000
2018-02-23 02:08:40,0.00100000,4.13000000
2018-02-23 02:08:40,0.00099990,14.00000000
2018-02-23 02:08:40,0.00100000,29.96000000
2018-02-23 02:08:40,0.00099990,71.18000000
2018-02-23 02:08:41,0.00100000,154.32000000
2018-02-23 02:08:41,0.00100000,20.00000000
2018-02-23 02:08:41,0.00099990,110.84000000
2018-02-23 02:08:41,0.00099970,28.68000000
2018-02-23 02:08:41,0.00099970,2.31000000
2018-02-23 02:08:42,0.00099940,1.40000000
2018-02-23 02:08:42,0.00099930,100.09000000
2018-02-23 02:08:42,0.00099900,13.27000000
2018-02-23 02:08:42,0.00099860,4.37000000
2018-02-23 02:08:42,0.00099970,0.19000000
2018-02-23 02:08:42,0.00099970,84.01000000
2018-02-23 02:08:42,0.00099990,15.23000000
2018-02-23 02:08:43,0.00099970,5.71000000
2018-02-23 02:08:43,0.00099970,5.66000000
2018-02-23 02:08:43,0.00099890,16.97000000
2018-02-23 02:08:43,0.00099970,2.36000000
2018-02-23 02:08:44,0.00099940,29.86000000
2018-02-23 02:08:44,0.00099830,15.02000000
2018-02-23 02:08:45,0.00099940,24.77000000
2018-02-23 02:08:45,0.00099830,5.00000000
2018-02-23 02:08:45,0.00099820,3.01000000
2018-02-23 02:08:45,0.00099810,94.99000000
2018-02-23 02:08:46,0.00099940,0.02000000
2018-02-23 02:08:46,0.00099940,101.10000000
2018-02-23 02:08:46,0.00099970,106.66000000
2018-02-23 02:08:46,0.00099990,267.40000000
2018-02-23 02:08:48,0.00099810,73.57000000
2018-02-23 02:08:48,0.00099810,66.56000000
2018-02-23 02:08:48,0.00099810,50.77000000
2018-02-23 02:08:49,0.00099880,9.00000000
2018-02-23 02:08:49,0.00099880,0.86000000
2018-02-23 02:08:49,0.00099930,1.69000000
2018-02-23 02:08:49,0.00099860,11.00000000
2018-02-23 02:08:49,0.00099810,74.33000000
2018-02-23 02:08:50,0.00099810,38.80000000
2018-02-23 02:08:51,0.00099860,1.28000000
2018-02-23 02:08:51,0.00099810,11.25000000
2018-02-23 02:08:52,0.00099860,7.14000000
2018-02-23 02:08:53,0.00099810,87.58000000
2018-02-23 02:08:53,0.00099810,55.51000000
2018-02-23 02:08:54,0.00099810,12.10000000
2018-02-23 02:08:55,0.00099800,129.96000000
2018-02-23 02:08:55,0.00099810,1.61000000
2018-02-23 02:08:55,0.00099800,2.00000000
2018-02-23 02:08:55,0.00099800,255.15000000
2018-02-23 02:08:55,0.00099800,6.45000000
2018-02-23 02:08:56,0.00099800,2.00000000
2018-02-23 02:08:57,0.00099770,195.81000000
2018-02-23 02:08:57,0.00099800,0.64000000
2018-02-23 02:08:58,0.00099770,4.19000000
2018-02-23 02:08:58,0.00099750,25.00000000
2018-02-23 02:08:59,0.00099720,3.35000000
2018-02-23 02:08:59,0.00099710,2.73000000
2018-02-23 02:08:59,0.00099700,6.21000000
2018-02-23 02:08:59,0.00099630,4.60000000
2018-02-23 02:08:59,0.00099610,33.11000000
2018-02-23 02:09:01,0.00099610,4.11000000
2018-02-23 02:09:01,0.00099610,26.20000000
2018-02-23 02:09:01,0.00099610,30.09000000
2018-02-23 02:09:01,0.00099610,30.09000000
2018-02-23 02:09:01,0.00099610,25.44000000
2018-02-23 02:09:01,0.00099610,25.44000000
2018-02-23 02:09:01,0.00099600,12.44000000
2018-02-23 02:09:01,0.00099580,4.34000000
2018-02-23 02:09:02,0.00099580,0.01000000
2018-02-23 02:09:02,0.00099570,6.41000000
2018-02-23 02:09:02,0.00099550,6.51000000
2018-02-23 02:09:02,0.00099550,9.65000000
2018-02-23 02:09:02,0.00099550,11.68000000
2018-02-23 02:09:03,0.00099610,16.00000000
2018-02-23 02:09:03,0.00099550,21.41000000
2018-02-23 02:09:03,0.00099510,5.00000000
2018-02-23 02:09:03,0.00099500,8.39000000
2018-02-23 02:09:05,0.00099500,94.26000000
2018-02-23 02:09:05,0.00099500,5.76000000
2018-02-23 02:09:06,0.00099400,21.96000000
2018-02-23 02:09:07,0.00099490,15.06000000
2018-02-23 02:09:07,0.00099390,4.84000000
2018-02-23 02:09:07,0.00099360,2.19000000
2018-02-23 02:09:07,0.00099350,5.69000000
2018-02-23 02:09:07,0.00099310,15.64000000
2018-02-23 02:09:07,0.00099480,4.72000000
2018-02-23 02:09:07,0.00099480,2.73000000
2018-02-23 02:09:07,0.00099480,3.10000000
2018-02-23 02:09:08,0.00099310,70.71000000
2018-02-23 02:09:08,0.00099310,233.64000000
2018-02-23 02:09:08,0.00099310,30.17000000
2018-02-23 02:09:08,0.00099310,17.97000000
2018-02-23 02:09:08,0.00099310,17.97000000
2018-02-23 02:09:08,0.00099310,16.58000000
2018-02-23 02:09:08,0.00099310,16.97000000
2018-02-23 02:09:09,0.00099270,7.10000000
2018-02-23 02:09:09,0.00099310,16.97000000
2018-02-23 02:09:09,0.00099250,16.58000000
2018-02-23 02:09:09,0.00099310,10.37000000
2018-02-23 02:09:09,0.00099250,16.97000000
2018-02-23 02:09:10,0.00099300,4.00000000
2018-02-23 02:09:10,0.00099270,33.20000000
2018-02-23 02:09:11,0.00099300,7.41000000
2018-02-23 02:09:11,0.00099310,30.17000000
2018-02-23 02:09:11,0.00099310,30.17000000
2018-02-23 02:09:11,0.00099310,3.51000000
2018-02-23 02:09:11,0.00099310,1.21000000
2018-02-23 02:09:11,0.00099250,7.41000000
2018-02-23 02:09:11,0.00099270,1.11000000
2018-02-23 02:09:11,0.00099250,4.59000000
2018-02-23 02:09:12,0.00099250,111.83000000
2018-02-23 02:09:12,0.00099230,12.10000000
2018-02-23 02:09:12,0.00099200,13.26000000
2018-02-23 02:09:12,0.00099310,44.91000000
2018-02-23 02:09:12,0.00099360,24.78000000
2018-02-23 02:09:12,0.00099400,209.55000000
2018-02-23 02:09:13,0.00099200,86.74000000
2018-02-23 02:09:13,0.00099190,6.39000000
2018-02-23 02:09:14,0.00099220,5.55000000
2018-02-23 02:09:14,0.00099250,56.90000000
2018-02-23 02:09:15,0.00099220,3.59000000
2018-02-23 02:09:15,0.00099190,0.43000000
2018-02-23 02:09:16,0.00099190,4.52000000
2018-02-23 02:09:16,0.00099150,4.27000000
2018-02-23 02:09:17,0.00099230,13.50000000
2018-02-23 02:09:17,0.00099230,62.78000000
2018-02-23 02:09:17,0.00099250,43.10000000
2018-02-23 02:09:17,0.00099300,34.28000000
2018-02-23 02:09:17,0.00099310,194.62000000
2018-02-23 02:09:17,0.00099310,72.04000000
2018-02-23 02:09:18,0.00099160,100.56000000
2018-02-23 02:09:18,0.00099150,3.47000000
2018-02-23 02:09:18,0.00099130,5.10000000
2018-02-23 02:09:18,0.00099120,51.84000000
2018-02-23 02:09:18,0.00099110,4.03000000
2018-02-23 02:09:18,0.00099100,8.34000000
2018-02-23 02:09:18,0.00099170,51.00000000
2018-02-23 02:09:18,0.00099170,0.84000000
2018-02-23 02:09:18,0.00099100,13.49000000
2018-02-23 02:09:18,0.00099060,1.57000000
2018-02-23 02:09:18,0.00099030,2.12000000
2018-02-23 02:09:18,0.00099010,33.76000000
2018-02-23 02:09:18,0.00099010,51.84000000
2018-02-23 02:09:18,0.00099030,35.09000000
2018-02-23 02:09:18,0.00099300,2.66000000
2018-02-23 02:09:18,0.00099300,13.49000000
2018-02-23 02:09:19,0.00099300,34.48000000
2018-02-23 02:09:19,0.00099110,25.21000000
2018-02-23 02:09:19,0.00099010,4.72000000
2018-02-23 02:09:20,0.00099160,90.44000000
2018-02-23 02:09:20,0.00099160,6.45000000
2018-02-23 02:09:20,0.00099160,18.70000000
2018-02-23 02:09:21,0.00099180,12.04000000
2018-02-23 02:09:22,0.00099100,339.81000000
2018-02-23 02:09:22,0.00099100,83.41000000
2018-02-23 02:09:24,0.00099160,3.63000000
2018-02-23 02:09:25,0.00099110,42.74000000
2018-02-23 02:09:25,0.00099100,4.08000000
2018-02-23 02:09:25,0.00099100,110.33000000
2018-02-23 02:09:26,0.00099100,3.02000000
2018-02-23 02:09:26,0.00099100,40.00000000
2018-02-23 02:09:26,0.00099140,125.26000000
2018-02-23 02:09:26,0.00099150,50.00000000
2018-02-23 02:09:27,0.00099150,31.55000000
2018-02-23 02:09:27,0.00099150,528.73000000
2018-02-23 02:09:27,0.00099100,640.43000000
2018-02-23 02:09:27,0.00099030,55.43000000
2018-02-23 02:09:27,0.00099010,1330.60000000
2018-02-23 02:09:27,0.00099170,2.00000000
2018-02-23 02:09:27,0.00099170,10.40000000
2018-02-23 02:09:27,0.00099180,17.94000000
2018-02-23 02:09:27,0.00099180,4.99000000
2018-02-23 02:09:28,0.00099180,329.08000000
2018-02-23 02:09:28,0.00099180,30.24000000
2018-02-23 02:09:28,0.00099190,48.30000000
2018-02-23 02:09:28,0.00099180,44.10000000
2018-02-23 02:09:28,0.00099010,22.12000000
2018-02-23 02:09:28,0.00099100,17.03000000
2018-02-23 02:09:28,0.00099170,15.02000000
2018-02-23 02:09:28,0.00099170,288.54000000
2018-02-23 02:09:28,0.00099010,1139.79000000
2018-02-23 02:09:28,0.00099000,53.26000000
2018-02-23 02:09:28,0.00099000,56.55000000
2018-02-23 02:09:28,0.00099000,365.88000000
2018-02-23 02:09:28,0.00098990,1.79000000
2018-02-23 02:09:28,0.00098970,1.24000000
2018-02-23 02:09:28,0.00098930,74.23000000
2018-02-23 02:09:29,0.00099100,39.31000000
2018-02-23 02:09:30,0.00099100,62.26000000
2018-02-23 02:09:30,0.00099100,6.15000000
2018-02-23 02:09:30,0.00099100,0.54000000
2018-02-23 02:09:30,0.00099020,50.00000000
2018-02-23 02:09:30,0.00099010,3.12000000
2018-02-23 02:09:30,0.00099100,83.45000000
2018-02-23 02:09:31,0.00098960,225.81000000
2018-02-23 02:09:31,0.00098990,2.52000000
2018-02-23 02:09:31,0.00098930,26.84000000
2018-02-23 02:09:31,0.00098910,3.16000000
2018-02-23 02:09:32,0.00098910,3.22000000
2018-02-23 02:09:32,0.00098990,30.28000000
2018-02-23 02:09:32,0.00098990,17.76000000
2018-02-23 02:09:32,0.00099000,19.29000000
2018-02-23 02:09:32,0.00098910,16.91000000
2018-02-23 02:09:32,0.00098900,6.67000000
2018-02-23 02:09:32,0.00098880,27.40000000
2018-02-23 02:09:33,0.00098900,100.00000000
2018-02-23 02:09:33,0.00098880,17.71000000
2018-02-23 02:09:34,0.00098880,45.86000000
2018-02-23 02:09:34,0.00098990,10.00000000
2018-02-23 02:09:35,0.00098940,64.82000000
2018-02-23 02:09:35,0.00098930,235.17000000
2018-02-23 02:09:35,0.00098880,282.00000000
2018-02-23 02:09:36,0.00098930,0.01000000
2018-02-23 02:09:36,0.00099000,37.40000000
2018-02-23 02:09:36,0.00099000,7.13000000
2018-02-23 02:09:36,0.00099000,23.16000000
2018-02-23 02:09:36,0.00098880,84.08000000
2018-02-23 02:09:36,0.00099000,160.13000000
2018-02-23 02:09:37,0.00098920,20.71000000
2018-02-23 02:09:37,0.00098880,1.12000000
2018-02-23 02:09:37,0.00098880,33.00000000
2018-02-23 02:09:37,0.00099000,2.00000000
2018-02-23 02:09:37,0.00098910,17.94000000
2018-02-23 02:09:37,0.00098880,69.34000000
2018-02-23 02:09:39,0.00099000,362.25000000
2018-02-23 02:09:39,0.00099000,390.58000000
2018-02-23 02:09:40,0.00099000,25.42000000
2018-02-23 02:09:41,0.00099000,2.77000000
2018-02-23 02:09:41,0.00099010,101.96000000
2018-02-23 02:09:42,0.00099000,2.82000000
2018-02-23 02:09:42,0.00099000,127.05000000
2018-02-23 02:09:43,0.00099000,97.58000000
2018-02-23 02:09:43,0.00099000,32.76000000
2018-02-23 02:09:44,0.00099100,84.89000000
2018-02-23 02:09:44,0.00099000,34.20000000
2018-02-23 02:09:44,0.00098900,107.90000000
2018-02-23 02:09:44,0.00098900,51.53000000
2018-02-23 02:09:44,0.00099100,598.36000000
2018-02-23 02:09:44,0.00099100,15.00000000
2018-02-23 02:09:44,0.00099100,11.44000000
2018-02-23 02:09:44,0.00099100,29.32000000
2018-02-23 02:09:46,0.00099140,10.00000000
2018-02-23 02:09:46,0.00099100,8.14000000
2018-02-23 02:09:47,0.00099140,4.70000000
2018-02-23 02:09:47,0.00099160,1.10000000
2018-02-23 02:09:47,0.00099180,2.69000000
2018-02-23 02:09:47,0.00099250,58.57000000
2018-02-23 02:09:47,0.00099100,82.15000000
2018-02-23 02:09:47,0.00099100,0.68000000
2018-02-23 02:09:47,0.00099010,31.26000000
2018-02-23 02:09:47,0.00099000,90.96000000
2018-02-23 02:09:47,0.00099000,6.64000000
2018-02-23 02:09:47,0.00099000,78.14000000
2018-02-23 02:09:47,0.00099100,37.95000000
2018-02-23 02:09:48,0.00099090,7.71000000
2018-02-23 02:09:48,0.00099100,133.18000000
2018-02-23 02:09:49,0.00099100,205.09000000
2018-02-23 02:09:49,0.00099000,109.06000000
2018-02-23 02:09:50,0.00099100,14.38000000
2018-02-23 02:09:50,0.00099100,3.27000000
2018-02-23 02:09:50,0.00099100,55.05000000
2018-02-23 02:09:51,0.00099100,71.35000000
2018-02-23 02:09:51,0.00099020,2.02000000
2018-02-23 02:09:51,0.00099000,60.09000000
2018-02-23 02:09:51,0.00099080,2.02000000
2018-02-23 02:09:51,0.00099100,1.31000000
2018-02-23 02:09:51,0.00099100,49.81000000
2018-02-23 02:09:51,0.00099250,93.55000000
2018-02-23 02:09:52,0.00099100,99.50000000
2018-02-23 02:09:52,0.00099100,158.61000000
2018-02-23 02:09:53,0.00099100,59.01000000
2018-02-23 02:09:56,0.00099100,9.78000000
2018-02-23 02:09:56,0.00099100,2.59000000
2018-02-23 02:09:57,0.00099120,0.22000000
2018-02-23 02:09:57,0.00099220,11.52000000
2018-02-23 02:09:58,0.00099120,1.80000000
2018-02-23 02:09:58,0.00099100,1.80000000
2018-02-23 02:09:58,0.00099100,11.40000000
2018-02-23 02:09:58,0.00099100,6.52000000
2018-02-23 02:09:58,0.00099100,6.52000000
2018-02-23 02:09:59,0.00099100,25.06000000
2018-02-23 02:09:59,0.00099100,25.36000000
2018-02-23 02:09:59,0.00099100,1.07000000
2018-02-23 02:09:59,0.00099050,20.51000000
2018-02-23 02:10:00,0.00099080,2.02000000
2018-02-23 02:10:00,0.00099100,14.92000000
2018-02-23 02:10:00,0.00099200,2.02000000
2018-02-23 02:10:00,0.00099210,5.06000000
2018-02-23 02:10:00,0.00099220,147.08000000
2018-02-23 02:10:00,0.00099230,9.23000000
2018-02-23 02:10:00,0.00099250,72.06000000
2018-02-23 02:10:00,0.00099200,64.05000000
2018-02-23 02:10:00,0.00099060,8.67000000
2018-02-23 02:10:01,0.00099100,19.10000000
2018-02-23 02:10:01,0.00099100,22.42000000
2018-02-23 02:10:02,0.00099100,155.56000000
2018-02-23 02:10:02,0.00099080,2.02000000
2018-02-23 02:10:02,0.00099060,0.98000000
2018-02-23 02:10:02,0.00099100,94.60000000
2018-02-23 02:10:02,0.00099060,40.96000000
2018-02-23 02:10:02,0.00099050,11.79000000
2018-02-23 02:10:03,0.00099030,40.96000000
2018-02-23 02:10:05,0.00099040,0.02000000
2018-02-23 02:10:05,0.00099030,42.45000000
2018-02-23 02:10:06,0.00099030,16.43000000
2018-02-23 02:10:06,0.00099030,37.24000000
2018-02-23 02:10:06,0.00099030,309.03000000
2018-02-23 02:10:06,0.00099000,122.49000000
2018-02-23 02:10:07,0.00099000,83.46000000
2018-02-23 02:10:07,0.00099000,130.38000000
2018-02-23 02:10:09,0.00099040,9.63000000
2018-02-23 02:10:09,0.00099050,99.88000000
2018-02-23 02:10:10,0.00099050,30.28000000
2018-02-23 02:10:10,0.00099050,30.28000000
2018-02-23 02:10:11,0.00099100,1.83000000
2018-02-23 02:10:11,0.00099070,3.89000000
2018-02-23 02:10:11,0.00099070,238.52000000
2018-02-23 02:10:13,0.00099070,2.15000000
2018-02-23 02:10:13,0.00099070,1.74000000
2018-02-23 02:10:13,0.00099100,0.23000000
2018-02-23 02:10:13,0.00099100,14.82000000
2018-02-23 02:10:13,0.00099100,30.27000000
2018-02-23 02:10:13,0.00099180,10.00000000
2018-02-23 02:10:14,0.00099100,14.25000000
2018-02-23 02:10:14,0.00099100,30.27000000
2018-02-23 02:10:14,0.00099100,30.27000000
2018-02-23 02:10:14,0.00099100,86.80000000
2018-02-23 02:10:15,0.00099180,53.06000000
2018-02-23 02:10:15,0.00099100,24.18000000
2018-02-23 02:10:15,0.00099100,9.61000000
2018-02-23 02:10:16,0.00099180,34.10000000
2018-02-23 02:10:16,0.00099200,16.92000000
2018-02-23 02:10:16,0.00099200,16.63000000
2018-02-23 02:10:17,0.00099240,29.90000000
2018-02-23 02:10:17,0.00099200,106.47000000
2018-02-23 02:10:17,0.00099200,71.73000000
2018-02-23 02:10:18,0.00099200,132.67000000
2018-02-23 02:10:18,0.00099100,22.34000000
2018-02-23 02:10:20,0.00099240,109.27000000
2018-02-23 02:10:20,0.00099250,146.79000000
2018-02-23 02:10:20,0.00099250,269.07000000
2018-02-23 02:10:20,0.00099250,14.30000000
2018-02-23 02:10:21,0.00099250,57.00000000
2018-02-23 02:10:22,0.00099290,49.99000000
2018-02-23 02:10:22,0.00099300,46.37000000
2018-02-23 02:10:22,0.00099250,463.02000000
2018-02-23 02:10:23,0.00099250,4.90000000
2018-02-23 02:10:24,0.00099250,81.00000000
2018-02-23 02:10:24,0.00099250,5.00000000
2018-02-23 02:10:24,0.00099300,18.22000000
2018-02-23 02:10:24,0.00099350,399.36000000
2018-02-23 02:10:24,0.00099400,382.42000000
2018-02-23 02:10:25,0.00099250,40.20000000
2018-02-23 02:10:25,0.00099250,13.28000000
2018-02-23 02:10:26,0.00099220,2.02000000
2018-02-23 02:10:26,0.00099250,117.26000000
2018-02-23 02:10:27,0.00099250,38.24000000
2018-02-23 02:10:27,0.00099250,29.47000000
2018-02-23 02:10:27,0.00099300,133.02000000
2018-02-23 02:10:27,0.00099300,4.74000000
2018-02-23 02:10:27,0.00099300,108.88000000
2018-02-23 02:10:27,0.00099380,2.02000000
2018-02-23 02:10:27,0.00099400,317.66000000
2018-02-23 02:10:27,0.00099490,36.10000000
2018-02-23 02:10:28,0.00099300,426.05000000
2018-02-23 02:10:28,0.00099250,12.92000000
2018-02-23 02:10:28,0.00099210,50.53000000
2018-02-23 02:10:28,0.00099200,2.85000000
2018-02-23 02:10:28,0.00099200,35.66000000
2018-02-23 02:10:29,0.00099380,98.98000000
2018-02-23 02:10:29,0.00099300,1.02000000
2018-02-23 02:10:30,0.00099340,66.41000000
2018-02-23 02:10:30,0.00099390,50.53000000
2018-02-23 02:10:30,0.00099400,37.39000000
2018-02-23 02:10:31,0.00099350,23.89000000
2018-02-23 02:10:31,0.00099350,13.52000000
2018-02-23 02:10:31,0.00099270,12.20000000
2018-02-23 02:10:32,0.00099270,20.04000000
2018-02-23 02:10:32,0.00099250,55.31000000
2018-02-23 02:10:32,0.00099190,100.00000000
2018-02-23 02:10:32,0.00099180,6.94000000
2018-02-23 02:10:32,0.00099150,203.63000000
2018-02-23 02:10:32,0.00099100,67.00000000
2018-02-23 02:10:32,0.00099070,54.15000000
2018-02-23 02:10:32,0.00099050,284.47000000
2018-02-23 02:10:32,0.00099050,0.47000000
2018-02-23 02:10:34,0.00099100,16.62000000
2018-02-23 02:10:34,0.00099100,16.62000000
2018-02-23 02:10:34,0.00099100,16.62000000
2018-02-23 02:10:34,0.00099100,5.97000000
2018-02-23 02:10:34,0.00099100,5.52000000
2018-02-23 02:10:34,0.00099100,13.85000000
2018-02-23 02:10:34,0.00099100,59.00000000
2018-02-23 02:10:34,0.00099100,6.62000000
2018-02-23 02:10:34,0.00099100,16.65000000
2018-02-23 02:10:34,0.00099100,30.21000000
2018-02-23 02:10:34,0.00099100,8.65000000
2018-02-23 02:10:34,0.00099080,0.24000000
2018-02-23 02:10:35,0.00099080,1.78000000
2018-02-23 02:10:35,0.00099060,17.22000000
2018-02-23 02:10:35,0.00099100,7.39000000
2018-02-23 02:10:37,0.00099090,17.22000000
2018-02-23 02:10:37,0.00099100,38.90000000
2018-02-23 02:10:40,0.00099120,70.47000000
2018-02-23 02:10:40,0.00099100,277.57000000
2018-02-23 02:10:40,0.00099200,76.87000000
2018-02-23 02:10:41,0.00099200,28.10000000
2018-02-23 02:10:41,0.00099100,261.88000000
2018-02-23 02:10:42,0.00099100,4.43000000
2018-02-23 02:10:43,0.00099100,8.77000000
2018-02-23 02:10:44,0.00099200,166.03000000
2018-02-23 02:10:46,0.00099200,208.78000000
2018-02-23 02:10:46,0.00099090,639.27000000
2018-02-23 02:10:47,0.00099090,61.08000000
2018-02-23 02:10:47,0.00099080,7.45000000
2018-02-23 02:10:47,0.00099060,179.50000000
2018-02-23 02:10:50,0.00099120,5.00000000
2018-02-23 02:10:50,0.00099120,254.01000000
2018-02-23 02:10:50,0.00099120,5.00000000
2018-02-23 02:10:51,0.00099200,31.44000000
2018-02-23 02:10:52,0.00099110,15.45000000
2018-02-23 02:10:53,0.00099270,15.45000000
2018-02-23 02:10:53,0.00099280,2.02000000
2018-02-23 02:10:53,0.00099400,51.11000000
2018-02-23 02:10:53,0.00099470,2.02000000
2018-02-23 02:10:53,0.00099480,17.93000000
2018-02-23 02:10:53,0.00099490,25.50000000
2018-02-23 02:10:54,0.00099490,300.56000000
2018-02-23 02:10:55,0.00099490,469.41000000
2018-02-23 02:10:56,0.00099490,10.40000000
2018-02-23 02:10:56,0.00099490,190.32000000
2018-02-23 02:10:56,0.00099500,79.33000000
2018-02-23 02:10:56,0.00099500,5.46000000
2018-02-23 02:10:58,0.00099510,30.14000000
2018-02-23 02:10:58,0.00099500,482.29000000
2018-02-23 02:10:58,0.00099660,14.50000000
2018-02-23 02:10:58,0.00099500,124.56000000
2018-02-23 02:10:59,0.00099660,50.81000000
2018-02-23 02:10:59,0.00099660,4.05000000
2018-02-23 02:10:59,0.00099660,21.20000000
2018-02-23 02:10:59,0.00099660,21.20000000
2018-02-23 02:11:00,0.00099670,101.94000000
2018-02-23 02:11:01,0.00099670,164.10000000
2018-02-23 02:11:01,0.00099670,79.79000000
2018-02-23 02:11:01,0.00099660,17.98000000
2018-02-23 02:11:01,0.00099500,181.47000000
2018-02-23 02:11:01,0.00099690,2.52000000
2018-02-23 02:11:01,0.00099700,1.51000000
2018-02-23 02:11:01,0.00099740,1.50000000
2018-02-23 02:11:01,0.00099790,27.04000000
2018-02-23 02:11:02,0.00099680,83.01000000
2018-02-23 02:11:02,0.00099600,385.91000000
2018-02-23 02:11:02,0.00099510,43.52000000
2018-02-23 02:11:02,0.00099680,24.07000000
2018-02-23 02:11:02,0.00099670,43.52000000
2018-02-23 02:11:02,0.00099680,56.48000000
2018-02-23 02:11:03,0.00099680,2.46000000
2018-02-23 02:11:03,0.00099780,30.14000000
2018-02-23 02:11:03,0.00099790,21.12000000
2018-02-23 02:11:03,0.00099810,52.83000000
2018-02-23 02:11:04,0.00099810,0.68000000
2018-02-23 02:11:04,0.00099810,2.57000000
2018-02-23 02:11:04,0.00099680,81.84000000
2018-02-23 02:11:04,0.00099670,148.68000000
2018-02-23 02:11:05,0.00099670,37.41000000
2018-02-23 02:11:05,0.00099680,2.14000000
2018-02-23 02:11:05,0.00099810,14.00000000
2018-02-23 02:11:06,0.00099810,95.47000000
2018-02-23 02:11:06,0.00099830,5.70000000
2018-02-23 02:11:06,0.00099810,30.10000000
2018-02-23 02:11:06,0.00099810,30.04000000
2018-02-23 02:11:07,0.00099830,5.76000000
2018-02-23 02:11:07,0.00099830,74.26000000
2018-02-23 02:11:07,0.00099810,116.09000000
2018-02-23 02:11:08,0.00099810,70.42000000
2018-02-23 02:11:09,0.00099810,62.62000000
2018-02-23 02:11:09,0.00099800,339.09000000
2018-02-23 02:11:10,0.00099800,75.70000000
2018-02-23 02:11:10,0.00099800,193.49000000
2018-02-23 02:11:11,0.00099790,47.08000000
2018-02-23 02:11:11,0.00099800,6.48000000
2018-02-23 02:11:12,0.00099800,18.93000000
2018-02-23 02:11:12,0.00099800,50.84000000
2018-02-23 02:11:12,0.00099800,350.99000000
2018-02-23 02:11:12,0.00099810,62.62000000
2018-02-23 02:11:12,0.00099830,20.74000000
2018-02-23 02:11:12,0.00099900,507.72000000
2018-02-23 02:11:12,0.00099950,3.01000000
2018-02-23 02:11:12,0.00100000,54.66000000
2018-02-23 02:11:13,0.00099810,50.00000000
2018-02-23 02:11:13,0.00099800,30.06000000
2018-02-23 02:11:13,0.00099790,19.87000000
2018-02-23 02:11:13,0.00099790,2.02000000
2018-02-23 02:11:13,0.00099790,153.17000000
2018-02-23 02:11:13,0.00099790,1.01000000
2018-02-23 02:11:14,0.00099790,2.87000000
2018-02-23 02:11:14,0.00099740,275.62000000
2018-02-23 02:11:15,0.00099790,34.29000000
2018-02-23 02:11:15,0.00099790,4.68000000
2018-02-23 02:11:15,0.00099790,164.79000000
2018-02-23 02:11:15,0.00099790,9.00000000
2018-02-23 02:11:15,0.00099790,228.38000000
2018-02-23 02:11:15,0.00099980,2.02000000
2018-02-23 02:11:15,0.00100000,857.17000000
2018-02-23 02:11:15,0.00100000,61.54000000
2018-02-23 02:11:15,0.00100000,228.47000000
2018-02-23 02:11:15,0.00100000,3.22000000
2018-02-23 02:11:15,0.00100000,68.89000000
2018-02-23 02:11:15,0.00100000,27.23000000
2018-02-23 02:11:16,0.00100010,52.23000000
2018-02-23 02:11:16,0.00100000,683.31000000
2018-02-23 02:11:16,0.00100020,35.00000000
2018-02-23 02:11:18,0.00100190,5.70000000
2018-02-23 02:11:18,0.00100190,4.73000000
2018-02-23 02:11:18,0.00100030,2.00000000
2018-02-23 02:11:18,0.00100020,15.12000000
2018-02-23 02:11:18,0.00100000,508.65000000
2018-02-23 02:11:18,0.00100000,25.60000000
2018-02-23 02:11:19,0.00099900,2.52000000
2018-02-23 02:11:19,0.00099890,5.00000000
2018-02-23 02:11:21,0.00099870,1.17000000
2018-02-23 02:11:21,0.00099870,46.06000000
2018-02-23 02:11:21,0.00099880,50.00000000
2018-02-23 02:11:21,0.00099900,48.04000000
2018-02-23 02:11:21,0.00100000,23.68000000
2018-02-23 02:11:22,0.00100000,10.00000000
2018-02-23 02:11:22,0.00099980,0.98000000
2018-02-23 02:11:23,0.00099980,29.95000000
2018-02-23 02:11:23,0.00100000,95.21000000
2018-02-23 02:11:24,0.00100000,4.56000000
2018-02-23 02:11:24,0.00099920,2.02000000
2018-02-23 02:11:24,0.00099900,66.38000000
2018-02-23 02:11:24,0.00099820,2.02000000
2018-02-23 02:11:24,0.00099810,100.00000000
2018-02-23 02:11:24,0.00099800,208.02000000
2018-02-23 02:11:24,0.00099790,7.09000000
2018-02-23 02:11:24,0.00099710,7.45000000
2018-02-23 02:11:24,0.00099680,55.76000000
2018-02-23 02:11:24,0.00099680,12.30000000
2018-02-23 02:11:24,0.00099850,2.02000000
2018-02-23 02:11:25,0.00099950,0.30000000
2018-02-23 02:11:26,0.00099660,16.52000000
2018-02-23 02:11:26,0.00099660,16.50000000
2018-02-23 02:11:26,0.00099660,5.95000000
2018-02-23 02:11:26,0.00099660,5.95000000
2018-02-23 02:11:26,0.00099660,5.95000000
2018-02-23 02:11:26,0.00099660,5.95000000
2018-02-23 02:11:26,0.00099660,5.97000000
2018-02-23 02:11:26,0.00099660,62.40000000
2018-02-23 02:11:26,0.00099660,30.04000000
2018-02-23 02:11:26,0.00099660,6.93000000
2018-02-23 02:11:26,0.00099660,81.66000000
2018-02-23 02:11:27,0.00099800,19.05000000
2018-02-23 02:11:27,0.00099630,2.02000000
2018-02-23 02:11:27,0.00099620,52.23000000
2018-02-23 02:11:27,0.00099610,16.22000000
2018-02-23 02:11:27,0.00099610,58.87000000
2018-02-23 02:11:27,0.00099500,26.24000000
2018-02-23 02:11:27,0.00099500,27.15000000
2018-02-23 02:11:27,0.00099500,41.30000000
2018-02-23 02:11:27,0.00099500,27.00000000
2018-02-23 02:11:27,0.00099420,117.37000000
2018-02-23 02:11:27,0.00099930,2.02000000
2018-02-23 02:11:27,0.00099950,29.76000000
2018-02-23 02:11:27,0.00099960,2.02000000
2018-02-23 02:11:27,0.00099990,14.35000000
2018-02-23 02:11:28,0.00099500,8.21000000
2018-02-23 02:11:28,0.00099500,4.45000000
2018-02-23 02:11:28,0.00099500,4.45000000
2018-02-23 02:11:28,0.00099500,4.45000000
2018-02-23 02:11:28,0.00099500,4.45000000
2018-02-23 02:11:28,0.00099500,3.71000000
2018-02-23 02:11:28,0.00099420,4.45000000
2018-02-23 02:11:28,0.00099500,5.49000000
2018-02-23 02:11:29,0.00099890,0.07000000
2018-02-23 02:11:29,0.00099890,118.67000000
2018-02-23 02:11:30,0.00099550,50.00000000
2018-02-23 02:11:30,0.00099540,9.57000000
2018-02-23 02:11:30,0.00099520,5.13000000
2018-02-23 02:11:30,0.00099430,200.14000000
2018-02-23 02:11:30,0.00099420,115.30000000
2018-02-23 02:11:30,0.00099360,81.38000000
2018-02-23 02:11:30,0.00099350,30.19000000
2018-02-23 02:11:30,0.00099330,3.22000000
2018-02-23 02:11:30,0.00099310,5.00000000
2018-02-23 02:11:30,0.00099120,338.18000000
2018-02-23 02:11:30,0.00099110,24.89000000
2018-02-23 02:11:30,0.00099110,1.01000000
2018-02-23 02:11:31,0.00099790,3.20000000
2018-02-23 02:11:32,0.00099540,2.24000000
2018-02-23 02:11:33,0.00099130,111.51000000
2018-02-23 02:11:33,0.00099120,224.70000000
2018-02-23 02:11:33,0.00099100,20.00000000
2018-02-23 02:11:33,0.00099060,30.73000000
2018-02-23 02:11:33,0.00099050,226.39000000
2018-02-23 02:11:33,0.00099030,13.63000000
2018-02-23 02:11:33,0.00099020,21.67000000
2018-02-23 02:11:33,0.00099010,212.40000000
2018-02-23 02:11:33,0.00099000,981.49000000
2018-02-23 02:11:33,0.00099380,99.62000000
2018-02-23 02:11:33,0.00099560,15.06000000
2018-02-23 02:11:33,0.00099590,103.31000000
2018-02-23 02:11:34,0.00099600,9.67000000
2018-02-23 02:11:34,0.00099590,93.09000000
2018-02-23 02:11:34,0.00099500,65.64000000
2018-02-23 02:11:34,0.00099500,34.62000000
2018-02-23 02:11:35,0.00099230,50.00000000
2018-02-23 02:11:35,0.00099220,20.00000000
2018-02-23 02:11:35,0.00099160,93.70000000
2018-02-23 02:11:35,0.00099150,31.88000000
2018-02-23 02:11:36,0.00099150,106.52000000
2018-02-23 02:11:36,0.00099200,21.20000000
2018-02-23 02:11:37,0.00099380,20.00000000
2018-02-23 02:11:37,0.00099380,5.50000000
2018-02-23 02:11:38,0.00099380,64.82000000
2018-02-23 02:11:38,0.00099380,25.90000000
2018-02-23 02:11:40,0.00099380,50.00000000
2018-02-23 02:11:40,0.00099380,76.85000000
2018-02-23 02:11:40,0.00099380,206.89000000
2018-02-23 02:11:40,0.00099380,27.98000000
2018-02-23 02:11:41,0.00099380,6.24000000
2018-02-23 02:11:41,0.00099310,69.07000000
2018-02-23 02:11:41,0.00099300,25.09000000
2018-02-23 02:11:41,0.00099300,52.07000000
2018-02-23 02:11:41,0.00099300,2.51000000
2018-02-23 02:11:42,0.00099300,22.91000000
2018-02-23 02:11:42,0.00099260,24.63000000
2018-02-23 02:11:42,0.00099300,3.95000000
2018-02-23 02:11:42,0.00099300,47.43000000
2018-02-23 02:11:42,0.00099250,28.58000000
2018-02-23 02:11:42,0.00099290,100.00000000
2018-02-23 02:11:42,0.00099290,11.43000000
2018-02-23 02:11:43,0.00099290,2.44000000
2018-02-23 02:11:43,0.00099290,8.00000000
2018-02-23 02:11:44,0.00099250,21.42000000
2018-02-23 02:11:44,0.00099160,22.58000000
2018-02-23 02:11:44,0.00099270,28.57000000
2018-02-23 02:11:45,0.00099270,23.66000000
2018-02-23 02:11:45,0.00099250,20.08000000
2018-02-23 02:11:45,0.00099250,3.88000000
2018-02-23 02:11:45,0.00099250,28.16000000
2018-02-23 02:11:45,0.00099250,15.99000000
2018-02-23 02:11:45,0.00099250,0.04000000
2018-02-23 02:11:45,0.00099250,107.79000000
2018-02-23 02:11:45,0.00099260,184.43000000
2018-02-23 02:11:45,0.00099260,30.20000000
2018-02-23 02:11:45,0.00099260,30.20000000
2018-02-23 02:11:45,0.00099260,30.20000000
2018-02-23 02:11:46,0.00099260,5.12000000
2018-02-23 02:11:46,0.00099150,50.82000000
2018-02-23 02:11:47,0.00099250,12.59000000
2018-02-23 02:11:47,0.00099250,100.00000000
2018-02-23 02:11:47,0.00099250,83.37000000
2018-02-23 02:11:48,0.00099250,7.62000000
2018-02-23 02:11:48,0.00099250,39.23000000
2018-02-23 02:11:48,0.00099260,5.69000000
2018-02-23 02:11:49,0.00099160,69.48000000
2018-02-23 02:11:50,0.00099250,27.95000000
2018-02-23 02:11:52,0.00099250,2.52000000
2018-02-23 02:11:52,0.00099250,39.01000000
2018-02-23 02:11:52,0.00099260,11.99000000
2018-02-23 02:11:53,0.00099260,16.97000000
2018-02-23 02:11:53,0.00099280,24.57000000
2018-02-23 02:11:53,0.00099290,201.89000000
2018-02-23 02:11:54,0.00099370,20.52000000
2018-02-23 02:11:54,0.00099380,23.63000000
2018-02-23 02:11:57,0.00099500,3.01000000
2018-02-23 02:11:58,0.00099500,64.63000000
2018-02-23 02:11:58,0.00099500,181.36000000
2018-02-23 02:12:00,0.00099510,93.99000000
2018-02-23 02:12:00,0.00099500,117.41000000
2018-02-23 02:12:01,0.00099500,101.85000000
2018-02-23 02:12:01,0.00099560,115.85000000
2018-02-23 02:12:01,0.00099530,2.02000000
2018-02-23 02:12:01,0.00099500,4.97000000
2018-02-23 02:12:01,0.00099500,89.40000000
2018-02-23 02:12:01,0.00099310,50.99000000
2018-02-23 02:12:04,0.00099310,3.57000000
2018-02-23 02:12:05,0.00099390,24.36000000
2018-02-23 02:12:05,0.00099400,86.29000000
2018-02-23 02:12:05,0.00099400,6.42000000
2018-02-23 02:12:06,0.00099400,42.16000000
2018-02-23 02:12:07,0.00099330,2.02000000
2018-02-23 02:12:07,0.00099310,23.93000000
2018-02-23 02:12:07,0.00099380,2.02000000
2018-02-23 02:12:07,0.00099400,98.56000000
2018-02-23 02:12:07,0.00099400,10.46000000
2018-02-23 02:12:09,0.00099350,2.02000000
2018-02-23 02:12:09,0.00099310,1.69000000
2018-02-23 02:12:09,0.00099380,2.02000000
2018-02-23 02:12:09,0.00099390,8.04000000
2018-02-23 02:12:10,0.00099310,31.21000000
2018-02-23 02:12:10,0.00099300,2.02000000
2018-02-23 02:12:10,0.00099270,27.29000000
2018-02-23 02:12:10,0.00099260,27.16000000
2018-02-23 02:12:10,0.00099250,11.75000000
2018-02-23 02:12:10,0.00099200,996.10000000
2018-02-23 02:12:11,0.00099300,6.59000000
2018-02-23 02:12:11,0.00099220,2.02000000
2018-02-23 02:12:11,0.00099210,50.00000000
2018-02-23 02:12:11,0.00099200,163.48000000
2018-02-23 02:12:11,0.00099180,6.04000000
2018-02-23 02:12:11,0.00099160,4.48000000
2018-02-23 02:12:11,0.00099150,382.78000000
2018-02-23 02:12:11,0.00099100,856.81000000
2018-02-23 02:12:11,0.00099300,30.03000000
2018-02-23 02:12:13,0.00099280,9.50000000
2018-02-23 02:12:13,0.00099200,46.04000000
2018-02-23 02:12:13,0.00099100,2.52000000
2018-02-23 02:12:13,0.00099100,245.92000000
2018-02-23 02:12:13,0.00099140,308.46000000
2018-02-23 02:12:13,0.00099100,5.41000000
2018-02-23 02:12:13,0.00099200,97.76000000
2018-02-23 02:12:14,0.00099100,5.43000000
2018-02-23 02:12:14,0.00099060,8.50000000
2018-02-23 02:12:14,0.00099030,18.01000000
2018-02-23 02:12:14,0.00099020,19.55000000
2018-02-23 02:12:14,0.00099010,14.51000000
2018-02-23 02:12:16,0.00099170,8.38000000
2018-02-23 02:12:16,0.00099170,12.66000000
2018-02-23 02:12:17,0.00099030,15.94000000
2018-02-23 02:12:17,0.00099030,9.15000000
2018-02-23 02:12:17,0.00099010,185.49000000
2018-02-23 02:12:17,0.00099000,605.36000000
2018-02-23 02:12:17,0.00099160,2.02000000
2018-02-23 02:12:17,0.00099170,0.10000000
2018-02-23 02:12:17,0.00099170,5.63000000
2018-02-23 02:12:18,0.00099040,13.37000000
2018-02-23 02:12:18,0.00099010,26.59000000
2018-02-23 02:12:18,0.00099010,10.09000000
2018-02-23 02:12:18,0.00099010,2.20000000
2018-02-23 02:12:19,0.00099010,11.99000000
2018-02-23 02:12:19,0.00099000,23.23000000
2018-02-23 02:12:19,0.00099000,109.31000000
2018-02-23 02:12:19,0.00099000,2.02000000
2018-02-23 02:12:19,0.00099000,21.21000000
2018-02-23 02:12:20,0.00099040,98.44000000
2018-02-23 02:12:20,0.00099040,23.62000000
2018-02-23 02:12:21,0.00099000,2.51000000
2018-02-23 02:12:21,0.00099000,0.23000000
2018-02-23 02:12:21,0.00098970,6.68000000
2018-02-23 02:12:21,0.00098880,508.80000000
2018-02-23 02:12:21,0.00098870,7.38000000
2018-02-23 02:12:21,0.00098810,86.17000000
2018-02-23 02:12:21,0.00098780,52.24000000
2018-02-23 02:12:21,0.00098700,597.99000000
2018-02-23 02:12:21,0.00098680,77.98000000
2018-02-23 02:12:21,0.00098670,103.18000000
2018-02-23 02:12:21,0.00098630,77.32000000
2018-02-23 02:12:21,0.00098630,297.68000000
2018-02-23 02:12:21,0.00098600,79.53000000
2018-02-23 02:12:22,0.00098610,52.17000000
2018-02-23 02:12:22,0.00098600,112.62000000
2018-02-23 02:12:23,0.00098620,25.26000000
2018-02-23 02:12:23,0.00098610,50.00000000
2018-02-23 02:12:23,0.00098600,151.20000000
2018-02-23 02:12:23,0.00098580,5.65000000
2018-02-23 02:12:23,0.00098560,24.00000000
2018-02-23 02:12:25,0.00098920,16.78000000
2018-02-23 02:12:25,0.00098920,3.00000000
2018-02-23 02:12:25,0.00098930,10.98000000
2018-02-23 02:12:25,0.00098880,39.10000000
2018-02-23 02:12:25,0.00098880,10.00000000
2018-02-23 02:12:25,0.00098720,16.78000000
2018-02-23 02:12:25,0.00098640,49.48000000
2018-02-23 02:12:25,0.00098610,27.35000000
2018-02-23 02:12:25,0.00098560,3.69000000
2018-02-23 02:12:25,0.00098550,17.97000000
2018-02-23 02:12:25,0.00098550,117.23000000
2018-02-23 02:12:25,0.00098880,30.31000000
2018-02-23 02:12:26,0.00098880,25.00000000
2018-02-23 02:12:26,0.00098610,13.34000000
2018-02-23 02:12:26,0.00098600,141.85000000
2018-02-23 02:12:26,0.00098550,43.81000000
2018-02-23 02:12:26,0.00098540,1.31000000
2018-02-23 02:12:26,0.00098510,35.27000000
2018-02-23 02:12:26,0.00098510,70.47000000
2018-02-23 02:12:26,0.00098500,42.77000000
2018-02-23 02:12:26,0.00098500,2.10000000
2018-02-23 02:12:26,0.00098500,50.00000000
2018-02-23 02:12:27,0.00098560,20.27000000
2018-02-23 02:12:27,0.00098560,20.26000000
2018-02-23 02:12:27,0.00098560,20.27000000
2018-02-23 02:12:27,0.00098560,1.55000000
2018-02-23 02:12:27,0.00098560,7.37000000
2018-02-23 02:12:28,0.00098560,10.73000000
2018-02-23 02:12:28,0.00098560,95.62000000
2018-02-23 02:12:28,0.00098610,64.41000000
2018-02-23 02:12:28,0.00098850,65.51000000
2018-02-23 02:12:28,0.00098860,9.72000000
2018-02-23 02:12:28,0.00098870,6.06000000
2018-02-23 02:12:28,0.00098880,14.33000000
2018-02-23 02:12:28,0.00098550,2.02000000
2018-02-23 02:12:28,0.00098520,20.97000000
2018-02-23 02:12:28,0.00098500,43.66000000
2018-02-23 02:12:28,0.00098610,6.28000000
2018-02-23 02:12:28,0.00098620,12.00000000
2018-02-23 02:12:29,0.00098630,13.34000000
2018-02-23 02:12:29,0.00098620,18.41000000
2018-02-23 02:12:29,0.00098600,86.89000000
2018-02-23 02:12:30,0.00098610,2.57000000
2018-02-23 02:12:31,0.00098600,24.99000000
2018-02-23 02:12:32,0.00098600,4.99000000
2018-02-23 02:12:32,0.00098600,3.22000000
2018-02-23 02:12:32,0.00098600,47.00000000
2018-02-23 02:12:32,0.00098760,6.28000000
2018-02-23 02:12:32,0.00098790,18.98000000
2018-02-23 02:12:33,0.00098670,132.46000000
2018-02-23 02:12:33,0.00098750,43.95000000
2018-02-23 02:12:33,0.00098790,6.28000000
2018-02-23 02:12:33,0.00098800,19.65000000
2018-02-23 02:12:33,0.00098610,21.38000000
2018-02-23 02:12:33,0.00098610,196.99000000
2018-02-23 02:12:33,0.00098600,353.46000000
2018-02-23 02:12:33,0.00098600,48.13000000
2018-02-23 02:12:34,0.00098620,2.24000000
2018-02-23 02:12:34,0.00098680,116.84000000
2018-02-23 02:12:34,0.00098630,50.00000000
2018-02-23 02:12:34,0.00098500,28.78000000
2018-02-23 02:12:35,0.00098650,154.62000000
2018-02-23 02:12:35,0.00098520,3.27000000
2018-02-23 02:12:35,0.00098520,27.18000000
2018-02-23 02:12:35,0.00098500,256.79000000
2018-02-23 02:12:35,0.00098600,2.53000000
2018-02-23 02:12:36,0.00098500,6.86000000
2018-02-23 02:12:36,0.00098500,19.60000000
2018-02-23 02:12:37,0.00098530,2.79000000
2018-02-23 02:12:37,0.00098500,17.21000000
2018-02-23 02:12:37,0.00098590,4.97000000
2018-02-23 02:12:37,0.00098500,46.79000000
2018-02-23 02:12:38,0.00098580,50.06000000
2018-02-23 02:12:38,0.00098590,3.38000000
2018-02-23 02:12:38,0.00098600,11.10000000
2018-02-23 02:12:39,0.00098590,4.84000000
2018-02-23 02:12:40,0.00098590,47.40000000
2018-02-23 02:12:40,0.00098550,5.23000000
2018-02-23 02:12:40,0.00098500,535.55000000
2018-02-23 02:12:41,0.00098500,129.91000000
2018-02-23 02:12:41,0.00098600,190.00000000
2018-02-23 02:12:42,0.00098600,1.25000000
2018-02-23 02:12:42,0.00098500,206.00000000
2018-02-23 02:12:42,0.00098500,362.98000000
2018-02-23 02:12:42,0.00098500,337.35000000
2018-02-23 02:12:42,0.00098470,2.19000000
2018-02-23 02:12:42,0.00098400,2.71000000
2018-02-23 02:12:42,0.00098400,1.48000000
2018-02-23 02:12:42,0.00098400,1.48000000
2018-02-23 02:12:42,0.00098400,1.48000000
2018-02-23 02:12:42,0.00098400,1.48000000
2018-02-23 02:12:42,0.00098380,339.75000000
2018-02-23 02:12:43,0.00098400,30.19000000
2018-02-23 02:12:43,0.00098400,21.64000000
2018-02-23 02:12:43,0.00098400,25.14000000
2018-02-23 02:12:43,0.00098400,30.17000000
2018-02-23 02:12:43,0.00098400,4.83000000
2018-02-23 02:12:43,0.00098400,490.52000000
2018-02-23 02:12:43,0.00098400,2.01000000
2018-02-23 02:12:43,0.00098400,46.77000000
2018-02-23 02:12:43,0.00098600,8.84000000
2018-02-23 02:12:43,0.00098600,377.64000000
2018-02-23 02:12:44,0.00098600,60.82000000
2018-02-23 02:12:44,0.00098600,50.79000000
2018-02-23 02:12:45,0.00098600,6.48000000
2018-02-23 02:12:45,0.00098740,3.98000000
2018-02-23 02:12:45,0.00098600,82.00000000
2018-02-23 02:12:45,0.00098500,3.00000000
2018-02-23 02:12:45,0.00098410,10.16000000
2018-02-23 02:12:45,0.00098400,1.51000000
2018-02-23 02:12:45,0.00098390,52.17000000
2018-02-23 02:12:45,0.00098380,46.74000000
2018-02-23 02:12:45,0.00098500,9.51000000
2018-02-23 02:12:45,0.00098500,2.48000000
2018-02-23 02:12:45,0.00098740,9.52000000
2018-02-23 02:12:46,0.00098380,46.80000000
2018-02-23 02:12:48,0.00098610,193.44000000
2018-02-23 02:12:48,0.00098660,1.95000000
2018-02-23 02:12:48,0.00098660,323.11000000
2018-02-23 02:12:48,0.00098660,1.95000000
2018-02-23 02:12:48,0.00098610,21.98000000
2018-02-23 02:12:49,0.00098610,10.46000000
2018-02-23 02:12:49,0.00098610,68.25000000
2018-02-23 02:12:49,0.00098710,3.91000000
2018-02-23 02:12:51,0.00098610,235.09000000
2018-02-23 02:12:51,0.00098600,132.40000000
2018-02-23 02:12:51,0.00098400,726.14000000
2018-02-23 02:12:51,0.00098380,292.95000000
2018-02-23 02:12:51,0.00098380,49.57000000
2018-02-23 02:12:51,0.00098380,52.17000000
2018-02-23 02:12:51,0.00098380,46.02000000
2018-02-23 02:12:51,0.00098380,45.99000000
2018-02-23 02:12:51,0.00098380,5.68000000
2018-02-23 02:12:52,0.00098380,100.00000000
2018-02-23 02:12:52,0.00098380,231.50000000
2018-02-23 02:12:52,0.00098660,8.96000000
2018-02-23 02:12:52,0.00098380,39.30000000
2018-02-23 02:12:52,0.00098690,6.54000000
2018-02-23 02:12:54,0.00098500,7.45000000
2018-02-23 02:12:54,0.00098400,806.50000000
2018-02-23 02:12:54,0.00098400,31.39000000
2018-02-23 02:12:56,0.00098510,4.00000000
2018-02-23 02:12:57,0.00098590,3.48000000
2018-02-23 02:12:57,0.00098590,3.81000000
2018-02-23 02:12:58,0.00098590,1.00000000
2018-02-23 02:12:58,0.00098510,1.07000000
2018-02-23 02:12:58,0.00098420,6.92000000
2018-02-23 02:12:58,0.00098400,10.85000000
2018-02-23 02:12:59,0.00098400,2.99000000
2018-02-23 02:13:00,0.00098580,14.69000000
2018-02-23 02:13:01,0.00098580,9.22000000
2018-02-23 02:13:01,0.00098590,5.05000000
2018-02-23 02:13:01,0.00098510,82.96000000
2018-02-23 02:13:02,0.00098560,6.92000000
2018-02-23 02:13:02,0.00098570,6.92000000
2018-02-23 02:13:02,0.00098600,272.63000000
2018-02-23 02:13:02,0.00098510,24.28000000
2018-02-23 02:13:02,0.00098600,303.16000000
2018-02-23 02:13:03,0.00098600,184.73000000
2018-02-23 02:13:04,0.00098600,159.83000000
2018-02-23 02:13:04,0.00098600,350.04000000
2018-02-23 02:13:04,0.00098600,15.59000000
2018-02-23 02:13:04,0.00098700,20.27000000
2018-02-23 02:13:04,0.00098710,14.17000000
2018-02-23 02:13:04,0.00098600,8.97000000
2018-02-23 02:13:05,0.00098600,4.55000000
2018-02-23 02:13:05,0.00098760,1.60000000
2018-02-23 02:13:07,0.00098760,232.76000000
2018-02-23 02:13:07,0.00098750,16.84000000
2018-02-23 02:13:08,0.00098750,137.78000000
2018-02-23 02:13:08,0.00098790,13.98000000
2018-02-23 02:13:08,0.00098880,118.70000000
2018-02-23 02:13:09,0.00098800,28.70000000
2018-02-23 02:13:09,0.00098800,7.77000000
2018-02-23 02:13:09,0.00098830,4.47000000
2018-02-23 02:13:09,0.00098830,10.16000000
2018-02-23 02:13:10,0.00098830,15.79000000
2018-02-23 02:13:10,0.00098830,118.64000000
2018-02-23 02:13:10,0.00098830,30.42000000
2018-02-23 02:13:10,0.00098880,5.36000000
2018-02-23 02:13:10,0.00098820,2.03000000
2018-02-23 02:13:10,0.00098820,0.01000000
2018-02-23 02:13:10,0.00098800,2.03000000
2018-02-23 02:13:10,0.00098860,2.04000000
2018-02-23 02:13:10,0.00098880,7.98000000
2018-02-23 02:13:10,0.00098800,6.08000000
2018-02-23 02:13:11,0.00098800,6.45000000
2018-02-23 02:13:11,0.00098760,1.32000000
2018-02-23 02:13:11,0.00098760,2.71000000
2018-02-23 02:13:11,0.00098760,335.11000000
2018-02-23 02:13:11,0.00098880,7.00000000
2018-02-23 02:13:14,0.00098880,5.06000000
2018-02-23 02:13:14,0.00098880,4.72000000
2018-02-23 02:13:15,0.00098880,21.55000000
2018-02-23 02:13:15,0.00098990,108.95000000
2018-02-23 02:13:15,0.00099000,19.50000000
2018-02-23 02:13:15,0.00098790,30.36000000
2018-02-23 02:13:16,0.00098790,30.36000000
2018-02-23 02:13:16,0.00098790,22.16000000
2018-02-23 02:13:16,0.00098790,3.91000000
2018-02-23 02:13:16,0.00098800,6.96000000
2018-02-23 02:13:16,0.00098800,3.44000000
2018-02-23 02:13:17,0.00098800,86.61000000
2018-02-23 02:13:17,0.00098780,2.04000000
2018-02-23 02:13:17,0.00098760,32.85000000
2018-02-23 02:13:18,0.00098790,112.92000000
2018-02-23 02:13:18,0.00098800,34.81000000
2018-02-23 02:13:19,0.00098860,2.04000000
2018-02-23 02:13:19,0.00098880,36.61000000
2018-02-23 02:13:19,0.00098980,3.91000000
2018-02-23 02:13:19,0.00099000,36.49000000
2018-02-23 02:13:22,0.00099000,5.00000000
2018-02-23 02:13:22,0.00098910,2.04000000
2018-02-23 02:13:25,0.00098890,48.00000000
2018-02-23 02:13:27,0.00098900,388.74000000
2018-02-23 02:13:28,0.00098900,194.88000000
2018-02-23 02:13:28,0.00098900,1.00000000
2018-02-23 02:13:28,0.00098890,5.34000000
2018-02-23 02:13:29,0.00098900,97.34000000
2018-02-23 02:13:29,0.00098910,163.30000000
2018-02-23 02:13:29,0.00098900,283.99000000
2018-02-23 02:13:32,0.00098900,151.67000000
2018-02-23 02:13:33,0.00098900,31.04000000
2018-02-23 02:13:33,0.00098910,1.12000000
2018-02-23 02:13:34,0.00098900,76.26000000
2018-02-23 02:13:34,0.00098890,256.74000000
2018-02-23 02:13:34,0.00098880,300.87000000
2018-02-23 02:13:34,0.00098800,94.91000000
2018-02-23 02:13:34,0.00098800,1.61000000
2018-02-23 02:13:34,0.00098700,0.58000000
2018-02-23 02:13:34,0.00098910,2.18000000
2018-02-23 02:13:35,0.00098900,6.00000000
2018-02-23 02:13:36,0.00098820,0.54000000
2018-02-23 02:13:36,0.00098730,20.00000000
2018-02-23 02:13:36,0.00098720,2.04000000
2018-02-23 02:13:36,0.00098710,35.35000000
2018-02-23 02:13:36,0.00098710,15.61000000
2018-02-23 02:13:36,0.00098700,254.77000000
2018-02-23 02:13:38,0.00098820,33.39000000
2018-02-23 02:13:39,0.00098780,165.66000000
2018-02-23 02:13:40,0.00098750,2.04000000
2018-02-23 02:13:40,0.00098730,84.18000000
2018-02-23 02:13:40,0.00098700,112.72000000
2018-02-23 02:13:40,0.00098700,16.74000000
2018-02-23 02:13:40,0.00098700,2.84000000
2018-02-23 02:13:40,0.00098700,30.37000000
2018-02-23 02:13:40,0.00098700,24.30000000
2018-02-23 02:13:40,0.00098700,17.02000000
2018-02-23 02:13:41,0.00098700,2.00000000
2018-02-23 02:13:45,0.00098690,35.36000000
2018-02-23 02:13:45,0.00098700,276.47000000
2018-02-23 02:13:45,0.00098800,2.04000000
2018-02-23 02:13:45,0.00098820,66.19000000
2018-02-23 02:13:46,0.00098820,7.12000000
2018-02-23 02:13:46,0.00098870,147.00000000
2018-02-23 02:13:46,0.00098880,165.56000000
2018-02-23 02:13:47,0.00098710,50.00000000
2018-02-23 02:13:47,0.00098700,253.07000000
2018-02-23 02:13:53,0.00098710,30.39000000
2018-02-23 02:13:53,0.00098700,44.61000000
2018-02-23 02:13:53,0.00098850,100.96000000
2018-02-23 02:13:53,0.00098860,84.15000000
2018-02-23 02:13:53,0.00098860,9.00000000
2018-02-23 02:13:54,0.00098880,40.00000000
2018-02-23 02:13:54,0.00098860,5.89000000
2018-02-23 02:13:56,0.00098760,358.27000000
2018-02-23 02:13:56,0.00098840,2.00000000
2018-02-23 02:13:58,0.00098840,5.00000000
2018-02-23 02:14:00,0.00098710,4.99000000
2018-02-23 02:14:00,0.00098700,165.15000000
2018-02-23 02:14:00,0.00098700,2.04000000
2018-02-23 02:14:00,0.00098700,2.15000000
2018-02-23 02:14:00,0.00098700,41.12000000
2018-02-23 02:14:00,0.00098800,42.99000000
2018-02-23 02:14:00,0.00098510,20.00000000
2018-02-23 02:14:00,0.00098500,20.01000000
2018-02-23 02:14:00,0.00098430,3.22000000
2018-02-23 02:14:00,0.00098420,52.52000000
2018-02-23 02:14:00,0.00098400,44.61000000
2018-02-23 02:14:00,0.00098380,166.33000000
2018-02-23 02:14:00,0.00098400,3.12000000
2018-02-23 02:14:02,0.00098710,3.22000000
2018-02-23 02:14:04,0.00098770,16.64000000
2018-02-23 02:14:05,0.00098720,100.50000000
2018-02-23 02:14:05,0.00098710,43.88000000
2018-02-23 02:14:05,0.00098710,18.53000000
2018-02-23 02:14:06,0.00098770,1.93000000
2018-02-23 02:14:07,0.00098770,9.56000000
2018-02-23 02:14:08,0.00098730,182.27000000
2018-02-23 02:14:08,0.00098710,5.28000000
2018-02-23 02:14:09,0.00098770,24.39000000
2018-02-23 02:14:09,0.00098770,77.51000000
2018-02-23 02:14:10,0.00098710,31.09000000
2018-02-23 02:14:11,0.00098710,17.26000000
2018-02-23 02:14:13,0.00098710,75.17000000
2018-02-23 02:14:14,0.00098710,67.85000000
2018-02-23 02:14:15,0.00098770,5.32000000
2018-02-23 02:14:16,0.00098710,271.95000000
2018-02-23 02:14:16,0.00098710,28.11000000
2018-02-23 02:14:18,0.00098720,5.00000000
2018-02-23 02:14:20,0.00098770,106.03000000
2018-02-23 02:14:21,0.00098740,6.27000000
2018-02-23 02:14:21,0.00098720,17.11000000
2018-02-23 02:14:23,0.00098720,15.00000000
2018-02-23 02:14:24,0.00098720,54.52000000
2018-02-23 02:14:24,0.00098710,100.24000000
2018-02-23 02:14:25,0.00098560,5.70000000
2018-02-23 02:14:25,0.00098700,3.55000000
2018-02-23 02:14:25,0.00098700,19.84000000
2018-02-23 02:14:25,0.00098710,6.01000000
