DATE,PRICE,VOLUME
2018-02-22 22:00:02,0.00094350,17.25000000
2018-02-22 22:00:03,0.00094340,10.00000000
2018-02-22 22:00:03,0.00094340,10.95000000
2018-02-22 22:00:03,0.00094340,1.38000000
2018-02-22 22:00:03,0.00094340,28.61000000
2018-02-22 22:00:03,0.00094350,10.39000000
2018-02-22 22:00:04,0.00094220,22.28000000
2018-02-22 22:00:04,0.00094210,2.44000000
2018-02-22 22:00:06,0.00094210,33.21000000
2018-02-22 22:00:07,0.00094200,4.76000000
2018-02-22 22:00:08,0.00094210,7.85000000
2018-02-22 22:00:08,0.00094210,2.43000000
2018-02-22 22:00:08,0.00094200,5.63000000
2018-02-22 22:00:09,0.00094200,1.43000000
2018-02-22 22:00:09,0.00094170,0.98000000
2018-02-22 22:00:09,0.00094170,3.19000000
2018-02-22 22:00:09,0.00094260,147.63000000
2018-02-22 22:00:10,0.00094180,30.09000000
2018-02-22 22:00:10,0.00094220,2.14000000
2018-02-22 22:00:10,0.00094190,0.04000000
2018-02-22 22:00:10,0.00094190,11.31000000
2018-02-22 22:00:10,0.00094170,14.94000000
2018-02-22 22:00:11,0.00094180,23.66000000
2018-02-22 22:00:11,0.00094170,15.01000000
2018-02-22 22:00:11,0.00094170,2.15000000
2018-02-22 22:00:11,0.00094170,4.23000000
2018-02-22 22:00:11,0.00094170,86.08000000
2018-02-22 22:00:12,0.00094170,166.80000000
2018-02-22 22:00:12,0.00094140,27.00000000
2018-02-22 22:00:12,0.00094130,300.43000000
2018-02-22 22:00:12,0.00094120,153.84000000
2018-02-22 22:00:13,0.00094180,132.76000000
2018-02-22 22:00:13,0.00094200,2.35000000
2018-02-22 22:00:14,0.00094190,5.34000000
2018-02-22 22:00:14,0.00094190,14.39000000
2018-02-22 22:00:15,0.00094180,9.00000000
2018-02-22 22:00:16,0.00094190,15.40000000
2018-02-22 22:00:17,0.00094180,5.19000000
2018-02-22 22:00:18,0.00094190,26.54000000
2018-02-22 22:00:18,0.00094190,0.01000000
2018-02-22 22:00:19,0.00094190,7.19000000
2018-02-22 22:00:19,0.00094190,25.29000000
2018-02-22 22:00:23,0.00094190,9.38000000
2018-02-22 22:00:23,0.00094190,37.43000000
2018-02-22 22:00:23,0.00094190,133.91000000
2018-02-22 22:00:24,0.00094190,2.60000000
2018-02-22 22:00:28,0.00094180,0.06000000
2018-02-22 22:00:28,0.00094180,2.14000000
2018-02-22 22:00:30,0.00094180,4.64000000
2018-02-22 22:00:31,0.00094190,12.35000000
2018-02-22 22:00:34,0.00094190,4.29000000
2018-02-22 22:00:35,0.00094190,10.93000000
2018-02-22 22:00:39,0.00094190,4.15000000
2018-02-22 22:00:39,0.00094190,13.91000000
2018-02-22 22:00:39,0.00094180,22.26000000
2018-02-22 22:00:42,0.00094150,158.00000000
2018-02-22 22:00:43,0.00094180,1.22000000
2018-02-22 22:00:43,0.00094190,35.19000000
2018-02-22 22:00:47,0.00094180,50.32000000
2018-02-22 22:00:48,0.00094180,4.13000000
2018-02-22 22:00:54,0.00094140,2.14000000
2018-02-22 22:00:54,0.00094120,3.49000000
2018-02-22 22:00:54,0.00094100,29.70000000
2018-02-22 22:00:55,0.00094180,43.86000000
2018-02-22 22:00:58,0.00094180,61.33000000
2018-02-22 22:01:00,0.00094180,4.90000000
2018-02-22 22:01:00,0.00094180,33.57000000
2018-02-22 22:01:00,0.00094180,27.17000000
2018-02-22 22:01:02,0.00094180,0.16000000
2018-02-22 22:01:03,0.00094180,18.60000000
2018-02-22 22:01:03,0.00094180,24.31000000
2018-02-22 22:01:04,0.00094180,5.00000000
2018-02-22 22:01:04,0.00094180,7.49000000
2018-02-22 22:01:04,0.00094180,63.51000000
2018-02-22 22:01:05,0.00094110,6.47000000
2018-02-22 22:01:06,0.00094110,20.96000000
2018-02-22 22:01:08,0.00094180,50.00000000
2018-02-22 22:01:09,0.00094110,12.59000000
2018-02-22 22:01:10,0.00094110,7.41000000
2018-02-22 22:01:14,0.00094110,9.10000000
2018-02-22 22:01:15,0.00094130,2.14000000
2018-02-22 22:01:15,0.00094110,11.50000000
2018-02-22 22:01:17,0.00094110,0.03000000
2018-02-22 22:01:17,0.00094130,168.36000000
2018-02-22 22:01:20,0.00094110,41.00000000
2018-02-22 22:01:21,0.00094110,7.00000000
2018-02-22 22:01:22,0.00094110,7.74000000
2018-02-22 22:01:22,0.00094110,80.39000000
2018-02-22 22:01:22,0.00094100,72.17000000
2018-02-22 22:01:27,0.00094110,13.90000000
2018-02-22 22:01:27,0.00094110,7.10000000
2018-02-22 22:01:27,0.00094100,11.61000000
2018-02-22 22:01:27,0.00094090,86.76000000
2018-02-22 22:01:31,0.00094100,58.50000000
2018-02-22 22:01:31,0.00094090,23.80000000
2018-02-22 22:01:32,0.00094090,0.01000000
2018-02-22 22:01:32,0.00094110,49.99000000
2018-02-22 22:01:34,0.00094090,7.39000000
2018-02-22 22:01:34,0.00094070,72.58000000
2018-02-22 22:01:34,0.00094070,88.65000000
2018-02-22 22:01:35,0.00094080,563.51000000
2018-02-22 22:01:35,0.00094070,289.46000000
2018-02-22 22:01:35,0.00094060,280.04000000
2018-02-22 22:01:36,0.00094060,21.00000000
2018-02-22 22:01:36,0.00094050,283.01000000
2018-02-22 22:01:36,0.00094070,18.52000000
2018-02-22 22:01:36,0.00094070,31.87000000
2018-02-22 22:01:37,0.00094060,31.87000000
2018-02-22 22:01:37,0.00094060,25.36000000
2018-02-22 22:01:37,0.00094050,421.71000000
2018-02-22 22:01:37,0.00094050,851.71000000
2018-02-22 22:01:38,0.00094050,413.26000000
2018-02-22 22:01:38,0.00094040,14.59000000
2018-02-22 22:01:38,0.00094030,1.08000000
2018-02-22 22:01:38,0.00094000,2240.71000000
2018-02-22 22:01:38,0.00093990,96.92000000
2018-02-22 22:01:38,0.00093900,55.42000000
2018-02-22 22:01:38,0.00093840,13.84000000
2018-02-22 22:01:38,0.00093830,3.64000000
2018-02-22 22:01:38,0.00093800,14.19000000
2018-02-22 22:01:38,0.00093750,1.14000000
2018-02-22 22:01:38,0.00093740,140.19000000
2018-02-22 22:01:38,0.00093850,9.89000000
2018-02-22 22:01:38,0.00093870,8.09000000
2018-02-22 22:01:38,0.00093950,35.96000000
2018-02-22 22:01:38,0.00094000,35.19000000
2018-02-22 22:01:38,0.00094000,2.25000000
2018-02-22 22:01:38,0.00094000,2.25000000
2018-02-22 22:01:38,0.00094000,21.10000000
2018-02-22 22:01:41,0.00093790,61.84000000
2018-02-22 22:01:41,0.00093780,56.32000000
2018-02-22 22:01:41,0.00093770,1.34000000
2018-02-22 22:01:41,0.00093750,52.72000000
2018-02-22 22:01:41,0.00093740,111.20000000
2018-02-22 22:01:41,0.00093730,21.83000000
2018-02-22 22:01:42,0.00093810,1.39000000
2018-02-22 22:01:43,0.00093870,178.72000000
2018-02-22 22:01:44,0.00093860,48.14000000
2018-02-22 22:01:46,0.00093820,7.04000000
2018-02-22 22:01:47,0.00093730,23.08000000
2018-02-22 22:01:47,0.00093810,1.93000000
2018-02-22 22:01:47,0.00093810,48.51000000
2018-02-22 22:01:48,0.00093810,10.66000000
2018-02-22 22:01:48,0.00093800,10.66000000
2018-02-22 22:01:48,0.00093800,6.52000000
2018-02-22 22:01:48,0.00093820,4.14000000
2018-02-22 22:01:48,0.00093820,10.66000000
2018-02-22 22:01:48,0.00093820,11.21000000
2018-02-22 22:01:49,0.00093770,4.26000000
2018-02-22 22:01:49,0.00093770,26.75000000
2018-02-22 22:01:49,0.00093730,39.51000000
2018-02-22 22:01:50,0.00093730,141.37000000
2018-02-22 22:01:50,0.00093730,6.06000000
2018-02-22 22:01:50,0.00093700,167.44000000
2018-02-22 22:01:50,0.00093670,30.80000000
2018-02-22 22:01:51,0.00093800,2.26000000
2018-02-22 22:01:51,0.00093800,31.08000000
2018-02-22 22:01:52,0.00093800,4.89000000
2018-02-22 22:01:54,0.00093670,22.58000000
2018-02-22 22:01:54,0.00093640,5.34000000
2018-02-22 22:01:54,0.00093630,1.17000000
2018-02-22 22:01:54,0.00093610,591.87000000
2018-02-22 22:01:54,0.00093600,97.10000000
2018-02-22 22:01:54,0.00093640,19.46000000
2018-02-22 22:01:55,0.00093640,6.02000000
2018-02-22 22:01:55,0.00093640,3.80000000
2018-02-22 22:01:55,0.00093640,19.50000000
2018-02-22 22:01:55,0.00093640,7.81000000
2018-02-22 22:01:55,0.00093790,8.04000000
2018-02-22 22:01:55,0.00093790,6.54000000
2018-02-22 22:01:56,0.00093630,53.92000000
2018-02-22 22:01:56,0.00093620,57.57000000
2018-02-22 22:01:56,0.00093610,21.00000000
2018-02-22 22:01:56,0.00093610,19.78000000
2018-02-22 22:01:56,0.00093610,52.13000000
2018-02-22 22:01:56,0.00093610,52.13000000
2018-02-22 22:01:56,0.00093610,62.56000000
2018-02-22 22:01:56,0.00093610,11.87000000
2018-02-22 22:01:56,0.00093610,2.20000000
2018-02-22 22:01:56,0.00093610,5.33000000
2018-02-22 22:01:56,0.00093600,53.92000000
2018-02-22 22:01:57,0.00093600,57.37000000
2018-02-22 22:01:58,0.00093610,20.00000000
2018-02-22 22:01:59,0.00093600,50.00000000
2018-02-22 22:02:00,0.00093610,10.56000000
2018-02-22 22:02:00,0.00093610,114.33000000
2018-02-22 22:02:00,0.00093600,46.98000000
2018-02-22 22:02:00,0.00093600,30.86000000
2018-02-22 22:02:00,0.00093570,51.56000000
2018-02-22 22:02:01,0.00093570,1.69000000
2018-02-22 22:02:01,0.00093610,5.00000000
2018-02-22 22:02:02,0.00093600,31.30000000
2018-02-22 22:02:04,0.00093600,15.43000000
2018-02-22 22:02:04,0.00093570,32.57000000
2018-02-22 22:02:06,0.00093570,119.46000000
2018-02-22 22:02:07,0.00093560,12.83000000
2018-02-22 22:02:07,0.00093560,25.64000000
2018-02-22 22:02:07,0.00093560,1.00000000
2018-02-22 22:02:07,0.00093570,48.96000000
2018-02-22 22:02:10,0.00093570,40.94000000
2018-02-22 22:02:11,0.00093520,5.03000000
2018-02-22 22:02:11,0.00093500,0.71000000
2018-02-22 22:02:11,0.00093500,2.39000000
2018-02-22 22:02:11,0.00093570,122.64000000
2018-02-22 22:02:12,0.00093570,11.37000000
2018-02-22 22:02:13,0.00093500,759.40000000
2018-02-22 22:02:15,0.00093560,37.71000000
2018-02-22 22:02:15,0.00093500,32.08000000
2018-02-22 22:02:15,0.00093500,6.60000000
2018-02-22 22:02:16,0.00093500,229.91000000
2018-02-22 22:02:16,0.00093500,111.30000000
2018-02-22 22:02:18,0.00093470,2.13000000
2018-02-22 22:02:21,0.00093470,13.24000000
2018-02-22 22:02:21,0.00093450,175.57000000
2018-02-22 22:02:21,0.00093480,189.09000000
2018-02-22 22:02:21,0.00093500,100.00000000
2018-02-22 22:02:21,0.00093500,139.61000000
2018-02-22 22:02:22,0.00093450,37.96000000
2018-02-22 22:02:24,0.00093450,58.12000000
2018-02-22 22:02:27,0.00093450,11.09000000
2018-02-22 22:02:27,0.00093450,31.56000000
2018-02-22 22:02:27,0.00093500,8.44000000
2018-02-22 22:02:29,0.00093440,1.20000000
2018-02-22 22:02:29,0.00093390,72.78000000
2018-02-22 22:02:29,0.00093370,1.50000000
2018-02-22 22:02:29,0.00093350,1.41000000
2018-02-22 22:02:29,0.00093450,2.86000000
2018-02-22 22:02:30,0.00093350,18.59000000
2018-02-22 22:02:30,0.00093280,10.72000000
2018-02-22 22:02:30,0.00093270,14.84000000
2018-02-22 22:02:30,0.00093230,17.30000000
2018-02-22 22:02:30,0.00093450,7.88000000
2018-02-22 22:02:31,0.00093260,4.29000000
2018-02-22 22:02:32,0.00093430,11.87000000
2018-02-22 22:02:32,0.00093440,179.76000000
2018-02-22 22:02:33,0.00093440,2.24000000
2018-02-22 22:02:34,0.00093350,79.23000000
2018-02-22 22:02:35,0.00093430,6.99000000
2018-02-22 22:02:35,0.00093260,16.71000000
2018-02-22 22:02:35,0.00093230,2.57000000
2018-02-22 22:02:38,0.00093280,4.02000000
2018-02-22 22:02:38,0.00093240,38.64000000
2018-02-22 22:02:40,0.00093390,3.53000000
2018-02-22 22:02:40,0.00093360,3.64000000
2018-02-22 22:02:41,0.00093360,37.13000000
2018-02-22 22:02:41,0.00093250,17.76000000
2018-02-22 22:02:41,0.00093400,35.11000000
2018-02-22 22:02:41,0.00093410,13.16000000
2018-02-22 22:02:43,0.00093250,73.75000000
2018-02-22 22:02:43,0.00093240,36.71000000
2018-02-22 22:02:43,0.00093390,1.38000000
2018-02-22 22:02:44,0.00093370,1.92000000
2018-02-22 22:02:45,0.00093250,10.09000000
2018-02-22 22:02:45,0.00093230,11.36000000
2018-02-22 22:02:46,0.00093310,4.34000000
2018-02-22 22:02:46,0.00093230,11.68000000
2018-02-22 22:02:46,0.00093160,15.49000000
2018-02-22 22:02:46,0.00093150,6.44000000
2018-02-22 22:02:46,0.00093120,425.92000000
2018-02-22 22:02:46,0.00093110,21.26000000
2018-02-22 22:02:46,0.00093100,382.30000000
2018-02-22 22:02:46,0.00093080,2.26000000
2018-02-22 22:02:46,0.00093070,134.34000000
2018-02-22 22:02:46,0.00093040,50.24000000
2018-02-22 22:02:46,0.00093020,7.17000000
2018-02-22 22:02:46,0.00093010,182.56000000
2018-02-22 22:02:46,0.00093000,2635.75000000
2018-02-22 22:02:46,0.00093000,245.83000000
2018-02-22 22:02:46,0.00093000,28.59000000
2018-02-22 22:02:46,0.00093370,1.14000000
2018-02-22 22:02:48,0.00093360,27.05000000
2018-02-22 22:02:48,0.00093220,10.83000000
2018-02-22 22:02:48,0.00093200,101.37000000
2018-02-22 22:02:48,0.00093160,128.25000000
2018-02-22 22:02:49,0.00093160,3.83000000
2018-02-22 22:02:49,0.00093350,52.14000000
2018-02-22 22:02:49,0.00093170,0.13000000
2018-02-22 22:02:50,0.00093340,18.61000000
2018-02-22 22:02:51,0.00093190,10.00000000
2018-02-22 22:02:51,0.00093330,12.29000000
2018-02-22 22:02:51,0.00093190,22.19000000
2018-02-22 22:02:51,0.00093180,3.91000000
2018-02-22 22:02:51,0.00093170,52.71000000
2018-02-22 22:02:51,0.00093160,386.75000000
2018-02-22 22:02:52,0.00093200,199.22000000
2018-02-22 22:02:52,0.00093250,15.69000000
2018-02-22 22:02:52,0.00093250,24.31000000
2018-02-22 22:02:52,0.00093160,128.71000000
2018-02-22 22:02:52,0.00093010,59.13000000
2018-02-22 22:02:52,0.00093000,548.99000000
2018-02-22 22:02:53,0.00093010,4.68000000
2018-02-22 22:02:54,0.00093020,62.54000000
2018-02-22 22:02:54,0.00093010,3.76000000
2018-02-22 22:02:54,0.00093000,359.62000000
2018-02-22 22:02:59,0.00093260,40.78000000
2018-02-22 22:02:59,0.00093270,57.90000000
2018-02-22 22:02:59,0.00093270,3.66000000
2018-02-22 22:03:00,0.00093110,50.00000000
2018-02-22 22:03:00,0.00093100,50.74000000
2018-02-22 22:03:00,0.00093010,33.56000000
2018-02-22 22:03:01,0.00093120,2.16000000
2018-02-22 22:03:01,0.00093010,15.98000000
2018-02-22 22:03:01,0.00093000,1.35000000
2018-02-22 22:03:04,0.00093250,113.00000000
2018-02-22 22:03:04,0.00093300,50.00000000
2018-02-22 22:03:04,0.00093310,2.16000000
2018-02-22 22:03:04,0.00093320,172.17000000
2018-02-22 22:03:04,0.00093340,7.79000000
2018-02-22 22:03:04,0.00093420,42.10000000
2018-02-22 22:03:04,0.00093440,300.34000000
2018-02-22 22:03:04,0.00093450,1259.46000000
2018-02-22 22:03:04,0.00093480,215.99000000
2018-02-22 22:03:04,0.00093490,52.85000000
2018-02-22 22:03:04,0.00093490,13.96000000
2018-02-22 22:03:04,0.00093490,2.37000000
2018-02-22 22:03:04,0.00093490,13.99000000
2018-02-22 22:03:04,0.00093490,5.66000000
2018-02-22 22:03:04,0.00093490,62.53000000
2018-02-22 22:03:04,0.00093490,9.08000000
2018-02-22 22:03:04,0.00093490,9.68000000
2018-02-22 22:03:04,0.00093490,11.00000000
2018-02-22 22:03:05,0.00093490,7.88000000
2018-02-22 22:03:06,0.00093500,20.00000000
2018-02-22 22:03:06,0.00093490,9.70000000
2018-02-22 22:03:07,0.00093490,49.54000000
2018-02-22 22:03:07,0.00093490,334.72000000
2018-02-22 22:03:07,0.00093490,6.65000000
2018-02-22 22:03:08,0.00093490,7.49000000
2018-02-22 22:03:09,0.00093270,6.99000000
2018-02-22 22:03:10,0.00093490,308.49000000
2018-02-22 22:03:10,0.00093500,38.91000000
2018-02-22 22:03:11,0.00093310,39.78000000
2018-02-22 22:03:11,0.00093300,1.39000000
2018-02-22 22:03:11,0.00093290,3.83000000
2018-02-22 22:03:12,0.00093320,32.14000000
2018-02-22 22:03:12,0.00093310,3.24000000
2018-02-22 22:03:12,0.00093400,89.36000000
2018-02-22 22:03:13,0.00093340,2.16000000
2018-02-22 22:03:13,0.00093320,1.87000000
2018-02-22 22:03:13,0.00093320,10.15000000
2018-02-22 22:03:13,0.00093270,14.01000000
2018-02-22 22:03:13,0.00093260,0.06000000
2018-02-22 22:03:15,0.00093280,30.50000000
2018-02-22 22:03:21,0.00093300,7.51000000
2018-02-22 22:03:21,0.00093280,13.69000000
2018-02-22 22:03:26,0.00093340,1.39000000
2018-02-22 22:03:26,0.00093330,2.16000000
2018-02-22 22:03:26,0.00093280,24.99000000
2018-02-22 22:03:26,0.00093270,10.94000000
2018-02-22 22:03:26,0.00093260,19.00000000
2018-02-22 22:03:29,0.00093260,69.21000000
2018-02-22 22:03:30,0.00093280,2.16000000
2018-02-22 22:03:30,0.00093260,16.34000000
2018-02-22 22:03:30,0.00093310,2.16000000
2018-02-22 22:03:30,0.00093320,3.24000000
2018-02-22 22:03:31,0.00093300,209.59000000
2018-02-22 22:03:32,0.00093300,3.44000000
2018-02-22 22:03:33,0.00093300,8.58000000
2018-02-22 22:03:33,0.00093260,15.43000000
2018-02-22 22:03:33,0.00093260,109.91000000
2018-02-22 22:03:34,0.00093260,77.92000000
2018-02-22 22:03:34,0.00093150,28.67000000
2018-02-22 22:03:34,0.00093050,75.31000000
2018-02-22 22:03:35,0.00093050,0.06000000
2018-02-22 22:03:36,0.00093330,0.12000000
2018-02-22 22:03:36,0.00093330,71.80000000
2018-02-22 22:03:36,0.00093350,377.23000000
2018-02-22 22:03:36,0.00093360,2.16000000
2018-02-22 22:03:36,0.00093370,88.83000000
2018-02-22 22:03:36,0.00093400,21.63000000
2018-02-22 22:03:38,0.00093280,10.78000000
2018-02-22 22:03:38,0.00093280,73.06000000
2018-02-22 22:03:41,0.00093300,62.49000000
2018-02-22 22:03:42,0.00093290,3.83000000
2018-02-22 22:03:44,0.00093300,99.72000000
2018-02-22 22:03:45,0.00093340,75.68000000
2018-02-22 22:03:45,0.00093400,23.58000000
2018-02-22 22:03:46,0.00093300,37.25000000
2018-02-22 22:03:46,0.00093400,256.18000000
2018-02-22 22:03:46,0.00093400,5.40000000
2018-02-22 22:03:46,0.00093400,12.16000000
2018-02-22 22:03:49,0.00093410,2.16000000
2018-02-22 22:03:50,0.00093410,12.59000000
2018-02-22 22:03:51,0.00093410,56.47000000
2018-02-22 22:03:51,0.00093310,2.16000000
2018-02-22 22:03:51,0.00093290,72.08000000
2018-02-22 22:03:51,0.00093280,177.36000000
2018-02-22 22:03:52,0.00093320,0.10000000
2018-02-22 22:03:52,0.00093320,2.06000000
2018-02-22 22:03:53,0.00093390,2.16000000
2018-02-22 22:03:53,0.00093420,42.73000000
2018-02-22 22:03:53,0.00093460,2.16000000
2018-02-22 22:03:53,0.00093490,83.94000000
2018-02-22 22:03:55,0.00093400,219.95000000
2018-02-22 22:03:55,0.00093310,161.49000000
2018-02-22 22:03:57,0.00093490,79.34000000
2018-02-22 22:03:58,0.00093500,494.95000000
2018-02-22 22:03:58,0.00093530,32.15000000
2018-02-22 22:04:00,0.00093790,2.53000000
2018-02-22 22:04:01,0.00093540,11.47000000
2018-02-22 22:04:02,0.00093560,32.06000000
2018-02-22 22:04:04,0.00093570,28.21000000
2018-02-22 22:04:04,0.00093560,48.25000000
2018-02-22 22:04:05,0.00093580,2.14000000
2018-02-22 22:04:05,0.00093550,2.14000000
2018-02-22 22:04:07,0.00093560,33.64000000
2018-02-22 22:04:08,0.00093700,1.14000000
2018-02-22 22:04:09,0.00093580,2.14000000
2018-02-22 22:04:09,0.00093610,36.70000000
2018-02-22 22:04:09,0.00093610,32.04000000
2018-02-22 22:04:10,0.00093610,41.35000000
2018-02-22 22:04:10,0.00093560,28.66000000
2018-02-22 22:04:12,0.00093600,50.00000000
2018-02-22 22:04:14,0.00093570,22.49000000
2018-02-22 22:04:14,0.00093560,237.07000000
2018-02-22 22:04:14,0.00093500,129.67000000
2018-02-22 22:04:19,0.00093520,35.18000000
2018-02-22 22:04:23,0.00093520,648.73000000
2018-02-22 22:04:24,0.00093530,4.56000000
2018-02-22 22:04:24,0.00093550,1.38000000
2018-02-22 22:04:25,0.00093550,44.34000000
2018-02-22 22:04:25,0.00093560,55.66000000
2018-02-22 22:04:25,0.00093520,76.03000000
2018-02-22 22:04:25,0.00093520,35.35000000
2018-02-22 22:04:25,0.00093510,71.22000000
2018-02-22 22:04:26,0.00093520,59.66000000
2018-02-22 22:04:26,0.00093520,7.17000000
2018-02-22 22:04:26,0.00093520,16.83000000
2018-02-22 22:04:27,0.00093510,1.39000000
2018-02-22 22:04:27,0.00093520,95.00000000
2018-02-22 22:04:28,0.00093520,133.28000000
2018-02-22 22:04:28,0.00093520,49.53000000
2018-02-22 22:04:28,0.00093520,29.05000000
2018-02-22 22:04:28,0.00093510,46.32000000
2018-02-22 22:04:28,0.00093510,310.99000000
2018-02-22 22:04:29,0.00093510,20.00000000
2018-02-22 22:04:29,0.00093510,5.22000000
2018-02-22 22:04:29,0.00093510,561.48000000
2018-02-22 22:04:30,0.00093510,5.34000000
2018-02-22 22:04:30,0.00093410,2.16000000
2018-02-22 22:04:30,0.00093300,24.23000000
2018-02-22 22:04:30,0.00093280,18.22000000
2018-02-22 22:04:30,0.00093470,2.16000000
2018-02-22 22:04:31,0.00093540,2.09000000
2018-02-22 22:04:32,0.00093510,0.55000000
2018-02-22 22:04:32,0.00093510,21.73000000
2018-02-22 22:04:32,0.00093510,19.68000000
2018-02-22 22:04:33,0.00093510,13.06000000
2018-02-22 22:04:33,0.00093510,10.78000000
2018-02-22 22:04:33,0.00093510,6.94000000
2018-02-22 22:04:33,0.00093510,8.33000000
2018-02-22 22:04:33,0.00093510,26.65000000
2018-02-22 22:04:33,0.00093500,38.54000000
2018-02-22 22:04:33,0.00093510,439.73000000
2018-02-22 22:04:33,0.00093540,0.05000000
2018-02-22 22:04:33,0.00093560,132.29000000
2018-02-22 22:04:37,0.00093540,19.81000000
2018-02-22 22:04:37,0.00093550,10.69000000
2018-02-22 22:04:39,0.00093510,9.43000000
2018-02-22 22:04:40,0.00093550,0.86000000
2018-02-22 22:04:41,0.00093550,30.51000000
2018-02-22 22:04:41,0.00093560,1006.11000000
2018-02-22 22:04:43,0.00093560,423.67000000
2018-02-22 22:04:43,0.00093560,133.57000000
2018-02-22 22:04:44,0.00093560,1436.60000000
2018-02-22 22:04:44,0.00093560,10.18000000
2018-02-22 22:04:44,0.00093560,1.15000000
2018-02-22 22:04:44,0.00093530,120.45000000
2018-02-22 22:04:45,0.00093510,14.41000000
2018-02-22 22:04:45,0.00093560,180.42000000
2018-02-22 22:04:46,0.00093510,77.17000000
2018-02-22 22:04:47,0.00093510,85.73000000
2018-02-22 22:04:48,0.00093560,424.76000000
2018-02-22 22:04:49,0.00093510,66.85000000
2018-02-22 22:04:50,0.00093560,225.40000000
2018-02-22 22:04:50,0.00093560,93.11000000
2018-02-22 22:04:51,0.00093560,784.96000000
2018-02-22 22:04:51,0.00093560,180.12000000
2018-02-22 22:04:51,0.00093600,2.13000000
2018-02-22 22:04:52,0.00093600,3.44000000
2018-02-22 22:04:52,0.00093610,68.74000000
2018-02-22 22:04:52,0.00093680,2.14000000
2018-02-22 22:04:53,0.00093600,32.04000000
2018-02-22 22:04:57,0.00093610,3.48000000
2018-02-22 22:04:57,0.00093620,2.14000000
2018-02-22 22:04:57,0.00093610,51.81000000
2018-02-22 22:05:00,0.00093650,3.11000000
2018-02-22 22:05:03,0.00093710,2.14000000
2018-02-22 22:05:03,0.00093730,2.14000000
2018-02-22 22:05:03,0.00093750,21.99000000
2018-02-22 22:05:03,0.00093750,21.99000000
2018-02-22 22:05:05,0.00093780,10.59000000
2018-02-22 22:05:05,0.00093820,50.84000000
2018-02-22 22:05:07,0.00093770,2.14000000
2018-02-22 22:05:07,0.00093750,12.88000000
2018-02-22 22:05:07,0.00093650,2.97000000
2018-02-22 22:05:07,0.00093630,2.14000000
2018-02-22 22:05:07,0.00093610,214.95000000
2018-02-22 22:05:10,0.00093690,2.14000000
2018-02-22 22:05:10,0.00093660,21.00000000
2018-02-22 22:05:10,0.00093650,181.00000000
2018-02-22 22:05:12,0.00093660,3.53000000
2018-02-22 22:05:13,0.00093680,2.14000000
2018-02-22 22:05:13,0.00093660,25.62000000
2018-02-22 22:05:13,0.00093780,2.14000000
2018-02-22 22:05:13,0.00093800,0.87000000
2018-02-22 22:05:16,0.00093800,10.43000000
2018-02-22 22:05:17,0.00093800,50.40000000
2018-02-22 22:05:18,0.00093800,369.81000000
2018-02-22 22:05:24,0.00093680,15.00000000
2018-02-22 22:05:25,0.00093800,1.00000000
2018-02-22 22:05:26,0.00093730,130.82000000
2018-02-22 22:05:26,0.00093780,2.14000000
2018-02-22 22:05:26,0.00093800,30.58000000
2018-02-22 22:05:29,0.00093820,77.00000000
2018-02-22 22:05:31,0.00093800,191.57000000
2018-02-22 22:05:32,0.00093820,10.66000000
2018-02-22 22:05:33,0.00093820,24.27000000
2018-02-22 22:05:33,0.00093820,71.73000000
2018-02-22 22:05:36,0.00093800,5.58000000
2018-02-22 22:05:41,0.00093810,29.63000000
2018-02-22 22:05:41,0.00093820,36.04000000
2018-02-22 22:05:47,0.00093820,1.03000000
2018-02-22 22:05:49,0.00093820,8.78000000
2018-02-22 22:05:49,0.00093810,7.32000000
2018-02-22 22:05:49,0.00093810,8.69000000
2018-02-22 22:05:49,0.00093810,31.97000000
2018-02-22 22:05:49,0.00093810,182.33000000
2018-02-22 22:05:49,0.00093810,225.81000000
2018-02-22 22:05:49,0.00093810,21.60000000
2018-02-22 22:05:51,0.00093820,5.74000000
2018-02-22 22:05:53,0.00093810,86.25000000
2018-02-22 22:05:54,0.00093810,7.99000000
2018-02-22 22:05:56,0.00093820,10.83000000
2018-02-22 22:05:58,0.00093820,100.69000000
2018-02-22 22:05:58,0.00093810,149.67000000
2018-02-22 22:06:03,0.00093800,3.45000000
2018-02-22 22:06:04,0.00093810,192.43000000
2018-02-22 22:06:05,0.00093810,12.07000000
2018-02-22 22:06:11,0.00093810,200.00000000
2018-02-22 22:06:11,0.00093870,29.61000000
2018-02-22 22:06:13,0.00093810,1.14000000
2018-02-22 22:06:22,0.00093830,31.09000000
2018-02-22 22:06:23,0.00093810,209.22000000
2018-02-22 22:06:25,0.00093860,30.56000000
2018-02-22 22:06:25,0.00093870,45.96000000
2018-02-22 22:06:27,0.00093810,2.40000000
2018-02-22 22:06:28,0.00093810,4.16000000
2018-02-22 22:06:28,0.00093860,3.00000000
2018-02-22 22:06:30,0.00093810,13.66000000
2018-02-22 22:06:30,0.00093800,239.70000000
2018-02-22 22:06:30,0.00093740,48.26000000
2018-02-22 22:06:30,0.00093700,361.16000000
2018-02-22 22:06:30,0.00093700,93.11000000
2018-02-22 22:06:30,0.00093850,3.31000000
2018-02-22 22:06:31,0.00093700,110.40000000
2018-02-22 22:06:33,0.00093810,56.63000000
2018-02-22 22:06:33,0.00093840,29.15000000
2018-02-22 22:06:33,0.00093860,77.79000000
2018-02-22 22:06:33,0.00093870,54.85000000
2018-02-22 22:06:33,0.00093720,2.14000000
2018-02-22 22:06:33,0.00093710,10.46000000
2018-02-22 22:06:33,0.00093700,98.11000000
2018-02-22 22:06:34,0.00093700,16.87000000
2018-02-22 22:06:35,0.00093660,10.39000000
2018-02-22 22:06:35,0.00093650,37.03000000
2018-02-22 22:06:35,0.00093630,10.68000000
2018-02-22 22:06:35,0.00093550,3.81000000
2018-02-22 22:06:35,0.00093500,5.00000000
2018-02-22 22:06:35,0.00093450,19.30000000
2018-02-22 22:06:35,0.00093440,3.64000000
2018-02-22 22:06:35,0.00093410,13.39000000
2018-02-22 22:06:35,0.00093400,13.56000000
2018-02-22 22:06:35,0.00093380,4.01000000
2018-02-22 22:06:35,0.00093330,12.72000000
2018-02-22 22:06:37,0.00093420,13.46000000
2018-02-22 22:06:37,0.00093400,74.84000000
2018-02-22 22:06:37,0.00093380,2.25000000
2018-02-22 22:06:37,0.00093350,2.41000000
2018-02-22 22:06:37,0.00093340,53.49000000
2018-02-22 22:06:38,0.00093450,10.48000000
2018-02-22 22:06:38,0.00093450,18.79000000
2018-02-22 22:06:38,0.00093440,39.84000000
2018-02-22 22:06:38,0.00093430,50.00000000
2018-02-22 22:06:38,0.00093380,444.72000000
2018-02-22 22:06:38,0.00093340,3.00000000
2018-02-22 22:06:38,0.00093330,42.00000000
2018-02-22 22:06:38,0.00093290,1.39000000
2018-02-22 22:06:38,0.00093280,2.02000000
2018-02-22 22:06:38,0.00093260,421.30000000
2018-02-22 22:06:38,0.00093190,4.21000000
2018-02-22 22:06:38,0.00093130,2.14000000
2018-02-22 22:06:38,0.00093100,18.83000000
2018-02-22 22:06:38,0.00093620,12.62000000
2018-02-22 22:06:38,0.00093630,104.08000000
2018-02-22 22:06:38,0.00093640,32.03000000
2018-02-22 22:06:38,0.00093650,10.72000000
2018-02-22 22:06:38,0.00093700,85.79000000
2018-02-22 22:06:40,0.00093440,5.35000000
2018-02-22 22:06:40,0.00093410,145.97000000
2018-02-22 22:06:41,0.00093430,32.10000000
2018-02-22 22:06:41,0.00093420,1.25000000
2018-02-22 22:06:41,0.00093410,5.35000000
2018-02-22 22:06:41,0.00093210,59.42000000
2018-02-22 22:06:41,0.00093200,5.04000000
2018-02-22 22:06:41,0.00093150,3.75000000
2018-02-22 22:06:41,0.00093140,48.36000000
2018-02-22 22:06:41,0.00093120,34.56000000
2018-02-22 22:06:41,0.00093100,230.32000000
2018-02-22 22:06:41,0.00093050,3.52000000
2018-02-22 22:06:42,0.00093560,2.02000000
2018-02-22 22:06:43,0.00093440,55.59000000
2018-02-22 22:06:43,0.00093230,22.25000000
2018-02-22 22:06:43,0.00093220,82.63000000
2018-02-22 22:06:44,0.00093430,124.99000000
2018-02-22 22:06:44,0.00093430,63.09000000
2018-02-22 22:06:46,0.00093400,5.00000000
2018-02-22 22:06:46,0.00093400,5.00000000
2018-02-22 22:06:46,0.00093400,5.00000000
2018-02-22 22:06:46,0.00093400,4.17000000
2018-02-22 22:06:46,0.00093400,2.03000000
2018-02-22 22:06:46,0.00093400,5.00000000
2018-02-22 22:06:46,0.00093400,5.00000000
2018-02-22 22:06:46,0.00093400,0.90000000
2018-02-22 22:06:46,0.00093150,5.00000000
2018-02-22 22:06:48,0.00093090,2.14000000
2018-02-22 22:06:48,0.00093100,10.52000000
2018-02-22 22:06:48,0.00093090,18.86000000
2018-02-22 22:06:48,0.00093070,12.35000000
2018-02-22 22:06:48,0.00093060,8.27000000
2018-02-22 22:06:49,0.00093360,14.74000000
2018-02-22 22:06:50,0.00093360,0.22000000
2018-02-22 22:06:50,0.00093360,0.22000000
2018-02-22 22:06:50,0.00093360,2.68000000
2018-02-22 22:06:52,0.00093110,29.62000000
2018-02-22 22:06:53,0.00093320,4.99000000
2018-02-22 22:06:54,0.00093300,100.71000000
2018-02-22 22:06:54,0.00093310,16.08000000
2018-02-22 22:06:55,0.00093210,41.45000000
2018-02-22 22:06:55,0.00093290,12.13000000
2018-02-22 22:06:55,0.00093300,2.14000000
2018-02-22 22:06:55,0.00093310,23.40000000
2018-02-22 22:06:56,0.00093130,2.53000000
2018-02-22 22:06:57,0.00093110,215.83000000
2018-02-22 22:06:57,0.00093200,29.99000000
2018-02-22 22:06:57,0.00093200,20.01000000
2018-02-22 22:06:57,0.00093310,0.22000000
2018-02-22 22:06:59,0.00093290,0.11000000
2018-02-22 22:07:03,0.00093290,2.42000000
2018-02-22 22:07:03,0.00093300,1.84000000
2018-02-22 22:07:05,0.00093300,0.11000000
2018-02-22 22:07:11,0.00093210,6.34000000
2018-02-22 22:07:13,0.00093300,5.36000000
2018-02-22 22:07:13,0.00093320,47.38000000
2018-02-22 22:07:13,0.00093260,161.68000000
2018-02-22 22:07:14,0.00093290,14.38000000
2018-02-22 22:07:15,0.00093540,20.02000000
2018-02-22 22:07:15,0.00093550,61.62000000
2018-02-22 22:07:15,0.00093560,43.35000000
2018-02-22 22:07:16,0.00093590,2.99000000
2018-02-22 22:07:16,0.00093600,7.45000000
2018-02-22 22:07:16,0.00093700,0.57000000
2018-02-22 22:07:22,0.00093400,15.01000000
2018-02-22 22:07:22,0.00093420,2.16000000
2018-02-22 22:07:22,0.00093410,12.30000000
2018-02-22 22:07:23,0.00093430,32.10000000
2018-02-22 22:07:23,0.00093430,7.29000000
2018-02-22 22:07:23,0.00093400,32.10000000
2018-02-22 22:07:23,0.00093430,32.11000000
2018-02-22 22:07:23,0.00093440,7.62000000
2018-02-22 22:07:29,0.00093580,1.16000000
2018-02-22 22:07:33,0.00093500,2.63000000
2018-02-22 22:07:34,0.00093570,73.87000000
2018-02-22 22:07:34,0.00093580,26.13000000
2018-02-22 22:07:34,0.00093580,16.25000000
2018-02-22 22:07:34,0.00093590,39.73000000
2018-02-22 22:07:34,0.00093630,7.29000000
2018-02-22 22:07:34,0.00093630,2.62000000
2018-02-22 22:07:34,0.00093640,51.82000000
2018-02-22 22:07:35,0.00093670,2.16000000
2018-02-22 22:07:35,0.00093690,8.52000000
2018-02-22 22:07:38,0.00093630,3.64000000
2018-02-22 22:07:41,0.00093680,46.22000000
2018-02-22 22:07:41,0.00093690,111.22000000
2018-02-22 22:07:46,0.00093690,2.28000000
2018-02-22 22:07:46,0.00093630,10.84000000
2018-02-22 22:07:50,0.00093510,0.25000000
2018-02-22 22:07:52,0.00093630,10.67000000
2018-02-22 22:07:53,0.00093630,2.00000000
2018-02-22 22:07:56,0.00093580,172.04000000
2018-02-22 22:08:03,0.00093620,114.48000000
2018-02-22 22:08:04,0.00093630,108.92000000
2018-02-22 22:08:04,0.00093680,2.30000000
2018-02-22 22:08:04,0.00093620,98.81000000
2018-02-22 22:08:05,0.00093680,43.92000000
2018-02-22 22:08:05,0.00093690,366.69000000
2018-02-22 22:08:05,0.00093700,10.18000000
2018-02-22 22:08:08,0.00093700,1.20000000
2018-02-22 22:08:10,0.00093800,29.40000000
2018-02-22 22:08:11,0.00093750,71.61000000
2018-02-22 22:08:11,0.00093800,10.66000000
2018-02-22 22:08:12,0.00093720,2.14000000
2018-02-22 22:08:12,0.00093620,51.98000000
2018-02-22 22:08:12,0.00093700,5.77000000
2018-02-22 22:08:13,0.00093700,1.50000000
2018-02-22 22:08:15,0.00093700,8.68000000
2018-02-22 22:08:16,0.00093720,2.14000000
2018-02-22 22:08:16,0.00093700,7.01000000
2018-02-22 22:08:16,0.00093700,0.19000000
2018-02-22 22:08:17,0.00093760,2.14000000
2018-02-22 22:08:17,0.00093780,2.14000000
2018-02-22 22:08:17,0.00093800,3.86000000
2018-02-22 22:08:18,0.00093700,1.97000000
2018-02-22 22:08:18,0.00093720,2.14000000
2018-02-22 22:08:18,0.00093780,2.14000000
2018-02-22 22:08:18,0.00093800,194.07000000
2018-02-22 22:08:22,0.00093800,0.95000000
2018-02-22 22:08:22,0.00093800,32.04000000
2018-02-22 22:08:22,0.00093810,8.52000000
2018-02-22 22:08:22,0.00093720,2.14000000
2018-02-22 22:08:22,0.00093700,31.56000000
2018-02-22 22:08:23,0.00093630,54.40000000
2018-02-22 22:08:23,0.00093620,367.59000000
2018-02-22 22:08:24,0.00093690,4.85000000
2018-02-22 22:08:26,0.00093690,6.02000000
2018-02-22 22:08:28,0.00093660,4.98000000
2018-02-22 22:08:32,0.00093640,2.14000000
2018-02-22 22:08:32,0.00093620,2.97000000
2018-02-22 22:08:39,0.00093620,7.44000000
2018-02-22 22:08:42,0.00093630,2.42000000
2018-02-22 22:08:43,0.00093630,109.25000000
2018-02-22 22:08:43,0.00093670,2.14000000
2018-02-22 22:08:43,0.00093690,118.72000000
2018-02-22 22:08:44,0.00093620,50.28000000
2018-02-22 22:08:46,0.00093620,9.65000000
2018-02-22 22:08:47,0.00093620,4.99000000
2018-02-22 22:08:52,0.00093620,47.09000000
2018-02-22 22:08:52,0.00093620,0.10000000
2018-02-22 22:08:53,0.00093620,52.00000000
2018-02-22 22:08:54,0.00093530,2.14000000
2018-02-22 22:08:54,0.00093510,218.75000000
2018-02-22 22:08:54,0.00093500,1035.18000000
2018-02-22 22:08:54,0.00093490,3.51000000
2018-02-22 22:08:56,0.00093490,17.49000000
2018-02-22 22:08:56,0.00093480,32.09000000
2018-02-22 22:08:56,0.00093430,4.95000000
2018-02-22 22:08:56,0.00093300,35.58000000
2018-02-22 22:08:56,0.00093490,7.61000000
2018-02-22 22:08:56,0.00093490,7.61000000
2018-02-22 22:09:01,0.00093490,2.64000000
2018-02-22 22:09:03,0.00093340,3.63000000
2018-02-22 22:09:03,0.00093330,29.43000000
2018-02-22 22:09:03,0.00093330,10.42000000
2018-02-22 22:09:03,0.00093330,39.58000000
2018-02-22 22:09:03,0.00093490,0.42000000
2018-02-22 22:09:03,0.00093400,8.60000000
2018-02-22 22:09:04,0.00093490,13.81000000
2018-02-22 22:09:04,0.00093500,29.59000000
2018-02-22 22:09:06,0.00093480,39.85000000
2018-02-22 22:09:06,0.00093490,3.63000000
2018-02-22 22:09:06,0.00093500,309.45000000
2018-02-22 22:09:13,0.00093350,6.93000000
2018-02-22 22:09:17,0.00093330,84.73000000
2018-02-22 22:09:18,0.00093470,2.14000000
2018-02-22 22:09:18,0.00093500,208.00000000
2018-02-22 22:09:19,0.00093500,125.32000000
2018-02-22 22:09:20,0.00093500,23.15000000
2018-02-22 22:09:26,0.00093360,125.31000000
2018-02-22 22:09:37,0.00093360,15.62000000
2018-02-22 22:09:38,0.00093360,628.20000000
2018-02-22 22:09:38,0.00093360,15.16000000
2018-02-22 22:09:38,0.00093360,0.46000000
2018-02-22 22:09:38,0.00093330,3.20000000
2018-02-22 22:09:39,0.00093360,50.39000000
2018-02-22 22:09:44,0.00093500,27.03000000
2018-02-22 22:09:44,0.00093360,21.68000000
2018-02-22 22:09:45,0.00093500,54.51000000
2018-02-22 22:09:45,0.00093590,15.69000000
2018-02-22 22:09:45,0.00093360,87.51000000
2018-02-22 22:09:46,0.00093590,10.00000000
2018-02-22 22:09:47,0.00093580,39.80000000
2018-02-22 22:09:49,0.00093570,24.76000000
2018-02-22 22:09:50,0.00093560,1.50000000
2018-02-22 22:09:50,0.00093560,23.27000000
2018-02-22 22:09:50,0.00093430,2.16000000
2018-02-22 22:09:50,0.00093410,32.11000000
2018-02-22 22:09:50,0.00093410,5.54000000
2018-02-22 22:09:50,0.00093560,1.51000000
2018-02-22 22:09:50,0.00093590,89.02000000
2018-02-22 22:09:50,0.00093600,113.90000000
2018-02-22 22:09:50,0.00093390,1.00000000
2018-02-22 22:09:53,0.00093460,91.30000000
2018-02-22 22:09:56,0.00093540,32.11000000
2018-02-22 22:09:56,0.00093550,2.16000000
2018-02-22 22:09:56,0.00093600,105.43000000
2018-02-22 22:09:57,0.00093600,0.05000000
2018-02-22 22:09:58,0.00093600,157.48000000
2018-02-22 22:10:02,0.00093440,6.34000000
2018-02-22 22:10:05,0.00093550,33.98000000
2018-02-22 22:10:05,0.00093600,241.02000000
2018-02-22 22:10:06,0.00093600,173.31000000
2018-02-22 22:10:06,0.00093600,21.00000000
2018-02-22 22:10:06,0.00093600,28.90000000
2018-02-22 22:10:08,0.00093490,21.73000000
2018-02-22 22:10:10,0.00093500,17.22000000
2018-02-22 22:10:10,0.00093680,1.10000000
2018-02-22 22:10:10,0.00093690,17.17000000
2018-02-22 22:10:12,0.00093690,4.56000000
2018-02-22 22:10:12,0.00093700,13.13000000
2018-02-22 22:10:13,0.00093700,2.35000000
2018-02-22 22:10:13,0.00093700,17.67000000
2018-02-22 22:10:16,0.00093590,2.02000000
2018-02-22 22:10:16,0.00093690,45.36000000
2018-02-22 22:10:16,0.00093700,241.45000000
2018-02-22 22:10:16,0.00093530,3.00000000
2018-02-22 22:10:17,0.00093540,11.90000000
2018-02-22 22:10:18,0.00093550,2.14000000
2018-02-22 22:10:18,0.00093680,2.14000000
2018-02-22 22:10:18,0.00093690,3.00000000
2018-02-22 22:10:18,0.00093700,86.96000000
2018-02-22 22:10:21,0.00093670,11.90000000
2018-02-22 22:10:21,0.00093700,72.28000000
2018-02-22 22:10:21,0.00093550,2.14000000
2018-02-22 22:10:21,0.00093650,2.14000000
2018-02-22 22:10:21,0.00093700,35.89000000
2018-02-22 22:10:21,0.00093540,2.14000000
2018-02-22 22:10:21,0.00093550,32.06000000
2018-02-22 22:10:22,0.00093600,3.00000000
2018-02-22 22:10:22,0.00093610,97.72000000
2018-02-22 22:10:25,0.00093600,18.50000000
2018-02-22 22:10:26,0.00093600,24.96000000
2018-02-22 22:10:26,0.00093600,11.51000000
2018-02-22 22:10:26,0.00093600,1.20000000
2018-02-22 22:10:27,0.00093610,33.54000000
2018-02-22 22:10:28,0.00093660,2.35000000
2018-02-22 22:10:29,0.00093610,31.20000000
2018-02-22 22:10:30,0.00093600,24.20000000
2018-02-22 22:10:30,0.00093600,64.21000000
2018-02-22 22:10:30,0.00093660,3.14000000
2018-02-22 22:10:30,0.00093670,4.15000000
2018-02-22 22:10:30,0.00093680,32.06000000
2018-02-22 22:10:30,0.00093700,35.38000000
2018-02-22 22:10:37,0.00093620,28.14000000
2018-02-22 22:10:38,0.00093700,652.34000000
2018-02-22 22:10:39,0.00093570,21.00000000
2018-02-22 22:10:39,0.00093560,2.14000000
2018-02-22 22:10:39,0.00093550,120.98000000
2018-02-22 22:10:39,0.00093660,2.14000000
2018-02-22 22:10:39,0.00093700,8.54000000
2018-02-22 22:10:42,0.00093700,115.07000000
2018-02-22 22:10:42,0.00093780,5.07000000
2018-02-22 22:10:42,0.00093800,61.38000000
2018-02-22 22:10:42,0.00093810,307.33000000
2018-02-22 22:10:42,0.00093850,50.08000000
2018-02-22 22:10:42,0.00093870,109.76000000
2018-02-22 22:10:42,0.00093880,16.87000000
2018-02-22 22:10:42,0.00093900,10.54000000
2018-02-22 22:10:42,0.00093620,5.00000000
2018-02-22 22:10:43,0.00093620,7.88000000
2018-02-22 22:10:44,0.00093650,15.37000000
2018-02-22 22:10:45,0.00093800,88.61000000
2018-02-22 22:10:45,0.00093880,79.98000000
2018-02-22 22:10:45,0.00093880,364.61000000
2018-02-22 22:10:45,0.00093890,12.88000000
2018-02-22 22:10:45,0.00093900,147.84000000
2018-02-22 22:10:46,0.00093700,2.12000000
2018-02-22 22:10:47,0.00093700,29.89000000
2018-02-22 22:10:47,0.00093690,29.89000000
2018-02-22 22:10:47,0.00093700,0.01000000
2018-02-22 22:10:47,0.00093900,41.72000000
2018-02-22 22:10:48,0.00093700,39.64000000
2018-02-22 22:10:49,0.00093890,33.85000000
2018-02-22 22:10:49,0.00093890,10.46000000
2018-02-22 22:10:50,0.00093750,21.76000000
2018-02-22 22:10:51,0.00093870,2.59000000
2018-02-22 22:10:52,0.00093800,104.28000000
2018-02-22 22:10:52,0.00093770,2.14000000
2018-02-22 22:10:54,0.00093850,0.65000000
2018-02-22 22:10:55,0.00093750,41.20000000
2018-02-22 22:10:56,0.00093850,0.22000000
2018-02-22 22:10:57,0.00093770,2.14000000
2018-02-22 22:10:57,0.00093750,9.85000000
2018-02-22 22:10:58,0.00093750,5.20000000
2018-02-22 22:10:59,0.00093800,135.30000000
2018-02-22 22:11:00,0.00093800,51.07000000
2018-02-22 22:11:01,0.00093800,49.75000000
2018-02-22 22:11:02,0.00093800,16.69000000
2018-02-22 22:11:02,0.00093800,69.58000000
2018-02-22 22:11:02,0.00093800,12.77000000
2018-02-22 22:11:02,0.00093800,27.96000000
2018-02-22 22:11:06,0.00093800,44.75000000
2018-02-22 22:11:07,0.00093800,53.62000000
2018-02-22 22:11:07,0.00093800,30.10000000
2018-02-22 22:11:08,0.00093800,22.88000000
2018-02-22 22:11:09,0.00093750,191.35000000
2018-02-22 22:11:09,0.00093700,2.14000000
2018-02-22 22:11:09,0.00093670,2.14000000
2018-02-22 22:11:09,0.00093620,425.65000000
2018-02-22 22:11:09,0.00093620,16.42000000
2018-02-22 22:11:09,0.00093800,11.11000000
2018-02-22 22:11:11,0.00093760,34.71000000
2018-02-22 22:11:13,0.00093750,12.30000000
2018-02-22 22:11:13,0.00093750,107.07000000
2018-02-22 22:11:14,0.00093740,4.28000000
2018-02-22 22:11:14,0.00093740,1.11000000
2018-02-22 22:11:18,0.00093710,1.43000000
2018-02-22 22:11:20,0.00093710,18.16000000
2018-02-22 22:11:20,0.00093720,32.01000000
2018-02-22 22:11:20,0.00093750,531.27000000
2018-02-22 22:11:22,0.00093750,11.21000000
2018-02-22 22:11:22,0.00093750,2.87000000
2018-02-22 22:11:23,0.00093750,1.51000000
2018-02-22 22:11:23,0.00093750,30.00000000
2018-02-22 22:11:24,0.00093750,71.10000000
2018-02-22 22:11:25,0.00093830,2.14000000
2018-02-22 22:11:25,0.00093850,1.27000000
2018-02-22 22:11:25,0.00093860,2.14000000
2018-02-22 22:11:25,0.00093880,2.14000000
2018-02-22 22:11:25,0.00093900,1.39000000
2018-02-22 22:11:29,0.00093800,109.24000000
2018-02-22 22:11:29,0.00093790,18.21000000
2018-02-22 22:11:29,0.00093770,2.14000000
2018-02-22 22:11:29,0.00093750,206.90000000
2018-02-22 22:11:30,0.00093800,8.92000000
2018-02-22 22:11:31,0.00093750,110.84000000
2018-02-22 22:11:34,0.00093800,2.71000000
2018-02-22 22:11:34,0.00093800,1.24000000
2018-02-22 22:11:37,0.00093750,478.27000000
2018-02-22 22:11:42,0.00093770,41.27000000
2018-02-22 22:11:42,0.00093800,7.94000000
2018-02-22 22:11:42,0.00093810,2.14000000
2018-02-22 22:11:42,0.00093830,223.15000000
2018-02-22 22:11:42,0.00093900,133.49000000
2018-02-22 22:11:42,0.00093970,22.27000000
2018-02-22 22:11:42,0.00093980,176.10000000
2018-02-22 22:11:42,0.00093990,123.24000000
2018-02-22 22:11:42,0.00094000,816.67000000
2018-02-22 22:11:44,0.00093810,31.97000000
2018-02-22 22:11:44,0.00093800,113.37000000
2018-02-22 22:11:45,0.00093900,0.75000000
2018-02-22 22:11:46,0.00093900,1.25000000
2018-02-22 22:11:46,0.00094000,593.09000000
2018-02-22 22:11:47,0.00093990,31.97000000
2018-02-22 22:11:47,0.00094000,989.02000000
2018-02-22 22:11:48,0.00094000,684.49000000
2018-02-22 22:11:49,0.00094000,295.48000000
2018-02-22 22:11:49,0.00094000,37.75000000
2018-02-22 22:11:49,0.00094000,90.37000000
2018-02-22 22:11:51,0.00093990,17.30000000
2018-02-22 22:11:51,0.00094000,8.40000000
2018-02-22 22:11:51,0.00093850,2.14000000
2018-02-22 22:11:51,0.00093830,31.97000000
2018-02-22 22:11:51,0.00093820,53.93000000
2018-02-22 22:11:51,0.00093810,56.99000000
2018-02-22 22:11:53,0.00093790,53.93000000
2018-02-22 22:11:53,0.00093800,14.50000000
2018-02-22 22:11:54,0.00093800,2.60000000
2018-02-22 22:11:54,0.00093800,2.60000000
2018-02-22 22:11:54,0.00093800,2.60000000
2018-02-22 22:11:54,0.00093800,2.60000000
2018-02-22 22:11:54,0.00093800,132.49000000
2018-02-22 22:11:55,0.00093800,5.27000000
2018-02-22 22:11:57,0.00093760,21.00000000
2018-02-22 22:11:57,0.00093750,20.00000000
2018-02-22 22:11:57,0.00093770,117.41000000
2018-02-22 22:11:59,0.00093800,51.02000000
2018-02-22 22:12:01,0.00093810,7.26000000
2018-02-22 22:12:02,0.00093960,31.97000000
2018-02-22 22:12:02,0.00093970,2.14000000
2018-02-22 22:12:02,0.00094000,26.42000000
2018-02-22 22:12:02,0.00094040,31.00000000
2018-02-22 22:12:02,0.00094080,50.06000000
2018-02-22 22:12:03,0.00093840,1.15000000
2018-02-22 22:12:05,0.00094000,1.84000000
2018-02-22 22:12:05,0.00094010,2.60000000
2018-02-22 22:12:05,0.00094010,2.50000000
2018-02-22 22:12:05,0.00094010,8.00000000
2018-02-22 22:12:06,0.00094010,0.11000000
2018-02-22 22:12:06,0.00094010,76.49000000
2018-02-22 22:12:09,0.00094040,1.14000000
2018-02-22 22:12:09,0.00094040,3.37000000
2018-02-22 22:12:11,0.00094040,140.42000000
2018-02-22 22:12:11,0.00094010,219.88000000
2018-02-22 22:12:11,0.00093850,31.96000000
2018-02-22 22:12:11,0.00093810,145.80000000
2018-02-22 22:12:16,0.00093850,3.02000000
2018-02-22 22:12:19,0.00093930,47.83000000
2018-02-22 22:12:20,0.00093880,2.14000000
2018-02-22 22:12:20,0.00093810,216.52000000
2018-02-22 22:12:20,0.00093800,319.41000000
2018-02-22 22:12:21,0.00093800,96.83000000
2018-02-22 22:12:24,0.00093980,13.66000000
2018-02-22 22:12:26,0.00093980,21.32000000
2018-02-22 22:12:26,0.00093990,7.47000000
2018-02-22 22:12:26,0.00094010,3.31000000
2018-02-22 22:12:31,0.00093980,88.57000000
2018-02-22 22:12:31,0.00094010,12.68000000
2018-02-22 22:12:31,0.00094040,5.58000000
2018-02-22 22:12:31,0.00094050,6.65000000
2018-02-22 22:12:31,0.00094050,19.26000000
2018-02-22 22:12:35,0.00094010,123.97000000
2018-02-22 22:12:35,0.00094050,0.01000000
2018-02-22 22:12:35,0.00094090,58.49000000
2018-02-22 22:12:37,0.00094090,125.50000000
2018-02-22 22:12:37,0.00094090,61.56000000
2018-02-22 22:12:38,0.00094090,0.03000000
2018-02-22 22:12:38,0.00094090,70.14000000
2018-02-22 22:12:38,0.00093980,159.42000000
2018-02-22 22:12:38,0.00093870,152.61000000
2018-02-22 22:12:38,0.00093850,13.21000000
2018-02-22 22:12:38,0.00093830,31.97000000
2018-02-22 22:12:38,0.00093820,49.37000000
2018-02-22 22:12:38,0.00093810,65.79000000
2018-02-22 22:12:42,0.00094100,2.14000000
2018-02-22 22:12:42,0.00094100,35.01000000
2018-02-22 22:12:43,0.00094100,28.11000000
2018-02-22 22:12:43,0.00094100,28.41000000
2018-02-22 22:12:43,0.00094100,56.50000000
2018-02-22 22:12:43,0.00094100,28.38000000
2018-02-22 22:12:43,0.00094100,16.38000000
2018-02-22 22:12:46,0.00094100,16.48000000
2018-02-22 22:12:49,0.00094180,35.17000000
2018-02-22 22:12:49,0.00094190,16.21000000
2018-02-22 22:12:50,0.00094190,1.06000000
2018-02-22 22:12:50,0.00094140,2.14000000
2018-02-22 22:12:50,0.00094120,2.14000000
2018-02-22 22:12:50,0.00094100,2.14000000
2018-02-22 22:12:50,0.00094100,13.14000000
2018-02-22 22:12:51,0.00094160,2.14000000
2018-02-22 22:12:51,0.00094170,2.14000000
2018-02-22 22:12:51,0.00094190,25.73000000
2018-02-22 22:12:51,0.00094200,2.26000000
2018-02-22 22:12:51,0.00094220,4.81000000
2018-02-22 22:12:51,0.00094240,12.54000000
2018-02-22 22:12:54,0.00094240,19.43000000
2018-02-22 22:12:54,0.00094240,38.33000000
2018-02-22 22:12:54,0.00094250,4.49000000
2018-02-22 22:12:56,0.00094240,4.13000000
2018-02-22 22:12:58,0.00094240,49.73000000
2018-02-22 22:12:58,0.00094250,1.07000000
2018-02-22 22:12:58,0.00094260,12.01000000
2018-02-22 22:12:58,0.00094290,50.11000000
2018-02-22 22:12:58,0.00094300,20.99000000
2018-02-22 22:13:01,0.00094250,553.20000000
2018-02-22 22:13:01,0.00094250,7.50000000
2018-02-22 22:13:02,0.00094180,28.83000000
2018-02-22 22:13:02,0.00094250,61.78000000
2018-02-22 22:13:03,0.00094250,60.00000000
2018-02-22 22:13:03,0.00094250,19.03000000
2018-02-22 22:13:03,0.00094260,30.97000000
2018-02-22 22:13:04,0.00094250,34.92000000
2018-02-22 22:13:04,0.00094200,2.14000000
2018-02-22 22:13:04,0.00094180,120.79000000
2018-02-22 22:13:04,0.00094100,1120.59000000
2018-02-22 22:13:04,0.00094230,2.14000000
2018-02-22 22:13:04,0.00094250,19.86000000
2018-02-22 22:13:04,0.00094250,10.58000000
2018-02-22 22:13:06,0.00094260,1.04000000
2018-02-22 22:13:06,0.00094260,11.83000000
2018-02-22 22:13:06,0.00094260,377.33000000
2018-02-22 22:13:06,0.00094290,32.14000000
2018-02-22 22:13:06,0.00094260,34.87000000
2018-02-22 22:13:06,0.00094250,44.12000000
2018-02-22 22:13:07,0.00094290,3.94000000
2018-02-22 22:13:07,0.00094270,130.39000000
2018-02-22 22:13:08,0.00094260,31.82000000
2018-02-22 22:13:08,0.00094260,31.82000000
2018-02-22 22:13:08,0.00094260,31.82000000
2018-02-22 22:13:08,0.00094260,4.54000000
2018-02-22 22:13:09,0.00094260,25.45000000
2018-02-22 22:13:10,0.00094260,5.00000000
2018-02-22 22:13:10,0.00094290,527.26000000
2018-02-22 22:13:10,0.00094300,612.65000000
2018-02-22 22:13:10,0.00094310,15.50000000
2018-02-22 22:13:10,0.00094380,112.09000000
2018-02-22 22:13:10,0.00094400,490.88000000
2018-02-22 22:13:10,0.00094480,225.14000000
2018-02-22 22:13:10,0.00094490,330.71000000
2018-02-22 22:13:10,0.00094500,1877.91000000
2018-02-22 22:13:11,0.00094290,36.28000000
2018-02-22 22:13:11,0.00094260,349.73000000
2018-02-22 22:13:11,0.00094250,11.59000000
2018-02-22 22:13:11,0.00094250,53.61000000
2018-02-22 22:13:12,0.00094250,130.00000000
2018-02-22 22:13:12,0.00094240,35.40000000
2018-02-22 22:13:12,0.00094240,36.29000000
2018-02-22 22:13:12,0.00094250,323.55000000
2018-02-22 22:13:12,0.00094500,175.60000000
2018-02-22 22:13:12,0.00094500,349.73000000
2018-02-22 22:13:12,0.00094500,4.05000000
2018-02-22 22:13:12,0.00094500,31.74000000
2018-02-22 22:13:12,0.00094500,4.05000000
2018-02-22 22:13:12,0.00094500,234.81000000
2018-02-22 22:13:12,0.00094500,17.98000000
2018-02-22 22:13:12,0.00094500,31.74000000
2018-02-22 22:13:13,0.00094500,38.45000000
2018-02-22 22:13:13,0.00094500,63.94000000
2018-02-22 22:13:13,0.00094500,29.48000000
2018-02-22 22:13:13,0.00094500,31.73000000
2018-02-22 22:13:13,0.00094500,9.33000000
2018-02-22 22:13:13,0.00094500,4.21000000
2018-02-22 22:13:13,0.00094500,225.37000000
2018-02-22 22:13:13,0.00094500,368.81000000
2018-02-22 22:13:13,0.00094500,189.34000000
2018-02-22 22:13:13,0.00094500,68.38000000
2018-02-22 22:13:14,0.00094280,1.79000000
2018-02-22 22:13:15,0.00094280,7.88000000
2018-02-22 22:13:16,0.00094290,1.81000000
2018-02-22 22:13:16,0.00094280,69.02000000
2018-02-22 22:13:16,0.00094280,34.89000000
2018-02-22 22:13:16,0.00094270,60.36000000
2018-02-22 22:13:16,0.00094260,16.27000000
2018-02-22 22:13:17,0.00094300,1.50000000
2018-02-22 22:13:17,0.00094270,31.82000000
2018-02-22 22:13:17,0.00094260,36.12000000
2018-02-22 22:13:17,0.00094490,11.39000000
2018-02-22 22:13:17,0.00094490,102.21000000
2018-02-22 22:13:17,0.00094500,268.72000000
2018-02-22 22:13:17,0.00094510,1.79000000
2018-02-22 22:13:17,0.00094540,21.12000000
2018-02-22 22:13:17,0.00094600,317.70000000
2018-02-22 22:13:17,0.00094610,53.04000000
2018-02-22 22:13:17,0.00094640,2.67000000
2018-02-22 22:13:17,0.00094650,2.13000000
2018-02-22 22:13:17,0.00094690,512.67000000
2018-02-22 22:13:17,0.00094700,264.74000000
2018-02-22 22:13:18,0.00094280,7.68000000
2018-02-22 22:13:19,0.00094500,7.41000000
2018-02-22 22:13:20,0.00094500,24.41000000
2018-02-22 22:13:20,0.00094510,26.55000000
2018-02-22 22:13:20,0.00094700,25.05000000
2018-02-22 22:13:20,0.00094310,5.34000000
2018-02-22 22:13:21,0.00094460,5.34000000
2018-02-22 22:13:21,0.00094540,6.84000000
2018-02-22 22:13:22,0.00094340,31.79000000
2018-02-22 22:13:22,0.00094330,50.00000000
2018-02-22 22:13:22,0.00094320,2.39000000
2018-02-22 22:13:22,0.00094300,27.80000000
2018-02-22 22:13:22,0.00094290,0.98000000
2018-02-22 22:13:23,0.00094490,60.99000000
2018-02-22 22:13:24,0.00094490,45.42000000
2018-02-22 22:13:24,0.00094500,46.71000000
2018-02-22 22:13:24,0.00094500,47.78000000
2018-02-22 22:13:26,0.00094410,60.81000000
2018-02-22 22:13:27,0.00094490,31.79000000
2018-02-22 22:13:27,0.00094500,146.61000000
2018-02-22 22:13:27,0.00094370,2.12000000
2018-02-22 22:13:27,0.00094350,2.12000000
2018-02-22 22:13:28,0.00094350,3.24000000
2018-02-22 22:13:31,0.00094310,113.53000000
2018-02-22 22:13:31,0.00094300,34.70000000
2018-02-22 22:13:31,0.00094290,1.24000000
2018-02-22 22:13:31,0.00094280,301.41000000
2018-02-22 22:13:32,0.00094280,378.20000000
2018-02-22 22:13:32,0.00094350,66.27000000
2018-02-22 22:13:32,0.00094470,2.12000000
2018-02-22 22:13:32,0.00094490,116.72000000
2018-02-22 22:13:33,0.00094490,1.24000000
2018-02-22 22:13:35,0.00094490,16.78000000
2018-02-22 22:13:37,0.00094490,2.92000000
2018-02-22 22:13:37,0.00094490,157.29000000
2018-02-22 22:13:39,0.00094500,659.37000000
2018-02-22 22:13:39,0.00094520,2.12000000
2018-02-22 22:13:39,0.00094520,26.30000000
2018-02-22 22:13:39,0.00094520,3.52000000
2018-02-22 22:13:39,0.00094520,3.71000000
2018-02-22 22:13:39,0.00094520,12.96000000
2018-02-22 22:13:39,0.00094500,26.31000000
2018-02-22 22:13:39,0.00094490,32.44000000
2018-02-22 22:13:40,0.00094510,136.95000000
2018-02-22 22:13:40,0.00094540,28.00000000
2018-02-22 22:13:41,0.00094500,2.07000000
2018-02-22 22:13:41,0.00094490,9.84000000
2018-02-22 22:13:42,0.00094490,143.49000000
2018-02-22 22:13:43,0.00094540,21.67000000
2018-02-22 22:13:44,0.00094530,1.31000000
2018-02-22 22:13:45,0.00094490,53.21000000
2018-02-22 22:13:46,0.00094500,3.98000000
2018-02-22 22:13:46,0.00094540,48.36000000
2018-02-22 22:13:48,0.00094540,39.91000000
2018-02-22 22:13:48,0.00094540,24.14000000
2018-02-22 22:13:49,0.00094540,2.93000000
2018-02-22 22:13:51,0.00094570,0.03000000
2018-02-22 22:13:55,0.00094570,2.36000000
2018-02-22 22:13:55,0.00094600,30.94000000
2018-02-22 22:13:55,0.00094700,270.23000000
2018-02-22 22:13:56,0.00094550,11.18000000
2018-02-22 22:13:57,0.00094570,2.12000000
2018-02-22 22:13:57,0.00094550,3.42000000
2018-02-22 22:13:57,0.00094540,86.59000000
2018-02-22 22:13:58,0.00094670,2.12000000
2018-02-22 22:13:58,0.00094690,43.84000000
2018-02-22 22:13:58,0.00094700,131.43000000
2018-02-22 22:13:58,0.00094600,31.71000000
2018-02-22 22:13:58,0.00094600,31.71000000
2018-02-22 22:13:58,0.00094600,3.96000000
2018-02-22 22:14:00,0.00094540,144.88000000
2018-02-22 22:14:01,0.00094550,37.43000000
2018-02-22 22:14:01,0.00094550,50.81000000
2018-02-22 22:14:01,0.00094540,53.90000000
2018-02-22 22:14:02,0.00094600,63.42000000
2018-02-22 22:14:02,0.00094600,1.97000000
2018-02-22 22:14:04,0.00094610,17.57000000
2018-02-22 22:14:04,0.00094630,2.12000000
2018-02-22 22:14:05,0.00094680,2.12000000
2018-02-22 22:14:05,0.00094700,205.88000000
2018-02-22 22:14:06,0.00094610,47.21000000
2018-02-22 22:14:06,0.00094700,30.00000000
2018-02-22 22:14:06,0.00094610,47.88000000
2018-02-22 22:14:06,0.00094610,14.93000000
2018-02-22 22:14:06,0.00094610,48.55000000
2018-02-22 22:14:06,0.00094610,46.93000000
2018-02-22 22:14:07,0.00094610,11.15000000
2018-02-22 22:14:07,0.00094700,25.34000000
2018-02-22 22:14:07,0.00094630,2.12000000
2018-02-22 22:14:07,0.00094610,2.12000000
2018-02-22 22:14:08,0.00094680,2.12000000
2018-02-22 22:14:08,0.00094700,171.47000000
2018-02-22 22:14:09,0.00094610,3.03000000
2018-02-22 22:14:09,0.00094700,22.95000000
2018-02-22 22:14:10,0.00094700,2.65000000
2018-02-22 22:14:13,0.00094700,15.00000000
2018-02-22 22:14:14,0.00094700,6.00000000
2018-02-22 22:14:14,0.00094700,132.75000000
2018-02-22 22:14:14,0.00094740,46.58000000
2018-02-22 22:14:14,0.00094750,40.00000000
2018-02-22 22:14:14,0.00094750,73.42000000
2018-02-22 22:14:14,0.00094750,27.98000000
2018-02-22 22:14:15,0.00094760,143.51000000
2018-02-22 22:14:16,0.00094770,18.47000000
2018-02-22 22:14:19,0.00094750,0.55000000
2018-02-22 22:14:19,0.00094750,51.90000000
2018-02-22 22:14:19,0.00094770,25.93000000
2018-02-22 22:14:20,0.00094770,4.01000000
2018-02-22 22:14:20,0.00094780,60.09000000
2018-02-22 22:14:20,0.00094780,7.57000000
2018-02-22 22:14:20,0.00094770,10.00000000
2018-02-22 22:14:22,0.00094780,7.42000000
2018-02-22 22:14:25,0.00094770,15.28000000
2018-02-22 22:14:26,0.00094780,10.97000000
2018-02-22 22:14:26,0.00094770,64.69000000
2018-02-22 22:14:26,0.00094750,275.87000000
2018-02-22 22:14:27,0.00094750,160.48000000
2018-02-22 22:14:27,0.00094700,11.12000000
2018-02-22 22:14:28,0.00094700,92.43000000
2018-02-22 22:14:28,0.00094610,105.17000000
2018-02-22 22:14:28,0.00094600,175.47000000
2018-02-22 22:14:29,0.00094610,2.65000000
2018-02-22 22:14:30,0.00094620,2.12000000
2018-02-22 22:14:30,0.00094600,782.84000000
2018-02-22 22:14:30,0.00094600,203.18000000
2018-02-22 22:14:30,0.00094600,56.09000000
2018-02-22 22:14:31,0.00094600,5.97000000
2018-02-22 22:14:31,0.00094580,2.64000000
2018-02-22 22:14:31,0.00094550,16.80000000
2018-02-22 22:14:31,0.00094540,94.31000000
2018-02-22 22:14:31,0.00094500,210.52000000
2018-02-22 22:14:31,0.00094500,31.69000000
2018-02-22 22:14:31,0.00094500,157.01000000
2018-02-22 22:14:31,0.00094500,21.00000000
2018-02-22 22:14:31,0.00094500,74.14000000
2018-02-22 22:14:31,0.00094500,5.54000000
2018-02-22 22:14:32,0.00094500,31.70000000
2018-02-22 22:14:32,0.00094500,12.16000000
2018-02-22 22:14:32,0.00094500,31.70000000
2018-02-22 22:14:32,0.00094490,16.03000000
2018-02-22 22:14:32,0.00094500,2.53000000
2018-02-22 22:14:32,0.00094500,2.52000000
2018-02-22 22:14:32,0.00094500,31.70000000
2018-02-22 22:14:32,0.00094500,105.64000000
2018-02-22 22:14:32,0.00094500,31.70000000
2018-02-22 22:14:32,0.00094490,2.52000000
2018-02-22 22:14:32,0.00094500,125.48000000
2018-02-22 22:14:32,0.00094500,19.69000000
2018-02-22 22:14:32,0.00094490,31.70000000
2018-02-22 22:14:32,0.00094500,17.18000000
2018-02-22 22:14:32,0.00094490,19.69000000
2018-02-22 22:14:32,0.00094490,200.55000000
2018-02-22 22:14:32,0.00094500,5.98000000
2018-02-22 22:14:34,0.00094500,404.54000000
2018-02-22 22:14:34,0.00094600,1361.36000000
2018-02-22 22:14:36,0.00094600,38.41000000
2018-02-22 22:14:36,0.00094500,1.14000000
2018-02-22 22:14:36,0.00094500,8.85000000
2018-02-22 22:14:36,0.00094490,164.68000000
2018-02-22 22:14:37,0.00094490,199.01000000
2018-02-22 22:14:37,0.00094350,11.23000000
2018-02-22 22:14:37,0.00094310,65.55000000
2018-02-22 22:14:37,0.00094600,0.17000000
2018-02-22 22:14:37,0.00094310,91.84000000
2018-02-22 22:14:37,0.00094300,27.57000000
2018-02-22 22:14:37,0.00094290,88.53000000
2018-02-22 22:14:38,0.00094590,17.25000000
2018-02-22 22:14:38,0.00094600,95.76000000
2018-02-22 22:14:39,0.00094330,25.00000000
2018-02-22 22:14:43,0.00094490,159.38000000
2018-02-22 22:14:43,0.00094490,12.44000000
2018-02-22 22:14:43,0.00094490,36.02000000
2018-02-22 22:14:44,0.00094490,2.68000000
2018-02-22 22:14:46,0.00094490,2.99000000
2018-02-22 22:14:46,0.00094590,51.00000000
2018-02-22 22:14:48,0.00094490,21.73000000
2018-02-22 22:14:48,0.00094490,174.29000000
2018-02-22 22:14:48,0.00094490,16.16000000
2018-02-22 22:14:49,0.00094500,11.28000000
2018-02-22 22:14:50,0.00094530,4.89000000
2018-02-22 22:14:50,0.00094490,30.33000000
2018-02-22 22:14:51,0.00094490,807.61000000
2018-02-22 22:14:51,0.00094490,9.02000000
2018-02-22 22:14:52,0.00094490,9.00000000
2018-02-22 22:14:52,0.00094490,9.33000000
2018-02-22 22:14:52,0.00094340,7.51000000
2018-02-22 22:14:53,0.00094490,1.52000000
2018-02-22 22:14:53,0.00094520,6.86000000
2018-02-22 22:14:54,0.00094500,8.18000000
2018-02-22 22:14:54,0.00094500,33.20000000
2018-02-22 22:14:54,0.00094350,14.93000000
2018-02-22 22:14:55,0.00094490,6.84000000
2018-02-22 22:14:55,0.00094490,14.93000000
2018-02-22 22:14:55,0.00094490,29.51000000
2018-02-22 22:14:56,0.00094500,0.01000000
2018-02-22 22:14:56,0.00094520,2.76000000
2018-02-22 22:14:56,0.00094490,11.51000000
2018-02-22 22:14:59,0.00094490,0.42000000
2018-02-22 22:14:59,0.00094490,2.22000000
2018-02-22 22:14:59,0.00094490,8.57000000
2018-02-22 22:14:59,0.00094360,14.37000000
2018-02-22 22:15:02,0.00094490,203.70000000
2018-02-22 22:15:03,0.00094360,5.54000000
2018-02-22 22:15:05,0.00094360,12.45000000
2018-02-22 22:15:07,0.00094490,24.89000000
2018-02-22 22:15:07,0.00094360,88.91000000
2018-02-22 22:15:07,0.00094340,41.81000000
2018-02-22 22:15:07,0.00094290,80.99000000
2018-02-22 22:15:07,0.00094260,35.74000000
2018-02-22 22:15:07,0.00094410,80.50000000
2018-02-22 22:15:08,0.00094260,0.10000000
2018-02-22 22:15:08,0.00094460,1.20000000
2018-02-22 22:15:10,0.00094360,25.69000000
2018-02-22 22:15:11,0.00094360,88.31000000
2018-02-22 22:15:12,0.00094350,7.39000000
2018-02-22 22:15:12,0.00094270,21.00000000
2018-02-22 22:15:12,0.00094250,66.58000000
2018-02-22 22:15:16,0.00094250,89.07000000
2018-02-22 22:15:16,0.00094250,2.53000000
2018-02-22 22:15:17,0.00094250,12.67000000
2018-02-22 22:15:18,0.00094270,4.00000000
2018-02-22 22:15:18,0.00094270,4.00000000
2018-02-22 22:15:18,0.00094270,2.70000000
2018-02-22 22:15:19,0.00094270,11.40000000
2018-02-22 22:15:19,0.00094250,4.00000000
2018-02-22 22:15:19,0.00094250,149.38000000
2018-02-22 22:15:19,0.00094250,5.70000000
2018-02-22 22:15:20,0.00094200,22.66000000
2018-02-22 22:15:22,0.00094200,42.67000000
2018-02-22 22:15:23,0.00094200,84.18000000
2018-02-22 22:15:23,0.00094200,9.39000000
2018-02-22 22:15:23,0.00094130,1.17000000
2018-02-22 22:15:23,0.00094130,5.37000000
2018-02-22 22:15:24,0.00094130,5.30000000
2018-02-22 22:15:24,0.00094110,17.61000000
2018-02-22 22:15:24,0.00094110,38.12000000
2018-02-22 22:15:25,0.00094110,51.05000000
2018-02-22 22:15:25,0.00094130,11.48000000
2018-02-22 22:15:26,0.00094110,0.55000000
2018-02-22 22:15:26,0.00094100,13.63000000
2018-02-22 22:15:26,0.00094050,44.37000000
2018-02-22 22:15:26,0.00094050,1.32000000
2018-02-22 22:15:26,0.00094050,72.83000000
2018-02-22 22:15:26,0.00094030,10.43000000
2018-02-22 22:15:27,0.00094130,5.37000000
2018-02-22 22:15:27,0.00094130,2.76000000
2018-02-22 22:15:28,0.00094160,10.93000000
2018-02-22 22:15:29,0.00094130,13.07000000
2018-02-22 22:15:29,0.00094130,24.17000000
2018-02-22 22:15:31,0.00094110,7.08000000
2018-02-22 22:15:35,0.00094110,22.49000000
2018-02-22 22:15:36,0.00094110,426.33000000
2018-02-22 22:15:37,0.00094110,9.50000000
2018-02-22 22:15:38,0.00094110,6.03000000
2018-02-22 22:15:40,0.00094130,7.76000000
2018-02-22 22:15:41,0.00094190,1.00000000
2018-02-22 22:15:43,0.00094190,4.24000000
2018-02-22 22:15:43,0.00094250,10.97000000
2018-02-22 22:15:43,0.00094260,2.12000000
2018-02-22 22:15:44,0.00094260,60.68000000
2018-02-22 22:15:44,0.00094260,75.99000000
2018-02-22 22:15:45,0.00094300,87.07000000
2018-02-22 22:15:51,0.00094290,39.44000000
2018-02-22 22:15:51,0.00094300,7.50000000
2018-02-22 22:15:51,0.00094350,20.89000000
2018-02-22 22:15:51,0.00094360,60.62000000
2018-02-22 22:15:51,0.00094360,5.30000000
2018-02-22 22:15:51,0.00094360,5.30000000
2018-02-22 22:15:51,0.00094360,4.38000000
2018-02-22 22:15:52,0.00094360,32.01000000
2018-02-22 22:15:52,0.00094360,0.03000000
2018-02-22 22:15:52,0.00094480,14.63000000
2018-02-22 22:15:52,0.00094490,2.87000000
2018-02-22 22:15:53,0.00094340,17.57000000
2018-02-22 22:15:55,0.00094340,21.85000000
2018-02-22 22:15:55,0.00094330,31.80000000
2018-02-22 22:15:55,0.00094330,2.12000000
2018-02-22 22:15:55,0.00094330,64.14000000
2018-02-22 22:15:55,0.00094460,2.12000000
2018-02-22 22:15:55,0.00094480,17.57000000
2018-02-22 22:15:55,0.00094490,61.08000000
2018-02-22 22:15:58,0.00094290,3.28000000
2018-02-22 22:15:58,0.00094290,18.57000000
2018-02-22 22:15:58,0.00094300,68.41000000
2018-02-22 22:15:58,0.00094480,31.80000000
2018-02-22 22:15:58,0.00094490,8.25000000
2018-02-22 22:15:58,0.00094500,269.33000000
2018-02-22 22:15:59,0.00094270,7.13000000
2018-02-22 22:16:00,0.00094290,0.17000000
2018-02-22 22:16:01,0.00094300,17.61000000
2018-02-22 22:16:01,0.00094290,20.07000000
2018-02-22 22:16:05,0.00094400,17.35000000
2018-02-22 22:16:06,0.00094480,24.74000000
2018-02-22 22:16:06,0.00094490,9.32000000
2018-02-22 22:16:06,0.00094500,110.48000000
2018-02-22 22:16:06,0.00094500,35.38000000
2018-02-22 22:16:06,0.00094360,2.12000000
2018-02-22 22:16:06,0.00094340,31.79000000
2018-02-22 22:16:06,0.00094330,25.33000000
2018-02-22 22:16:06,0.00094310,2.14000000
2018-02-22 22:16:06,0.00094300,33.18000000
2018-02-22 22:16:06,0.00094290,3.05000000
2018-02-22 22:16:14,0.00094310,39.50000000
2018-02-22 22:16:14,0.00094300,28.86000000
2018-02-22 22:16:14,0.00094290,235.17000000
2018-02-22 22:16:15,0.00094430,32.87000000
2018-02-22 22:16:15,0.00094330,2.14000000
2018-02-22 22:16:15,0.00094290,3.20000000
2018-02-22 22:16:19,0.00094350,93.49000000
2018-02-22 22:16:19,0.00094310,2.14000000
2018-02-22 22:16:19,0.00094290,93.93000000
2018-02-22 22:16:20,0.00094280,20.55000000
2018-02-22 22:16:20,0.00094290,118.23000000
2018-02-22 22:16:20,0.00094290,8.21000000
2018-02-22 22:16:20,0.00094410,2.14000000
2018-02-22 22:16:20,0.00094430,33.93000000
2018-02-22 22:16:20,0.00094440,39.50000000
2018-02-22 22:16:20,0.00094460,2.12000000
2018-02-22 22:16:20,0.00094470,2.14000000
2018-02-22 22:16:20,0.00094500,11.17000000
2018-02-22 22:16:20,0.00094290,93.93000000
2018-02-22 22:16:27,0.00094480,20.00000000
2018-02-22 22:16:28,0.00094340,66.31000000
2018-02-22 22:16:30,0.00094480,4.00000000
2018-02-22 22:16:31,0.00094360,2.12000000
2018-02-22 22:16:31,0.00094340,30.60000000
2018-02-22 22:16:31,0.00094330,18.06000000
2018-02-22 22:16:36,0.00094350,77.35000000
2018-02-22 22:16:36,0.00094340,12.47000000
2018-02-22 22:16:36,0.00094410,23.91000000
2018-02-22 22:16:41,0.00094450,96.91000000
2018-02-22 22:16:41,0.00094460,324.78000000
2018-02-22 22:16:42,0.00094460,567.09000000
2018-02-22 22:16:43,0.00094460,13.00000000
2018-02-22 22:16:43,0.00094460,55.52000000
2018-02-22 22:16:43,0.00094460,32.86000000
2018-02-22 22:16:44,0.00094460,37.87000000
2018-02-22 22:16:44,0.00094400,2.12000000
2018-02-22 22:16:44,0.00094380,7.75000000
2018-02-22 22:16:44,0.00094370,2.12000000
2018-02-22 22:16:44,0.00094350,1.27000000
2018-02-22 22:16:45,0.00094360,21.00000000
2018-02-22 22:16:45,0.00094350,15.89000000
2018-02-22 22:16:45,0.00094340,414.01000000
2018-02-22 22:16:45,0.00094330,392.09000000
2018-02-22 22:16:45,0.00094300,57.34000000
2018-02-22 22:16:45,0.00094290,120.18000000
2018-02-22 22:16:45,0.00094370,2.12000000
2018-02-22 22:16:45,0.00094290,44.34000000
2018-02-22 22:16:45,0.00094260,3.16000000
2018-02-22 22:16:46,0.00094410,2.12000000
2018-02-22 22:16:46,0.00094430,2.12000000
2018-02-22 22:16:46,0.00094440,2.12000000
2018-02-22 22:16:46,0.00094460,221.27000000
2018-02-22 22:16:46,0.00094460,132.32000000
2018-02-22 22:16:49,0.00094470,24.85000000
2018-02-22 22:16:49,0.00094470,24.47000000
2018-02-22 22:16:49,0.00094480,31.62000000
2018-02-22 22:16:49,0.00094480,0.05000000
2018-02-22 22:16:49,0.00094490,31.67000000
2018-02-22 22:16:49,0.00094490,18.19000000
2018-02-22 22:16:49,0.00094500,15.00000000
2018-02-22 22:16:49,0.00094510,3.19000000
2018-02-22 22:16:50,0.00094510,1.80000000
2018-02-22 22:16:50,0.00094530,1.80000000
2018-02-22 22:16:50,0.00094530,10.25000000
2018-02-22 22:16:50,0.00094530,16.06000000
2018-02-22 22:16:50,0.00094580,11.18000000
2018-02-22 22:16:50,0.00094590,15.13000000
2018-02-22 22:16:50,0.00094590,95.19000000
2018-02-22 22:16:50,0.00094590,10.14000000
2018-02-22 22:16:50,0.00094590,38.67000000
2018-02-22 22:16:50,0.00094480,31.67000000
2018-02-22 22:16:50,0.00094460,24.28000000
2018-02-22 22:16:50,0.00094460,15.64000000
2018-02-22 22:16:50,0.00094460,5.44000000
2018-02-22 22:16:50,0.00094460,30.12000000
2018-02-22 22:16:50,0.00094460,3.51000000
2018-02-22 22:16:50,0.00094460,32.28000000
2018-02-22 22:16:50,0.00094460,5.83000000
2018-02-22 22:16:50,0.00094460,24.38000000
2018-02-22 22:16:51,0.00094460,48.81000000
2018-02-22 22:16:57,0.00094460,46.89000000
2018-02-22 22:16:58,0.00094430,100.05000000
2018-02-22 22:16:59,0.00094460,25.56000000
2018-02-22 22:16:59,0.00094460,7.80000000
2018-02-22 22:17:03,0.00094460,24.08000000
2018-02-22 22:17:04,0.00094460,30.57000000
2018-02-22 22:17:04,0.00094460,36.69000000
2018-02-22 22:17:04,0.00094460,33.25000000
2018-02-22 22:17:04,0.00094460,5.99000000
2018-02-22 22:17:04,0.00094460,30.57000000
2018-02-22 22:17:05,0.00094460,16.71000000
2018-02-22 22:17:05,0.00094460,216.65000000
2018-02-22 22:17:07,0.00094460,25.35000000
2018-02-22 22:17:08,0.00094460,187.26000000
2018-02-22 22:17:08,0.00094460,31.98000000
2018-02-22 22:17:09,0.00094410,32.11000000
2018-02-22 22:17:09,0.00094390,17.07000000
2018-02-22 22:17:09,0.00094370,13.83000000
2018-02-22 22:17:12,0.00094410,13.95000000
2018-02-22 22:17:13,0.00094440,2.12000000
2018-02-22 22:17:13,0.00094450,2.12000000
2018-02-22 22:17:13,0.00094460,142.25000000
2018-02-22 22:17:13,0.00094410,0.69000000
2018-02-22 22:17:13,0.00094380,6.90000000
2018-02-22 22:17:17,0.00094450,102.42000000
2018-02-22 22:17:25,0.00094450,11.78000000
2018-02-22 22:17:25,0.00094450,5.99000000
2018-02-22 22:17:25,0.00094450,14.14000000
2018-02-22 22:17:25,0.00094450,14.14000000
2018-02-22 22:17:25,0.00094450,14.14000000
2018-02-22 22:17:26,0.00094450,174.22000000
2018-02-22 22:17:28,0.00094390,21.00000000
2018-02-22 22:17:28,0.00094380,108.75000000
2018-02-22 22:17:28,0.00094370,859.28000000
2018-02-22 22:17:29,0.00094400,106.61000000
2018-02-22 22:17:31,0.00094430,7.01000000
2018-02-22 22:17:31,0.00094440,29.91000000
2018-02-22 22:17:33,0.00094440,70.79000000
2018-02-22 22:17:33,0.00094450,1085.94000000
2018-02-22 22:17:33,0.00094460,105.54000000
2018-02-22 22:17:33,0.00094500,200.00000000
2018-02-22 22:17:33,0.00094590,41.98000000
2018-02-22 22:17:33,0.00094600,842.35000000
2018-02-22 22:17:33,0.00094650,298.04000000
2018-02-22 22:17:33,0.00094680,403.80000000
2018-02-22 22:17:33,0.00094700,123.30000000
2018-02-22 22:17:33,0.00094720,171.49000000
2018-02-22 22:17:33,0.00094740,664.87000000
2018-02-22 22:17:33,0.00094770,1.60000000
2018-02-22 22:17:33,0.00094780,10.43000000
2018-02-22 22:17:33,0.00094790,53.38000000
2018-02-22 22:17:33,0.00094800,1547.33000000
2018-02-22 22:17:33,0.00094850,58.02000000
2018-02-22 22:17:33,0.00094870,5.06000000
2018-02-22 22:17:33,0.00094900,136.23000000
2018-02-22 22:17:33,0.00094940,194.69000000
2018-02-22 22:17:33,0.00094950,308.25000000
2018-02-22 22:17:33,0.00094970,2.00000000
2018-02-22 22:17:33,0.00094980,20.87000000
2018-02-22 22:17:33,0.00094990,692.02000000
2018-02-22 22:17:33,0.00095000,2062.22000000
2018-02-22 22:17:33,0.00094640,5.27000000
2018-02-22 22:17:35,0.00094390,58.67000000
2018-02-22 22:17:35,0.00094380,101.95000000
2018-02-22 22:17:35,0.00094370,33.82000000
2018-02-22 22:17:35,0.00094310,31.80000000
2018-02-22 22:17:35,0.00094280,85.08000000
2018-02-22 22:17:36,0.00094440,2.00000000
2018-02-22 22:17:37,0.00094440,2.07000000
2018-02-22 22:17:37,0.00094400,1.04000000
2018-02-22 22:17:41,0.00094420,20.21000000
2018-02-22 22:17:41,0.00094420,50.50000000
2018-02-22 22:17:42,0.00094400,7.01000000
2018-02-22 22:17:43,0.00094390,14.37000000
2018-02-22 22:17:43,0.00094400,53.38000000
2018-02-22 22:17:43,0.00094440,38.25000000
2018-02-22 22:17:43,0.00094440,2.33000000
2018-02-22 22:17:44,0.00094310,2.14000000
2018-02-22 22:17:44,0.00094290,95.84000000
2018-02-22 22:17:44,0.00094280,304.34000000
2018-02-22 22:17:45,0.00094410,42.99000000
2018-02-22 22:17:45,0.00094420,2.14000000
2018-02-22 22:17:46,0.00094420,95.84000000
2018-02-22 22:17:47,0.00094430,31.80000000
2018-02-22 22:17:48,0.00094430,51.95000000
2018-02-22 22:17:50,0.00094420,69.16000000
2018-02-22 22:17:50,0.00094420,41.42000000
2018-02-22 22:17:50,0.00094420,64.83000000
2018-02-22 22:17:51,0.00094320,6.00000000
2018-02-22 22:17:52,0.00094420,25.67000000
2018-02-22 22:17:53,0.00094420,12.95000000
2018-02-22 22:17:56,0.00094430,20.31000000
2018-02-22 22:17:59,0.00094420,15.87000000
2018-02-22 22:18:00,0.00094430,112.48000000
2018-02-22 22:18:00,0.00094440,6.00000000
2018-02-22 22:18:00,0.00094430,5.29000000
2018-02-22 22:18:00,0.00094430,107.89000000
2018-02-22 22:18:01,0.00094430,4.55000000
2018-02-22 22:18:02,0.00094430,0.74000000
2018-02-22 22:18:02,0.00094440,102.44000000
2018-02-22 22:18:03,0.00094420,42.74000000
2018-02-22 22:18:03,0.00094420,4.48000000
2018-02-22 22:18:04,0.00094420,42.47000000
2018-02-22 22:18:06,0.00094430,25.37000000
2018-02-22 22:18:06,0.00094420,43.21000000
2018-02-22 22:18:07,0.00094430,2.48000000
2018-02-22 22:18:09,0.00094420,3.23000000
2018-02-22 22:18:09,0.00094420,33.51000000
2018-02-22 22:18:10,0.00094420,92.90000000
2018-02-22 22:18:10,0.00094300,23.57000000
2018-02-22 22:18:10,0.00094280,10.50000000
2018-02-22 22:18:10,0.00094270,71.39000000
2018-02-22 22:18:10,0.00094260,29.28000000
2018-02-22 22:18:10,0.00094240,5.54000000
2018-02-22 22:18:10,0.00094170,96.14000000
2018-02-22 22:18:10,0.00094160,645.14000000
2018-02-22 22:18:10,0.00094140,3.64000000
2018-02-22 22:18:10,0.00094070,3.22000000
2018-02-22 22:18:10,0.00094000,556.26000000
2018-02-22 22:18:10,0.00094000,1.27000000
2018-02-22 22:18:10,0.00094420,31.82000000
2018-02-22 22:18:11,0.00094420,35.99000000
2018-02-22 22:18:16,0.00094290,43.60000000
2018-02-22 22:18:16,0.00094420,3.64000000
2018-02-22 22:18:16,0.00094430,0.91000000
2018-02-22 22:18:18,0.00094230,25.36000000
2018-02-22 22:18:18,0.00094230,17.47000000
2018-02-22 22:18:18,0.00094230,17.32000000
2018-02-22 22:18:18,0.00094220,17.47000000
2018-02-22 22:18:18,0.00094220,10.66000000
2018-02-22 22:18:19,0.00094410,17.47000000
2018-02-22 22:18:19,0.00094420,3.50000000
2018-02-22 22:18:19,0.00094430,13.00000000
2018-02-22 22:18:19,0.00094270,14.36000000
2018-02-22 22:18:19,0.00094260,4.00000000
2018-02-22 22:18:19,0.00094200,2.14000000
2018-02-22 22:18:19,0.00094180,9.49000000
2018-02-22 22:18:21,0.00094290,2.14000000
2018-02-22 22:18:21,0.00094250,6.82000000
2018-02-22 22:18:21,0.00094160,5.27000000
2018-02-22 22:18:21,0.00094100,36.25000000
2018-02-22 22:18:23,0.00094190,36.25000000
2018-02-22 22:18:28,0.00094300,119.74000000
2018-02-22 22:18:29,0.00094390,25.33000000
2018-02-22 22:18:29,0.00094230,50.00000000
2018-02-22 22:18:29,0.00094220,38.21000000
2018-02-22 22:18:29,0.00094210,14.80000000
2018-02-22 22:18:29,0.00094200,303.37000000
2018-02-22 22:18:29,0.00094160,34.84000000
2018-02-22 22:18:29,0.00094000,5.00000000
2018-02-22 22:18:29,0.00093990,1.08000000
2018-02-22 22:18:29,0.00093950,55.35000000
2018-02-22 22:18:29,0.00093930,3.19000000
2018-02-22 22:18:29,0.00093890,3.64000000
2018-02-22 22:18:29,0.00093880,17.82000000
2018-02-22 22:18:29,0.00093820,10.66000000
2018-02-22 22:18:29,0.00093810,131.75000000
2018-02-22 22:18:29,0.00093810,37.79000000
2018-02-22 22:18:30,0.00094220,9.52000000
2018-02-22 22:18:30,0.00094220,2.12000000
2018-02-22 22:18:30,0.00094220,239.91000000
2018-02-22 22:18:30,0.00094220,3.22000000
2018-02-22 22:18:32,0.00094220,79.48000000
2018-02-22 22:18:32,0.00094200,9.31000000
2018-02-22 22:18:32,0.00093950,3.22000000
2018-02-22 22:18:32,0.00093860,5.32000000
2018-02-22 22:18:32,0.00093830,2.67000000
2018-02-22 22:18:35,0.00094130,1.35000000
2018-02-22 22:18:35,0.00094130,1.43000000
2018-02-22 22:18:35,0.00094130,1.26000000
2018-02-22 22:18:36,0.00094130,7.00000000
2018-02-22 22:18:37,0.00094130,25.31000000
2018-02-22 22:18:37,0.00094130,45.96000000
2018-02-22 22:18:37,0.00094120,1.35000000
2018-02-22 22:18:38,0.00094120,5.63000000
2018-02-22 22:18:39,0.00094000,8.68000000
2018-02-22 22:18:42,0.00094100,26.26000000
2018-02-22 22:18:43,0.00094120,6.85000000
2018-02-22 22:18:43,0.00094100,8.56000000
2018-02-22 22:18:43,0.00093930,31.93000000
2018-02-22 22:18:43,0.00093880,128.12000000
2018-02-22 22:18:43,0.00093870,4.30000000
2018-02-22 22:18:43,0.00093830,24.75000000
2018-02-22 22:18:43,0.00093820,447.14000000
2018-02-22 22:18:43,0.00093810,84.66000000
2018-02-22 22:18:43,0.00093810,1.43000000
2018-02-22 22:18:43,0.00093810,1.44000000
2018-02-22 22:18:43,0.00093810,1.43000000
2018-02-22 22:18:44,0.00093810,1.44000000
2018-02-22 22:18:44,0.00093810,1.43000000
2018-02-22 22:18:44,0.00093810,101.04000000
2018-02-22 22:18:44,0.00093810,0.55000000
2018-02-22 22:18:45,0.00093810,8.56000000
2018-02-22 22:18:45,0.00094000,1.43000000
2018-02-22 22:18:46,0.00094000,2.81000000
2018-02-22 22:18:46,0.00093880,193.34000000
2018-02-22 22:18:47,0.00093890,20.30000000
2018-02-22 22:18:48,0.00094060,2.02000000
2018-02-22 22:18:48,0.00094060,0.38000000
2018-02-22 22:18:48,0.00094090,45.73000000
2018-02-22 22:18:48,0.00094100,14.68000000
2018-02-22 22:18:49,0.00094100,1.45000000
2018-02-22 22:18:49,0.00094100,2.87000000
2018-02-22 22:18:49,0.00094100,8.56000000
2018-02-22 22:18:49,0.00094100,32.55000000
2018-02-22 22:18:49,0.00094110,1.07000000
2018-02-22 22:18:53,0.00094100,4.70000000
2018-02-22 22:18:53,0.00094100,30.20000000
2018-02-22 22:18:57,0.00094080,7.00000000
2018-02-22 22:18:57,0.00094000,12.29000000
2018-02-22 22:18:59,0.00094000,3.22000000
2018-02-22 22:18:59,0.00094000,3.64000000
2018-02-22 22:19:02,0.00094000,15.30000000
2018-02-22 22:19:02,0.00094000,2.14000000
2018-02-22 22:19:04,0.00093990,248.23000000
2018-02-22 22:19:05,0.00093990,68.86000000
2018-02-22 22:19:05,0.00094000,98.28000000
2018-02-22 22:19:05,0.00094000,126.90000000
2018-02-22 22:19:05,0.00094000,62.15000000
2018-02-22 22:19:07,0.00094050,31.93000000
2018-02-22 22:19:07,0.00094060,2.14000000
2018-02-22 22:19:07,0.00094080,162.66000000
2018-02-22 22:19:07,0.00094100,160.48000000
2018-02-22 22:19:07,0.00094110,3.21000000
2018-02-22 22:19:10,0.00094110,3.52000000
2018-02-22 22:19:11,0.00094060,126.16000000
2018-02-22 22:19:12,0.00094060,6.42000000
2018-02-22 22:19:13,0.00094140,511.96000000
2018-02-22 22:19:14,0.00094150,2.67000000
2018-02-22 22:19:14,0.00094200,13.16000000
2018-02-22 22:19:14,0.00094220,47.64000000
2018-02-22 22:19:14,0.00094390,26.53000000
2018-02-22 22:19:14,0.00094070,2.39000000
2018-02-22 22:19:14,0.00094070,2.93000000
2018-02-22 22:19:14,0.00094070,15.64000000
2018-02-22 22:19:15,0.00094070,5.44000000
2018-02-22 22:19:15,0.00094070,10.78000000
2018-02-22 22:19:16,0.00094310,18.57000000
2018-02-22 22:19:16,0.00094320,2.39000000
2018-02-22 22:19:16,0.00094390,10.65000000
2018-02-22 22:19:16,0.00094080,53.86000000
2018-02-22 22:19:17,0.00094090,71.63000000
2018-02-22 22:19:17,0.00094070,17.33000000
2018-02-22 22:19:17,0.00094060,119.74000000
2018-02-22 22:19:17,0.00094020,22.48000000
2018-02-22 22:19:17,0.00094000,74.22000000
2018-02-22 22:19:18,0.00094200,1.50000000
2018-02-22 22:19:22,0.00094200,21.67000000
2018-02-22 22:19:24,0.00094230,40.00000000
2018-02-22 22:19:27,0.00094230,13.62000000
2018-02-22 22:19:27,0.00094240,34.83000000
2018-02-22 22:19:27,0.00094260,52.15000000
2018-02-22 22:19:27,0.00094270,35.34000000
2018-02-22 22:19:28,0.00094390,0.21000000
2018-02-22 22:19:30,0.00094310,56.59000000
2018-02-22 22:19:33,0.00094260,2.14000000
2018-02-22 22:19:33,0.00094240,32.30000000
2018-02-22 22:19:34,0.00094280,2.14000000
2018-02-22 22:19:34,0.00094260,14.12000000
2018-02-22 22:19:35,0.00094260,24.94000000
2018-02-22 22:19:36,0.00094260,49.09000000
2018-02-22 22:19:36,0.00094240,20.35000000
2018-02-22 22:19:36,0.00094230,4.69000000
2018-02-22 22:19:36,0.00094210,49.46000000
2018-02-22 22:19:36,0.00094200,76.41000000
2018-02-22 22:19:36,0.00094280,2.14000000
2018-02-22 22:19:36,0.00094200,3.55000000
2018-02-22 22:19:36,0.00094200,2.14000000
2018-02-22 22:19:39,0.00094310,1.00000000
2018-02-22 22:19:41,0.00094310,18.88000000
2018-02-22 22:19:41,0.00094340,2.14000000
2018-02-22 22:19:41,0.00094360,12.69000000
2018-02-22 22:19:43,0.00094280,14.71000000
2018-02-22 22:19:43,0.00094280,118.01000000
2018-02-22 22:19:45,0.00094220,0.18000000
2018-02-22 22:19:49,0.00094220,0.20000000
2018-02-22 22:19:51,0.00094280,14.71000000
2018-02-22 22:19:51,0.00094360,21.28000000
2018-02-22 22:19:51,0.00094370,58.59000000
2018-02-22 22:19:51,0.00094380,2.58000000
2018-02-22 22:19:51,0.00094390,59.82000000
2018-02-22 22:19:51,0.00094430,37.73000000
2018-02-22 22:19:51,0.00094450,197.04000000
2018-02-22 22:19:51,0.00094490,40.93000000
2018-02-22 22:19:51,0.00094500,268.07000000
2018-02-22 22:19:51,0.00094500,5.80000000
2018-02-22 22:19:51,0.00094500,5.75000000
2018-02-22 22:19:51,0.00094500,2.96000000
2018-02-22 22:19:52,0.00094500,28.81000000
2018-02-22 22:19:52,0.00094500,1.71000000
2018-02-22 22:19:52,0.00094500,2.90000000
2018-02-22 22:19:54,0.00094500,33.70000000
2018-02-22 22:19:55,0.00094500,49.46000000
2018-02-22 22:19:56,0.00094500,10.70000000
2018-02-22 22:19:57,0.00094550,25.36000000
2018-02-22 22:19:57,0.00094500,447.01000000
2018-02-22 22:19:59,0.00094550,88.13000000
2018-02-22 22:19:59,0.00094600,36.44000000
2018-02-22 22:19:59,0.00094640,178.65000000
2018-02-22 22:19:59,0.00094670,56.17000000
2018-02-22 22:19:59,0.00094680,644.95000000
2018-02-22 22:19:59,0.00094700,523.50000000
2018-02-22 22:20:00,0.00094610,63.15000000
2018-02-22 22:20:00,0.00094670,2.31000000
2018-02-22 22:20:00,0.00094670,2.58000000
2018-02-22 22:20:01,0.00094670,2.17000000
2018-02-22 22:20:02,0.00094680,6.99000000
2018-02-22 22:20:02,0.00094700,43.41000000
2018-02-22 22:20:04,0.00094670,3.74000000
2018-02-22 22:20:04,0.00094700,37.70000000
2018-02-22 22:20:05,0.00094670,16.24000000
2018-02-22 22:20:05,0.00094560,29.53000000
2018-02-22 22:20:05,0.00094530,31.73000000
2018-02-22 22:20:05,0.00094520,2.12000000
2018-02-22 22:20:07,0.00094520,250.00000000
2018-02-22 22:20:08,0.00094500,25.83000000
2018-02-22 22:20:08,0.00094520,20.00000000
2018-02-22 22:20:09,0.00094520,165.22000000
2018-02-22 22:20:10,0.00094520,51.49000000
2018-02-22 22:20:10,0.00094580,2.12000000
2018-02-22 22:20:10,0.00094630,26.43000000
2018-02-22 22:20:10,0.00094700,135.69000000
2018-02-22 22:20:13,0.00094690,31.73000000
2018-02-22 22:20:13,0.00094700,577.95000000
2018-02-22 22:20:13,0.00094800,23.76000000
2018-02-22 22:20:13,0.00094910,1.07000000
2018-02-22 22:20:13,0.00094960,3.19000000
2018-02-22 22:20:13,0.00094980,557.21000000
2018-02-22 22:20:13,0.00094990,324.13000000
2018-02-22 22:20:13,0.00095000,1304.40000000
2018-02-22 22:20:13,0.00095000,130.85000000
2018-02-22 22:20:13,0.00095000,36.39000000
2018-02-22 22:20:13,0.00095000,2.56000000
2018-02-22 22:20:13,0.00095000,130.85000000
2018-02-22 22:20:13,0.00095000,22.48000000
2018-02-22 22:20:13,0.00095000,31.57000000
2018-02-22 22:20:13,0.00095000,1.14000000
2018-02-22 22:20:13,0.00095000,65.81000000
2018-02-22 22:20:13,0.00095000,65.86000000
2018-02-22 22:20:13,0.00095000,31.57000000
2018-02-22 22:20:13,0.00095000,2.43000000
2018-02-22 22:20:13,0.00095000,12.73000000
2018-02-22 22:20:14,0.00095000,31.57000000
2018-02-22 22:20:14,0.00095020,22.13000000
2018-02-22 22:20:14,0.00095000,37.98000000
2018-02-22 22:20:14,0.00095000,31.57000000
2018-02-22 22:20:14,0.00095000,31.57000000
2018-02-22 22:20:14,0.00095000,9.56000000
2018-02-22 22:20:14,0.00095000,18.99000000
2018-02-22 22:20:15,0.00095000,29.48000000
2018-02-22 22:20:15,0.00095000,250.22000000
2018-02-22 22:20:16,0.00095000,5.84000000
2018-02-22 22:20:16,0.00095020,227.87000000
2018-02-22 22:20:16,0.00095060,12.85000000
2018-02-22 22:20:16,0.00095080,42.58000000
2018-02-22 22:20:16,0.00095080,1.29000000
2018-02-22 22:20:17,0.00095080,15.14000000
2018-02-22 22:20:17,0.00095090,139.28000000
2018-02-22 22:20:17,0.00095080,3.20000000
2018-02-22 22:20:19,0.00095100,94.00000000
2018-02-22 22:20:20,0.00095100,117.27000000
2018-02-22 22:20:20,0.00095110,8.88000000
2018-02-22 22:20:21,0.00095100,21.12000000
2018-02-22 22:20:22,0.00095110,0.05000000
2018-02-22 22:20:23,0.00095110,4.01000000
2018-02-22 22:20:23,0.00095120,1.07000000
2018-02-22 22:20:23,0.00095150,28.39000000
2018-02-22 22:20:23,0.00095100,177.78000000
2018-02-22 22:20:24,0.00095100,9.92000000
2018-02-22 22:20:25,0.00095150,6.82000000
2018-02-22 22:20:25,0.00095200,135.23000000
2018-02-22 22:20:25,0.00095100,20.84000000
2018-02-22 22:20:25,0.00095110,2.12000000
2018-02-22 22:20:26,0.00095100,158.33000000
2018-02-22 22:20:26,0.00095100,37.11000000
2018-02-22 22:20:26,0.00095080,354.01000000
2018-02-22 22:20:26,0.00095080,2.63000000
2018-02-22 22:20:27,0.00095080,10.61000000
2018-02-22 22:20:27,0.00095080,7.36000000
2018-02-22 22:20:27,0.00095080,11.27000000
2018-02-22 22:20:29,0.00095080,2.12000000
2018-02-22 22:20:30,0.00095080,36.78000000
2018-02-22 22:20:30,0.00095100,175.68000000
2018-02-22 22:20:31,0.00094960,2.12000000
2018-02-22 22:20:32,0.00094960,0.52000000
2018-02-22 22:20:32,0.00095060,2.12000000
2018-02-22 22:20:34,0.00095080,0.84000000
2018-02-22 22:20:34,0.00094990,2.12000000
2018-02-22 22:20:34,0.00094950,2.24000000
2018-02-22 22:20:34,0.00094950,29.35000000
2018-02-22 22:20:34,0.00094910,11.17000000
2018-02-22 22:20:34,0.00094810,5.31000000
2018-02-22 22:20:34,0.00095010,69.71000000
2018-02-22 22:20:35,0.00095080,2.12000000
2018-02-22 22:20:35,0.00095100,26.58000000
2018-02-22 22:20:35,0.00095100,23.20000000
2018-02-22 22:20:36,0.00095090,31.59000000
2018-02-22 22:20:36,0.00095100,27.37000000
2018-02-22 22:20:36,0.00095110,16.04000000
2018-02-22 22:20:37,0.00094850,41.35000000
2018-02-22 22:20:37,0.00094840,2.12000000
2018-02-22 22:20:37,0.00094820,51.71000000
2018-02-22 22:20:37,0.00094810,29.35000000
2018-02-22 22:20:37,0.00094640,3.22000000
2018-02-22 22:20:37,0.00094600,30.81000000
2018-02-22 22:20:38,0.00094860,35.00000000
2018-02-22 22:20:38,0.00094990,6.09000000
2018-02-22 22:20:38,0.00094990,0.74000000
2018-02-22 22:20:41,0.00094980,35.00000000
2018-02-22 22:20:41,0.00094990,46.96000000
2018-02-22 22:20:41,0.00095000,34.42000000
2018-02-22 22:20:41,0.00094880,2.12000000
2018-02-22 22:20:42,0.00094840,31.63000000
2018-02-22 22:20:42,0.00094800,4.30000000
2018-02-22 22:20:43,0.00094800,1.00000000
2018-02-22 22:20:46,0.00094800,4.38000000
2018-02-22 22:20:46,0.00094800,31.62000000
2018-02-22 22:20:47,0.00094800,28.28000000
2018-02-22 22:20:47,0.00094720,4.80000000
2018-02-22 22:20:47,0.00094630,21.00000000
2018-02-22 22:20:47,0.00094620,23.40000000
2018-02-22 22:20:48,0.00094670,4.81000000
2018-02-22 22:20:49,0.00094820,31.63000000
2018-02-22 22:20:50,0.00094670,9.02000000
2018-02-22 22:20:51,0.00094820,13.85000000
2018-02-22 22:20:51,0.00094840,29.11000000
2018-02-22 22:20:51,0.00094880,46.12000000
2018-02-22 22:20:52,0.00094880,25.44000000
2018-02-22 22:20:52,0.00094880,5.72000000
2018-02-22 22:20:52,0.00094880,5.72000000
2018-02-22 22:20:53,0.00094880,2.56000000
2018-02-22 22:20:53,0.00094880,2.56000000
2018-02-22 22:20:53,0.00094880,2.56000000
2018-02-22 22:20:53,0.00094880,2.56000000
2018-02-22 22:20:55,0.00094830,7.49000000
2018-02-22 22:20:56,0.00094880,8.41000000
2018-02-22 22:20:59,0.00094840,76.28000000
2018-02-22 22:20:59,0.00094870,7.49000000
2018-02-22 22:20:59,0.00094880,67.59000000
2018-02-22 22:21:01,0.00094900,12.49000000
2018-02-22 22:21:01,0.00094910,3.22000000
2018-02-22 22:21:01,0.00094970,4.62000000
2018-02-22 22:21:01,0.00094990,1.10000000
2018-02-22 22:21:01,0.00095000,86.70000000
2018-02-22 22:21:01,0.00095010,82.51000000
2018-02-22 22:21:03,0.00095000,0.05000000
2018-02-22 22:21:05,0.00095000,25.96000000
2018-02-22 22:21:05,0.00095010,94.94000000
2018-02-22 22:21:07,0.00095020,95.86000000
2018-02-22 22:21:07,0.00095010,7.40000000
2018-02-22 22:21:08,0.00095060,2.12000000
2018-02-22 22:21:08,0.00095080,3.17000000
2018-02-22 22:21:08,0.00095090,1.49000000
2018-02-22 22:21:09,0.00095010,25.35000000
2018-02-22 22:21:11,0.00095030,2.12000000
2018-02-22 22:21:11,0.00095010,86.93000000
2018-02-22 22:21:11,0.00095050,6.70000000
2018-02-22 22:21:13,0.00095070,2.12000000
2018-02-22 22:21:13,0.00095090,26.80000000
2018-02-22 22:21:14,0.00095100,53.07000000
2018-02-22 22:21:14,0.00095020,6.44000000
2018-02-22 22:21:14,0.00095010,3.56000000
2018-02-22 22:21:14,0.00095040,2.12000000
2018-02-22 22:21:14,0.00095010,44.46000000
2018-02-22 22:21:15,0.00095070,0.32000000
2018-02-22 22:21:15,0.00095070,1.80000000
2018-02-22 22:21:15,0.00095090,3.34000000
2018-02-22 22:21:18,0.00095020,3.06000000
2018-02-22 22:21:19,0.00095020,76.30000000
2018-02-22 22:21:19,0.00095010,19.12000000
2018-02-22 22:21:19,0.00095060,31.44000000
2018-02-22 22:21:20,0.00095060,5.00000000
2018-02-22 22:21:22,0.00095010,29.00000000
2018-02-22 22:21:24,0.00095010,52.56000000
2018-02-22 22:21:25,0.00095010,5.26000000
2018-02-22 22:21:27,0.00095010,168.21000000
2018-02-22 22:21:28,0.00094920,0.05000000
2018-02-22 22:21:28,0.00095010,123.63000000
2018-02-22 22:21:28,0.00094960,82.84000000
2018-02-22 22:21:28,0.00094920,2.07000000
2018-02-22 22:21:28,0.00094910,10.53000000
2018-02-22 22:21:28,0.00094900,20.86000000
2018-02-22 22:21:28,0.00094900,201.26000000
2018-02-22 22:21:28,0.00094880,11.60000000
2018-02-22 22:21:28,0.00094830,246.31000000
2018-02-22 22:21:28,0.00094830,20.94000000
2018-02-22 22:21:28,0.00094830,17.45000000
2018-02-22 22:21:28,0.00094830,20.97000000
2018-02-22 22:21:28,0.00094830,20.94000000
2018-02-22 22:21:28,0.00094830,17.45000000
2018-02-22 22:21:28,0.00094830,27.49000000
2018-02-22 22:21:28,0.00094830,20.94000000
2018-02-22 22:21:28,0.00094830,10.66000000
2018-02-22 22:21:28,0.00094830,31.60000000
2018-02-22 22:21:28,0.00094800,20.94000000
2018-02-22 22:21:28,0.00094800,27.76000000
2018-02-22 22:21:28,0.00094750,29.19000000
2018-02-22 22:21:28,0.00094750,0.04000000
2018-02-22 22:21:29,0.00094830,102.36000000
2018-02-22 22:21:29,0.00094830,9.21000000
2018-02-22 22:21:29,0.00094720,3.16000000
2018-02-22 22:21:29,0.00094830,31.60000000
2018-02-22 22:21:29,0.00094830,16.03000000
2018-02-22 22:21:29,0.00094830,31.60000000
2018-02-22 22:21:29,0.00094830,31.60000000
2018-02-22 22:21:29,0.00094830,31.60000000
2018-02-22 22:21:29,0.00094830,20.94000000
2018-02-22 22:21:29,0.00094830,22.67000000
2018-02-22 22:21:29,0.00094830,31.60000000
2018-02-22 22:21:29,0.00094830,11.76000000
2018-02-22 22:21:32,0.00094760,2.04000000
2018-02-22 22:21:32,0.00094760,2.04000000
2018-02-22 22:21:32,0.00094760,31.65000000
2018-02-22 22:21:32,0.00094760,5.65000000
2018-02-22 22:21:32,0.00094760,6.11000000
2018-02-22 22:21:37,0.00094780,10.00000000
2018-02-22 22:21:37,0.00094760,19.42000000
2018-02-22 22:21:37,0.00094760,19.56000000
2018-02-22 22:21:37,0.00094920,45.44000000
2018-02-22 22:21:37,0.00094960,57.05000000
2018-02-22 22:21:37,0.00094980,65.95000000
2018-02-22 22:21:38,0.00094770,53.11000000
2018-02-22 22:21:38,0.00094760,141.13000000
2018-02-22 22:21:38,0.00094750,4.81000000
2018-02-22 22:21:39,0.00094720,0.01000000
2018-02-22 22:21:39,0.00094720,51.73000000
2018-02-22 22:21:39,0.00094730,63.92000000
2018-02-22 22:21:39,0.00094720,49.61000000
2018-02-22 22:21:40,0.00094700,3.50000000
2018-02-22 22:21:41,0.00094700,8.68000000
2018-02-22 22:21:41,0.00094670,42.21000000
2018-02-22 22:21:41,0.00094610,2.64000000
2018-02-22 22:21:41,0.00094560,1.16000000
2018-02-22 22:21:41,0.00094550,3.77000000
2018-02-22 22:21:41,0.00094530,18.72000000
2018-02-22 22:21:41,0.00094520,16.79000000
2018-02-22 22:21:42,0.00094660,29.42000000
2018-02-22 22:21:42,0.00094670,989.08000000
2018-02-22 22:21:43,0.00094520,8.15000000
2018-02-22 22:21:43,0.00094660,3.58000000
2018-02-22 22:21:44,0.00094520,450.01000000
2018-02-22 22:21:44,0.00094520,160.41000000
2018-02-22 22:21:44,0.00094650,91.10000000
2018-02-22 22:21:44,0.00094670,11.90000000
2018-02-22 22:21:45,0.00094670,19.55000000
2018-02-22 22:21:46,0.00094660,1.99000000
2018-02-22 22:21:46,0.00094540,1.06000000
2018-02-22 22:21:46,0.00094530,49.54000000
2018-02-22 22:21:46,0.00094510,9.17000000
2018-02-22 22:21:46,0.00094670,16.13000000
2018-02-22 22:21:48,0.00094540,1.06000000
2018-02-22 22:21:48,0.00094530,55.00000000
2018-02-22 22:21:48,0.00094520,27.21000000
2018-02-22 22:21:48,0.00094510,140.32000000
2018-02-22 22:21:48,0.00094510,5.23000000
2018-02-22 22:21:50,0.00094510,132.06000000
2018-02-22 22:21:50,0.00094500,385.59000000
2018-02-22 22:21:50,0.00094510,16.44000000
2018-02-22 22:21:50,0.00094510,4.59000000
2018-02-22 22:21:51,0.00094510,0.93000000
2018-02-22 22:21:51,0.00094520,215.29000000
2018-02-22 22:21:52,0.00094520,70.00000000
2018-02-22 22:21:53,0.00094540,225.14000000
2018-02-22 22:21:54,0.00094520,215.66000000
2018-02-22 22:21:54,0.00094520,324.09000000
2018-02-22 22:21:55,0.00094540,5.62000000
2018-02-22 22:21:58,0.00094540,20.00000000
2018-02-22 22:21:58,0.00094670,19.76000000
2018-02-22 22:21:58,0.00094540,324.09000000
2018-02-22 22:21:59,0.00094670,119.17000000
2018-02-22 22:22:00,0.00094540,64.69000000
2018-02-22 22:22:02,0.00094670,36.21000000
2018-02-22 22:22:02,0.00094540,324.09000000
2018-02-22 22:22:05,0.00094590,89.26000000
2018-02-22 22:22:05,0.00094540,19.31000000
2018-02-22 22:22:05,0.00094520,48.38000000
2018-02-22 22:22:05,0.00094510,42.07000000
2018-02-22 22:22:05,0.00094500,473.02000000
2018-02-22 22:22:06,0.00094540,25.31000000
2018-02-22 22:22:08,0.00094540,185.28000000
2018-02-22 22:22:09,0.00094660,33.62000000
2018-02-22 22:22:12,0.00094660,15.92000000
2018-02-22 22:22:12,0.00094660,28.07000000
2018-02-22 22:22:13,0.00094660,33.43000000
2018-02-22 22:22:13,0.00094660,2.44000000
2018-02-22 22:22:14,0.00094570,2.12000000
2018-02-22 22:22:14,0.00094540,76.17000000
2018-02-22 22:22:17,0.00094580,19.68000000
2018-02-22 22:22:19,0.00094560,2.12000000
2018-02-22 22:22:19,0.00094540,2.77000000
2018-02-22 22:22:19,0.00094510,39.43000000
2018-02-22 22:22:19,0.00094500,427.54000000
2018-02-22 22:22:20,0.00094620,2.12000000
2018-02-22 22:22:20,0.00094640,2.12000000
2018-02-22 22:22:21,0.00094640,10.53000000
2018-02-22 22:22:21,0.00094640,75.71000000
2018-02-22 22:22:22,0.00094640,25.42000000
2018-02-22 22:22:22,0.00094660,7.31000000
2018-02-22 22:22:22,0.00094640,6.48000000
2018-02-22 22:22:26,0.00094600,9.32000000
2018-02-22 22:22:27,0.00094540,9.32000000
2018-02-22 22:22:28,0.00094600,2.58000000
2018-02-22 22:22:28,0.00094600,2.63000000
2018-02-22 22:22:29,0.00094600,4.11000000
2018-02-22 22:22:29,0.00094640,120.94000000
2018-02-22 22:22:29,0.00094640,16.11000000
2018-02-22 22:22:29,0.00094640,16.07000000
2018-02-22 22:22:32,0.00094640,22.95000000
2018-02-22 22:22:34,0.00094650,95.82000000
2018-02-22 22:22:34,0.00094640,0.04000000
2018-02-22 22:22:35,0.00094640,116.35000000
2018-02-22 22:22:40,0.00094640,296.17000000
2018-02-22 22:22:40,0.00094660,181.58000000
2018-02-22 22:22:42,0.00094670,2.38000000
2018-02-22 22:22:42,0.00094680,2.12000000
2018-02-22 22:22:42,0.00094670,20.04000000
2018-02-22 22:22:42,0.00094680,3.00000000
2018-02-22 22:22:44,0.00094690,3.66000000
2018-02-22 22:22:45,0.00094690,10.00000000
2018-02-22 22:22:46,0.00094880,1.58000000
2018-02-22 22:22:47,0.00094720,33.61000000
2018-02-22 22:22:50,0.00094760,26.25000000
2018-02-22 22:22:51,0.00094830,67.31000000
2018-02-22 22:22:51,0.00094840,21.85000000
2018-02-22 22:22:55,0.00094840,17.57000000
2018-02-22 22:22:55,0.00094850,25.63000000
2018-02-22 22:22:55,0.00094930,0.01000000
2018-02-22 22:22:55,0.00094900,3.00000000
2018-02-22 22:22:55,0.00094900,4.24000000
2018-02-22 22:22:55,0.00094900,4.24000000
2018-02-22 22:22:56,0.00094900,3.81000000
2018-02-22 22:22:59,0.00094820,8.08000000
2018-02-22 22:23:00,0.00094820,68.59000000
2018-02-22 22:23:00,0.00094820,101.10000000
2018-02-22 22:23:02,0.00094840,2.84000000
2018-02-22 22:23:06,0.00094930,0.10000000
2018-02-22 22:23:08,0.00094840,4.75000000
2018-02-22 22:23:09,0.00094930,2.27000000
2018-02-22 22:23:09,0.00094930,4.99000000
2018-02-22 22:23:09,0.00094930,74.46000000
2018-02-22 22:23:10,0.00094880,102.38000000
2018-02-22 22:23:11,0.00094930,8.39000000
2018-02-22 22:23:13,0.00094930,31.93000000
2018-02-22 22:23:14,0.00094930,119.15000000
2018-02-22 22:23:14,0.00094880,2.12000000
2018-02-22 22:23:14,0.00094860,2.12000000
2018-02-22 22:23:14,0.00094820,26.66000000
2018-02-22 22:23:14,0.00094780,31.65000000
2018-02-22 22:23:14,0.00094700,58.23000000
2018-02-22 22:23:15,0.00094900,28.02000000
2018-02-22 22:23:20,0.00094900,3.63000000
2018-02-22 22:23:21,0.00094900,4.14000000
2018-02-22 22:23:21,0.00094880,87.41000000
2018-02-22 22:23:21,0.00094730,15.01000000
2018-02-22 22:23:26,0.00094750,8.00000000
2018-02-22 22:23:26,0.00094750,0.03000000
2018-02-22 22:23:28,0.00094890,14.78000000
2018-02-22 22:23:29,0.00094820,32.81000000
2018-02-22 22:23:29,0.00094890,8.26000000
2018-02-22 22:23:29,0.00094900,438.31000000
2018-02-22 22:23:29,0.00094910,4.24000000
2018-02-22 22:23:29,0.00094930,59.80000000
2018-02-22 22:23:29,0.00094960,2.94000000
2018-02-22 22:23:31,0.00094890,50.39000000
2018-02-22 22:23:32,0.00094900,0.02000000
2018-02-22 22:23:32,0.00094900,6.33000000
2018-02-22 22:23:34,0.00094900,28.27000000
2018-02-22 22:23:36,0.00094890,1.50000000
2018-02-22 22:23:36,0.00094890,187.06000000
2018-02-22 22:23:37,0.00094900,39.75000000
2018-02-22 22:23:39,0.00094900,35.85000000
2018-02-22 22:23:39,0.00094890,89.13000000
2018-02-22 22:23:42,0.00094900,100.00000000
2018-02-22 22:23:43,0.00094900,2.43000000
2018-02-22 22:23:45,0.00094900,37.43000000
2018-02-22 22:23:47,0.00094900,1.88000000
2018-02-22 22:23:48,0.00094920,108.95000000
2018-02-22 22:23:50,0.00094960,4.92000000
2018-02-22 22:23:50,0.00094980,5.00000000
2018-02-22 22:23:50,0.00094990,2.12000000
2018-02-22 22:23:50,0.00095000,57.55000000
2018-02-22 22:23:50,0.00095000,56.78000000
2018-02-22 22:23:53,0.00095050,1.85000000
2018-02-22 22:23:54,0.00095000,112.10000000
2018-02-22 22:23:54,0.00095000,2.64000000
2018-02-22 22:23:54,0.00095000,35.48000000
2018-02-22 22:23:56,0.00095000,0.01000000
2018-02-22 22:23:57,0.00095050,25.94000000
2018-02-22 22:24:02,0.00095060,50.00000000
2018-02-22 22:24:03,0.00095060,0.55000000
2018-02-22 22:24:03,0.00095070,4.56000000
2018-02-22 22:24:03,0.00095100,64.89000000
2018-02-22 22:24:03,0.00095050,1.30000000
2018-02-22 22:24:05,0.00095050,12.28000000
2018-02-22 22:24:05,0.00095050,26.84000000
2018-02-22 22:24:05,0.00095010,26.84000000
2018-02-22 22:24:06,0.00095050,26.85000000
2018-02-22 22:24:06,0.00095100,109.90000000
2018-02-22 22:24:06,0.00095110,57.25000000
2018-02-22 22:24:06,0.00095150,20.00000000
2018-02-22 22:24:06,0.00095160,1.06000000
2018-02-22 22:24:06,0.00095170,446.65000000
2018-02-22 22:24:06,0.00095180,60.26000000
2018-02-22 22:24:06,0.00095190,145.09000000
2018-02-22 22:24:06,0.00095200,511.16000000
2018-02-22 22:24:06,0.00095200,50.39000000
2018-02-22 22:24:06,0.00095200,9.40000000
2018-02-22 22:24:06,0.00095200,11.31000000
2018-02-22 22:24:06,0.00095200,26.84000000
2018-02-22 22:24:06,0.00095200,31.51000000
2018-02-22 22:24:06,0.00095200,56.05000000
2018-02-22 22:24:06,0.00095200,31.51000000
2018-02-22 22:24:06,0.00095200,31.51000000
2018-02-22 22:24:06,0.00095200,31.06000000
2018-02-22 22:24:06,0.00095200,31.51000000
2018-02-22 22:24:06,0.00095200,71.06000000
2018-02-22 22:24:06,0.00095010,1.71000000
2018-02-22 22:24:07,0.00095100,8.96000000
2018-02-22 22:24:08,0.00095100,78.42000000
2018-02-22 22:24:08,0.00095200,8.82000000
2018-02-22 22:24:08,0.00095210,11.70000000
2018-02-22 22:24:09,0.00095210,21.26000000
2018-02-22 22:24:09,0.00095220,3.53000000
2018-02-22 22:24:11,0.00095070,0.01000000
2018-02-22 22:24:12,0.00095100,148.77000000
2018-02-22 22:24:14,0.00095220,31.16000000
2018-02-22 22:24:15,0.00095220,8.74000000
2018-02-22 22:24:17,0.00095200,4.26000000
2018-02-22 22:24:17,0.00095200,2.12000000
2018-02-22 22:24:19,0.00095220,10.35000000
2018-02-22 22:24:19,0.00095240,50.05000000
2018-02-22 22:24:19,0.00095240,9.38000000
2018-02-22 22:24:19,0.00095250,22.49000000
2018-02-22 22:24:19,0.00095260,34.65000000
2018-02-22 22:24:19,0.00095290,2.70000000
2018-02-22 22:24:19,0.00095300,23.78000000
2018-02-22 22:24:19,0.00095300,49.15000000
2018-02-22 22:24:20,0.00095230,130.33000000
2018-02-22 22:24:21,0.00095230,39.62000000
2018-02-22 22:24:22,0.00095300,0.01000000
2018-02-22 22:24:23,0.00095300,10.59000000
2018-02-22 22:24:24,0.00095300,29.00000000
2018-02-22 22:24:24,0.00095310,11.24000000
2018-02-22 22:24:24,0.00095300,0.02000000
2018-02-22 22:24:24,0.00095300,19.99000000
2018-02-22 22:24:25,0.00095300,194.81000000
2018-02-22 22:24:25,0.00095300,20.00000000
2018-02-22 22:24:25,0.00095310,0.75000000
2018-02-22 22:24:25,0.00095350,159.25000000
2018-02-22 22:24:27,0.00095300,420.44000000
2018-02-22 22:24:27,0.00095350,62.08000000
2018-02-22 22:24:27,0.00095350,49.00000000
2018-02-22 22:24:27,0.00095300,4.29000000
2018-02-22 22:24:27,0.00095350,6.08000000
2018-02-22 22:24:28,0.00095350,1.25000000
2018-02-22 22:24:28,0.00095350,15.00000000
2018-02-22 22:24:28,0.00095350,1.00000000
2018-02-22 22:24:28,0.00095350,10.38000000
2018-02-22 22:24:29,0.00095350,9.57000000
2018-02-22 22:24:32,0.00095390,18.72000000
2018-02-22 22:24:32,0.00095400,87.20000000
2018-02-22 22:24:33,0.00095400,50.72000000
2018-02-22 22:24:33,0.00095350,37.42000000
2018-02-22 22:24:35,0.00095350,8.88000000
2018-02-22 22:24:35,0.00095350,41.31000000
2018-02-22 22:24:35,0.00095400,10.59000000
2018-02-22 22:24:36,0.00095400,113.84000000
2018-02-22 22:24:36,0.00095400,31.43000000
2018-02-22 22:24:36,0.00095400,8.23000000
2018-02-22 22:24:36,0.00095350,8.23000000
2018-02-22 22:24:36,0.00095350,28.39000000
2018-02-22 22:24:37,0.00095400,16.89000000
2018-02-22 22:24:38,0.00095400,0.01000000
2018-02-22 22:24:38,0.00095360,19.53000000
2018-02-22 22:24:38,0.00095410,87.07000000
2018-02-22 22:24:38,0.00095360,20.41000000
2018-02-22 22:24:40,0.00095400,2.43000000
2018-02-22 22:24:40,0.00095360,4.99000000
2018-02-22 22:24:41,0.00095410,72.83000000
2018-02-22 22:24:42,0.00095400,6.43000000
2018-02-22 22:24:42,0.00095410,19.76000000
2018-02-22 22:24:43,0.00095400,31.43000000
2018-02-22 22:24:43,0.00095400,30.58000000
2018-02-22 22:24:44,0.00095400,0.01000000
2018-02-22 22:24:44,0.00095400,55.96000000
2018-02-22 22:24:44,0.00095400,17.31000000
2018-02-22 22:24:44,0.00095360,14.12000000
2018-02-22 22:24:45,0.00095360,38.48000000
2018-02-22 22:24:45,0.00095360,15.28000000
2018-02-22 22:24:46,0.00095350,49.95000000
2018-02-22 22:24:47,0.00095350,0.17000000
2018-02-22 22:24:47,0.00095360,1.23000000
2018-02-22 22:24:48,0.00095360,4.46000000
2018-02-22 22:24:50,0.00095390,5.20000000
2018-02-22 22:24:51,0.00095390,39.73000000
2018-02-22 22:24:51,0.00095400,73.30000000
2018-02-22 22:24:51,0.00095410,5.16000000
2018-02-22 22:24:51,0.00095440,179.92000000
2018-02-22 22:24:51,0.00095450,3.76000000
2018-02-22 22:24:51,0.00095480,51.05000000
2018-02-22 22:24:51,0.00095490,56.39000000
2018-02-22 22:24:51,0.00095480,82.11000000
2018-02-22 22:24:51,0.00095480,9.31000000
2018-02-22 22:24:52,0.00095360,9.31000000
2018-02-22 22:24:53,0.00095410,5.47000000
2018-02-22 22:24:53,0.00095490,102.20000000
2018-02-22 22:24:54,0.00095490,33.89000000
2018-02-22 22:24:55,0.00095420,30.99000000
2018-02-22 22:24:56,0.00095420,93.26000000
2018-02-22 22:24:56,0.00095490,15.98000000
2018-02-22 22:24:57,0.00095440,77.59000000
2018-02-22 22:24:59,0.00095480,7.64000000
2018-02-22 22:24:59,0.00095480,39.47000000
2018-02-22 22:24:59,0.00095410,104.90000000
2018-02-22 22:24:59,0.00095480,177.36000000
2018-02-22 22:24:59,0.00095490,978.58000000
2018-02-22 22:24:59,0.00095500,259.05000000
2018-02-22 22:24:59,0.00095500,23.54000000
2018-02-22 22:25:00,0.00095410,8.92000000
2018-02-22 22:25:00,0.00095500,889.90000000
2018-02-22 22:25:00,0.00095500,185.06000000
2018-02-22 22:25:00,0.00095500,22.02000000
2018-02-22 22:25:01,0.00095500,38.03000000
2018-02-22 22:25:01,0.00095500,2.10000000
2018-02-22 22:25:01,0.00095500,3.93000000
2018-02-22 22:25:02,0.00095510,5.37000000
2018-02-22 22:25:03,0.00095510,92.97000000
2018-02-22 22:25:03,0.00095510,50.00000000
