DATE,PRICE,VOLUME
2018-02-27 21:59:59,0.00146710,32.75000000
2018-02-27 21:59:59,0.00146870,6.89000000
2018-02-27 21:59:59,0.00146890,1.96000000
2018-02-27 22:00:00,0.00146860,0.77000000
2018-02-27 22:00:01,0.00146850,6.12000000
2018-02-27 22:00:01,0.00146890,161.73000000
2018-02-27 22:00:01,0.00146900,14.13000000
2018-02-27 22:00:02,0.00146700,19.77000000
2018-02-27 22:00:02,0.00146570,6.89000000
2018-02-27 22:00:02,0.00146550,6.25000000
2018-02-27 22:00:02,0.00146540,61.93000000
2018-02-27 22:00:02,0.00146540,94.45000000
2018-02-27 22:00:02,0.00146840,6.89000000
2018-02-27 22:00:02,0.00146870,7.99000000
2018-02-27 22:00:04,0.00146700,34.27000000
2018-02-27 22:00:07,0.00146700,1.18000000
2018-02-27 22:00:08,0.00146570,0.89000000
2018-02-27 22:00:08,0.00146530,7.26000000
2018-02-27 22:00:09,0.00146700,1.11000000
2018-02-27 22:00:11,0.00146690,6.00000000
2018-02-27 22:00:11,0.00146690,4.48000000
2018-02-27 22:00:11,0.00146530,4.97000000
2018-02-27 22:00:13,0.00146690,1.02000000
2018-02-27 22:00:13,0.00146690,1.11000000
2018-02-27 22:00:13,0.00146660,4.36000000
2018-02-27 22:00:15,0.00146660,34.82000000
2018-02-27 22:00:15,0.00146690,3.83000000
2018-02-27 22:00:18,0.00146690,1.02000000
2018-02-27 22:00:19,0.00146670,80.15000000
2018-02-27 22:00:21,0.00146690,1.11000000
2018-02-27 22:00:22,0.00146660,3.50000000
2018-02-27 22:00:22,0.00146680,1.11000000
2018-02-27 22:00:22,0.00146680,27.05000000
2018-02-27 22:00:23,0.00146680,11.46000000
2018-02-27 22:00:23,0.00146690,18.54000000
2018-02-27 22:00:23,0.00146670,31.42000000
2018-02-27 22:00:23,0.00146690,15.70000000
2018-02-27 22:00:23,0.00146690,47.13000000
2018-02-27 22:00:27,0.00146690,204.53000000
2018-02-27 22:00:27,0.00146700,1.45000000
2018-02-27 22:00:29,0.00146870,1.00000000
2018-02-27 22:00:32,0.00146870,0.93000000
2018-02-27 22:00:33,0.00146870,10.75000000
2018-02-27 22:00:34,0.00146730,0.22000000
2018-02-27 22:00:35,0.00146790,69.01000000
2018-02-27 22:00:36,0.00146870,14.90000000
2018-02-27 22:00:40,0.00146790,3.15000000
2018-02-27 22:00:40,0.00146730,82.38000000
2018-02-27 22:00:46,0.00146870,27.79000000
2018-02-27 22:00:46,0.00146730,295.01000000
2018-02-27 22:00:46,0.00146700,31.25000000
2018-02-27 22:00:46,0.00146670,57.13000000
2018-02-27 22:00:46,0.00146660,12.96000000
2018-02-27 22:00:51,0.00146720,4.84000000
2018-02-27 22:00:53,0.00146680,15.11000000
2018-02-27 22:00:54,0.00146660,4.70000000
2018-02-27 22:00:54,0.00146600,8.91000000
2018-02-27 22:00:54,0.00146540,390.33000000
2018-02-27 22:00:56,0.00146540,5.50000000
2018-02-27 22:00:56,0.00146540,6.81000000
2018-02-27 22:00:56,0.00146540,2.29000000
2018-02-27 22:00:56,0.00146540,1.34000000
2018-02-27 22:00:56,0.00146540,9.10000000
2018-02-27 22:01:04,0.00146530,33.16000000
2018-02-27 22:01:04,0.00146520,34.33000000
2018-02-27 22:01:04,0.00146500,140.10000000
2018-02-27 22:01:07,0.00146500,95.27000000
2018-02-27 22:01:08,0.00146540,1.19000000
2018-02-27 22:01:09,0.00146540,6.81000000
2018-02-27 22:01:09,0.00146540,1.00000000
2018-02-27 22:01:10,0.00146540,50.00000000
2018-02-27 22:01:10,0.00146540,1.02000000
2018-02-27 22:01:11,0.00146540,6.81000000
2018-02-27 22:01:11,0.00146540,4.19000000
2018-02-27 22:01:11,0.00146720,1.56000000
2018-02-27 22:01:12,0.00146540,3.00000000
2018-02-27 22:01:13,0.00146510,73.97000000
2018-02-27 22:01:15,0.00146500,0.36000000
2018-02-27 22:01:16,0.00146500,13.47000000
2018-02-27 22:01:23,0.00146510,4.46000000
2018-02-27 22:01:32,0.00146520,20.18000000
2018-02-27 22:01:33,0.00146540,5.03000000
2018-02-27 22:01:37,0.00146540,80.79000000
2018-02-27 22:01:38,0.00146540,0.89000000
2018-02-27 22:01:43,0.00146510,7.24000000
2018-02-27 22:01:43,0.00146540,11.55000000
2018-02-27 22:01:48,0.00146510,3.24000000
2018-02-27 22:01:49,0.00146520,79.04000000
2018-02-27 22:01:51,0.00146540,230.23000000
2018-02-27 22:01:57,0.00146540,1.47000000
2018-02-27 22:01:58,0.00146540,2.54000000
2018-02-27 22:02:00,0.00146540,66.20000000
2018-02-27 22:02:00,0.00146620,25.25000000
2018-02-27 22:02:04,0.00146540,214.99000000
2018-02-27 22:02:04,0.00146510,95.06000000
2018-02-27 22:02:04,0.00146500,101.30000000
2018-02-27 22:02:07,0.00146500,22.12000000
2018-02-27 22:02:08,0.00146520,6.89000000
2018-02-27 22:02:08,0.00146500,16.23000000
2018-02-27 22:02:09,0.00146690,6.89000000
2018-02-27 22:02:09,0.00146710,2.04000000
2018-02-27 22:02:09,0.00146740,2.04000000
2018-02-27 22:02:09,0.00146790,71.18000000
2018-02-27 22:02:09,0.00146790,102.17000000
2018-02-27 22:02:10,0.00146790,23.65000000
2018-02-27 22:02:10,0.00146520,68.23000000
2018-02-27 22:02:10,0.00146510,22.26000000
2018-02-27 22:02:10,0.00146500,123.77000000
2018-02-27 22:02:10,0.00146500,56.89000000
2018-02-27 22:02:11,0.00146490,1.02000000
2018-02-27 22:02:11,0.00146490,6.89000000
2018-02-27 22:02:11,0.00146490,3.88000000
2018-02-27 22:02:13,0.00146490,6.82000000
2018-02-27 22:02:13,0.00146490,16.51000000
2018-02-27 22:02:15,0.00146460,84.12000000
2018-02-27 22:02:15,0.00146450,2.04000000
2018-02-27 22:02:15,0.00146450,3.31000000
2018-02-27 22:02:15,0.00146450,27.76000000
2018-02-27 22:02:16,0.00146500,0.98000000
2018-02-27 22:02:20,0.00146500,86.14000000
2018-02-27 22:02:21,0.00146490,27.91000000
2018-02-27 22:02:21,0.00146450,5.61000000
2018-02-27 22:02:21,0.00146500,20.00000000
2018-02-27 22:02:24,0.00146500,51.38000000
2018-02-27 22:02:26,0.00146500,17.67000000
2018-02-27 22:02:26,0.00146680,0.67000000
2018-02-27 22:02:27,0.00146580,30.33000000
2018-02-27 22:02:33,0.00146680,1.00000000
2018-02-27 22:02:33,0.00146510,14.39000000
2018-02-27 22:02:35,0.00146510,43.20000000
2018-02-27 22:02:36,0.00146680,7.79000000
2018-02-27 22:02:37,0.00146510,17.41000000
2018-02-27 22:02:37,0.00146510,32.59000000
2018-02-27 22:02:37,0.00146580,2.83000000
2018-02-27 22:02:38,0.00146680,47.42000000
2018-02-27 22:02:39,0.00146690,24.96000000
2018-02-27 22:02:39,0.00146690,0.01000000
2018-02-27 22:02:39,0.00146780,6.07000000
2018-02-27 22:02:39,0.00146580,22.11000000
2018-02-27 22:02:39,0.00146500,6.89000000
2018-02-27 22:02:39,0.00146500,42.68000000
2018-02-27 22:02:39,0.00146500,6.81000000
2018-02-27 22:02:39,0.00146500,59.14000000
2018-02-27 22:02:39,0.00146440,6.81000000
2018-02-27 22:02:40,0.00146500,2.02000000
2018-02-27 22:02:41,0.00146440,2.06000000
2018-02-27 22:02:42,0.00146500,2.34000000
2018-02-27 22:02:42,0.00146530,5.02000000
2018-02-27 22:02:43,0.00146530,21.28000000
2018-02-27 22:02:43,0.00146580,10.72000000
2018-02-27 22:02:44,0.00146580,0.50000000
2018-02-27 22:02:45,0.00146510,84.64000000
2018-02-27 22:02:46,0.00146440,3.24000000
2018-02-27 22:02:48,0.00146500,89.19000000
2018-02-27 22:02:49,0.00146440,2.05000000
2018-02-27 22:02:49,0.00146580,1.00000000
2018-02-27 22:02:50,0.00146440,9.27000000
2018-02-27 22:02:53,0.00146440,0.76000000
2018-02-27 22:02:54,0.00146440,6.98000000
2018-02-27 22:02:56,0.00146510,7.16000000
2018-02-27 22:02:57,0.00146400,1.02000000
2018-02-27 22:02:58,0.00146400,4.83000000
2018-02-27 22:03:01,0.00146400,51.50000000
2018-02-27 22:03:04,0.00146400,0.76000000
2018-02-27 22:03:04,0.00146400,59.94000000
2018-02-27 22:03:04,0.00146460,25.02000000
2018-02-27 22:03:04,0.00146570,70.00000000
2018-02-27 22:03:04,0.00146760,6.89000000
2018-02-27 22:03:04,0.00146780,0.82000000
2018-02-27 22:03:04,0.00146790,2.04000000
2018-02-27 22:03:04,0.00146800,20.45000000
2018-02-27 22:03:04,0.00146870,5.00000000
2018-02-27 22:03:04,0.00146880,22.81000000
2018-02-27 22:03:04,0.00146960,4.70000000
2018-02-27 22:03:04,0.00146990,18.86000000
2018-02-27 22:03:04,0.00147000,281.47000000
2018-02-27 22:03:06,0.00146350,8.54000000
2018-02-27 22:03:07,0.00146350,38.72000000
2018-02-27 22:03:08,0.00146200,26.45000000
2018-02-27 22:03:09,0.00146350,35.40000000
2018-02-27 22:03:11,0.00146210,2.79000000
2018-02-27 22:03:13,0.00146470,16.00000000
2018-02-27 22:03:14,0.00146440,10.45000000
2018-02-27 22:03:18,0.00146450,0.05000000
2018-02-27 22:03:18,0.00146440,14.99000000
2018-02-27 22:03:19,0.00146450,0.71000000
2018-02-27 22:03:21,0.00146450,0.70000000
2018-02-27 22:03:21,0.00146440,4.56000000
2018-02-27 22:03:22,0.00146440,8.48000000
2018-02-27 22:03:22,0.00146350,4.24000000
2018-02-27 22:03:22,0.00146230,209.63000000
2018-02-27 22:03:23,0.00146230,0.32000000
2018-02-27 22:03:23,0.00146460,1.45000000
2018-02-27 22:03:23,0.00146470,0.48000000
2018-02-27 22:03:25,0.00146230,4.50000000
2018-02-27 22:03:25,0.00146200,20.51000000
2018-02-27 22:03:25,0.00146190,6.39000000
2018-02-27 22:03:25,0.00146180,107.46000000
2018-02-27 22:03:25,0.00146470,6.41000000
2018-02-27 22:03:25,0.00146490,1.17000000
2018-02-27 22:03:25,0.00146500,6.27000000
2018-02-27 22:03:27,0.00146340,94.26000000
2018-02-27 22:03:30,0.00146230,2.00000000
2018-02-27 22:03:30,0.00146180,22.50000000
2018-02-27 22:03:37,0.00146340,19.22000000
2018-02-27 22:03:37,0.00146300,255.09000000
2018-02-27 22:03:37,0.00146190,17.00000000
2018-02-27 22:03:37,0.00146180,366.82000000
2018-02-27 22:03:37,0.00146440,43.95000000
2018-02-27 22:03:38,0.00146440,24.01000000
2018-02-27 22:03:38,0.00146180,272.09000000
2018-02-27 22:03:38,0.00146180,10.05000000
2018-02-27 22:03:39,0.00146180,108.59000000
2018-02-27 22:03:39,0.00146180,319.97000000
2018-02-27 22:03:39,0.00146180,6.18000000
2018-02-27 22:03:48,0.00146190,40.36000000
2018-02-27 22:03:49,0.00146170,5.11000000
2018-02-27 22:03:52,0.00146220,6.18000000
2018-02-27 22:03:52,0.00146230,95.64000000
2018-02-27 22:03:52,0.00146230,76.55000000
2018-02-27 22:03:53,0.00146180,1.19000000
2018-02-27 22:03:55,0.00146180,67.20000000
2018-02-27 22:03:55,0.00146170,13.89000000
2018-02-27 22:03:55,0.00146140,39.14000000
2018-02-27 22:03:55,0.00146450,1.00000000
2018-02-27 22:04:00,0.00146280,99.23000000
2018-02-27 22:04:02,0.00146160,6.89000000
2018-02-27 22:04:02,0.00146140,14.05000000
2018-02-27 22:04:07,0.00146140,359.38000000
2018-02-27 22:04:07,0.00146160,6.89000000
2018-02-27 22:04:07,0.00146140,80.74000000
2018-02-27 22:04:07,0.00146130,35.00000000
2018-02-27 22:04:07,0.00146130,3.91000000
2018-02-27 22:04:08,0.00146130,28.48000000
2018-02-27 22:04:09,0.00146140,5.07000000
2018-02-27 22:04:09,0.00146140,143.01000000
2018-02-27 22:04:11,0.00146140,2.39000000
2018-02-27 22:04:14,0.00146140,65.13000000
2018-02-27 22:04:16,0.00146140,136.89000000
2018-02-27 22:04:16,0.00146320,6.89000000
2018-02-27 22:04:16,0.00146400,1.89000000
2018-02-27 22:04:17,0.00146210,45.44000000
2018-02-27 22:04:19,0.00146120,22.66000000
2018-02-27 22:04:19,0.00146120,6.63000000
2018-02-27 22:04:20,0.00146320,3.13000000
2018-02-27 22:04:24,0.00146140,11.19000000
2018-02-27 22:04:24,0.00146120,73.37000000
2018-02-27 22:04:24,0.00146060,213.85000000
2018-02-27 22:04:24,0.00146050,43.98000000
2018-02-27 22:04:24,0.00146020,4.98000000
2018-02-27 22:04:24,0.00146000,373.36000000
2018-02-27 22:04:24,0.00146000,597.58000000
2018-02-27 22:04:24,0.00145990,2.00000000
2018-02-27 22:04:24,0.00145920,0.94000000
2018-02-27 22:04:24,0.00145900,170.58000000
2018-02-27 22:04:24,0.00146000,6.83000000
2018-02-27 22:04:25,0.00146000,1.12000000
2018-02-27 22:04:25,0.00146000,1.15000000
2018-02-27 22:04:25,0.00146000,8.26000000
2018-02-27 22:04:26,0.00146000,1.02000000
2018-02-27 22:04:26,0.00146000,6.34000000
2018-02-27 22:04:26,0.00146000,6.34000000
2018-02-27 22:04:26,0.00146000,4.21000000
2018-02-27 22:04:26,0.00146000,4.85000000
2018-02-27 22:04:26,0.00146010,2.68000000
2018-02-27 22:04:26,0.00146010,21.94000000
2018-02-27 22:04:27,0.00146010,1.02000000
2018-02-27 22:04:30,0.00146010,1.03000000
2018-02-27 22:04:33,0.00146010,40.06000000
2018-02-27 22:04:34,0.00146010,7.43000000
2018-02-27 22:04:34,0.00146010,61.03000000
2018-02-27 22:04:34,0.00146000,59.27000000
2018-02-27 22:04:34,0.00146320,158.20000000
2018-02-27 22:04:34,0.00146350,104.30000000
2018-02-27 22:04:37,0.00146320,52.27000000
2018-02-27 22:04:37,0.00146000,16.33000000
2018-02-27 22:04:39,0.00146370,0.75000000
2018-02-27 22:04:39,0.00146020,1.00000000
2018-02-27 22:04:40,0.00146020,0.32000000
2018-02-27 22:04:40,0.00146010,6.89000000
2018-02-27 22:04:40,0.00146010,32.19000000
2018-02-27 22:04:40,0.00146370,39.08000000
2018-02-27 22:04:42,0.00146320,3.00000000
2018-02-27 22:04:43,0.00146320,5.46000000
2018-02-27 22:04:43,0.00146320,5.46000000
2018-02-27 22:04:43,0.00146320,5.46000000
2018-02-27 22:04:43,0.00146320,5.46000000
2018-02-27 22:04:45,0.00146020,6.89000000
2018-02-27 22:04:45,0.00146010,10.72000000
2018-02-27 22:04:45,0.00146000,45.40000000
2018-02-27 22:04:45,0.00145730,6.00000000
2018-02-27 22:04:45,0.00145720,10.38000000
2018-02-27 22:04:45,0.00145710,164.36000000
2018-02-27 22:04:47,0.00146270,3.79000000
2018-02-27 22:04:47,0.00146280,1.41000000
2018-02-27 22:04:50,0.00146270,2.36000000
2018-02-27 22:04:50,0.00146010,50.51000000
2018-02-27 22:04:51,0.00146010,62.50000000
2018-02-27 22:04:51,0.00146040,50.51000000
2018-02-27 22:04:51,0.00146270,12.35000000
2018-02-27 22:04:51,0.00146280,20.51000000
2018-02-27 22:04:51,0.00146300,33.13000000
2018-02-27 22:04:51,0.00146300,7.00000000
2018-02-27 22:04:53,0.00145890,20.00000000
2018-02-27 22:04:57,0.00145980,14.16000000
2018-02-27 22:05:07,0.00146120,109.37000000
2018-02-27 22:05:09,0.00146240,6.83000000
2018-02-27 22:05:12,0.00146010,5.84000000
2018-02-27 22:05:12,0.00146000,70.12000000
2018-02-27 22:05:13,0.00146000,58.88000000
2018-02-27 22:05:13,0.00145980,3.74000000
2018-02-27 22:05:13,0.00145960,20.55000000
2018-02-27 22:05:13,0.00145950,116.83000000
2018-02-27 22:05:13,0.00145950,2.00000000
2018-02-27 22:05:16,0.00146170,1.34000000
2018-02-27 22:05:21,0.00146150,1.34000000
2018-02-27 22:05:26,0.00146030,2.50000000
2018-02-27 22:05:26,0.00146020,6.89000000
2018-02-27 22:05:26,0.00146000,1.91000000
2018-02-27 22:05:26,0.00145980,2.00000000
2018-02-27 22:05:26,0.00145980,55.59000000
2018-02-27 22:05:28,0.00145970,10.49000000
2018-02-27 22:05:28,0.00145980,2.70000000
2018-02-27 22:05:30,0.00145980,68.51000000
2018-02-27 22:05:30,0.00145980,68.31000000
2018-02-27 22:05:31,0.00145950,8.44000000
2018-02-27 22:05:32,0.00145950,125.31000000
2018-02-27 22:05:33,0.00145890,25.85000000
2018-02-27 22:05:33,0.00145950,3.82000000
2018-02-27 22:05:33,0.00145950,6.85000000
2018-02-27 22:05:33,0.00145950,34.32000000
2018-02-27 22:05:33,0.00145980,13.00000000
2018-02-27 22:05:33,0.00145980,6.89000000
2018-02-27 22:05:33,0.00145980,6.89000000
2018-02-27 22:05:34,0.00146000,7.79000000
2018-02-27 22:05:34,0.00145980,26.38000000
2018-02-27 22:05:34,0.00146000,0.01000000
2018-02-27 22:05:34,0.00145890,9.05000000
2018-02-27 22:05:36,0.00145730,10.32000000
2018-02-27 22:05:36,0.00145710,15.23000000
2018-02-27 22:05:36,0.00145750,3.37000000
2018-02-27 22:05:36,0.00145710,86.37000000
2018-02-27 22:05:36,0.00145700,67.58000000
2018-02-27 22:05:36,0.00145930,2.97000000
2018-02-27 22:05:36,0.00145930,1.78000000
2018-02-27 22:05:37,0.00145930,1.02000000
2018-02-27 22:05:37,0.00145930,1.12000000
2018-02-27 22:05:38,0.00145980,27.37000000
2018-02-27 22:05:39,0.00145980,5.00000000
2018-02-27 22:05:41,0.00145930,2.05000000
2018-02-27 22:05:42,0.00145930,1.51000000
2018-02-27 22:05:42,0.00145730,2.02000000
2018-02-27 22:05:44,0.00145960,1.34000000
2018-02-27 22:05:47,0.00145730,4.87000000
2018-02-27 22:05:47,0.00145710,17.12000000
2018-02-27 22:05:47,0.00145910,1.00000000
2018-02-27 22:05:48,0.00145910,1.29000000
2018-02-27 22:05:48,0.00145910,4.58000000
2018-02-27 22:05:48,0.00145800,4.83000000
2018-02-27 22:05:49,0.00145910,0.02000000
2018-02-27 22:05:50,0.00145960,7.90000000
2018-02-27 22:05:50,0.00145980,48.78000000
2018-02-27 22:05:50,0.00145980,5.00000000
2018-02-27 22:05:51,0.00145910,2.03000000
2018-02-27 22:05:51,0.00145800,9.66000000
2018-02-27 22:05:51,0.00145730,3.10000000
2018-02-27 22:05:52,0.00145910,0.69000000
2018-02-27 22:05:52,0.00145730,2.08000000
2018-02-27 22:05:52,0.00145730,6.84000000
2018-02-27 22:05:52,0.00145730,6.84000000
2018-02-27 22:05:53,0.00145730,6.84000000
2018-02-27 22:05:53,0.00145730,6.84000000
2018-02-27 22:05:53,0.00145730,10.76000000
2018-02-27 22:05:53,0.00145980,0.02000000
2018-02-27 22:05:53,0.00145990,4.99000000
2018-02-27 22:05:54,0.00145930,1.12000000
2018-02-27 22:05:56,0.00145930,6.85000000
2018-02-27 22:05:57,0.00145930,115.32000000
2018-02-27 22:05:58,0.00145990,7.76000000
2018-02-27 22:05:58,0.00146080,2.24000000
2018-02-27 22:06:00,0.00146080,5.00000000
2018-02-27 22:06:02,0.00146080,48.35000000
2018-02-27 22:06:02,0.00146170,15.60000000
2018-02-27 22:06:03,0.00146170,1.78000000
2018-02-27 22:06:05,0.00146000,6.89000000
2018-02-27 22:06:05,0.00145980,307.87000000
2018-02-27 22:06:05,0.00145980,6.89000000
2018-02-27 22:06:07,0.00146050,60.66000000
2018-02-27 22:06:07,0.00145980,6.89000000
2018-02-27 22:06:07,0.00146130,1.71000000
2018-02-27 22:06:08,0.00145960,31.90000000
2018-02-27 22:06:09,0.00145960,68.90000000
2018-02-27 22:06:12,0.00145960,14.08000000
2018-02-27 22:06:12,0.00145870,15.53000000
2018-02-27 22:06:13,0.00145890,6.89000000
2018-02-27 22:06:14,0.00145790,68.57000000
2018-02-27 22:06:14,0.00145780,15.54000000
2018-02-27 22:06:14,0.00145750,67.32000000
2018-02-27 22:06:14,0.00145710,30.48000000
2018-02-27 22:06:15,0.00146050,59.66000000
2018-02-27 22:06:15,0.00145720,4.82000000
2018-02-27 22:06:17,0.00145720,15.18000000
2018-02-27 22:06:17,0.00145710,63.40000000
2018-02-27 22:06:17,0.00145710,1.00000000
2018-02-27 22:06:17,0.00145710,77.97000000
2018-02-27 22:06:17,0.00145710,7.13000000
2018-02-27 22:06:17,0.00145700,1.78000000
2018-02-27 22:06:17,0.00146010,6.83000000
2018-02-27 22:06:17,0.00146010,6.83000000
2018-02-27 22:06:17,0.00146010,1.52000000
2018-02-27 22:06:18,0.00145960,3.00000000
2018-02-27 22:06:18,0.00146020,6.83000000
2018-02-27 22:06:18,0.00146020,4.88000000
2018-02-27 22:06:20,0.00145890,6.83000000
2018-02-27 22:06:20,0.00145890,0.04000000
2018-02-27 22:06:21,0.00145890,6.87000000
2018-02-27 22:06:24,0.00146060,4.45000000
2018-02-27 22:06:24,0.00146070,31.07000000
2018-02-27 22:06:24,0.00146080,4.35000000
2018-02-27 22:06:24,0.00145890,3.91000000
2018-02-27 22:06:29,0.00146070,22.25000000
2018-02-27 22:06:29,0.00146080,485.44000000
2018-02-27 22:06:29,0.00146110,6.89000000
2018-02-27 22:06:29,0.00146120,9.99000000
2018-02-27 22:06:29,0.00146130,5.18000000
2018-02-27 22:06:29,0.00146150,40.25000000
2018-02-27 22:06:33,0.00145850,68.60000000
2018-02-27 22:06:33,0.00145840,20.57000000
2018-02-27 22:06:33,0.00145780,38.76000000
2018-02-27 22:06:33,0.00145700,177.41000000
2018-02-27 22:06:33,0.00145620,5.00000000
2018-02-27 22:06:33,0.00145600,34.86000000
2018-02-27 22:06:33,0.00145600,2.45000000
2018-02-27 22:06:33,0.00145890,1.34000000
2018-02-27 22:06:36,0.00145880,37.32000000
2018-02-27 22:06:37,0.00145880,6.16000000
2018-02-27 22:06:38,0.00145880,1.21000000
2018-02-27 22:06:39,0.00145880,23.91000000
2018-02-27 22:06:39,0.00145890,22.55000000
2018-02-27 22:06:39,0.00146140,38.76000000
2018-02-27 22:06:39,0.00146150,290.37000000
2018-02-27 22:06:39,0.00146170,344.43000000
2018-02-27 22:06:42,0.00146170,97.20000000
2018-02-27 22:06:44,0.00145870,6.89000000
2018-02-27 22:06:44,0.00145610,48.36000000
2018-02-27 22:06:44,0.00145600,471.86000000
2018-02-27 22:06:46,0.00146000,2.05000000
2018-02-27 22:06:48,0.00145890,6.00000000
2018-02-27 22:06:48,0.00146000,6.46000000
2018-02-27 22:06:49,0.00145890,2.42000000
2018-02-27 22:06:51,0.00146000,2.05000000
2018-02-27 22:06:53,0.00146000,14.20000000
2018-02-27 22:06:54,0.00145940,11.84000000
2018-02-27 22:06:58,0.00146000,4.00000000
2018-02-27 22:06:59,0.00145940,4.62000000
2018-02-27 22:07:02,0.00145940,6.00000000
2018-02-27 22:07:02,0.00145890,12.45000000
2018-02-27 22:07:02,0.00145600,802.12000000
2018-02-27 22:07:05,0.00145790,47.31000000
2018-02-27 22:07:05,0.00145790,1.00000000
2018-02-27 22:07:05,0.00145790,13.70000000
2018-02-27 22:07:05,0.00145790,8.69000000
2018-02-27 22:07:06,0.00145940,38.42000000
2018-02-27 22:07:06,0.00146000,41.24000000
2018-02-27 22:07:06,0.00146120,6.89000000
2018-02-27 22:07:06,0.00146140,93.41000000
2018-02-27 22:07:06,0.00146170,336.89000000
2018-02-27 22:07:12,0.00146160,2.86000000
2018-02-27 22:07:12,0.00145890,1.61000000
2018-02-27 22:07:12,0.00145890,3.85000000
2018-02-27 22:07:14,0.00145980,0.23000000
2018-02-27 22:07:16,0.00145980,4.69000000
2018-02-27 22:07:25,0.00145920,16.91000000
2018-02-27 22:07:27,0.00145890,15.73000000
2018-02-27 22:07:28,0.00145970,5.00000000
2018-02-27 22:07:28,0.00145970,6.85000000
2018-02-27 22:07:31,0.00145890,1.23000000
2018-02-27 22:07:31,0.00145970,3.42000000
2018-02-27 22:07:34,0.00145890,30.56000000
2018-02-27 22:07:34,0.00145880,15.00000000
2018-02-27 22:07:34,0.00145870,20.56000000
2018-02-27 22:07:34,0.00145790,47.01000000
2018-02-27 22:07:35,0.00145970,8.27000000
2018-02-27 22:07:35,0.00145980,175.11000000
2018-02-27 22:07:36,0.00145980,8.73000000
2018-02-27 22:07:40,0.00145960,1.50000000
2018-02-27 22:07:40,0.00145950,2.72000000
2018-02-27 22:07:40,0.00145790,15.00000000
2018-02-27 22:07:40,0.00145670,4.86000000
2018-02-27 22:07:40,0.00145600,65.79000000
2018-02-27 22:07:40,0.00145580,128.36000000
2018-02-27 22:07:44,0.00145930,1.00000000
2018-02-27 22:07:46,0.00145650,5.68000000
2018-02-27 22:07:53,0.00145660,3.47000000
2018-02-27 22:07:53,0.00145650,1.21000000
2018-02-27 22:07:53,0.00145600,15.32000000
2018-02-27 22:07:56,0.00145610,68.65000000
2018-02-27 22:07:56,0.00145600,7.77000000
2018-02-27 22:07:56,0.00145590,72.89000000
2018-02-27 22:07:56,0.00145560,10.53000000
2018-02-27 22:07:56,0.00145610,8.59000000
2018-02-27 22:07:56,0.00145610,6.85000000
2018-02-27 22:07:57,0.00145610,3.48000000
2018-02-27 22:07:59,0.00145750,21.98000000
2018-02-27 22:07:59,0.00145750,1.12000000
2018-02-27 22:08:00,0.00145750,1.00000000
2018-02-27 22:08:00,0.00145750,1.12000000
2018-02-27 22:08:01,0.00145650,4.00000000
2018-02-27 22:08:02,0.00145650,2.86000000
2018-02-27 22:08:02,0.00145600,18.08000000
2018-02-27 22:08:03,0.00145750,2.05000000
2018-02-27 22:08:03,0.00145750,1.06000000
2018-02-27 22:08:03,0.00145750,3.27000000
2018-02-27 22:08:03,0.00145750,20.00000000
2018-02-27 22:08:04,0.00145750,1.12000000
2018-02-27 22:08:05,0.00145750,1.12000000
2018-02-27 22:08:05,0.00145600,12.11000000
2018-02-27 22:08:05,0.00145570,34.11000000
2018-02-27 22:08:05,0.00145560,25.36000000
2018-02-27 22:08:05,0.00145550,88.67000000
2018-02-27 22:08:05,0.00145540,1124.24000000
2018-02-27 22:08:06,0.00145750,1.15000000
2018-02-27 22:08:09,0.00145600,1.00000000
2018-02-27 22:08:09,0.00145560,6.89000000
2018-02-27 22:08:09,0.00145540,29.83000000
2018-02-27 22:08:09,0.00145520,209.28000000
2018-02-27 22:08:10,0.00145720,13.66000000
2018-02-27 22:08:10,0.00145730,6.87000000
2018-02-27 22:08:11,0.00145730,0.02000000
2018-02-27 22:08:11,0.00145750,19.98000000
2018-02-27 22:08:11,0.00145550,25.04000000
2018-02-27 22:08:11,0.00145540,8.92000000
2018-02-27 22:08:11,0.00145520,185.76000000
2018-02-27 22:08:11,0.00145510,347.93000000
2018-02-27 22:08:11,0.00145510,6.79000000
2018-02-27 22:08:11,0.00145510,1.47000000
2018-02-27 22:08:11,0.00145510,24.35000000
2018-02-27 22:08:11,0.00145510,72.90000000
2018-02-27 22:08:11,0.00145510,6.85000000
2018-02-27 22:08:12,0.00145510,20.60000000
2018-02-27 22:08:12,0.00145510,48.56000000
2018-02-27 22:08:12,0.00145510,88.98000000
2018-02-27 22:08:12,0.00145750,1.35000000
2018-02-27 22:08:12,0.00145750,81.42000000
2018-02-27 22:08:14,0.00145650,16.75000000
2018-02-27 22:08:14,0.00145500,0.83000000
2018-02-27 22:08:15,0.00145500,58.70000000
2018-02-27 22:08:17,0.00145620,80.85000000
2018-02-27 22:08:19,0.00145740,1.93000000
2018-02-27 22:08:19,0.00145750,1.83000000
2018-02-27 22:08:19,0.00145750,7.76000000
2018-02-27 22:08:24,0.00145520,50.00000000
2018-02-27 22:08:24,0.00145500,154.10000000
2018-02-27 22:08:29,0.00145540,6.77000000
2018-02-27 22:08:31,0.00145560,6.89000000
2018-02-27 22:08:31,0.00145540,0.12000000
2018-02-27 22:08:31,0.00145520,7.14000000
2018-02-27 22:08:32,0.00145730,2.05000000
2018-02-27 22:08:33,0.00145520,43.36000000
2018-02-27 22:08:33,0.00145500,182.49000000
2018-02-27 22:08:33,0.00145500,27.06000000
2018-02-27 22:08:34,0.00145500,1.12000000
2018-02-27 22:08:34,0.00145500,145.97000000
2018-02-27 22:08:34,0.00145500,114.61000000
2018-02-27 22:08:35,0.00145500,15.00000000
2018-02-27 22:08:35,0.00145500,1.03000000
2018-02-27 22:08:36,0.00145500,11.63000000
2018-02-27 22:08:36,0.00145500,2.06000000
2018-02-27 22:08:36,0.00145490,12.41000000
2018-02-27 22:08:36,0.00145480,4.25000000
2018-02-27 22:08:36,0.00145460,0.84000000
2018-02-27 22:08:36,0.00145450,135.85000000
2018-02-27 22:08:36,0.00145420,206.43000000
2018-02-27 22:08:38,0.00145420,59.94000000
2018-02-27 22:08:38,0.00145500,4.12000000
2018-02-27 22:08:39,0.00145500,162.17000000
2018-02-27 22:08:43,0.00145520,314.82000000
2018-02-27 22:08:44,0.00145620,13.53000000
2018-02-27 22:08:44,0.00145510,85.92000000
2018-02-27 22:08:46,0.00145520,6.00000000
2018-02-27 22:08:46,0.00145520,3.23000000
2018-02-27 22:08:46,0.00145520,7.87000000
2018-02-27 22:08:47,0.00145520,65.07000000
2018-02-27 22:08:47,0.00145520,59.08000000
2018-02-27 22:08:47,0.00145500,19.70000000
2018-02-27 22:08:47,0.00145420,383.84000000
2018-02-27 22:08:48,0.00145620,13.53000000
2018-02-27 22:08:48,0.00145730,11.73000000
2018-02-27 22:08:48,0.00145760,21.98000000
2018-02-27 22:08:48,0.00145890,5.00000000
2018-02-27 22:08:48,0.00145900,3.47000000
2018-02-27 22:08:48,0.00145910,6.89000000
2018-02-27 22:08:48,0.00145940,20.56000000
2018-02-27 22:08:48,0.00145940,5.46000000
2018-02-27 22:08:48,0.00145940,4.92000000
2018-02-27 22:08:48,0.00145420,5.46000000
2018-02-27 22:08:49,0.00145960,15.00000000
2018-02-27 22:08:50,0.00145490,11.67000000
2018-02-27 22:08:50,0.00145620,16.00000000
2018-02-27 22:08:51,0.00145490,6.87000000
2018-02-27 22:08:53,0.00145610,8.72000000
2018-02-27 22:08:53,0.00145500,8.74000000
2018-02-27 22:08:53,0.00145490,0.02000000
2018-02-27 22:08:54,0.00145490,2.93000000
2018-02-27 22:08:55,0.00145500,3.72000000
2018-02-27 22:08:56,0.00145500,4.66000000
2018-02-27 22:08:56,0.00145510,32.13000000
2018-02-27 22:08:57,0.00145620,5.55000000
2018-02-27 22:08:58,0.00145500,5.49000000
2018-02-27 22:08:59,0.00145500,3.43000000
2018-02-27 22:08:59,0.00145500,22.94000000
2018-02-27 22:09:02,0.00145600,10.00000000
2018-02-27 22:09:05,0.00145510,1.42000000
2018-02-27 22:09:05,0.00145500,8.58000000
2018-02-27 22:09:09,0.00145600,8.71000000
2018-02-27 22:09:09,0.00145620,18.39000000
2018-02-27 22:09:09,0.00145550,90.99000000
2018-02-27 22:09:09,0.00145520,9.92000000
2018-02-27 22:09:09,0.00145500,10.08000000
2018-02-27 22:09:10,0.00145520,2.34000000
2018-02-27 22:09:10,0.00145500,8.62000000
2018-02-27 22:09:11,0.00145500,4.00000000
2018-02-27 22:09:19,0.00145500,15.02000000
2018-02-27 22:09:20,0.00145470,37.09000000
2018-02-27 22:09:21,0.00145500,8.56000000
2018-02-27 22:09:21,0.00145560,2.80000000
2018-02-27 22:09:23,0.00145560,0.03000000
2018-02-27 22:09:28,0.00145500,78.42000000
2018-02-27 22:09:28,0.00145560,46.88000000
2018-02-27 22:09:31,0.00145450,250.71000000
2018-02-27 22:09:31,0.00145440,6.89000000
2018-02-27 22:09:35,0.00145500,12.90000000
2018-02-27 22:09:35,0.00145420,76.75000000
2018-02-27 22:09:35,0.00145410,2.43000000
2018-02-27 22:09:35,0.00145400,949.95000000
2018-02-27 22:09:35,0.00145400,2.17000000
2018-02-27 22:09:37,0.00145500,13.59000000
2018-02-27 22:09:37,0.00145560,32.76000000
2018-02-27 22:09:37,0.00145600,22.35000000
2018-02-27 22:09:37,0.00145420,100.00000000
2018-02-27 22:09:37,0.00145400,216.88000000
2018-02-27 22:09:37,0.00145390,222.41000000
2018-02-27 22:09:39,0.00145500,77.81000000
2018-02-27 22:09:41,0.00145450,95.96000000
2018-02-27 22:09:42,0.00145410,92.81000000
2018-02-27 22:09:45,0.00145450,15.12000000
2018-02-27 22:09:45,0.00145410,238.58000000
2018-02-27 22:09:45,0.00145410,179.59000000
2018-02-27 22:09:45,0.00145410,19.62000000
2018-02-27 22:09:46,0.00145380,5.00000000
2018-02-27 22:09:46,0.00145350,7.51000000
2018-02-27 22:09:49,0.00145410,21.20000000
2018-02-27 22:09:49,0.00145350,61.32000000
2018-02-27 22:09:51,0.00145350,93.54000000
2018-02-27 22:09:51,0.00145350,4.21000000
2018-02-27 22:09:51,0.00145340,3.76000000
2018-02-27 22:09:51,0.00145330,1.53000000
2018-02-27 22:09:52,0.00145500,58.76000000
2018-02-27 22:09:53,0.00145500,10.59000000
2018-02-27 22:09:54,0.00145500,23.75000000
2018-02-27 22:09:56,0.00145410,42.17000000
2018-02-27 22:09:59,0.00145500,46.55000000
2018-02-27 22:10:02,0.00145330,2.24000000
2018-02-27 22:10:02,0.00145500,1.72000000
2018-02-27 22:10:03,0.00145500,0.90000000
2018-02-27 22:10:04,0.00145500,2.31000000
2018-02-27 22:10:04,0.00145470,4.48000000
2018-02-27 22:10:06,0.00145470,5.47000000
2018-02-27 22:10:06,0.00145500,12.53000000
2018-02-27 22:10:07,0.00145500,95.85000000
2018-02-27 22:10:09,0.00145500,23.66000000
2018-02-27 22:10:10,0.00145500,6.34000000
2018-02-27 22:10:10,0.00145500,15.00000000
2018-02-27 22:10:13,0.00145590,1.03000000
2018-02-27 22:10:17,0.00145500,1.00000000
2018-02-27 22:10:17,0.00145510,14.82000000
2018-02-27 22:10:18,0.00145540,101.03000000
2018-02-27 22:10:19,0.00145590,24.52000000
2018-02-27 22:10:19,0.00145600,6.89000000
2018-02-27 22:10:19,0.00145620,107.80000000
2018-02-27 22:10:19,0.00145920,747.28000000
2018-02-27 22:10:19,0.00145940,6.89000000
2018-02-27 22:10:19,0.00145960,100.32000000
2018-02-27 22:10:19,0.00145910,6.85000000
2018-02-27 22:10:19,0.00145910,4.07000000
2018-02-27 22:10:20,0.00145910,6.85000000
2018-02-27 22:10:20,0.00145910,5.19000000
2018-02-27 22:10:20,0.00145520,5.19000000
2018-02-27 22:10:21,0.00145950,20.00000000
2018-02-27 22:10:21,0.00145960,0.39000000
2018-02-27 22:10:21,0.00145970,25.61000000
2018-02-27 22:10:23,0.00145970,0.49000000
2018-02-27 22:10:24,0.00145960,1.37000000
2018-02-27 22:10:24,0.00145960,0.70000000
2018-02-27 22:10:25,0.00145960,2.39000000
2018-02-27 22:10:25,0.00145970,4.14000000
2018-02-27 22:10:30,0.00145950,5.19000000
2018-02-27 22:10:30,0.00145960,1.33000000
2018-02-27 22:10:31,0.00145710,20.00000000
2018-02-27 22:10:31,0.00145700,5.66000000
2018-02-27 22:10:32,0.00145960,9.34000000
2018-02-27 22:10:32,0.00145970,16.44000000
2018-02-27 22:10:32,0.00145970,1.00000000
2018-02-27 22:10:33,0.00145960,21.02000000
2018-02-27 22:10:33,0.00145700,1.23000000
2018-02-27 22:10:33,0.00145670,2.20000000
2018-02-27 22:10:34,0.00145930,2.35000000
2018-02-27 22:10:35,0.00145810,47.24000000
2018-02-27 22:10:36,0.00145930,4.54000000
2018-02-27 22:10:36,0.00145960,4.46000000
2018-02-27 22:10:38,0.00145970,15.82000000
2018-02-27 22:10:38,0.00145960,18.18000000
2018-02-27 22:10:38,0.00145960,285.18000000
2018-02-27 22:10:38,0.00145960,18.17000000
2018-02-27 22:10:38,0.00145960,159.18000000
2018-02-27 22:10:40,0.00145880,41.28000000
2018-02-27 22:10:40,0.00145810,3.25000000
2018-02-27 22:10:43,0.00145970,42.12000000
2018-02-27 22:10:43,0.00145990,120.88000000
2018-02-27 22:10:44,0.00145990,81.32000000
2018-02-27 22:10:44,0.00146000,212.63000000
2018-02-27 22:10:44,0.00146000,20.13000000
2018-02-27 22:10:44,0.00146000,6.84000000
2018-02-27 22:10:45,0.00146020,6.00000000
2018-02-27 22:10:46,0.00146020,0.89000000
2018-02-27 22:10:46,0.00146000,155.34000000
2018-02-27 22:10:46,0.00145960,162.74000000
2018-02-27 22:10:46,0.00146220,6.85000000
2018-02-27 22:10:48,0.00146020,14.90000000
2018-02-27 22:10:48,0.00146020,6.10000000
2018-02-27 22:10:48,0.00146220,0.04000000
2018-02-27 22:10:48,0.00146240,0.49000000
2018-02-27 22:10:48,0.00146240,11.87000000
2018-02-27 22:10:48,0.00146270,26.25000000
2018-02-27 22:10:48,0.00146290,2.04000000
2018-02-27 22:10:48,0.00146300,5.88000000
2018-02-27 22:10:51,0.00146290,20.35000000
2018-02-27 22:10:51,0.00146290,30.30000000
2018-02-27 22:10:55,0.00146300,1.00000000
2018-02-27 22:10:56,0.00146160,106.10000000
2018-02-27 22:10:57,0.00146300,0.01000000
2018-02-27 22:10:58,0.00146290,8.93000000
2018-02-27 22:10:58,0.00146290,103.87000000
2018-02-27 22:11:01,0.00146040,6.89000000
2018-02-27 22:11:01,0.00146020,10.15000000
2018-02-27 22:11:01,0.00146010,6.89000000
2018-02-27 22:11:01,0.00146000,20.54000000
2018-02-27 22:11:01,0.00145980,57.06000000
2018-02-27 22:11:01,0.00145960,4.74000000
2018-02-27 22:11:04,0.00146270,25.04000000
2018-02-27 22:11:09,0.00146190,15.00000000
2018-02-27 22:11:09,0.00146190,17.02000000
2018-02-27 22:11:09,0.00146200,34.92000000
2018-02-27 22:11:09,0.00146280,13.78000000
2018-02-27 22:11:09,0.00146300,214.33000000
2018-02-27 22:11:10,0.00146310,52.32000000
2018-02-27 22:11:10,0.00146300,64.80000000
2018-02-27 22:11:10,0.00146300,52.32000000
2018-02-27 22:11:12,0.00146310,12.59000000
2018-02-27 22:11:13,0.00146070,11.02000000
2018-02-27 22:11:19,0.00146300,6.83000000
2018-02-27 22:11:20,0.00146300,4.19000000
2018-02-27 22:11:20,0.00146310,9.76000000
2018-02-27 22:11:21,0.00146310,0.02000000
2018-02-27 22:11:25,0.00146290,1.00000000
2018-02-27 22:11:25,0.00146310,70.11000000
2018-02-27 22:11:27,0.00146200,111.18000000
2018-02-27 22:11:29,0.00146290,19.03000000
2018-02-27 22:11:29,0.00146290,11.18000000
2018-02-27 22:11:29,0.00146290,8.66000000
2018-02-27 22:11:32,0.00146290,30.02000000
2018-02-27 22:11:32,0.00146290,58.64000000
2018-02-27 22:11:35,0.00146290,477.71000000
2018-02-27 22:11:37,0.00146300,279.42000000
2018-02-27 22:11:38,0.00146200,57.39000000
2018-02-27 22:11:40,0.00146110,34.91000000
2018-02-27 22:11:43,0.00146200,47.56000000
2018-02-27 22:11:43,0.00146270,6.89000000
2018-02-27 22:11:43,0.00146280,15.14000000
2018-02-27 22:11:43,0.00146290,10.23000000
2018-02-27 22:11:44,0.00146290,82.21000000
2018-02-27 22:11:44,0.00146300,220.58000000
2018-02-27 22:11:44,0.00146310,1.11000000
2018-02-27 22:11:47,0.00146300,50.00000000
2018-02-27 22:11:48,0.00146300,1.72000000
2018-02-27 22:11:48,0.00146300,30.00000000
2018-02-27 22:11:48,0.00146300,17.45000000
2018-02-27 22:11:50,0.00146310,31.90000000
2018-02-27 22:11:50,0.00146310,23.60000000
2018-02-27 22:11:54,0.00146310,17.46000000
2018-02-27 22:11:55,0.00146310,3.77000000
2018-02-27 22:11:57,0.00146310,27.67000000
2018-02-27 22:11:57,0.00146310,31.28000000
2018-02-27 22:11:57,0.00146300,182.40000000
2018-02-27 22:11:58,0.00146300,20.42000000
2018-02-27 22:11:58,0.00146290,2.92000000
2018-02-27 22:11:59,0.00146310,0.04000000
2018-02-27 22:12:02,0.00146310,2.80000000
2018-02-27 22:12:02,0.00146310,2.14000000
2018-02-27 22:12:03,0.00146210,20.12000000
2018-02-27 22:12:03,0.00146310,82.61000000
2018-02-27 22:12:06,0.00146140,1.00000000
2018-02-27 22:12:10,0.00146300,17.46000000
2018-02-27 22:12:10,0.00146310,49.94000000
2018-02-27 22:12:11,0.00146210,62.35000000
2018-02-27 22:12:17,0.00146300,30.00000000
2018-02-27 22:12:17,0.00146310,45.60000000
2018-02-27 22:12:19,0.00146200,3.75000000
2018-02-27 22:12:20,0.00146200,13.70000000
2018-02-27 22:12:20,0.00146210,258.37000000
2018-02-27 22:12:20,0.00146140,6.23000000
2018-02-27 22:12:20,0.00146110,33.40000000
2018-02-27 22:12:20,0.00146070,2.00000000
2018-02-27 22:12:20,0.00146060,1.50000000
2018-02-27 22:12:20,0.00146050,42.67000000
2018-02-27 22:12:20,0.00146010,57.13000000
2018-02-27 22:12:20,0.00146000,561.66000000
2018-02-27 22:12:20,0.00145990,20.08000000
2018-02-27 22:12:20,0.00145970,38.20000000
2018-02-27 22:12:20,0.00145900,2.89000000
2018-02-27 22:12:20,0.00145890,11.25000000
2018-02-27 22:12:20,0.00145800,164.32000000
2018-02-27 22:12:20,0.00145610,6.82000000
2018-02-27 22:12:20,0.00145580,3.43000000
2018-02-27 22:12:20,0.00145550,18.85000000
2018-02-27 22:12:20,0.00145510,20.34000000
2018-02-27 22:12:20,0.00145500,456.10000000
2018-02-27 22:12:20,0.00145450,1.95000000
2018-02-27 22:12:20,0.00145410,101.30000000
2018-02-27 22:12:20,0.00145390,205.73000000
2018-02-27 22:12:20,0.00145370,68.78000000
2018-02-27 22:12:20,0.00145330,8.25000000
2018-02-27 22:12:20,0.00145320,2.24000000
2018-02-27 22:12:20,0.00145310,7.76000000
2018-02-27 22:12:20,0.00145300,7.59000000
2018-02-27 22:12:20,0.00145290,7.80000000
2018-02-27 22:12:20,0.00145240,9.00000000
2018-02-27 22:12:20,0.00145210,21.87000000
2018-02-27 22:12:20,0.00145200,264.97000000
2018-02-27 22:12:20,0.00145190,3.38000000
2018-02-27 22:12:20,0.00145180,322.01000000
2018-02-27 22:12:20,0.00145170,242.12000000
2018-02-27 22:12:20,0.00145160,5.00000000
2018-02-27 22:12:20,0.00145140,3.45000000
2018-02-27 22:12:20,0.00145100,516.09000000
2018-02-27 22:12:20,0.00145090,8.28000000
2018-02-27 22:12:20,0.00145060,14.60000000
2018-02-27 22:12:20,0.00145020,250.00000000
2018-02-27 22:12:20,0.00145010,12.82000000
2018-02-27 22:12:20,0.00145000,14.19000000
2018-02-27 22:12:20,0.00145000,30.00000000
2018-02-27 22:12:20,0.00145000,15.08000000
2018-02-27 22:12:20,0.00145000,14.98000000
2018-02-27 22:12:20,0.00145000,3.32000000
2018-02-27 22:12:20,0.00145000,9.70000000
2018-02-27 22:12:20,0.00145000,44.82000000
2018-02-27 22:12:21,0.00145400,6.86000000
2018-02-27 22:12:21,0.00145400,1.35000000
2018-02-27 22:12:22,0.00145400,0.35000000
2018-02-27 22:12:22,0.00145720,6.88000000
2018-02-27 22:12:22,0.00145730,2.35000000
2018-02-27 22:12:23,0.00145420,37.63000000
2018-02-27 22:12:23,0.00145410,20.00000000
2018-02-27 22:12:23,0.00145400,6.81000000
2018-02-27 22:12:23,0.00145700,2.44000000
2018-02-27 22:12:25,0.00145490,1.29000000
2018-02-27 22:12:26,0.00145510,67.44000000
2018-02-27 22:12:26,0.00145500,5.84000000
2018-02-27 22:12:26,0.00145420,8.15000000
2018-02-27 22:12:26,0.00145400,1.40000000
2018-02-27 22:12:26,0.00145110,2.06000000
2018-02-27 22:12:26,0.00145090,63.66000000
2018-02-27 22:12:26,0.00145000,143.93000000
2018-02-27 22:12:28,0.00146110,30.00000000
2018-02-27 22:12:28,0.00146110,14.50000000
2018-02-27 22:12:31,0.00145540,29.25000000
2018-02-27 22:12:31,0.00145530,21.24000000
2018-02-27 22:12:33,0.00145590,3.43000000
2018-02-27 22:12:33,0.00145530,1.59000000
2018-02-27 22:12:33,0.00145770,1.34000000
2018-02-27 22:12:34,0.00145530,20.00000000
2018-02-27 22:12:36,0.00145750,4.90000000
2018-02-27 22:12:40,0.00145530,67.43000000
2018-02-27 22:12:41,0.00145520,17.99000000
2018-02-27 22:12:46,0.00145630,5.08000000
2018-02-27 22:12:46,0.00145450,6.89000000
2018-02-27 22:12:46,0.00145430,6.89000000
2018-02-27 22:12:46,0.00145410,48.75000000
2018-02-27 22:12:50,0.00145570,7.30000000
2018-02-27 22:12:51,0.00145410,36.26000000
2018-02-27 22:12:52,0.00145410,0.51000000
2018-02-27 22:12:53,0.00145410,15.12000000
2018-02-27 22:12:53,0.00145410,0.68000000
2018-02-27 22:12:53,0.00145550,20.32000000
2018-02-27 22:12:53,0.00145270,13.64000000
2018-02-27 22:12:55,0.00145500,6.75000000
2018-02-27 22:12:55,0.00145500,6.75000000
2018-02-27 22:12:56,0.00145490,1.94000000
2018-02-27 22:12:56,0.00145490,1.94000000
2018-02-27 22:12:56,0.00145490,1.94000000
2018-02-27 22:12:57,0.00145190,68.85000000
2018-02-27 22:12:57,0.00145180,20.22000000
2018-02-27 22:12:57,0.00145140,4.46000000
2018-02-27 22:12:57,0.00145140,37.45000000
2018-02-27 22:12:57,0.00145490,12.55000000
2018-02-27 22:12:57,0.00145130,36.86000000
2018-02-27 22:12:57,0.00145120,65.77000000
2018-02-27 22:12:57,0.00145480,135.98000000
2018-02-27 22:12:57,0.00145490,13.42000000
2018-02-27 22:12:57,0.00145500,90.66000000
2018-02-27 22:12:58,0.00145500,211.22000000
2018-02-27 22:13:01,0.00145410,15.81000000
2018-02-27 22:13:01,0.00145410,21.80000000
2018-02-27 22:13:02,0.00145590,2.00000000
2018-02-27 22:13:04,0.00145410,11.80000000
2018-02-27 22:13:04,0.00145480,61.97000000
2018-02-27 22:13:07,0.00145500,3.49000000
2018-02-27 22:13:07,0.00145500,3.00000000
2018-02-27 22:13:12,0.00145490,7.06000000
2018-02-27 22:13:12,0.00145410,19.53000000
2018-02-27 22:13:12,0.00145130,12.30000000
2018-02-27 22:13:12,0.00145120,369.77000000
2018-02-27 22:13:12,0.00145100,315.94000000
2018-02-27 22:13:12,0.00145030,183.99000000
2018-02-27 22:13:12,0.00145000,1724.69000000
2018-02-27 22:13:12,0.00145000,30.07000000
2018-02-27 22:13:12,0.00145000,1255.68000000
2018-02-27 22:13:12,0.00145000,0.99000000
2018-02-27 22:13:12,0.00145000,6.88000000
2018-02-27 22:13:12,0.00145000,3.63000000
2018-02-27 22:13:12,0.00145000,4.46000000
2018-02-27 22:13:12,0.00145000,10.00000000
2018-02-27 22:13:12,0.00145000,6.88000000
2018-02-27 22:13:12,0.00145000,29.02000000
2018-02-27 22:13:12,0.00145000,35.98000000
2018-02-27 22:13:12,0.00145000,6.88000000
2018-02-27 22:13:13,0.00145000,13.66000000
2018-02-27 22:13:13,0.00145000,18.32000000
2018-02-27 22:13:13,0.00144980,1.38000000
2018-02-27 22:13:13,0.00144960,100.00000000
2018-02-27 22:13:13,0.00144950,7.07000000
2018-02-27 22:13:13,0.00144910,3.52000000
2018-02-27 22:13:13,0.00144880,15.51000000
2018-02-27 22:13:13,0.00144850,15.21000000
2018-02-27 22:13:13,0.00144830,10.17000000
2018-02-27 22:13:13,0.00144820,5.47000000
2018-02-27 22:13:13,0.00144800,111.04000000
2018-02-27 22:13:13,0.00145000,46.60000000
2018-02-27 22:13:13,0.00145000,46.60000000
2018-02-27 22:13:13,0.00145000,6.87000000
2018-02-27 22:13:13,0.00145000,1.00000000
2018-02-27 22:13:13,0.00145000,115.31000000
2018-02-27 22:13:13,0.00145000,6.85000000
2018-02-27 22:13:13,0.00145000,27.01000000
2018-02-27 22:13:13,0.00145000,38.67000000
2018-02-27 22:13:13,0.00145000,115.31000000
2018-02-27 22:13:13,0.00145000,27.13000000
2018-02-27 22:13:13,0.00145000,1.00000000
2018-02-27 22:13:13,0.00145000,27.13000000
2018-02-27 22:13:13,0.00145000,21.00000000
2018-02-27 22:13:13,0.00145000,1.00000000
2018-02-27 22:13:13,0.00144990,6.85000000
2018-02-27 22:13:13,0.00145000,6.87000000
2018-02-27 22:13:13,0.00145000,12.57000000
2018-02-27 22:13:13,0.00144990,1.00000000
2018-02-27 22:13:14,0.00144990,12.83000000
2018-02-27 22:13:15,0.00144990,2.07000000
2018-02-27 22:13:15,0.00145000,2.41000000
2018-02-27 22:13:16,0.00145000,3.45000000
2018-02-27 22:13:16,0.00145000,6.90000000
2018-02-27 22:13:17,0.00144810,0.98000000
2018-02-27 22:13:17,0.00144790,0.93000000
2018-02-27 22:13:17,0.00144790,6.07000000
2018-02-27 22:13:17,0.00144770,6.91000000
2018-02-27 22:13:17,0.00144750,14.88000000
2018-02-27 22:13:17,0.00144720,18.39000000
2018-02-27 22:13:17,0.00144980,5.74000000
2018-02-27 22:13:19,0.00144970,2.07000000
2018-02-27 22:13:20,0.00144720,57.49000000
2018-02-27 22:13:20,0.00144710,2.35000000
2018-02-27 22:13:20,0.00144700,62.17000000
2018-02-27 22:13:20,0.00144650,11.00000000
2018-02-27 22:13:20,0.00144640,1.56000000
2018-02-27 22:13:20,0.00144600,17.16000000
2018-02-27 22:13:20,0.00144590,1.93000000
2018-02-27 22:13:20,0.00144560,274.92000000
2018-02-27 22:13:20,0.00144560,66.68000000
2018-02-27 22:13:20,0.00144540,5.73000000
2018-02-27 22:13:20,0.00144510,2.13000000
2018-02-27 22:13:20,0.00144540,14.50000000
2018-02-27 22:13:20,0.00144960,3.20000000
2018-02-27 22:13:20,0.00144700,2.06000000
2018-02-27 22:13:21,0.00144700,5.01000000
2018-02-27 22:13:21,0.00144700,14.76000000
2018-02-27 22:13:21,0.00144690,5.01000000
2018-02-27 22:13:22,0.00144690,4.60000000
2018-02-27 22:13:22,0.00144690,1.03000000
2018-02-27 22:13:22,0.00144690,4.60000000
2018-02-27 22:13:23,0.00144680,2.41000000
2018-02-27 22:13:23,0.00144680,1.84000000
2018-02-27 22:13:23,0.00144680,2.64000000
2018-02-27 22:13:23,0.00144700,1.84000000
2018-02-27 22:13:24,0.00144690,1.37000000
2018-02-27 22:13:24,0.00144700,6.70000000
2018-02-27 22:13:24,0.00144690,13.60000000
2018-02-27 22:13:25,0.00144680,8.63000000
2018-02-27 22:13:25,0.00144680,1.35000000
2018-02-27 22:13:26,0.00144700,2.07000000
2018-02-27 22:13:28,0.00144610,38.00000000
2018-02-27 22:13:28,0.00144540,8.00000000
2018-02-27 22:13:29,0.00144680,1.00000000
2018-02-27 22:13:29,0.00144680,1.94000000
2018-02-27 22:13:30,0.00144620,3.81000000
2018-02-27 22:13:30,0.00144610,1.11000000
2018-02-27 22:13:30,0.00144600,6.83000000
2018-02-27 22:13:31,0.00144600,1.12000000
2018-02-27 22:13:31,0.00144600,27.58000000
2018-02-27 22:13:31,0.00144610,57.53000000
2018-02-27 22:13:32,0.00144610,10.17000000
2018-02-27 22:13:32,0.00144610,1.03000000
2018-02-27 22:13:32,0.00144540,7.00000000
2018-02-27 22:13:32,0.00144510,37.49000000
2018-02-27 22:13:33,0.00144610,1.12000000
2018-02-27 22:13:33,0.00144550,18.71000000
2018-02-27 22:13:33,0.00144610,21.50000000
2018-02-27 22:13:33,0.00144610,4.25000000
2018-02-27 22:13:34,0.00144610,6.91000000
2018-02-27 22:13:34,0.00144610,1.73000000
2018-02-27 22:13:35,0.00144610,395.84000000
2018-02-27 22:13:35,0.00144690,112.80000000
2018-02-27 22:13:35,0.00144700,8.23000000
2018-02-27 22:13:35,0.00144800,85.60000000
2018-02-27 22:13:35,0.00144800,509.81000000
2018-02-27 22:13:35,0.00144960,3.69000000
2018-02-27 22:13:35,0.00144980,100.91000000
2018-02-27 22:13:36,0.00145120,13.78000000
2018-02-27 22:13:36,0.00145120,2.41000000
2018-02-27 22:13:37,0.00145120,2.07000000
2018-02-27 22:13:37,0.00145120,2.18000000
2018-02-27 22:13:37,0.00145130,6.91000000
2018-02-27 22:13:38,0.00145010,31.88000000
2018-02-27 22:13:38,0.00145100,2.06000000
2018-02-27 22:13:40,0.00145090,6.76000000
2018-02-27 22:13:40,0.00145090,2.96000000
2018-02-27 22:13:40,0.00145090,6.89000000
2018-02-27 22:13:40,0.00145090,10.06000000
2018-02-27 22:13:40,0.00145090,5.21000000
2018-02-27 22:13:40,0.00145100,15.43000000
2018-02-27 22:13:40,0.00145100,3.64000000
2018-02-27 22:13:40,0.00145100,1.31000000
2018-02-27 22:13:41,0.00145100,4.13000000
2018-02-27 22:13:41,0.00145100,1.51000000
2018-02-27 22:13:41,0.00145100,0.83000000
2018-02-27 22:13:41,0.00145100,1.59000000
2018-02-27 22:13:41,0.00145100,1.72000000
2018-02-27 22:13:41,0.00145100,1.72000000
2018-02-27 22:13:41,0.00145100,3.45000000
2018-02-27 22:13:42,0.00145000,8.03000000
2018-02-27 22:13:42,0.00145100,1.17000000
2018-02-27 22:13:42,0.00145360,0.05000000
2018-02-27 22:13:43,0.00145060,19.36000000
2018-02-27 22:13:45,0.00145360,2.75000000
2018-02-27 22:13:46,0.00145080,6.82000000
2018-02-27 22:13:46,0.00145350,4.13000000
2018-02-27 22:13:46,0.00145350,0.70000000
2018-02-27 22:13:47,0.00145340,1.72000000
2018-02-27 22:13:47,0.00145340,2.06000000
2018-02-27 22:13:48,0.00145310,14.53000000
2018-02-27 22:13:48,0.00145320,57.81000000
2018-02-27 22:13:48,0.00145360,9.93000000
2018-02-27 22:13:48,0.00145400,2.04000000
2018-02-27 22:13:48,0.00145410,65.69000000
2018-02-27 22:13:49,0.00145080,0.07000000
2018-02-27 22:13:49,0.00145070,68.90000000
2018-02-27 22:13:49,0.00145060,7.20000000
2018-02-27 22:13:49,0.00145050,20.68000000
2018-02-27 22:13:49,0.00145030,6.89000000
2018-02-27 22:13:49,0.00145010,422.97000000
2018-02-27 22:13:49,0.00145000,328.86000000
2018-02-27 22:13:49,0.00144690,13.84000000
2018-02-27 22:13:49,0.00144510,264.95000000
2018-02-27 22:13:49,0.00144500,323.97000000
2018-02-27 22:13:49,0.00144480,2.21000000
2018-02-27 22:13:49,0.00144460,5.30000000
2018-02-27 22:13:49,0.00144440,83.94000000
2018-02-27 22:13:49,0.00144400,5.53000000
2018-02-27 22:13:49,0.00144400,27.86000000
2018-02-27 22:13:49,0.00144500,6.89000000
2018-02-27 22:13:49,0.00144400,221.11000000
2018-02-27 22:13:49,0.00144380,1.93000000
2018-02-27 22:13:49,0.00144500,29.89000000
2018-02-27 22:13:53,0.00145210,68.90000000
2018-02-27 22:13:53,0.00145220,8.68000000
2018-02-27 22:13:54,0.00145220,3.03000000
2018-02-27 22:13:54,0.00145220,3.44000000
2018-02-27 22:13:56,0.00145220,22.54000000
2018-02-27 22:13:57,0.00145220,1.72000000
2018-02-27 22:13:57,0.00145220,1.51000000
2018-02-27 22:13:57,0.00145120,3.43000000
2018-02-27 22:13:57,0.00145100,6.57000000
2018-02-27 22:13:58,0.00145220,65.81000000
2018-02-27 22:14:00,0.00145120,1.35000000
2018-02-27 22:14:01,0.00145120,20.23000000
2018-02-27 22:14:01,0.00145220,19.40000000
2018-02-27 22:14:01,0.00145330,0.98000000
2018-02-27 22:14:07,0.00145330,0.83000000
2018-02-27 22:14:07,0.00145220,23.79000000
2018-02-27 22:14:07,0.00145330,3.16000000
2018-02-27 22:14:09,0.00145120,25.00000000
2018-02-27 22:14:10,0.00145220,2.48000000
2018-02-27 22:14:10,0.00145120,15.46000000
2018-02-27 22:14:10,0.00145120,1.26000000
2018-02-27 22:14:11,0.00145100,19.17000000
2018-02-27 22:14:11,0.00144990,6.68000000
2018-02-27 22:14:11,0.00144600,7.25000000
2018-02-27 22:14:11,0.00145100,5.79000000
2018-02-27 22:14:11,0.00145120,47.68000000
2018-02-27 22:14:12,0.00145090,20.00000000
2018-02-27 22:14:12,0.00145120,53.68000000
2018-02-27 22:14:12,0.00145220,20.00000000
2018-02-27 22:14:13,0.00145120,56.32000000
2018-02-27 22:14:13,0.00144630,100.00000000
2018-02-27 22:14:13,0.00144600,53.23000000
2018-02-27 22:14:13,0.00144590,18.33000000
2018-02-27 22:14:17,0.00145170,20.46000000
2018-02-27 22:14:19,0.00144750,46.45000000
2018-02-27 22:14:19,0.00145150,0.69000000
2018-02-27 22:14:20,0.00145150,0.02000000
2018-02-27 22:14:20,0.00145160,100.22000000
2018-02-27 22:14:20,0.00145180,1.91000000
2018-02-27 22:14:20,0.00145220,1.31000000
2018-02-27 22:14:20,0.00145320,12.91000000
2018-02-27 22:14:20,0.00145340,13.78000000
2018-02-27 22:14:20,0.00145360,9.87000000
2018-02-27 22:14:23,0.00145150,1.35000000
2018-02-27 22:14:23,0.00145150,3.65000000
2018-02-27 22:14:23,0.00144840,1.35000000
2018-02-27 22:14:24,0.00144840,3.65000000
2018-02-27 22:14:24,0.00144990,82.65000000
2018-02-27 22:14:28,0.00144980,46.45000000
2018-02-27 22:14:28,0.00144990,5.31000000
2018-02-27 22:14:33,0.00145140,250.00000000
2018-02-27 22:14:33,0.00145140,30.55000000
2018-02-27 22:14:33,0.00144900,10.15000000
2018-02-27 22:14:33,0.00145150,55.40000000
2018-02-27 22:14:35,0.00145150,42.83000000
2018-02-27 22:14:37,0.00144990,5.16000000
2018-02-27 22:14:40,0.00144990,44.72000000
2018-02-27 22:14:40,0.00145130,3.45000000
2018-02-27 22:14:40,0.00145140,21.80000000
2018-02-27 22:14:41,0.00145120,28.86000000
2018-02-27 22:14:44,0.00145140,304.29000000
2018-02-27 22:14:45,0.00145130,17.73000000
2018-02-27 22:14:45,0.00145120,17.30000000
2018-02-27 22:14:45,0.00145120,3.44000000
2018-02-27 22:14:46,0.00145120,1.72000000
2018-02-27 22:14:47,0.00145110,51.92000000
2018-02-27 22:14:50,0.00145120,12.11000000
2018-02-27 22:14:52,0.00145120,1.37000000
2018-02-27 22:14:54,0.00145120,126.68000000
2018-02-27 22:14:54,0.00145140,41.32000000
2018-02-27 22:14:56,0.00145140,6.20000000
2018-02-27 22:14:56,0.00145140,9.96000000
2018-02-27 22:14:56,0.00145130,1.00000000
2018-02-27 22:14:56,0.00145120,29.31000000
2018-02-27 22:14:57,0.00145120,0.77000000
2018-02-27 22:14:57,0.00145120,202.91000000
2018-02-27 22:14:57,0.00145150,139.16000000
2018-02-27 22:14:57,0.00145160,5.00000000
2018-02-27 22:14:57,0.00145170,0.80000000
2018-02-27 22:14:59,0.00145120,87.61000000
2018-02-27 22:14:59,0.00145140,117.24000000
2018-02-27 22:14:59,0.00145140,235.45000000
2018-02-27 22:15:01,0.00145330,1.72000000
2018-02-27 22:15:02,0.00145140,2.50000000
2018-02-27 22:15:04,0.00145330,14.51000000
2018-02-27 22:15:04,0.00145360,37.15000000
2018-02-27 22:15:04,0.00145390,12.35000000
2018-02-27 22:15:04,0.00145300,9.96000000
2018-02-27 22:15:05,0.00145390,1.75000000
2018-02-27 22:15:07,0.00145160,2.23000000
2018-02-27 22:15:07,0.00145390,2.08000000
2018-02-27 22:15:12,0.00145270,33.82000000
2018-02-27 22:15:16,0.00145390,2.75000000
2018-02-27 22:15:19,0.00145390,46.75000000
2018-02-27 22:15:24,0.00145380,17.95000000
2018-02-27 22:15:24,0.00145390,35.79000000
2018-02-27 22:15:24,0.00145390,22.29000000
2018-02-27 22:15:24,0.00145390,1.20000000
2018-02-27 22:15:24,0.00145390,219.44000000
2018-02-27 22:15:24,0.00145390,2.76000000
2018-02-27 22:15:24,0.00145390,84.36000000
2018-02-27 22:15:25,0.00145300,2.81000000
2018-02-27 22:15:25,0.00145390,130.78000000
2018-02-27 22:15:25,0.00145410,79.72000000
2018-02-27 22:15:26,0.00145380,4.73000000
2018-02-27 22:15:27,0.00145410,76.95000000
2018-02-27 22:15:27,0.00145400,4.71000000
2018-02-27 22:15:27,0.00145600,92.69000000
2018-02-27 22:15:33,0.00145810,68.79000000
2018-02-27 22:15:33,0.00145820,10.72000000
2018-02-27 22:15:33,0.00145890,19.38000000
2018-02-27 22:15:33,0.00145900,19.38000000
2018-02-27 22:15:33,0.00145970,8.00000000
2018-02-27 22:15:33,0.00145990,48.14000000
2018-02-27 22:15:33,0.00146000,11.52000000
2018-02-27 22:15:33,0.00146000,155.76000000
2018-02-27 22:15:33,0.00146000,1.00000000
2018-02-27 22:15:33,0.00146000,6.84000000
2018-02-27 22:15:33,0.00146000,236.64000000
2018-02-27 22:15:34,0.00145800,1.37000000
2018-02-27 22:15:35,0.00145800,7.35000000
2018-02-27 22:15:36,0.00145790,5.05000000
2018-02-27 22:15:36,0.00145800,1.27000000
2018-02-27 22:15:36,0.00145940,39.81000000
2018-02-27 22:15:37,0.00145940,15.33000000
2018-02-27 22:15:39,0.00145940,2.16000000
2018-02-27 22:15:40,0.00145940,38.71000000
2018-02-27 22:15:42,0.00145940,9.53000000
2018-02-27 22:15:42,0.00146300,111.16000000
2018-02-27 22:15:42,0.00146300,21.23000000
2018-02-27 22:15:42,0.00145830,68.55000000
2018-02-27 22:15:42,0.00145820,20.57000000
2018-02-27 22:15:42,0.00145810,10.88000000
2018-02-27 22:15:43,0.00145950,20.00000000
2018-02-27 22:15:43,0.00146140,15.74000000
2018-02-27 22:15:46,0.00146140,0.96000000
2018-02-27 22:15:46,0.00146050,38.90000000
2018-02-27 22:15:46,0.00146150,12.89000000
2018-02-27 22:15:47,0.00146140,51.85000000
2018-02-27 22:15:47,0.00146140,10.24000000
2018-02-27 22:15:47,0.00146140,6.90000000
2018-02-27 22:15:48,0.00146140,35.51000000
2018-02-27 22:15:48,0.00145970,6.89000000
2018-02-27 22:15:48,0.00145950,80.00000000
2018-02-27 22:15:49,0.00146120,20.57000000
2018-02-27 22:15:49,0.00146130,6.89000000
2018-02-27 22:15:49,0.00146150,6.51000000
2018-02-27 22:15:50,0.00145850,3.03000000
2018-02-27 22:15:51,0.00145850,65.51000000
2018-02-27 22:15:51,0.00145840,6.89000000
2018-02-27 22:15:51,0.00145810,1.37000000
2018-02-27 22:15:57,0.00146080,13.69000000
2018-02-27 22:15:57,0.00145810,118.74000000
2018-02-27 22:15:59,0.00145680,20.59000000
2018-02-27 22:15:59,0.00145660,6.89000000
2018-02-27 22:16:01,0.00145990,54.85000000
2018-02-27 22:16:01,0.00146000,25.73000000
2018-02-27 22:16:01,0.00146050,7.56000000
2018-02-27 22:16:01,0.00146060,6.89000000
2018-02-27 22:16:01,0.00146100,18.23000000
2018-02-27 22:16:02,0.00146080,67.69000000
2018-02-27 22:16:05,0.00145890,97.76000000
2018-02-27 22:16:10,0.00145810,1.72000000
2018-02-27 22:16:13,0.00145990,8.75000000
2018-02-27 22:16:13,0.00145720,2.25000000
2018-02-27 22:16:13,0.00145990,7.31000000
2018-02-27 22:16:15,0.00145890,1.00000000
2018-02-27 22:16:16,0.00145990,4.53000000
2018-02-27 22:16:16,0.00146000,3.97000000
2018-02-27 22:16:17,0.00146000,40.45000000
2018-02-27 22:16:19,0.00146000,2.84000000
2018-02-27 22:16:20,0.00146000,22.72000000
2018-02-27 22:16:22,0.00146000,63.36000000
2018-02-27 22:16:22,0.00146000,296.77000000
2018-02-27 22:16:22,0.00145820,57.52000000
2018-02-27 22:16:22,0.00145810,56.42000000
2018-02-27 22:16:24,0.00145940,43.97000000
2018-02-27 22:16:26,0.00146080,0.80000000
2018-02-27 22:16:26,0.00146090,57.52000000
2018-02-27 22:16:26,0.00146110,6.89000000
2018-02-27 22:16:26,0.00146150,59.37000000
2018-02-27 22:16:26,0.00146300,65.32000000
2018-02-27 22:16:28,0.00146070,2.25000000
2018-02-27 22:16:29,0.00146090,50.00000000
2018-02-27 22:16:30,0.00146090,7.17000000
2018-02-27 22:16:30,0.00146080,58.61000000
2018-02-27 22:16:34,0.00146110,6.89000000
2018-02-27 22:16:37,0.00146110,1.10000000
2018-02-27 22:16:38,0.00146110,2.88000000
2018-02-27 22:16:40,0.00146110,36.67000000
2018-02-27 22:16:40,0.00146130,50.46000000
2018-02-27 22:16:40,0.00146100,102.83000000
2018-02-27 22:16:43,0.00146090,1.98000000
2018-02-27 22:16:43,0.00146130,6.71000000
2018-02-27 22:16:43,0.00146140,30.00000000
2018-02-27 22:16:43,0.00146150,50.00000000
2018-02-27 22:16:43,0.00146280,6.89000000
2018-02-27 22:16:43,0.00146290,156.40000000
2018-02-27 22:16:46,0.00146290,11.02000000
2018-02-27 22:16:46,0.00146300,358.47000000
2018-02-27 22:16:47,0.00146290,1.71000000
2018-02-27 22:16:50,0.00146290,29.37000000
2018-02-27 22:16:50,0.00146200,15.00000000
2018-02-27 22:16:50,0.00146160,15.63000000
2018-02-27 22:16:50,0.00146300,30.13000000
2018-02-27 22:16:52,0.00146310,3.43000000
2018-02-27 22:16:52,0.00146310,2.87000000
2018-02-27 22:16:53,0.00146320,49.05000000
2018-02-27 22:16:53,0.00146310,0.41000000
2018-02-27 22:16:53,0.00146300,8.31000000
2018-02-27 22:16:53,0.00146340,2.31000000
2018-02-27 22:16:53,0.00146350,11.10000000
2018-02-27 22:16:53,0.00146400,10.98000000
2018-02-27 22:16:53,0.00146410,15.00000000
2018-02-27 22:16:53,0.00146460,3.39000000
2018-02-27 22:16:54,0.00146300,6.15000000
2018-02-27 22:16:54,0.00146400,6.29000000
2018-02-27 22:16:55,0.00146400,4.92000000
2018-02-27 22:16:55,0.00146300,1.20000000
2018-02-27 22:16:55,0.00146400,3.79000000
2018-02-27 22:16:55,0.00146400,3.73000000
2018-02-27 22:16:55,0.00146460,34.55000000
2018-02-27 22:16:56,0.00146400,10.84000000
2018-02-27 22:16:57,0.00146400,88.00000000
2018-02-27 22:16:58,0.00146460,1.54000000
2018-02-27 22:16:59,0.00146400,2.07000000
2018-02-27 22:17:02,0.00146460,19.13000000
2018-02-27 22:17:04,0.00146420,14.82000000
2018-02-27 22:17:05,0.00146400,169.37000000
2018-02-27 22:17:09,0.00146400,1.00000000
2018-02-27 22:17:10,0.00146400,392.68000000
2018-02-27 22:17:13,0.00146410,30.11000000
2018-02-27 22:17:13,0.00146460,73.50000000
2018-02-27 22:17:14,0.00146460,19.03000000
2018-02-27 22:17:14,0.00146470,3.85000000
2018-02-27 22:17:14,0.00146480,3.15000000
2018-02-27 22:17:15,0.00146460,0.09000000
2018-02-27 22:17:15,0.00146410,3.54000000
2018-02-27 22:17:16,0.00146440,72.57000000
2018-02-27 22:17:17,0.00146410,105.74000000
2018-02-27 22:17:17,0.00146400,94.26000000
2018-02-27 22:17:18,0.00146480,6.67000000
2018-02-27 22:17:18,0.00146490,24.19000000
2018-02-27 22:17:19,0.00146490,7.46000000
2018-02-27 22:17:21,0.00146480,66.05000000
2018-02-27 22:17:24,0.00146480,12.00000000
2018-02-27 22:17:31,0.00146480,2.33000000
2018-02-27 22:17:32,0.00146460,50.00000000
2018-02-27 22:17:32,0.00146480,4.36000000
2018-02-27 22:17:33,0.00146480,62.98000000
2018-02-27 22:17:36,0.00146480,0.09000000
2018-02-27 22:17:36,0.00146410,2.07000000
2018-02-27 22:17:36,0.00146490,1.11000000
2018-02-27 22:17:37,0.00146410,0.93000000
2018-02-27 22:17:37,0.00146490,7.79000000
2018-02-27 22:17:38,0.00146420,0.71000000
2018-02-27 22:17:38,0.00146450,19.80000000
2018-02-27 22:17:39,0.00146490,69.36000000
2018-02-27 22:17:42,0.00146400,291.06000000
2018-02-27 22:17:42,0.00146400,89.43000000
2018-02-27 22:17:42,0.00146350,27.33000000
2018-02-27 22:17:42,0.00146320,147.78000000
2018-02-27 22:17:42,0.00146290,3.00000000
2018-02-27 22:17:42,0.00146250,15.00000000
2018-02-27 22:17:44,0.00146460,5.00000000
2018-02-27 22:17:44,0.00146400,2.00000000
2018-02-27 22:17:44,0.00146140,1.59000000
2018-02-27 22:17:44,0.00146400,4.25000000
2018-02-27 22:17:45,0.00146130,4.66000000
2018-02-27 22:17:45,0.00146170,2.07000000
2018-02-27 22:17:46,0.00146170,2.39000000
2018-02-27 22:17:47,0.00146110,1.72000000
2018-02-27 22:17:47,0.00146390,1.59000000
2018-02-27 22:17:48,0.00146390,2.07000000
2018-02-27 22:17:48,0.00146390,332.59000000
2018-02-27 22:17:48,0.00146120,3.44000000
2018-02-27 22:17:49,0.00146120,2.07000000
2018-02-27 22:17:49,0.00146250,77.55000000
2018-02-27 22:17:52,0.00146400,5.75000000
2018-02-27 22:17:52,0.00146450,0.60000000
2018-02-27 22:17:53,0.00146450,1.12000000
2018-02-27 22:17:53,0.00146460,14.67000000
2018-02-27 22:17:54,0.00146450,2.21000000
2018-02-27 22:17:56,0.00146170,15.78000000
2018-02-27 22:17:58,0.00146440,0.33000000
2018-02-27 22:17:58,0.00146180,2.96000000
2018-02-27 22:17:58,0.00146180,1.53000000
2018-02-27 22:18:01,0.00146200,3.20000000
2018-02-27 22:18:01,0.00146200,3.45000000
2018-02-27 22:18:03,0.00146200,9.90000000
2018-02-27 22:18:03,0.00146180,87.64000000
2018-02-27 22:18:03,0.00146340,15.43000000
2018-02-27 22:18:03,0.00146340,0.02000000
2018-02-27 22:18:03,0.00146460,165.04000000
2018-02-27 22:18:04,0.00146330,5.50000000
2018-02-27 22:18:05,0.00146400,6.99000000
2018-02-27 22:18:05,0.00146250,20.28000000
2018-02-27 22:18:07,0.00146180,166.75000000
2018-02-27 22:18:07,0.00146180,55.69000000
2018-02-27 22:18:09,0.00146180,54.65000000
2018-02-27 22:18:09,0.00146150,4.49000000
2018-02-27 22:18:09,0.00146120,4.78000000
2018-02-27 22:18:09,0.00146100,186.12000000
2018-02-27 22:18:09,0.00146080,6.22000000
2018-02-27 22:18:09,0.00146010,35.70000000
2018-02-27 22:18:10,0.00146180,55.46000000
2018-02-27 22:18:10,0.00146090,24.78000000
2018-02-27 22:18:12,0.00146010,6.14000000
2018-02-27 22:18:12,0.00146010,1.31000000
2018-02-27 22:18:15,0.00146000,42.74000000
2018-02-27 22:18:20,0.00146010,68.45000000
2018-02-27 22:18:20,0.00146000,79.88000000
2018-02-27 22:18:22,0.00145610,56.42000000
2018-02-27 22:18:23,0.00145800,82.53000000
2018-02-27 22:18:25,0.00145640,5.49000000
2018-02-27 22:18:25,0.00145620,20.60000000
2018-02-27 22:18:25,0.00145610,4.49000000
2018-02-27 22:18:25,0.00145600,11.14000000
2018-02-27 22:18:25,0.00145560,1.99000000
2018-02-27 22:18:25,0.00145500,37.82000000
2018-02-27 22:18:25,0.00145450,6.88000000
2018-02-27 22:18:25,0.00145420,25.53000000
2018-02-27 22:18:26,0.00145430,127.59000000
2018-02-27 22:18:26,0.00145420,25.44000000
2018-02-27 22:18:30,0.00145780,19.31000000
2018-02-27 22:18:30,0.00145410,7.00000000
2018-02-27 22:18:31,0.00145820,1.00000000
2018-02-27 22:18:32,0.00145810,1.29000000
2018-02-27 22:18:32,0.00145810,7.87000000
2018-02-27 22:18:32,0.00145810,6.84000000
2018-02-27 22:18:32,0.00145420,6.84000000
2018-02-27 22:18:32,0.00145790,17.17000000
2018-02-27 22:18:32,0.00145790,3.43000000
2018-02-27 22:18:32,0.00145800,67.45000000
2018-02-27 22:18:32,0.00145810,40.42000000
2018-02-27 22:18:32,0.00145880,21.86000000
2018-02-27 22:18:32,0.00145880,1.34000000
2018-02-27 22:18:33,0.00145910,68.00000000
2018-02-27 22:18:33,0.00145910,132.63000000
2018-02-27 22:18:33,0.00146000,76.03000000
2018-02-27 22:18:33,0.00146370,43.15000000
2018-02-27 22:18:33,0.00146390,43.87000000
2018-02-27 22:18:33,0.00146400,1.89000000
2018-02-27 22:18:33,0.00146460,111.72000000
2018-02-27 22:18:35,0.00145960,14.14000000
2018-02-27 22:18:37,0.00146000,54.36000000
2018-02-27 22:18:38,0.00145990,1.34000000
2018-02-27 22:18:42,0.00145990,1.34000000
2018-02-27 22:18:45,0.00145970,1.34000000
2018-02-27 22:18:48,0.00145970,10.92000000
2018-02-27 22:18:48,0.00145970,10.92000000
2018-02-27 22:18:48,0.00145970,10.92000000
2018-02-27 22:18:48,0.00145970,6.82000000
2018-02-27 22:18:48,0.00145950,6.82000000
2018-02-27 22:18:51,0.00145970,1.35000000
2018-02-27 22:18:52,0.00145960,87.51000000
2018-02-27 22:18:52,0.00145950,23.55000000
2018-02-27 22:18:54,0.00145980,1.35000000
2018-02-27 22:18:56,0.00145980,17.78000000
2018-02-27 22:18:56,0.00145990,0.31000000
2018-02-27 22:18:56,0.00145990,5.18000000
2018-02-27 22:18:56,0.00145990,5.18000000
2018-02-27 22:18:56,0.00145990,4.57000000
2018-02-27 22:18:56,0.00145950,5.18000000
2018-02-27 22:18:57,0.00145990,6.37000000
2018-02-27 22:19:02,0.00145990,1.00000000
2018-02-27 22:19:04,0.00145950,8.98000000
2018-02-27 22:19:04,0.00145950,10.92000000
2018-02-27 22:19:05,0.00145990,4.63000000
2018-02-27 22:19:05,0.00145990,72.76000000
2018-02-27 22:19:05,0.00146000,33.54000000
2018-02-27 22:19:07,0.00146200,34.73000000
2018-02-27 22:19:16,0.00146300,1.22000000
2018-02-27 22:19:19,0.00146200,3.86000000
2018-02-27 22:19:19,0.00146200,10.14000000
2018-02-27 22:19:19,0.00146080,2.15000000
2018-02-27 22:19:21,0.00146300,6.95000000
2018-02-27 22:19:21,0.00146300,11.87000000
2018-02-27 22:19:21,0.00146350,12.42000000
2018-02-27 22:19:22,0.00146300,24.89000000
2018-02-27 22:19:25,0.00146100,6.81000000
2018-02-27 22:19:26,0.00146210,92.49000000
2018-02-27 22:19:28,0.00146320,13.50000000
2018-02-27 22:19:32,0.00146320,19.18000000
2018-02-27 22:19:33,0.00146320,54.19000000
2018-02-27 22:19:34,0.00146320,4.12000000
2018-02-27 22:19:35,0.00146290,80.28000000
2018-02-27 22:19:35,0.00146350,77.60000000
2018-02-27 22:19:35,0.00146350,126.59000000
2018-02-27 22:19:36,0.00146320,53.06000000
2018-02-27 22:19:36,0.00146140,6.89000000
2018-02-27 22:19:36,0.00146120,71.74000000
2018-02-27 22:19:36,0.00146100,0.08000000
2018-02-27 22:19:36,0.00146080,18.38000000
2018-02-27 22:19:36,0.00146020,57.32000000
2018-02-27 22:19:36,0.00146000,30.57000000
2018-02-27 22:19:37,0.00145990,268.52000000
2018-02-27 22:19:37,0.00145950,3.20000000
2018-02-27 22:19:38,0.00146260,20.53000000
2018-02-27 22:19:38,0.00146280,6.89000000
2018-02-27 22:19:38,0.00146300,13.78000000
2018-02-27 22:19:38,0.00146390,10.84000000
2018-02-27 22:19:42,0.00146010,68.49000000
2018-02-27 22:19:43,0.00146010,19.31000000
2018-02-27 22:19:43,0.00146000,20.54000000
2018-02-27 22:19:43,0.00145980,19.38000000
2018-02-27 22:19:44,0.00145980,17.38000000
2018-02-27 22:19:46,0.00145980,51.11000000
2018-02-27 22:19:46,0.00145990,62.49000000
2018-02-27 22:19:48,0.00145960,1.09000000
2018-02-27 22:19:48,0.00145990,9.34000000
2018-02-27 22:19:48,0.00145990,39.60000000
2018-02-27 22:19:49,0.00146000,50.00000000
2018-02-27 22:19:52,0.00146000,39.03000000
2018-02-27 22:19:53,0.00146000,7.53000000
2018-02-27 22:19:59,0.00146000,2.02000000
2018-02-27 22:20:03,0.00146000,222.27000000
2018-02-27 22:20:08,0.00146010,11.17000000
2018-02-27 22:20:11,0.00146010,8.89000000
2018-02-27 22:20:12,0.00146100,44.58000000
2018-02-27 22:20:12,0.00146200,2.71000000
2018-02-27 22:20:12,0.00146290,57.32000000
2018-02-27 22:20:12,0.00146300,20.54000000
2018-02-27 22:20:12,0.00146340,19.38000000
2018-02-27 22:20:12,0.00146350,37.62000000
2018-02-27 22:20:12,0.00146380,30.65000000
2018-02-27 22:20:12,0.00146390,173.01000000
2018-02-27 22:20:13,0.00146380,2.10000000
2018-02-27 22:20:14,0.00146080,1.00000000
2018-02-27 22:20:22,0.00146380,4.80000000
2018-02-27 22:20:25,0.00146120,0.10000000
2018-02-27 22:20:26,0.00146250,102.33000000
2018-02-27 22:20:26,0.00146140,6.87000000
2018-02-27 22:20:26,0.00146380,17.43000000
2018-02-27 22:20:27,0.00146140,0.02000000
2018-02-27 22:20:27,0.00146120,6.79000000
2018-02-27 22:20:27,0.00146090,10.57000000
2018-02-27 22:20:31,0.00146050,68.42000000
2018-02-27 22:20:31,0.00146040,4.02000000
2018-02-27 22:20:46,0.00146090,21.18000000
2018-02-27 22:20:47,0.00146200,49.56000000
2018-02-27 22:20:59,0.00146100,28.43000000
2018-02-27 22:20:59,0.00146090,20.42000000
2018-02-27 22:20:59,0.00146190,6.84000000
2018-02-27 22:21:00,0.00146130,107.31000000
2018-02-27 22:21:05,0.00146170,33.12000000
2018-02-27 22:21:05,0.00146090,29.46000000
2018-02-27 22:21:06,0.00146100,3.83000000
2018-02-27 22:21:06,0.00146180,18.73000000
2018-02-27 22:21:08,0.00146180,5.63000000
2018-02-27 22:21:10,0.00146180,1.41000000
2018-02-27 22:21:11,0.00146090,29.94000000
2018-02-27 22:21:11,0.00146050,27.78000000
2018-02-27 22:21:11,0.00146010,19.37000000
2018-02-27 22:21:11,0.00145990,10.00000000
2018-02-27 22:21:11,0.00145960,57.15000000
2018-02-27 22:21:11,0.00145950,42.07000000
2018-02-27 22:21:12,0.00146180,0.35000000
2018-02-27 22:21:13,0.00146080,2.25000000
2018-02-27 22:21:13,0.00146170,0.12000000
2018-02-27 22:21:14,0.00146130,3.10000000
2018-02-27 22:21:14,0.00146130,0.01000000
2018-02-27 22:21:14,0.00146080,1.99000000
2018-02-27 22:21:16,0.00146170,57.03000000
2018-02-27 22:21:16,0.00146170,2.18000000
2018-02-27 22:21:16,0.00146170,5.00000000
2018-02-27 22:21:17,0.00146170,11.48000000
2018-02-27 22:21:19,0.00146170,4.49000000
2018-02-27 22:21:19,0.00146170,1.12000000
2018-02-27 22:21:20,0.00146170,22.75000000
2018-02-27 22:21:21,0.00146170,469.81000000
2018-02-27 22:21:23,0.00146170,151.12000000
2018-02-27 22:21:26,0.00146170,191.86000000
2018-02-27 22:21:27,0.00146120,3.44000000
2018-02-27 22:21:29,0.00146120,13.78000000
2018-02-27 22:21:30,0.00146080,17.02000000
2018-02-27 22:21:30,0.00145970,6.89000000
2018-02-27 22:21:30,0.00145950,165.13000000
2018-02-27 22:21:32,0.00145950,23.91000000
2018-02-27 22:21:32,0.00145950,22.85000000
2018-02-27 22:21:32,0.00145950,64.90000000
2018-02-27 22:21:34,0.00145910,2.16000000
2018-02-27 22:21:34,0.00145910,2.06000000
2018-02-27 22:21:34,0.00145950,4.89000000
2018-02-27 22:21:39,0.00145950,13.00000000
2018-02-27 22:21:40,0.00145950,45.80000000
2018-02-27 22:21:42,0.00145910,2.04000000
2018-02-27 22:21:44,0.00145910,6.69000000
2018-02-27 22:21:44,0.00145910,7.61000000
2018-02-27 22:21:48,0.00145790,35.79000000
2018-02-27 22:21:50,0.00145910,1.00000000
2018-02-27 22:21:50,0.00145900,13.76000000
2018-02-27 22:21:50,0.00145900,0.02000000
2018-02-27 22:21:50,0.00145910,0.98000000
2018-02-27 22:21:51,0.00145790,5.81000000
2018-02-27 22:21:52,0.00145790,42.83000000
2018-02-27 22:21:52,0.00145790,0.30000000
2018-02-27 22:21:53,0.00145710,59.52000000
2018-02-27 22:22:00,0.00145640,5.42000000
2018-02-27 22:22:00,0.00145530,25.07000000
2018-02-27 22:22:00,0.00145500,52.49000000
2018-02-27 22:22:00,0.00145430,1.37000000
2018-02-27 22:22:00,0.00145420,8.15000000
2018-02-27 22:22:00,0.00145400,57.21000000
2018-02-27 22:22:00,0.00145390,5.03000000
2018-02-27 22:22:00,0.00145380,35.16000000
2018-02-27 22:22:01,0.00145410,2.00000000
2018-02-27 22:22:03,0.00145680,124.87000000
2018-02-27 22:22:05,0.00145470,12.50000000
2018-02-27 22:22:07,0.00145500,3.43000000
2018-02-27 22:22:07,0.00145460,10.72000000
2018-02-27 22:22:07,0.00145420,4.49000000
2018-02-27 22:22:08,0.00145410,14.50000000
2018-02-27 22:22:08,0.00145420,67.16000000
2018-02-27 22:22:10,0.00145560,6.74000000
2018-02-27 22:22:13,0.00145400,0.86000000
2018-02-27 22:22:20,0.00145570,57.21000000
2018-02-27 22:22:20,0.00145560,3.51000000
2018-02-27 22:22:22,0.00145560,12.45000000
2018-02-27 22:22:22,0.00145560,334.95000000
2018-02-27 22:22:22,0.00145420,18.42000000
2018-02-27 22:22:30,0.00145550,64.50000000
2018-02-27 22:22:31,0.00145450,6.89000000
2018-02-27 22:22:31,0.00145430,4.49000000
2018-02-27 22:22:31,0.00145420,22.01000000
2018-02-27 22:22:31,0.00145410,57.49000000
2018-02-27 22:22:31,0.00145400,38.19000000
2018-02-27 22:22:31,0.00145390,66.07000000
2018-02-27 22:22:31,0.00145380,173.98000000
2018-02-27 22:22:41,0.00145660,57.49000000
2018-02-27 22:22:41,0.00145670,6.89000000
2018-02-27 22:22:41,0.00145690,6.35000000
2018-02-27 22:22:41,0.00145700,104.40000000
2018-02-27 22:22:42,0.00145700,41.10000000
2018-02-27 22:22:42,0.00145710,14.59000000
2018-02-27 22:22:43,0.00145720,11.61000000
2018-02-27 22:22:44,0.00145750,10.72000000
2018-02-27 22:22:46,0.00145790,1.34000000
2018-02-27 22:22:49,0.00145720,19.11000000
2018-02-27 22:22:50,0.00145720,104.26000000
2018-02-27 22:22:54,0.00145730,25.71000000
2018-02-27 22:22:54,0.00145720,13.83000000
2018-02-27 22:22:54,0.00145720,23.70000000
2018-02-27 22:22:54,0.00145700,1553.17000000
2018-02-27 22:22:54,0.00145700,23.70000000
2018-02-27 22:22:55,0.00145730,70.00000000
2018-02-27 22:22:56,0.00145790,11.52000000
2018-02-27 22:22:57,0.00145790,25.68000000
2018-02-27 22:22:58,0.00145790,150.54000000
2018-02-27 22:23:01,0.00145790,16.00000000
2018-02-27 22:23:02,0.00145800,6.82000000
2018-02-27 22:23:04,0.00145790,90.00000000
2018-02-27 22:23:07,0.00145700,10.00000000
2018-02-27 22:23:07,0.00145780,0.35000000
2018-02-27 22:23:07,0.00145780,17.83000000
2018-02-27 22:23:08,0.00145530,5.00000000
2018-02-27 22:23:09,0.00145780,2.29000000
2018-02-27 22:23:15,0.00145760,2.04000000
2018-02-27 22:23:20,0.00145630,16.59000000
2018-02-27 22:23:24,0.00145740,6.87000000
2018-02-27 22:23:24,0.00145780,23.23000000
2018-02-27 22:23:26,0.00145780,9.59000000
2018-02-27 22:23:28,0.00145780,242.11000000
2018-02-27 22:23:31,0.00145530,1.89000000
2018-02-27 22:23:31,0.00145500,42.81000000
2018-02-27 22:23:32,0.00145480,42.90000000
2018-02-27 22:23:32,0.00145760,6.06000000
2018-02-27 22:23:32,0.00145760,0.83000000
2018-02-27 22:23:32,0.00145770,0.03000000
2018-02-27 22:23:36,0.00145600,74.34000000
2018-02-27 22:23:37,0.00145710,1.00000000
2018-02-27 22:23:38,0.00145500,91.33000000
2018-02-27 22:23:38,0.00145470,20.62000000
2018-02-27 22:23:38,0.00145420,1.00000000
2018-02-27 22:23:38,0.00145410,33.41000000
2018-02-27 22:23:38,0.00145380,29.37000000
2018-02-27 22:23:39,0.00145380,30.01000000
2018-02-27 22:23:41,0.00145280,68.84000000
2018-02-27 22:23:41,0.00145270,22.86000000
2018-02-27 22:23:41,0.00145250,48.30000000
2018-02-27 22:23:41,0.00145700,6.89000000
2018-02-27 22:23:41,0.00145710,0.18000000
2018-02-27 22:23:42,0.00145270,7.55000000
2018-02-27 22:23:42,0.00145250,13.88000000
2018-02-27 22:23:42,0.00145230,13.57000000
2018-02-27 22:23:42,0.00145600,20.00000000
2018-02-27 22:23:44,0.00145600,1.00000000
2018-02-27 22:23:44,0.00145600,16.53000000
2018-02-27 22:23:47,0.00145600,84.35000000
2018-02-27 22:23:47,0.00145610,21.57000000
2018-02-27 22:23:47,0.00145600,69.70000000
2018-02-27 22:23:48,0.00145600,141.30000000
2018-02-27 22:23:50,0.00145600,5.00000000
2018-02-27 22:23:53,0.00145600,15.71000000
2018-02-27 22:23:53,0.00145600,14.08000000
2018-02-27 22:23:59,0.00145530,79.32000000
2018-02-27 22:24:00,0.00145500,46.53000000
2018-02-27 22:24:00,0.00145230,11.57000000
2018-02-27 22:24:00,0.00145220,34.40000000
2018-02-27 22:24:04,0.00145550,7.55000000
2018-02-27 22:24:04,0.00145560,20.62000000
2018-02-27 22:24:04,0.00145570,6.42000000
2018-02-27 22:24:04,0.00145580,13.88000000
2018-02-27 22:24:04,0.00145590,31.53000000
2018-02-27 22:24:08,0.00145500,2.50000000
2018-02-27 22:24:09,0.00145590,2.75000000
2018-02-27 22:24:09,0.00145500,23.17000000
2018-02-27 22:24:10,0.00145590,1.37000000
2018-02-27 22:24:13,0.00145540,26.55000000
2018-02-27 22:24:13,0.00145590,14.03000000
2018-02-27 22:24:13,0.00145600,2.04000000
2018-02-27 22:24:17,0.00145600,2.06000000
2018-02-27 22:24:17,0.00145600,1.16000000
2018-02-27 22:24:18,0.00145590,32.65000000
2018-02-27 22:24:19,0.00145600,339.78000000
2018-02-27 22:24:19,0.00145600,283.42000000
2018-02-27 22:24:26,0.00145600,141.25000000
2018-02-27 22:24:30,0.00145590,1.27000000
2018-02-27 22:24:32,0.00145640,84.30000000
2018-02-27 22:24:32,0.00145590,9.21000000
2018-02-27 22:24:32,0.00145500,179.99000000
2018-02-27 22:24:32,0.00145400,84.93000000
2018-02-27 22:24:32,0.00145220,91.84000000
2018-02-27 22:24:32,0.00145200,21.47000000
2018-02-27 22:24:32,0.00145170,41.73000000
2018-02-27 22:24:32,0.00145160,94.74000000
2018-02-27 22:24:32,0.00145120,41.17000000
2018-02-27 22:24:42,0.00145290,68.87000000
2018-02-27 22:24:42,0.00145280,20.64000000
2018-02-27 22:24:43,0.00145240,68.87000000
2018-02-27 22:24:43,0.00145250,252.11000000
2018-02-27 22:24:47,0.00145560,2.05000000
2018-02-27 22:24:50,0.00145580,5.72000000
2018-02-27 22:24:51,0.00145280,68.83000000
2018-02-27 22:24:51,0.00145270,9.04000000
2018-02-27 22:24:52,0.00145410,31.53000000
2018-02-27 22:25:00,0.00145270,1.68000000
2018-02-27 22:25:00,0.00145210,4.74000000
2018-02-27 22:25:03,0.00145210,16.26000000
2018-02-27 22:25:03,0.00145120,107.92000000
2018-02-27 22:25:04,0.00145400,14.15000000
2018-02-27 22:25:05,0.00145400,54.68000000
2018-02-27 22:25:05,0.00145410,9.36000000
2018-02-27 22:25:05,0.00145230,6.89000000
2018-02-27 22:25:06,0.00145180,5.70000000
2018-02-27 22:25:06,0.00145210,33.11000000
2018-02-27 22:25:06,0.00145410,0.59000000
2018-02-27 22:25:06,0.00145420,1.18000000
2018-02-27 22:25:08,0.00145120,37.67000000
2018-02-27 22:25:08,0.00145100,7.71000000
2018-02-27 22:25:10,0.00145260,89.28000000
2018-02-27 22:25:14,0.00145140,6.22000000
2018-02-27 22:25:15,0.00145140,0.67000000
2018-02-27 22:25:15,0.00145110,14.80000000
2018-02-27 22:25:20,0.00145110,18.42000000
2018-02-27 22:25:20,0.00145110,6.89000000
2018-02-27 22:25:20,0.00145110,7.58000000
2018-02-27 22:25:20,0.00145110,113.90000000
2018-02-27 22:25:21,0.00145100,199.18000000
2018-02-27 22:25:21,0.00145070,1.00000000
2018-02-27 22:25:21,0.00145060,5.07000000
2018-02-27 22:25:21,0.00145020,14.24000000
2018-02-27 22:25:24,0.00145030,1.37000000
2018-02-27 22:25:28,0.00145030,13.98000000
2018-02-27 22:25:29,0.00145180,36.39000000
2018-02-27 22:25:39,0.00145300,2.17000000
2018-02-27 22:25:40,0.00145130,1.00000000
2018-02-27 22:25:40,0.00145130,12.18000000
2018-02-27 22:25:40,0.00145140,63.01000000
2018-02-27 22:25:42,0.00145350,5.15000000
2018-02-27 22:25:45,0.00145050,5.61000000
2018-02-27 22:25:49,0.00145190,94.15000000
2018-02-27 22:25:49,0.00145330,5.61000000
2018-02-27 22:25:49,0.00145340,4.70000000
2018-02-27 22:25:52,0.00145060,33.30000000
2018-02-27 22:25:53,0.00145060,4.85000000
2018-02-27 22:26:01,0.00145140,2.67000000
2018-02-27 22:26:04,0.00145140,0.13000000
2018-02-27 22:26:05,0.00145140,1.37000000
2018-02-27 22:26:08,0.00145260,41.37000000
2018-02-27 22:26:11,0.00145230,2.66000000
2018-02-27 22:26:18,0.00145340,10.97000000
2018-02-27 22:26:19,0.00145230,2.00000000
2018-02-27 22:26:19,0.00145280,99.12000000
2018-02-27 22:26:25,0.00145340,1.00000000
2018-02-27 22:26:26,0.00145340,3.20000000
2018-02-27 22:26:27,0.00145340,1.12000000
2018-02-27 22:26:28,0.00145300,2.33000000
2018-02-27 22:26:30,0.00145230,19.09000000
2018-02-27 22:26:30,0.00145230,129.88000000
2018-02-27 22:26:30,0.00145100,59.35000000
2018-02-27 22:26:30,0.00145060,67.49000000
2018-02-27 22:26:30,0.00145050,49.19000000
2018-02-27 22:26:30,0.00145020,62.33000000
2018-02-27 22:26:30,0.00145010,29.08000000
2018-02-27 22:26:30,0.00145000,529.54000000
2018-02-27 22:26:30,0.00144960,5.69000000
2018-02-27 22:26:30,0.00144910,44.26000000
2018-02-27 22:26:30,0.00145000,363.39000000
2018-02-27 22:26:30,0.00145000,319.42000000
2018-02-27 22:26:30,0.00145000,275.86000000
2018-02-27 22:26:30,0.00145000,6.87000000
2018-02-27 22:26:30,0.00144910,6.87000000
2018-02-27 22:26:30,0.00145000,47.31000000
2018-02-27 22:26:34,0.00145000,141.83000000
2018-02-27 22:26:34,0.00145000,3.20000000
2018-02-27 22:26:37,0.00145000,1.72000000
2018-02-27 22:26:37,0.00145000,1.72000000
2018-02-27 22:26:38,0.00144910,58.20000000
2018-02-27 22:26:39,0.00144950,46.35000000
2018-02-27 22:26:39,0.00145000,6.89000000
2018-02-27 22:26:40,0.00144910,69.62000000
2018-02-27 22:26:40,0.00144900,13.00000000
2018-02-27 22:26:41,0.00145000,1.35000000
2018-02-27 22:26:42,0.00145000,3.72000000
2018-02-27 22:26:42,0.00145000,3.72000000
2018-02-27 22:26:42,0.00145000,3.72000000
2018-02-27 22:26:43,0.00144840,12.29000000
2018-02-27 22:26:43,0.00144840,4.06000000
2018-02-27 22:26:43,0.00144810,11.55000000
2018-02-27 22:26:43,0.00144790,34.39000000
2018-02-27 22:26:43,0.00144800,2.87000000
2018-02-27 22:26:44,0.00144800,0.01000000
2018-02-27 22:26:45,0.00144850,3.44000000
2018-02-27 22:26:45,0.00145000,20.00000000
2018-02-27 22:26:46,0.00145000,3.44000000
2018-02-27 22:26:46,0.00144860,5.52000000
2018-02-27 22:26:47,0.00144860,3.45000000
2018-02-27 22:26:48,0.00144910,2.52000000
2018-02-27 22:26:48,0.00144910,11.30000000
2018-02-27 22:26:48,0.00144900,26.37000000
2018-02-27 22:26:49,0.00144810,6.76000000
2018-02-27 22:26:49,0.00144900,0.01000000
2018-02-27 22:26:49,0.00144910,3.36000000
2018-02-27 22:26:49,0.00144910,18.41000000
2018-02-27 22:26:49,0.00144910,2.25000000
2018-02-27 22:26:51,0.00144850,6.00000000
2018-02-27 22:26:53,0.00144810,2.49000000
2018-02-27 22:26:55,0.00144910,25.60000000
2018-02-27 22:26:55,0.00144850,104.10000000
2018-02-27 22:26:57,0.00144900,20.07000000
2018-02-27 22:26:57,0.00144910,38.41000000
2018-02-27 22:26:57,0.00145000,166.40000000
2018-02-27 22:26:58,0.00144890,2.07000000
2018-02-27 22:27:01,0.00144850,19.28000000
2018-02-27 22:27:03,0.00144850,0.01000000
2018-02-27 22:27:03,0.00144890,4.82000000
2018-02-27 22:27:05,0.00144990,5.50000000
2018-02-27 22:27:06,0.00144990,12.72000000
2018-02-27 22:27:06,0.00145000,82.84000000
2018-02-27 22:27:09,0.00145020,51.33000000
2018-02-27 22:27:11,0.00145000,33.90000000
2018-02-27 22:27:14,0.00145060,0.70000000
2018-02-27 22:27:14,0.00145060,1.35000000
2018-02-27 22:27:15,0.00145060,13.60000000
2018-02-27 22:27:15,0.00145000,6.63000000
2018-02-27 22:27:16,0.00145000,454.57000000
2018-02-27 22:27:18,0.00145060,3.02000000
2018-02-27 22:27:19,0.00145000,10.00000000
2018-02-27 22:27:22,0.00145020,109.08000000
2018-02-27 22:27:22,0.00145000,49.98000000
2018-02-27 22:27:22,0.00145060,22.00000000
2018-02-27 22:27:22,0.00145010,25.35000000
2018-02-27 22:27:23,0.00145010,24.83000000
2018-02-27 22:27:25,0.00145060,2.06000000
2018-02-27 22:27:26,0.00145010,54.61000000
2018-02-27 22:27:26,0.00145000,100.57000000
2018-02-27 22:27:27,0.00145060,0.06000000
2018-02-27 22:27:29,0.00145060,40.92000000
2018-02-27 22:27:34,0.00145060,0.02000000
2018-02-27 22:27:34,0.00145110,1.33000000
2018-02-27 22:27:34,0.00145110,1.12000000
2018-02-27 22:27:35,0.00145000,3.98000000
2018-02-27 22:27:35,0.00145050,56.31000000
2018-02-27 22:27:36,0.00145110,10.08000000
2018-02-27 22:27:36,0.00145110,1.12000000
2018-02-27 22:27:36,0.00145110,2.06000000
2018-02-27 22:27:37,0.00145110,4.16000000
2018-02-27 22:27:38,0.00145110,38.38000000
2018-02-27 22:27:38,0.00145110,1.12000000
2018-02-27 22:27:38,0.00145110,1.03000000
2018-02-27 22:27:42,0.00145110,224.73000000
2018-02-27 22:27:43,0.00145110,1.35000000
2018-02-27 22:27:43,0.00145110,1.12000000
2018-02-27 22:27:43,0.00145110,31.82000000
2018-02-27 22:27:43,0.00145200,6.79000000
2018-02-27 22:27:43,0.00145340,63.67000000
2018-02-27 22:27:45,0.00145200,20.16000000
2018-02-27 22:27:47,0.00145340,46.82000000
2018-02-27 22:27:47,0.00145340,1.24000000
2018-02-27 22:27:48,0.00145200,6.74000000
2018-02-27 22:27:48,0.00145200,2.17000000
2018-02-27 22:27:51,0.00145340,1.39000000
2018-02-27 22:27:52,0.00145340,1.10000000
2018-02-27 22:27:52,0.00145340,24.69000000
2018-02-27 22:27:54,0.00145260,4.03000000
2018-02-27 22:27:55,0.00145340,0.88000000
2018-02-27 22:27:58,0.00145340,320.83000000
2018-02-27 22:27:58,0.00145340,1.00000000
2018-02-27 22:27:59,0.00145340,6.65000000
2018-02-27 22:28:02,0.00145340,1.41000000
2018-02-27 22:28:02,0.00145340,1.00000000
2018-02-27 22:28:03,0.00145340,30.37000000
2018-02-27 22:28:04,0.00145340,108.09000000
2018-02-27 22:28:04,0.00145350,53.18000000
2018-02-27 22:28:04,0.00145420,10.08000000
2018-02-27 22:28:05,0.00145420,1.37000000
2018-02-27 22:28:12,0.00145420,49.75000000
2018-02-27 22:28:13,0.00145420,6.62000000
2018-02-27 22:28:14,0.00145360,61.18000000
2018-02-27 22:28:17,0.00145400,16.46000000
2018-02-27 22:28:22,0.00145400,1.99000000
2018-02-27 22:28:22,0.00145400,1.99000000
2018-02-27 22:28:23,0.00145310,1.99000000
2018-02-27 22:28:24,0.00145400,15.51000000
2018-02-27 22:28:31,0.00145360,8.40000000
2018-02-27 22:28:32,0.00145340,172.45000000
2018-02-27 22:28:32,0.00145340,79.88000000
2018-02-27 22:28:32,0.00145310,23.11000000
2018-02-27 22:28:32,0.00145300,16.72000000
2018-02-27 22:28:36,0.00145300,0.87000000
2018-02-27 22:28:39,0.00145300,0.51000000
2018-02-27 22:28:39,0.00145290,15.00000000
2018-02-27 22:28:39,0.00145220,5.82000000
2018-02-27 22:28:39,0.00145210,11.72000000
2018-02-27 22:28:39,0.00145200,378.68000000
2018-02-27 22:28:41,0.00145300,2.06000000
2018-02-27 22:28:41,0.00145300,1.94000000
2018-02-27 22:28:48,0.00145210,2.20000000
2018-02-27 22:28:48,0.00145200,8.76000000
2018-02-27 22:28:48,0.00145300,1.95000000
2018-02-27 22:28:50,0.00145300,1.00000000
2018-02-27 22:28:50,0.00145300,1.12000000
2018-02-27 22:28:50,0.00145240,66.15000000
2018-02-27 22:28:51,0.00145300,6.91000000
2018-02-27 22:28:55,0.00145300,20.01000000
2018-02-27 22:29:00,0.00145300,0.01000000
2018-02-27 22:29:00,0.00145370,28.43000000
2018-02-27 22:29:00,0.00145390,10.56000000
2018-02-27 22:29:02,0.00145200,5.00000000
2018-02-27 22:29:03,0.00145300,13.38000000
2018-02-27 22:29:05,0.00145390,6.86000000
2018-02-27 22:29:05,0.00145300,35.00000000
2018-02-27 22:29:06,0.00145250,6.86000000
2018-02-27 22:29:06,0.00145250,6.86000000
2018-02-27 22:29:06,0.00145250,6.86000000
2018-02-27 22:29:06,0.00145250,6.86000000
2018-02-27 22:29:06,0.00145250,124.64000000
2018-02-27 22:29:07,0.00145250,34.13000000
2018-02-27 22:29:14,0.00145250,16.79000000
2018-02-27 22:29:15,0.00145220,6.89000000
2018-02-27 22:29:15,0.00145210,27.95000000
2018-02-27 22:29:15,0.00145200,73.02000000
2018-02-27 22:29:15,0.00145100,12.73000000
2018-02-27 22:29:15,0.00145090,17.72000000
2018-02-27 22:29:15,0.00145010,32.87000000
2018-02-27 22:29:16,0.00145250,6.50000000
2018-02-27 22:29:19,0.00145130,71.13000000
2018-02-27 22:29:20,0.00145030,6.89000000
2018-02-27 22:29:20,0.00145020,5.82000000
2018-02-27 22:29:21,0.00145010,4.43000000
2018-02-27 22:29:21,0.00145020,20.06000000
2018-02-27 22:29:32,0.00145200,2.61000000
2018-02-27 22:29:35,0.00145120,18.36000000
2018-02-27 22:29:36,0.00145230,5.00000000
2018-02-27 22:29:53,0.00145230,40.10000000
2018-02-27 22:29:53,0.00145230,102.07000000
2018-02-27 22:29:54,0.00145240,76.11000000
2018-02-27 22:29:55,0.00145250,219.98000000
2018-02-27 22:29:59,0.00145250,60.20000000
2018-02-27 22:30:00,0.00145250,0.45000000
2018-02-27 22:30:01,0.00145250,35.95000000
2018-02-27 22:30:01,0.00145250,19.54000000
2018-02-27 22:30:03,0.00145240,4.20000000
2018-02-27 22:30:03,0.00145300,5.00000000
2018-02-27 22:30:05,0.00145240,3.74000000
2018-02-27 22:30:06,0.00145260,23.34000000
2018-02-27 22:30:06,0.00145240,20.30000000
2018-02-27 22:30:08,0.00145240,31.00000000
2018-02-27 22:30:08,0.00145300,4.96000000
2018-02-27 22:30:08,0.00145310,7.72000000
2018-02-27 22:30:08,0.00145370,6.89000000
2018-02-27 22:30:08,0.00145390,82.58000000
2018-02-27 22:30:08,0.00145400,2.29000000
2018-02-27 22:30:09,0.00145240,103.93000000
2018-02-27 22:30:09,0.00145230,214.58000000
2018-02-27 22:30:09,0.00145190,1.00000000
2018-02-27 22:30:10,0.00145190,18.37000000
2018-02-27 22:30:10,0.00145190,97.28000000
2018-02-27 22:30:10,0.00145190,12.84000000
2018-02-27 22:30:11,0.00145070,3.69000000
2018-02-27 22:30:13,0.00145100,2.33000000
2018-02-27 22:30:14,0.00145390,12.94000000
2018-02-27 22:30:14,0.00145400,148.17000000
2018-02-27 22:30:14,0.00145420,39.75000000
2018-02-27 22:30:14,0.00145490,186.95000000
2018-02-27 22:30:14,0.00145130,20.20000000
2018-02-27 22:30:16,0.00145150,46.36000000
2018-02-27 22:30:16,0.00145140,20.66000000
2018-02-27 22:30:16,0.00145120,6.89000000
2018-02-27 22:30:16,0.00145100,26.22000000
2018-02-27 22:30:16,0.00145090,6.89000000
2018-02-27 22:30:17,0.00145070,1.93000000
2018-02-27 22:30:17,0.00145070,70.65000000
2018-02-27 22:30:17,0.00145080,443.00000000
2018-02-27 22:30:19,0.00145220,81.09000000
2018-02-27 22:30:19,0.00145080,5.82000000
2018-02-27 22:30:19,0.00145060,6.69000000
2018-02-27 22:30:19,0.00145020,6.22000000
2018-02-27 22:30:20,0.00145090,4.45000000
2018-02-27 22:30:21,0.00145100,19.66000000
2018-02-27 22:30:22,0.00145070,4.45000000
2018-02-27 22:30:22,0.00145080,488.61000000
2018-02-27 22:30:22,0.00145080,29.94000000
2018-02-27 22:30:26,0.00145210,9.33000000
2018-02-27 22:30:28,0.00145220,83.53000000
2018-02-27 22:30:28,0.00145210,255.91000000
2018-02-27 22:30:31,0.00145210,404.76000000
2018-02-27 22:30:32,0.00145200,70.15000000
2018-02-27 22:30:32,0.00145200,150.00000000
2018-02-27 22:30:32,0.00145200,23.79000000
2018-02-27 22:30:32,0.00145200,13.58000000
2018-02-27 22:30:33,0.00145200,6.88000000
2018-02-27 22:30:33,0.00145200,183.80000000
2018-02-27 22:30:35,0.00145130,28.32000000
2018-02-27 22:30:35,0.00145200,1.93000000
2018-02-27 22:30:35,0.00145080,5.82000000
2018-02-27 22:30:35,0.00145070,3.31000000
2018-02-27 22:30:35,0.00145020,42.34000000
2018-02-27 22:30:35,0.00145200,6.88000000
2018-02-27 22:30:39,0.00145200,0.67000000
2018-02-27 22:30:43,0.00145200,0.68000000
2018-02-27 22:30:44,0.00145200,40.00000000
2018-02-27 22:30:47,0.00145200,1.10000000
2018-02-27 22:30:49,0.00145030,3.44000000
2018-02-27 22:30:49,0.00145020,9.28000000
2018-02-27 22:30:49,0.00145030,4.72000000
2018-02-27 22:30:50,0.00145200,4.61000000
2018-02-27 22:30:52,0.00145030,0.32000000
2018-02-27 22:30:52,0.00145020,4.71000000
2018-02-27 22:30:53,0.00145200,14.73000000
2018-02-27 22:30:55,0.00145110,85.96000000
2018-02-27 22:30:57,0.00145040,14.90000000
2018-02-27 22:30:57,0.00145020,159.02000000
2018-02-27 22:30:57,0.00145010,131.00000000
2018-02-27 22:30:57,0.00145000,46.17000000
2018-02-27 22:30:57,0.00144990,26.92000000
2018-02-27 22:30:57,0.00144910,14.52000000
2018-02-27 22:30:57,0.00144900,56.08000000
2018-02-27 22:30:57,0.00144840,23.76000000
2018-02-27 22:30:57,0.00145050,1.37000000
2018-02-27 22:30:57,0.00145000,6.88000000
2018-02-27 22:30:58,0.00145000,8.08000000
2018-02-27 22:30:58,0.00145000,6.88000000
2018-02-27 22:30:58,0.00145000,1.00000000
2018-02-27 22:30:58,0.00145000,231.51000000
2018-02-27 22:30:58,0.00145000,0.69000000
2018-02-27 22:30:58,0.00145000,0.69000000
2018-02-27 22:30:58,0.00145000,0.69000000
2018-02-27 22:30:58,0.00145000,6.19000000
2018-02-27 22:30:59,0.00145000,4.40000000
2018-02-27 22:31:03,0.00145000,0.69000000
2018-02-27 22:31:03,0.00145000,0.69000000
2018-02-27 22:31:04,0.00144950,1.66000000
2018-02-27 22:31:05,0.00144950,0.69000000
2018-02-27 22:31:05,0.00145000,1.41000000
2018-02-27 22:31:08,0.00145000,1.00000000
2018-02-27 22:31:10,0.00145000,0.04000000
2018-02-27 22:31:10,0.00145000,1.00000000
2018-02-27 22:31:10,0.00145000,49.32000000
2018-02-27 22:31:13,0.00145000,109.00000000
2018-02-27 22:31:13,0.00144950,19.98000000
2018-02-27 22:31:17,0.00144970,33.19000000
2018-02-27 22:31:19,0.00144950,0.13000000
2018-02-27 22:31:19,0.00144950,39.40000000
2018-02-27 22:31:20,0.00145000,1.41000000
2018-02-27 22:31:21,0.00145000,1.00000000
2018-02-27 22:31:21,0.00145000,12.80000000
2018-02-27 22:31:23,0.00144950,5.54000000
2018-02-27 22:31:23,0.00144920,6.89000000
2018-02-27 22:31:23,0.00144920,93.22000000
2018-02-27 22:31:23,0.00145000,30.00000000
2018-02-27 22:31:23,0.00145170,6.89000000
2018-02-27 22:31:23,0.00145190,15.11000000
2018-02-27 22:31:26,0.00145190,6.90000000
2018-02-27 22:31:32,0.00145080,90.94000000
2018-02-27 22:31:33,0.00144990,4.32000000
2018-02-27 22:31:34,0.00144990,19.61000000
2018-02-27 22:31:34,0.00145170,6.89000000
2018-02-27 22:31:34,0.00145190,14.91000000
2018-02-27 22:31:37,0.00144990,3.58000000
2018-02-27 22:31:37,0.00145190,3.74000000
2018-02-27 22:31:37,0.00145200,52.46000000
2018-02-27 22:31:38,0.00145080,154.54000000
2018-02-27 22:31:41,0.00145080,100.00000000
2018-02-27 22:31:43,0.00145080,69.70000000
2018-02-27 22:31:45,0.00145040,38.16000000
2018-02-27 22:31:46,0.00145020,13.03000000
2018-02-27 22:31:46,0.00145080,3.43000000
2018-02-27 22:31:48,0.00145080,34.67000000
2018-02-27 22:31:50,0.00145080,1.01000000
2018-02-27 22:31:51,0.00145080,0.78000000
2018-02-27 22:31:51,0.00145080,2.70000000
2018-02-27 22:31:51,0.00145080,13.75000000
2018-02-27 22:31:54,0.00145070,1.41000000
2018-02-27 22:31:59,0.00145070,3.02000000
2018-02-27 22:32:00,0.00145040,95.92000000
2018-02-27 22:32:01,0.00145080,11.33000000
2018-02-27 22:32:06,0.00145070,0.17000000
2018-02-27 22:32:08,0.00145070,1.41000000
2018-02-27 22:32:10,0.00145070,12.70000000
2018-02-27 22:32:10,0.00145080,15.90000000
2018-02-27 22:32:10,0.00145080,6.43000000
2018-02-27 22:32:10,0.00145100,6.25000000
2018-02-27 22:32:10,0.00145070,6.87000000
2018-02-27 22:32:10,0.00145080,43.14000000
2018-02-27 22:32:12,0.00145100,9.56000000
2018-02-27 22:32:12,0.00145100,9.56000000
2018-02-27 22:32:15,0.00145100,8.39000000
2018-02-27 22:32:15,0.00145100,8.39000000
2018-02-27 22:32:15,0.00145100,8.39000000
2018-02-27 22:32:15,0.00145100,8.39000000
2018-02-27 22:32:15,0.00145100,8.39000000
2018-02-27 22:32:15,0.00145100,4.10000000
2018-02-27 22:32:15,0.00145100,70.36000000
2018-02-27 22:32:16,0.00145100,34.31000000
2018-02-27 22:32:16,0.00145070,5.83000000
2018-02-27 22:32:19,0.00145070,9.11000000
2018-02-27 22:32:20,0.00145070,3.74000000
2018-02-27 22:32:20,0.00145070,3.74000000
2018-02-27 22:32:20,0.00145070,1.31000000
2018-02-27 22:32:20,0.00145070,3.74000000
2018-02-27 22:32:21,0.00145030,19.75000000
2018-02-27 22:32:21,0.00145020,7.14000000
2018-02-27 22:32:21,0.00145000,179.39000000
2018-02-27 22:32:21,0.00145000,3.60000000
2018-02-27 22:32:22,0.00145000,6.36000000
2018-02-27 22:32:22,0.00145000,6.36000000
2018-02-27 22:32:22,0.00144900,6.36000000
2018-02-27 22:32:23,0.00144910,1.41000000
2018-02-27 22:32:24,0.00144910,15.34000000
2018-02-27 22:32:26,0.00144900,4.72000000
2018-02-27 22:32:26,0.00144890,13.20000000
2018-02-27 22:32:26,0.00144840,476.49000000
2018-02-27 22:32:26,0.00144790,5.61000000
2018-02-27 22:32:26,0.00144780,242.74000000
2018-02-27 22:32:26,0.00144760,69.94000000
2018-02-27 22:32:27,0.00144890,130.67000000
2018-02-27 22:32:29,0.00144910,0.02000000
2018-02-27 22:32:29,0.00145000,14.35000000
2018-02-27 22:32:31,0.00145000,30.03000000
2018-02-27 22:32:33,0.00144790,8.97000000
2018-02-27 22:32:33,0.00144760,73.80000000
2018-02-27 22:32:33,0.00144740,100.73000000
2018-02-27 22:32:33,0.00145000,1.67000000
2018-02-27 22:32:35,0.00145000,97.08000000
2018-02-27 22:32:37,0.00145000,1.41000000
2018-02-27 22:32:37,0.00145000,1.82000000
2018-02-27 22:32:38,0.00145000,84.59000000
2018-02-27 22:32:39,0.00145000,137.01000000
2018-02-27 22:32:39,0.00145060,13.20000000
2018-02-27 22:32:39,0.00145070,73.93000000
2018-02-27 22:32:39,0.00145100,3.20000000
2018-02-27 22:32:39,0.00145130,8.99000000
2018-02-27 22:32:40,0.00145200,2.00000000
2018-02-27 22:32:42,0.00145200,128.81000000
2018-02-27 22:32:43,0.00145200,2.27000000
2018-02-27 22:32:44,0.00145110,48.12000000
2018-02-27 22:32:44,0.00145200,6.88000000
2018-02-27 22:32:45,0.00145200,19.38000000
2018-02-27 22:32:46,0.00145200,10.22000000
2018-02-27 22:32:57,0.00145100,54.40000000
2018-02-27 22:33:00,0.00145040,42.46000000
2018-02-27 22:33:00,0.00145020,6.89000000
2018-02-27 22:33:00,0.00145000,100.00000000
2018-02-27 22:33:00,0.00144900,13.21000000
2018-02-27 22:33:00,0.00145100,36.08000000
2018-02-27 22:33:01,0.00145100,13.03000000
2018-02-27 22:33:01,0.00145110,10.07000000
2018-02-27 22:33:01,0.00145180,6.89000000
2018-02-27 22:33:01,0.00145200,58.01000000
2018-02-27 22:33:05,0.00145020,105.87000000
2018-02-27 22:33:07,0.00145190,0.29000000
2018-02-27 22:33:08,0.00145000,48.36000000
2018-02-27 22:33:15,0.00145000,10.00000000
2018-02-27 22:33:20,0.00145020,49.38000000
2018-02-27 22:33:20,0.00145150,27.77000000
2018-02-27 22:33:20,0.00145180,3.00000000
2018-02-27 22:33:20,0.00145190,13.87000000
2018-02-27 22:33:20,0.00145200,372.00000000
2018-02-27 22:33:20,0.00145370,76.52000000
2018-02-27 22:33:20,0.00145380,6.89000000
2018-02-27 22:33:20,0.00145150,2.50000000
2018-02-27 22:33:21,0.00145350,10.08000000
2018-02-27 22:33:22,0.00145200,37.07000000
2018-02-27 22:33:23,0.00145330,53.10000000
2018-02-27 22:33:24,0.00145280,20.17000000
2018-02-27 22:33:24,0.00145200,19.98000000
2018-02-27 22:33:25,0.00145200,48.86000000
2018-02-27 22:33:25,0.00145200,6.21000000
2018-02-27 22:33:31,0.00145190,15.96000000
2018-02-27 22:33:31,0.00145170,20.66000000
2018-02-27 22:33:31,0.00145150,1174.36000000
2018-02-27 22:33:31,0.00145480,68.84000000
2018-02-27 22:33:31,0.00145490,3.80000000
2018-02-27 22:33:36,0.00145490,6.87000000
2018-02-27 22:33:37,0.00145490,1.00000000
2018-02-27 22:33:38,0.00145490,2.86000000
2018-02-27 22:33:39,0.00145250,6.89000000
2018-02-27 22:33:39,0.00145230,37.93000000
2018-02-27 22:33:39,0.00145470,6.89000000
2018-02-27 22:33:39,0.00145490,98.74000000
2018-02-27 22:33:39,0.00145490,6.87000000
2018-02-27 22:33:39,0.00145490,37.89000000
2018-02-27 22:33:40,0.00145490,5.62000000
2018-02-27 22:33:40,0.00145490,14.07000000
2018-02-27 22:33:40,0.00145230,6.87000000
2018-02-27 22:33:43,0.00145360,79.89000000
2018-02-27 22:33:50,0.00145240,17.63000000
2018-02-27 22:33:51,0.00145260,6.89000000
2018-02-27 22:33:51,0.00145240,5.88000000
2018-02-27 22:33:54,0.00145280,3.80000000
2018-02-27 22:33:55,0.00145300,6.89000000
2018-02-27 22:33:56,0.00145270,21.80000000
2018-02-27 22:33:59,0.00145230,42.46000000
2018-02-27 22:34:04,0.00145460,30.40000000
2018-02-27 22:34:04,0.00145480,19.80000000
2018-02-27 22:34:06,0.00145480,9.09000000
2018-02-27 22:34:06,0.00145500,270.49000000
2018-02-27 22:34:06,0.00145500,64.06000000
2018-02-27 22:34:06,0.00145500,6.87000000
2018-02-27 22:34:07,0.00145500,6.87000000
2018-02-27 22:34:07,0.00145500,6.87000000
2018-02-27 22:34:07,0.00145500,6.87000000
2018-02-27 22:34:07,0.00145500,6.19000000
2018-02-27 22:34:08,0.00145500,18.42000000
2018-02-27 22:34:09,0.00145560,10.72000000
2018-02-27 22:34:09,0.00145600,0.42000000
2018-02-27 22:34:10,0.00145600,19.66000000
2018-02-27 22:34:10,0.00145630,5.49000000
2018-02-27 22:34:10,0.00145650,15.12000000
2018-02-27 22:34:10,0.00145700,49.69000000
2018-02-27 22:34:10,0.00145900,10.04000000
2018-02-27 22:34:12,0.00145610,14.99000000
2018-02-27 22:34:15,0.00145740,14.99000000
2018-02-27 22:34:15,0.00145750,70.39000000
2018-02-27 22:34:18,0.00145630,1.05000000
2018-02-27 22:34:24,0.00145660,3.02000000
2018-02-27 22:34:26,0.00145660,41.37000000
2018-02-27 22:34:33,0.00145660,210.15000000
2018-02-27 22:34:33,0.00145630,5.84000000
2018-02-27 22:34:33,0.00145600,20.60000000
2018-02-27 22:34:34,0.00145530,1.00000000
2018-02-27 22:34:34,0.00145530,0.41000000
2018-02-27 22:34:34,0.00145550,9.59000000
2018-02-27 22:34:35,0.00145510,6.07000000
2018-02-27 22:34:35,0.00145500,19.51000000
2018-02-27 22:34:35,0.00145550,1.12000000
2018-02-27 22:34:36,0.00145520,27.28000000
2018-02-27 22:34:37,0.00145500,1139.36000000
2018-02-27 22:34:39,0.00145550,19.22000000
2018-02-27 22:34:42,0.00145550,7.15000000
2018-02-27 22:34:43,0.00145550,1.12000000
2018-02-27 22:34:47,0.00145540,0.83000000
2018-02-27 22:34:51,0.00145510,90.86000000
2018-02-27 22:34:51,0.00145540,0.82000000
2018-02-27 22:34:53,0.00145540,20.87000000
2018-02-27 22:34:53,0.00145720,20.00000000
2018-02-27 22:34:54,0.00145720,25.11000000
2018-02-27 22:34:56,0.00145740,0.99000000
2018-02-27 22:35:01,0.00145740,18.09000000
2018-02-27 22:35:01,0.00145750,14.99000000
2018-02-27 22:35:02,0.00145830,32.76000000
2018-02-27 22:35:03,0.00145800,11.48000000
2018-02-27 22:35:05,0.00145800,283.07000000
2018-02-27 22:35:05,0.00145740,93.92000000
2018-02-27 22:35:06,0.00145800,2.06000000
2018-02-27 22:35:07,0.00145640,6.89000000
2018-02-27 22:35:10,0.00145670,7.08000000
2018-02-27 22:35:15,0.00145730,96.34000000
2018-02-27 22:35:16,0.00145800,129.38000000
2018-02-27 22:35:16,0.00145850,6.89000000
2018-02-27 22:35:16,0.00145870,9.94000000
2018-02-27 22:35:16,0.00145880,6.89000000
2018-02-27 22:35:16,0.00145890,217.98000000
2018-02-27 22:35:21,0.00145900,45.30000000
2018-02-27 22:35:22,0.00145940,2.04000000
2018-02-27 22:35:22,0.00145950,1.28000000
2018-02-27 22:35:23,0.00145890,885.82000000
2018-02-27 22:35:23,0.00145680,57.59000000
2018-02-27 22:35:23,0.00145670,94.59000000
2018-02-27 22:35:24,0.00145950,12.62000000
2018-02-27 22:35:29,0.00145940,3.77000000
2018-02-27 22:35:30,0.00145800,38.24000000
2018-02-27 22:35:34,0.00145720,6.89000000
2018-02-27 22:35:36,0.00145890,31.95000000
2018-02-27 22:35:36,0.00145700,72.00000000
2018-02-27 22:35:39,0.00145700,36.89000000
2018-02-27 22:35:39,0.00145890,21.87000000
2018-02-27 22:35:39,0.00145900,44.79000000
2018-02-27 22:35:39,0.00145920,6.89000000
2018-02-27 22:35:39,0.00145950,197.30000000
2018-02-27 22:35:39,0.00146000,733.94000000
2018-02-27 22:35:39,0.00146000,14.89000000
2018-02-27 22:35:39,0.00146000,74.38000000
2018-02-27 22:35:42,0.00145830,68.55000000
2018-02-27 22:35:42,0.00145820,31.29000000
2018-02-27 22:35:42,0.00145800,4.33000000
2018-02-27 22:35:42,0.00145700,20.00000000
2018-02-27 22:35:42,0.00145700,6.89000000
2018-02-27 22:35:43,0.00145690,6.89000000
2018-02-27 22:35:43,0.00145690,61.66000000
2018-02-27 22:35:43,0.00145700,374.91000000
2018-02-27 22:35:44,0.00145800,101.82000000
2018-02-27 22:35:45,0.00145800,5.00000000
2018-02-27 22:35:51,0.00145930,6.89000000
2018-02-27 22:35:53,0.00146000,5.00000000
2018-02-27 22:35:53,0.00146000,22.05000000
2018-02-27 22:35:54,0.00146000,25.00000000
2018-02-27 22:35:55,0.00146110,10.72000000
2018-02-27 22:35:55,0.00146160,6.89000000
2018-02-27 22:35:55,0.00146180,12.72000000
2018-02-27 22:35:55,0.00146200,117.48000000
2018-02-27 22:35:55,0.00146300,2.18000000
2018-02-27 22:35:55,0.00146320,0.88000000
2018-02-27 22:35:55,0.00146380,49.13000000
2018-02-27 22:35:56,0.00146380,16.87000000
2018-02-27 22:35:56,0.00146390,47.13000000
2018-02-27 22:35:57,0.00146080,58.30000000
2018-02-27 22:35:59,0.00146290,1.00000000
2018-02-27 22:35:59,0.00146290,14.00000000
2018-02-27 22:35:59,0.00146080,2.63000000
2018-02-27 22:35:59,0.00146380,14.84000000
2018-02-27 22:36:02,0.00146150,43.46000000
2018-02-27 22:36:02,0.00146180,1.00000000
2018-02-27 22:36:02,0.00146390,568.50000000
2018-02-27 22:36:02,0.00146140,2.63000000
2018-02-27 22:36:02,0.00146170,15.00000000
2018-02-27 22:36:04,0.00146100,43.60000000
2018-02-27 22:36:05,0.00146150,2.90000000
2018-02-27 22:36:05,0.00146150,13.64000000
2018-02-27 22:36:07,0.00146150,4.46000000
2018-02-27 22:36:07,0.00146160,1.31000000
2018-02-27 22:36:07,0.00146160,13.69000000
2018-02-27 22:36:07,0.00146350,3.10000000
2018-02-27 22:36:07,0.00146360,17.77000000
2018-02-27 22:36:07,0.00146380,9.76000000
2018-02-27 22:36:09,0.00146380,4.15000000
2018-02-27 22:36:12,0.00146090,65.00000000
2018-02-27 22:36:12,0.00146090,10.35000000
2018-02-27 22:36:12,0.00146060,57.40000000
2018-02-27 22:36:12,0.00146050,99.55000000
2018-02-27 22:36:12,0.00145820,2.04000000
2018-02-27 22:36:12,0.00145810,110.00000000
