DATE,PRICE,VOLUME
2018-02-24 00:00:00,0.00127840,2.50000000
2018-02-24 00:00:01,0.00127680,284.84000000
2018-02-24 00:00:01,0.00127650,242.75000000
2018-02-24 00:00:01,0.00127630,38.24000000
2018-02-24 00:00:01,0.00127620,6.59000000
2018-02-24 00:00:02,0.00127840,0.01000000
2018-02-24 00:00:02,0.00127840,5.09000000
2018-02-24 00:00:03,0.00127760,0.95000000
2018-02-24 00:00:03,0.00127760,180.61000000
2018-02-24 00:00:04,0.00127770,4.48000000
2018-02-24 00:00:05,0.00127770,0.68000000
2018-02-24 00:00:05,0.00127770,25.00000000
2018-02-24 00:00:06,0.00127800,0.01000000
2018-02-24 00:00:08,0.00127800,22.81000000
2018-02-24 00:00:08,0.00127770,2.00000000
2018-02-24 00:00:08,0.00127800,27.25000000
2018-02-24 00:00:08,0.00127810,4.00000000
2018-02-24 00:00:08,0.00127830,159.12000000
2018-02-24 00:00:08,0.00127830,116.65000000
2018-02-24 00:00:08,0.00127900,10.00000000
2018-02-24 00:00:09,0.00127770,24.27000000
2018-02-24 00:00:09,0.00127770,29.01000000
2018-02-24 00:00:10,0.00127770,74.98000000
2018-02-24 00:00:10,0.00127900,0.01000000
2018-02-24 00:00:10,0.00127900,5.62000000
2018-02-24 00:00:10,0.00127990,242.49000000
2018-02-24 00:00:10,0.00127990,13.13000000
2018-02-24 00:00:10,0.00127770,39.50000000
2018-02-24 00:00:11,0.00127800,49.53000000
2018-02-24 00:00:11,0.00127800,7.93000000
2018-02-24 00:00:12,0.00127800,120.00000000
2018-02-24 00:00:12,0.00127770,5.34000000
2018-02-24 00:00:13,0.00127800,136.43000000
2018-02-24 00:00:13,0.00127800,0.94000000
2018-02-24 00:00:14,0.00127770,169.03000000
2018-02-24 00:00:14,0.00127760,0.95000000
2018-02-24 00:00:14,0.00127700,38.14000000
2018-02-24 00:00:14,0.00127800,0.01000000
2018-02-24 00:00:14,0.00127780,5.05000000
2018-02-24 00:00:14,0.00127700,16.84000000
2018-02-24 00:00:15,0.00127700,6.22000000
2018-02-24 00:00:16,0.00127700,110.66000000
2018-02-24 00:00:17,0.00127680,1.64000000
2018-02-24 00:00:17,0.00127670,12.19000000
2018-02-24 00:00:17,0.00127670,19.99000000
2018-02-24 00:00:18,0.00127680,3.91000000
2018-02-24 00:00:20,0.00127670,24.29000000
2018-02-24 00:00:20,0.00127650,0.10000000
2018-02-24 00:00:21,0.00127650,284.53000000
2018-02-24 00:00:21,0.00127620,297.27000000
2018-02-24 00:00:21,0.00127670,11.12000000
2018-02-24 00:00:21,0.00127680,74.97000000
2018-02-24 00:00:22,0.00127690,1.95000000
2018-02-24 00:00:22,0.00127700,343.61000000
2018-02-24 00:00:23,0.00127680,396.15000000
2018-02-24 00:00:23,0.00127700,24.28000000
2018-02-24 00:00:27,0.00127790,20.00000000
2018-02-24 00:00:27,0.00127800,53.96000000
2018-02-24 00:00:27,0.00127800,65.64000000
2018-02-24 00:00:27,0.00127720,3.16000000
2018-02-24 00:00:27,0.00127700,8.41000000
2018-02-24 00:00:27,0.00127800,3.16000000
2018-02-24 00:00:28,0.00127800,0.52000000
2018-02-24 00:00:28,0.00127700,3.00000000
2018-02-24 00:00:28,0.00127700,1033.02000000
2018-02-24 00:00:29,0.00127700,23.86000000
2018-02-24 00:00:29,0.00127940,3.16000000
2018-02-24 00:00:29,0.00127950,32.18000000
2018-02-24 00:00:29,0.00127960,2.54000000
2018-02-24 00:00:29,0.00127710,20.00000000
2018-02-24 00:00:29,0.00127700,4.14000000
2018-02-24 00:00:29,0.00127700,50.00000000
2018-02-24 00:00:30,0.00127690,2.37000000
2018-02-24 00:00:30,0.00127690,1.00000000
2018-02-24 00:00:30,0.00127700,429.94000000
2018-02-24 00:00:30,0.00127690,3.16000000
2018-02-24 00:00:30,0.00127940,33.32000000
2018-02-24 00:00:31,0.00127700,36.60000000
2018-02-24 00:00:31,0.00127700,47.40000000
2018-02-24 00:00:32,0.00127690,16.68000000
2018-02-24 00:00:33,0.00127700,25.00000000
2018-02-24 00:00:34,0.00127820,4.48000000
2018-02-24 00:00:36,0.00127710,50.00000000
2018-02-24 00:00:36,0.00127700,215.00000000
2018-02-24 00:00:37,0.00127810,3.18000000
2018-02-24 00:00:38,0.00127700,85.19000000
2018-02-24 00:00:38,0.00127710,15.54000000
2018-02-24 00:00:38,0.00127710,3.11000000
2018-02-24 00:00:38,0.00127700,126.69000000
2018-02-24 00:00:40,0.00127780,2.16000000
2018-02-24 00:00:41,0.00127720,3.16000000
2018-02-24 00:00:41,0.00127710,13.40000000
2018-02-24 00:00:42,0.00127750,4.07000000
2018-02-24 00:00:42,0.00127750,12.75000000
2018-02-24 00:00:42,0.00127760,3.16000000
2018-02-24 00:00:42,0.00127780,9.62000000
2018-02-24 00:00:42,0.00127820,4.48000000
2018-02-24 00:00:42,0.00127820,2.63000000
2018-02-24 00:00:43,0.00127820,21.13000000
2018-02-24 00:00:43,0.00127820,4.23000000
2018-02-24 00:00:43,0.00127710,21.15000000
2018-02-24 00:00:43,0.00127800,8.76000000
2018-02-24 00:00:44,0.00127710,30.98000000
2018-02-24 00:00:44,0.00127700,58.71000000
2018-02-24 00:00:45,0.00127730,2.47000000
2018-02-24 00:00:45,0.00127730,0.69000000
2018-02-24 00:00:45,0.00127720,822.25000000
2018-02-24 00:00:46,0.00127780,3.16000000
2018-02-24 00:00:46,0.00127790,16.84000000
2018-02-24 00:00:47,0.00127720,39.31000000
2018-02-24 00:00:47,0.00127790,2.79000000
2018-02-24 00:00:48,0.00127800,12.37000000
2018-02-24 00:00:48,0.00127810,6.02000000
2018-02-24 00:00:48,0.00127810,2.30000000
2018-02-24 00:00:48,0.00127810,28.21000000
2018-02-24 00:00:50,0.00127820,9.34000000
2018-02-24 00:00:50,0.00127810,33.50000000
2018-02-24 00:00:51,0.00127810,3.68000000
2018-02-24 00:00:51,0.00127870,101.52000000
2018-02-24 00:00:51,0.00127830,3.16000000
2018-02-24 00:00:51,0.00127810,3.68000000
2018-02-24 00:00:51,0.00127810,6.30000000
2018-02-24 00:00:51,0.00127800,38.41000000
2018-02-24 00:00:51,0.00127800,36.68000000
2018-02-24 00:00:51,0.00127800,3.68000000
2018-02-24 00:00:52,0.00127800,3.68000000
2018-02-24 00:00:52,0.00127800,3.68000000
2018-02-24 00:00:52,0.00127810,27.57000000
2018-02-24 00:00:53,0.00127810,3.68000000
2018-02-24 00:00:53,0.00127900,0.16000000
2018-02-24 00:00:53,0.00127900,1.02000000
2018-02-24 00:00:53,0.00127930,3.16000000
2018-02-24 00:00:53,0.00127950,65.42000000
2018-02-24 00:00:53,0.00127960,5.16000000
2018-02-24 00:00:53,0.00127980,108.47000000
2018-02-24 00:00:53,0.00127900,4.96000000
2018-02-24 00:00:53,0.00127900,9.34000000
2018-02-24 00:00:53,0.00127900,67.32000000
2018-02-24 00:00:53,0.00127810,30.54000000
2018-02-24 00:00:54,0.00127810,1.44000000
2018-02-24 00:00:55,0.00127800,1.25000000
2018-02-24 00:00:58,0.00127800,11.37000000
2018-02-24 00:00:58,0.00127810,0.01000000
2018-02-24 00:00:59,0.00127800,38.28000000
2018-02-24 00:00:59,0.00127800,48.59000000
2018-02-24 00:00:59,0.00127810,10.51000000
2018-02-24 00:00:59,0.00127800,3.68000000
2018-02-24 00:01:01,0.00127800,7.00000000
2018-02-24 00:01:02,0.00127800,8.39000000
2018-02-24 00:01:02,0.00127800,1.52000000
2018-02-24 00:01:02,0.00127810,43.17000000
2018-02-24 00:01:03,0.00127800,34.32000000
2018-02-24 00:01:07,0.00127800,35.01000000
2018-02-24 00:01:07,0.00127810,38.35000000
2018-02-24 00:01:08,0.00127890,13.15000000
2018-02-24 00:01:09,0.00127830,3.16000000
2018-02-24 00:01:09,0.00127810,19.03000000
2018-02-24 00:01:09,0.00127800,105.81000000
2018-02-24 00:01:09,0.00127800,3.84000000
2018-02-24 00:01:10,0.00127800,0.33000000
2018-02-24 00:01:10,0.00127900,11.18000000
2018-02-24 00:01:10,0.00127940,99.82000000
2018-02-24 00:01:13,0.00127900,3.17000000
2018-02-24 00:01:13,0.00127800,88.70000000
2018-02-24 00:01:13,0.00127800,83.45000000
2018-02-24 00:01:14,0.00127740,3.91000000
2018-02-24 00:01:14,0.00127740,9.57000000
2018-02-24 00:01:15,0.00127780,3.16000000
2018-02-24 00:01:15,0.00127800,86.55000000
2018-02-24 00:01:15,0.00127940,3.56000000
2018-02-24 00:01:16,0.00127900,4.85000000
2018-02-24 00:01:16,0.00127900,108.00000000
2018-02-24 00:01:17,0.00127900,30.94000000
2018-02-24 00:01:17,0.00127900,7.24000000
2018-02-24 00:01:17,0.00127900,38.18000000
2018-02-24 00:01:17,0.00127900,7.24000000
2018-02-24 00:01:17,0.00127900,3.91000000
2018-02-24 00:01:18,0.00127900,30.61000000
2018-02-24 00:01:19,0.00127900,56.00000000
2018-02-24 00:01:20,0.00127940,13.51000000
2018-02-24 00:01:21,0.00127900,13.74000000
2018-02-24 00:01:21,0.00127940,11.98000000
2018-02-24 00:01:21,0.00127960,3.16000000
2018-02-24 00:01:21,0.00127970,3.07000000
2018-02-24 00:01:21,0.00127980,8.79000000
2018-02-24 00:01:22,0.00127900,1.09000000
2018-02-24 00:01:23,0.00127900,16.66000000
2018-02-24 00:01:23,0.00127920,3.16000000
2018-02-24 00:01:23,0.00127900,17.63000000
2018-02-24 00:01:24,0.00127900,133.40000000
2018-02-24 00:01:24,0.00127900,54.66000000
2018-02-24 00:01:24,0.00127960,3.16000000
2018-02-24 00:01:24,0.00127980,171.40000000
2018-02-24 00:01:24,0.00127990,10.58000000
2018-02-24 00:01:25,0.00127990,12.25000000
2018-02-24 00:01:26,0.00127990,126.83000000
2018-02-24 00:01:26,0.00128000,450.45000000
2018-02-24 00:01:26,0.00128050,101.18000000
2018-02-24 00:01:26,0.00128060,281.00000000
2018-02-24 00:01:27,0.00127900,308.98000000
2018-02-24 00:01:27,0.00128060,16.02000000
2018-02-24 00:01:28,0.00128060,6.50000000
2018-02-24 00:01:28,0.00128080,23.43000000
2018-02-24 00:01:28,0.00128080,19.95000000
2018-02-24 00:01:28,0.00128080,5.38000000
2018-02-24 00:01:28,0.00128080,23.42000000
2018-02-24 00:01:28,0.00128080,11.58000000
2018-02-24 00:01:28,0.00128080,10.39000000
2018-02-24 00:01:28,0.00128080,23.41000000
2018-02-24 00:01:28,0.00128110,23.42000000
2018-02-24 00:01:28,0.00128110,60.00000000
2018-02-24 00:01:28,0.00128110,26.25000000
2018-02-24 00:01:29,0.00128080,23.41000000
2018-02-24 00:01:29,0.00128080,23.41000000
2018-02-24 00:01:29,0.00128080,8.46000000
2018-02-24 00:01:29,0.00128080,23.42000000
2018-02-24 00:01:29,0.00128080,23.42000000
2018-02-24 00:01:30,0.00128080,12.32000000
2018-02-24 00:01:30,0.00128110,10.37000000
2018-02-24 00:01:30,0.00128080,95.56000000
2018-02-24 00:01:31,0.00128080,184.91000000
2018-02-24 00:01:31,0.00128080,27.50000000
2018-02-24 00:01:32,0.00128110,29.30000000
2018-02-24 00:01:32,0.00128080,8.72000000
2018-02-24 00:01:32,0.00128110,43.75000000
2018-02-24 00:01:32,0.00128150,0.16000000
2018-02-24 00:01:32,0.00128110,6.81000000
2018-02-24 00:01:32,0.00128110,26.04000000
2018-02-24 00:01:33,0.00128020,3.16000000
2018-02-24 00:01:33,0.00128000,5.56000000
2018-02-24 00:01:34,0.00128000,216.29000000
2018-02-24 00:01:34,0.00127990,82.00000000
2018-02-24 00:01:34,0.00127940,15.91000000
2018-02-24 00:01:34,0.00127920,3.16000000
2018-02-24 00:01:34,0.00127900,12.64000000
2018-02-24 00:01:34,0.00127900,12.83000000
2018-02-24 00:01:35,0.00127900,120.52000000
2018-02-24 00:01:35,0.00128040,3.16000000
2018-02-24 00:01:35,0.00128090,3.16000000
2018-02-24 00:01:35,0.00128110,8.48000000
2018-02-24 00:01:35,0.00128110,8.48000000
2018-02-24 00:01:35,0.00128110,26.83000000
2018-02-24 00:01:35,0.00128060,140.82000000
2018-02-24 00:01:35,0.00127900,13.71000000
2018-02-24 00:01:36,0.00127900,56.28000000
2018-02-24 00:01:36,0.00128110,0.78000000
2018-02-24 00:01:37,0.00128020,9.48000000
2018-02-24 00:01:37,0.00128000,9.46000000
2018-02-24 00:01:37,0.00128000,10.78000000
2018-02-24 00:01:38,0.00127920,3.16000000
2018-02-24 00:01:38,0.00127900,87.75000000
2018-02-24 00:01:39,0.00127900,69.41000000
2018-02-24 00:01:39,0.00127900,2.00000000
2018-02-24 00:01:40,0.00127860,21.30000000
2018-02-24 00:01:42,0.00127900,284.86000000
2018-02-24 00:01:43,0.00127900,20.30000000
2018-02-24 00:01:43,0.00127900,5.00000000
2018-02-24 00:01:46,0.00127900,164.99000000
2018-02-24 00:01:48,0.00127840,5.40000000
2018-02-24 00:01:50,0.00127880,2.10000000
2018-02-24 00:01:50,0.00127880,1.06000000
2018-02-24 00:01:50,0.00127900,86.71000000
2018-02-24 00:01:50,0.00127980,6.09000000
2018-02-24 00:01:50,0.00127990,15.00000000
2018-02-24 00:01:50,0.00128000,3.30000000
2018-02-24 00:01:51,0.00128000,10.32000000
2018-02-24 00:01:52,0.00128000,6.71000000
2018-02-24 00:01:52,0.00128000,33.97000000
2018-02-24 00:01:54,0.00128020,1.76000000
2018-02-24 00:01:54,0.00128000,5.51000000
2018-02-24 00:01:55,0.00128010,42.20000000
2018-02-24 00:01:55,0.00128010,75.81000000
2018-02-24 00:01:55,0.00128010,2.34000000
2018-02-24 00:01:56,0.00128010,6.69000000
2018-02-24 00:01:57,0.00128010,12.85000000
2018-02-24 00:01:58,0.00128000,4.28000000
2018-02-24 00:01:59,0.00128010,63.15000000
2018-02-24 00:01:59,0.00128020,9.08000000
2018-02-24 00:01:59,0.00128090,3.16000000
2018-02-24 00:01:59,0.00128110,3.76000000
2018-02-24 00:02:01,0.00128110,2.50000000
2018-02-24 00:02:01,0.00128110,101.44000000
2018-02-24 00:02:01,0.00128120,10.59000000
2018-02-24 00:02:01,0.00128150,13.34000000
2018-02-24 00:02:01,0.00128250,84.41000000
2018-02-24 00:02:01,0.00128300,15.11000000
2018-02-24 00:02:01,0.00128350,269.99000000
2018-02-24 00:02:02,0.00128050,2.51000000
2018-02-24 00:02:02,0.00128340,20.00000000
2018-02-24 00:02:02,0.00128350,102.64000000
2018-02-24 00:02:02,0.00128350,118.62000000
2018-02-24 00:02:03,0.00128350,30.66000000
2018-02-24 00:02:03,0.00128300,7.67000000
2018-02-24 00:02:04,0.00128300,3.50000000
2018-02-24 00:02:04,0.00128300,1.92000000
2018-02-24 00:02:05,0.00128300,0.48000000
2018-02-24 00:02:06,0.00128300,0.12000000
2018-02-24 00:02:06,0.00128300,4.47000000
2018-02-24 00:02:06,0.00128340,0.22000000
2018-02-24 00:02:06,0.00128340,0.03000000
2018-02-24 00:02:07,0.00128340,2.05000000
2018-02-24 00:02:09,0.00128340,0.21000000
2018-02-24 00:02:09,0.00128350,33.11000000
2018-02-24 00:02:09,0.00128400,18.44000000
2018-02-24 00:02:10,0.00128400,10.29000000
2018-02-24 00:02:10,0.00128400,16.27000000
2018-02-24 00:02:10,0.00128440,24.28000000
2018-02-24 00:02:10,0.00128450,54.33000000
2018-02-24 00:02:10,0.00128340,118.58000000
2018-02-24 00:02:10,0.00128450,1.32000000
2018-02-24 00:02:10,0.00128460,145.10000000
2018-02-24 00:02:10,0.00128170,17.09000000
2018-02-24 00:02:12,0.00128340,42.58000000
2018-02-24 00:02:12,0.00128340,35.95000000
2018-02-24 00:02:13,0.00128340,220.92000000
2018-02-24 00:02:13,0.00128340,1.86000000
2018-02-24 00:02:13,0.00128340,29.51000000
2018-02-24 00:02:13,0.00128340,80.78000000
2018-02-24 00:02:14,0.00128340,38.29000000
2018-02-24 00:02:15,0.00128340,23.35000000
2018-02-24 00:02:15,0.00128340,23.35000000
2018-02-24 00:02:15,0.00128340,23.35000000
2018-02-24 00:02:15,0.00128340,23.35000000
2018-02-24 00:02:15,0.00128340,4.99000000
2018-02-24 00:02:15,0.00128340,23.35000000
2018-02-24 00:02:16,0.00128210,3.12000000
2018-02-24 00:02:16,0.00128200,100.00000000
2018-02-24 00:02:16,0.00128190,15.60000000
2018-02-24 00:02:16,0.00128180,8.78000000
2018-02-24 00:02:16,0.00128080,54.60000000
2018-02-24 00:02:16,0.00128020,3.89000000
2018-02-24 00:02:16,0.00128010,215.18000000
2018-02-24 00:02:16,0.00128000,207.37000000
2018-02-24 00:02:16,0.00128340,23.35000000
2018-02-24 00:02:16,0.00128320,3.12000000
2018-02-24 00:02:16,0.00128340,20.23000000
2018-02-24 00:02:16,0.00128340,23.35000000
2018-02-24 00:02:16,0.00128340,23.35000000
2018-02-24 00:02:16,0.00128340,23.35000000
2018-02-24 00:02:16,0.00128340,4.99000000
2018-02-24 00:02:16,0.00128340,23.35000000
2018-02-24 00:02:16,0.00128320,2.50000000
2018-02-24 00:02:16,0.00128300,150.00000000
2018-02-24 00:02:16,0.00128340,23.35000000
2018-02-24 00:02:16,0.00128340,15.01000000
2018-02-24 00:02:16,0.00128340,23.35000000
2018-02-24 00:02:16,0.00128340,23.35000000
2018-02-24 00:02:16,0.00128330,29.64000000
2018-02-24 00:02:16,0.00128340,22.93000000
2018-02-24 00:02:16,0.00128340,4.99000000
2018-02-24 00:02:17,0.00128340,155.12000000
2018-02-24 00:02:17,0.00128340,23.35000000
2018-02-24 00:02:17,0.00128340,23.35000000
2018-02-24 00:02:17,0.00128340,4.99000000
2018-02-24 00:02:17,0.00128340,23.35000000
2018-02-24 00:02:17,0.00128340,78.25000000
2018-02-24 00:02:17,0.00128340,23.35000000
2018-02-24 00:02:17,0.00128340,23.35000000
2018-02-24 00:02:17,0.00128340,4.99000000
2018-02-24 00:02:17,0.00128340,41.85000000
2018-02-24 00:02:17,0.00128460,85.15000000
2018-02-24 00:02:19,0.00128440,100.00000000
2018-02-24 00:02:19,0.00128460,148.00000000
2018-02-24 00:02:21,0.00128460,3.77000000
2018-02-24 00:02:21,0.00128460,1587.23000000
2018-02-24 00:02:21,0.00128500,163.64000000
2018-02-24 00:02:22,0.00128570,3.00000000
2018-02-24 00:02:22,0.00128600,6.85000000
2018-02-24 00:02:22,0.00128700,21.13000000
2018-02-24 00:02:22,0.00128710,1.00000000
2018-02-24 00:02:22,0.00128790,18.04000000
2018-02-24 00:02:22,0.00128800,139.05000000
2018-02-24 00:02:22,0.00128900,105.94000000
2018-02-24 00:02:23,0.00128500,18.30000000
2018-02-24 00:02:23,0.00128500,23.34000000
2018-02-24 00:02:23,0.00128500,36.63000000
2018-02-24 00:02:23,0.00128500,57.29000000
2018-02-24 00:02:23,0.00128610,4.93000000
2018-02-24 00:02:23,0.00128890,0.85000000
2018-02-24 00:02:23,0.00128900,144.22000000
2018-02-24 00:02:23,0.00128550,21.92000000
2018-02-24 00:02:23,0.00128550,23.33000000
2018-02-24 00:02:24,0.00128560,4.39000000
2018-02-24 00:02:24,0.00128510,9.95000000
2018-02-24 00:02:24,0.00128560,4.39000000
2018-02-24 00:02:24,0.00128560,23.33000000
2018-02-24 00:02:24,0.00128560,19.69000000
2018-02-24 00:02:25,0.00128550,0.01000000
2018-02-24 00:02:25,0.00128540,4.39000000
2018-02-24 00:02:25,0.00128540,5.56000000
2018-02-24 00:02:25,0.00128550,3.32000000
2018-02-24 00:02:25,0.00128550,16.45000000
2018-02-24 00:02:26,0.00128550,64.11000000
2018-02-24 00:02:26,0.00128560,8.50000000
2018-02-24 00:02:26,0.00128510,81.09000000
2018-02-24 00:02:26,0.00128500,89.04000000
2018-02-24 00:02:26,0.00128560,8.04000000
2018-02-24 00:02:27,0.00128550,24.46000000
2018-02-24 00:02:28,0.00128500,282.31000000
2018-02-24 00:02:29,0.00128550,9.64000000
2018-02-24 00:02:29,0.00128500,201.67000000
2018-02-24 00:02:30,0.00128550,1.51000000
2018-02-24 00:02:31,0.00128500,185.14000000
2018-02-24 00:02:32,0.00128550,23.97000000
2018-02-24 00:02:32,0.00128550,23.33000000
2018-02-24 00:02:32,0.00128550,1.95000000
2018-02-24 00:02:32,0.00128500,37.07000000
2018-02-24 00:02:32,0.00128460,3.52000000
2018-02-24 00:02:32,0.00128340,32.00000000
2018-02-24 00:02:32,0.00128300,45.99000000
2018-02-24 00:02:33,0.00128550,20.25000000
2018-02-24 00:02:34,0.00128550,241.96000000
2018-02-24 00:02:34,0.00128500,12.27000000
2018-02-24 00:02:34,0.00128400,23.33000000
2018-02-24 00:02:34,0.00128400,127.65000000
2018-02-24 00:02:34,0.00128400,3.14000000
2018-02-24 00:02:34,0.00128400,23.33000000
2018-02-24 00:02:34,0.00128400,23.33000000
2018-02-24 00:02:34,0.00128400,24.74000000
2018-02-24 00:02:36,0.00128520,126.35000000
2018-02-24 00:02:39,0.00128550,8.88000000
2018-02-24 00:02:39,0.00128560,0.08000000
2018-02-24 00:02:42,0.00128560,20.95000000
2018-02-24 00:02:42,0.00128670,52.00000000
2018-02-24 00:02:42,0.00128560,23.33000000
2018-02-24 00:02:42,0.00128670,87.27000000
2018-02-24 00:02:42,0.00128560,21.68000000
2018-02-24 00:02:42,0.00128560,107.79000000
2018-02-24 00:02:43,0.00128560,11.21000000
2018-02-24 00:02:43,0.00128560,35.00000000
2018-02-24 00:02:43,0.00128560,10.91000000
2018-02-24 00:02:43,0.00128560,23.33000000
2018-02-24 00:02:43,0.00128560,23.33000000
2018-02-24 00:02:43,0.00128670,354.53000000
2018-02-24 00:02:44,0.00128670,2.29000000
2018-02-24 00:02:44,0.00128670,12.58000000
2018-02-24 00:02:44,0.00128670,8.43000000
2018-02-24 00:02:44,0.00128670,5.09000000
2018-02-24 00:02:44,0.00128670,12.30000000
2018-02-24 00:02:44,0.00128670,5.10000000
2018-02-24 00:02:44,0.00128670,38.89000000
2018-02-24 00:02:44,0.00128670,9.37000000
2018-02-24 00:02:45,0.00128670,3.66000000
2018-02-24 00:02:46,0.00128670,23.31000000
2018-02-24 00:02:46,0.00128670,23.31000000
2018-02-24 00:02:46,0.00128670,51.05000000
2018-02-24 00:02:46,0.00128670,1.62000000
2018-02-24 00:02:47,0.00128670,3.66000000
2018-02-24 00:02:47,0.00128670,3.66000000
2018-02-24 00:02:48,0.00128670,3.66000000
2018-02-24 00:02:48,0.00128670,3.67000000
2018-02-24 00:02:48,0.00128670,3.66000000
2018-02-24 00:02:48,0.00128790,22.53000000
2018-02-24 00:02:48,0.00128800,7.47000000
2018-02-24 00:02:48,0.00128670,31.98000000
2018-02-24 00:02:48,0.00128670,3.66000000
2018-02-24 00:02:48,0.00128670,9.37000000
2018-02-24 00:02:49,0.00128670,9.37000000
2018-02-24 00:02:49,0.00128670,3.66000000
2018-02-24 00:02:49,0.00128670,3.66000000
2018-02-24 00:02:49,0.00128790,5.28000000
2018-02-24 00:02:50,0.00128790,34.94000000
2018-02-24 00:02:50,0.00128790,125.86000000
2018-02-24 00:02:51,0.00128790,2.04000000
2018-02-24 00:02:51,0.00128800,45.69000000
2018-02-24 00:02:51,0.00128840,17.56000000
2018-02-24 00:02:51,0.00128860,111.56000000
2018-02-24 00:02:52,0.00128790,35.84000000
2018-02-24 00:02:52,0.00128790,6.71000000
2018-02-24 00:02:52,0.00128790,2.40000000
2018-02-24 00:02:52,0.00128790,3.66000000
2018-02-24 00:02:53,0.00128790,3.66000000
2018-02-24 00:02:53,0.00128790,3.66000000
2018-02-24 00:02:53,0.00128790,8.03000000
2018-02-24 00:02:53,0.00128790,8.02000000
2018-02-24 00:02:53,0.00128790,2.09000000
2018-02-24 00:02:53,0.00128790,2.61000000
2018-02-24 00:02:54,0.00128790,13.87000000
2018-02-24 00:02:54,0.00128790,13.87000000
2018-02-24 00:02:54,0.00128790,31.00000000
2018-02-24 00:02:58,0.00128860,53.04000000
2018-02-24 00:02:58,0.00128860,71.96000000
2018-02-24 00:02:58,0.00128860,8.47000000
2018-02-24 00:02:58,0.00128870,91.22000000
2018-02-24 00:02:58,0.00128880,212.78000000
2018-02-24 00:02:59,0.00128860,3.65000000
2018-02-24 00:02:59,0.00128860,9.08000000
2018-02-24 00:02:59,0.00128860,3.65000000
2018-02-24 00:03:00,0.00128860,3.65000000
2018-02-24 00:03:00,0.00128880,0.48000000
2018-02-24 00:03:00,0.00128860,3.65000000
2018-02-24 00:03:00,0.00128860,3.65000000
2018-02-24 00:03:01,0.00128860,3.65000000
2018-02-24 00:03:01,0.00128860,3.65000000
2018-02-24 00:03:01,0.00128860,7.40000000
2018-02-24 00:03:02,0.00128880,3.65000000
2018-02-24 00:03:02,0.00128880,1.92000000
2018-02-24 00:03:02,0.00128900,52.18000000
2018-02-24 00:03:02,0.00128940,24.17000000
2018-02-24 00:03:02,0.00128950,103.16000000
2018-02-24 00:03:02,0.00128990,53.58000000
2018-02-24 00:03:02,0.00128990,10.93000000
2018-02-24 00:03:02,0.00129000,333.81000000
2018-02-24 00:03:02,0.00129000,92.41000000
2018-02-24 00:03:02,0.00129010,4.51000000
2018-02-24 00:03:02,0.00129000,9.51000000
2018-02-24 00:03:03,0.00129000,8.21000000
2018-02-24 00:03:03,0.00129000,5.55000000
2018-02-24 00:03:04,0.00129010,24.04000000
2018-02-24 00:03:04,0.00129020,34.99000000
2018-02-24 00:03:04,0.00129060,250.00000000
2018-02-24 00:03:04,0.00129070,12.17000000
2018-02-24 00:03:04,0.00129090,38.77000000
2018-02-24 00:03:04,0.00129090,3.65000000
2018-02-24 00:03:05,0.00129090,38.77000000
2018-02-24 00:03:05,0.00129090,14.05000000
2018-02-24 00:03:05,0.00129090,10.81000000
2018-02-24 00:03:05,0.00129100,120.35000000
2018-02-24 00:03:05,0.00129090,40.20000000
2018-02-24 00:03:05,0.00129090,3.65000000
2018-02-24 00:03:05,0.00129090,6.50000000
2018-02-24 00:03:05,0.00129090,44.31000000
2018-02-24 00:03:05,0.00129090,23.22000000
2018-02-24 00:03:06,0.00129090,7.91000000
2018-02-24 00:03:06,0.00129000,3.66000000
2018-02-24 00:03:06,0.00129100,112.45000000
2018-02-24 00:03:07,0.00129100,13.32000000
2018-02-24 00:03:07,0.00129100,11.05000000
2018-02-24 00:03:07,0.00129100,15.32000000
2018-02-24 00:03:07,0.00129160,0.04000000
2018-02-24 00:03:07,0.00129100,13.45000000
2018-02-24 00:03:07,0.00129100,33.99000000
2018-02-24 00:03:07,0.00129020,3.12000000
2018-02-24 00:03:07,0.00129000,56.34000000
2018-02-24 00:03:07,0.00128950,301.41000000
2018-02-24 00:03:07,0.00128900,18.67000000
2018-02-24 00:03:07,0.00128880,119.47000000
2018-02-24 00:03:08,0.00129080,3.12000000
2018-02-24 00:03:08,0.00129000,3.13000000
2018-02-24 00:03:12,0.00129100,42.73000000
2018-02-24 00:03:12,0.00129130,15.60000000
2018-02-24 00:03:12,0.00129160,10.04000000
2018-02-24 00:03:12,0.00129160,8.60000000
2018-02-24 00:03:12,0.00129180,8.17000000
2018-02-24 00:03:12,0.00129200,117.65000000
2018-02-24 00:03:12,0.00129210,31.08000000
2018-02-24 00:03:12,0.00129220,7.87000000
2018-02-24 00:03:12,0.00129230,5.88000000
2018-02-24 00:03:12,0.00129240,2.70000000
2018-02-24 00:03:12,0.00129290,17.48000000
2018-02-24 00:03:12,0.00129300,30.95000000
2018-02-24 00:03:12,0.00129350,3.60000000
2018-02-24 00:03:12,0.00129360,11.67000000
2018-02-24 00:03:12,0.00129380,437.44000000
2018-02-24 00:03:12,0.00129390,143.25000000
2018-02-24 00:03:12,0.00129400,14.00000000
2018-02-24 00:03:12,0.00129440,9.48000000
2018-02-24 00:03:12,0.00129450,1.67000000
2018-02-24 00:03:12,0.00129460,1.66000000
2018-02-24 00:03:12,0.00129470,6.62000000
2018-02-24 00:03:12,0.00129500,63.56000000
2018-02-24 00:03:12,0.00129510,165.46000000
2018-02-24 00:03:12,0.00129590,11.21000000
2018-02-24 00:03:12,0.00129500,2.06000000
2018-02-24 00:03:12,0.00129500,23.16000000
2018-02-24 00:03:12,0.00129500,2.06000000
2018-02-24 00:03:12,0.00129500,12.51000000
2018-02-24 00:03:12,0.00129500,4.71000000
2018-02-24 00:03:12,0.00129500,23.16000000
2018-02-24 00:03:13,0.00129500,9.93000000
2018-02-24 00:03:13,0.00129500,23.16000000
2018-02-24 00:03:13,0.00129500,23.16000000
2018-02-24 00:03:13,0.00129500,38.65000000
2018-02-24 00:03:13,0.00129500,3.64000000
2018-02-24 00:03:13,0.00129500,5.80000000
2018-02-24 00:03:13,0.00129500,23.16000000
2018-02-24 00:03:13,0.00129500,11.06000000
2018-02-24 00:03:13,0.00129500,23.16000000
2018-02-24 00:03:13,0.00129500,3.63000000
2018-02-24 00:03:13,0.00129500,5.57000000
2018-02-24 00:03:13,0.00129500,2.16000000
2018-02-24 00:03:13,0.00129500,14.08000000
2018-02-24 00:03:13,0.00129500,23.16000000
2018-02-24 00:03:14,0.00129500,3.63000000
2018-02-24 00:03:14,0.00129500,20.98000000
2018-02-24 00:03:14,0.00129500,1.65000000
2018-02-24 00:03:14,0.00129500,23.16000000
2018-02-24 00:03:14,0.00129500,3.63000000
2018-02-24 00:03:14,0.00129500,23.16000000
2018-02-24 00:03:14,0.00129500,8.58000000
2018-02-24 00:03:14,0.00129500,3.63000000
2018-02-24 00:03:14,0.00129500,31.69000000
2018-02-24 00:03:15,0.00129500,83.69000000
2018-02-24 00:03:15,0.00129500,18.09000000
2018-02-24 00:03:15,0.00129500,202.59000000
2018-02-24 00:03:17,0.00129500,28.45000000
2018-02-24 00:03:17,0.00129500,22.24000000
2018-02-24 00:03:18,0.00129300,236.00000000
2018-02-24 00:03:18,0.00129270,0.85000000
2018-02-24 00:03:18,0.00129300,7.70000000
2018-02-24 00:03:18,0.00129300,41.00000000
2018-02-24 00:03:18,0.00129300,8.55000000
2018-02-24 00:03:19,0.00129300,0.89000000
2018-02-24 00:03:20,0.00129240,15.54000000
2018-02-24 00:03:20,0.00129300,17.00000000
2018-02-24 00:03:21,0.00129300,145.47000000
2018-02-24 00:03:21,0.00129300,6.90000000
2018-02-24 00:03:21,0.00129250,25.95000000
2018-02-24 00:03:21,0.00129270,46.31000000
2018-02-24 00:03:22,0.00129250,57.37000000
2018-02-24 00:03:22,0.00129300,23.18000000
2018-02-24 00:03:22,0.00129300,31.84000000
2018-02-24 00:03:22,0.00129500,204.18000000
2018-02-24 00:03:23,0.00129490,10.79000000
2018-02-24 00:03:23,0.00129320,3.12000000
2018-02-24 00:03:23,0.00129300,212.48000000
2018-02-24 00:03:23,0.00129240,17.49000000
2018-02-24 00:03:23,0.00129480,2.43000000
2018-02-24 00:03:24,0.00129330,38.23000000
2018-02-24 00:03:24,0.00129260,16.25000000
2018-02-24 00:03:24,0.00129260,10.00000000
2018-02-24 00:03:26,0.00129390,0.69000000
2018-02-24 00:03:27,0.00129390,37.54000000
2018-02-24 00:03:27,0.00129400,3.33000000
2018-02-24 00:03:27,0.00129400,1.00000000
2018-02-24 00:03:29,0.00129400,55.01000000
2018-02-24 00:03:29,0.00129480,4.44000000
2018-02-24 00:03:30,0.00129400,235.94000000
2018-02-24 00:03:30,0.00129400,172.17000000
2018-02-24 00:03:30,0.00129400,32.32000000
2018-02-24 00:03:30,0.00129400,71.56000000
2018-02-24 00:03:30,0.00129400,34.99000000
2018-02-24 00:03:31,0.00129400,50.00000000
2018-02-24 00:03:31,0.00129400,39.16000000
2018-02-24 00:03:31,0.00129320,3.12000000
2018-02-24 00:03:31,0.00129300,172.32000000
2018-02-24 00:03:33,0.00129370,3.12000000
2018-02-24 00:03:33,0.00129390,42.88000000
2018-02-24 00:03:33,0.00129260,295.68000000
2018-02-24 00:03:33,0.00129230,15.47000000
2018-02-24 00:03:33,0.00129110,3.85000000
2018-02-24 00:03:33,0.00129100,204.31000000
2018-02-24 00:03:33,0.00129090,4.42000000
2018-02-24 00:03:33,0.00129040,1.94000000
2018-02-24 00:03:33,0.00129010,169.90000000
2018-02-24 00:03:33,0.00129000,681.43000000
2018-02-24 00:03:33,0.00129400,5.04000000
2018-02-24 00:03:34,0.00129390,84.32000000
2018-02-24 00:03:34,0.00129400,1.79000000
2018-02-24 00:03:34,0.00129320,124.35000000
2018-02-24 00:03:36,0.00129050,2.67000000
2018-02-24 00:03:36,0.00129240,87.24000000
2018-02-24 00:03:36,0.00129380,15.47000000
2018-02-24 00:03:36,0.00129390,78.78000000
2018-02-24 00:03:36,0.00129400,71.51000000
2018-02-24 00:03:36,0.00129300,185.29000000
2018-02-24 00:03:38,0.00129290,2.67000000
2018-02-24 00:03:38,0.00129300,268.53000000
2018-02-24 00:03:38,0.00129350,0.85000000
2018-02-24 00:03:39,0.00129320,234.25000000
2018-02-24 00:03:40,0.00129400,393.32000000
2018-02-24 00:03:40,0.00129360,0.85000000
2018-02-24 00:03:40,0.00129400,100.00000000
2018-02-24 00:03:41,0.00129130,28.93000000
2018-02-24 00:03:41,0.00129110,99.50000000
2018-02-24 00:03:41,0.00129110,10.11000000
2018-02-24 00:03:41,0.00129100,15.76000000
2018-02-24 00:03:41,0.00129320,23.18000000
2018-02-24 00:03:41,0.00129320,23.18000000
2018-02-24 00:03:41,0.00129310,9.61000000
2018-02-24 00:03:41,0.00129320,46.05000000
2018-02-24 00:03:42,0.00129320,711.90000000
2018-02-24 00:03:42,0.00129320,60.14000000
2018-02-24 00:03:43,0.00129320,32.17000000
2018-02-24 00:03:43,0.00129320,9.52000000
2018-02-24 00:03:43,0.00129310,143.02000000
2018-02-24 00:03:44,0.00129320,17.21000000
2018-02-24 00:03:44,0.00129350,41.69000000
2018-02-24 00:03:45,0.00129350,158.81000000
2018-02-24 00:03:45,0.00129380,68.84000000
2018-02-24 00:03:45,0.00129400,149.61000000
2018-02-24 00:03:45,0.00129320,1.93000000
2018-02-24 00:03:46,0.00129400,77.00000000
2018-02-24 00:03:46,0.00129390,6.79000000
2018-02-24 00:03:46,0.00129320,182.77000000
2018-02-24 00:03:46,0.00129300,212.48000000
2018-02-24 00:03:46,0.00129300,3.51000000
2018-02-24 00:03:47,0.00129300,8.26000000
2018-02-24 00:03:47,0.00129300,3.70000000
2018-02-24 00:03:47,0.00129300,8.26000000
2018-02-24 00:03:47,0.00129300,8.27000000
2018-02-24 00:03:47,0.00129300,29.97000000
2018-02-24 00:03:47,0.00129260,8.26000000
2018-02-24 00:03:47,0.00129290,0.85000000
2018-02-24 00:03:47,0.00129260,1.36000000
2018-02-24 00:03:48,0.00129300,23.17000000
2018-02-24 00:03:48,0.00129300,6.69000000
2018-02-24 00:03:48,0.00129300,4.95000000
2018-02-24 00:03:48,0.00129300,23.18000000
2018-02-24 00:03:48,0.00129300,23.18000000
2018-02-24 00:03:48,0.00129300,8.45000000
2018-02-24 00:03:48,0.00129300,13.27000000
2018-02-24 00:03:48,0.00129300,3.28000000
2018-02-24 00:03:48,0.00129300,54.95000000
2018-02-24 00:03:48,0.00129300,7.32000000
2018-02-24 00:03:48,0.00129300,36.72000000
2018-02-24 00:03:48,0.00129300,23.18000000
2018-02-24 00:03:48,0.00129300,3.28000000
2018-02-24 00:03:48,0.00129300,3.27000000
2018-02-24 00:03:48,0.00129260,268.74000000
2018-02-24 00:03:48,0.00129260,23.18000000
2018-02-24 00:03:49,0.00129300,12.79000000
2018-02-24 00:03:49,0.00129260,3.27000000
2018-02-24 00:03:49,0.00129300,218.44000000
2018-02-24 00:03:49,0.00129310,65.34000000
2018-02-24 00:03:49,0.00129260,26.90000000
2018-02-24 00:03:49,0.00129100,18.76000000
2018-02-24 00:03:49,0.00129100,19.20000000
2018-02-24 00:03:49,0.00129090,3.98000000
2018-02-24 00:03:51,0.00129380,4.59000000
2018-02-24 00:03:51,0.00129360,38.23000000
2018-02-24 00:03:52,0.00129360,8.39000000
2018-02-24 00:03:52,0.00129380,88.62000000
2018-02-24 00:03:52,0.00129390,15.49000000
2018-02-24 00:03:52,0.00129400,330.65000000
2018-02-24 00:03:52,0.00129360,52.49000000
2018-02-24 00:03:53,0.00129360,9.83000000
2018-02-24 00:03:53,0.00129360,82.00000000
2018-02-24 00:03:53,0.00129360,6.22000000
2018-02-24 00:03:53,0.00129360,254.97000000
2018-02-24 00:03:53,0.00129350,200.03000000
2018-02-24 00:03:53,0.00129400,144.92000000
2018-02-24 00:03:53,0.00129400,20.59000000
2018-02-24 00:03:53,0.00129500,930.24000000
2018-02-24 00:03:54,0.00129350,3.83000000
2018-02-24 00:03:54,0.00129500,387.05000000
2018-02-24 00:03:54,0.00129500,263.43000000
2018-02-24 00:03:54,0.00129590,12.99000000
2018-02-24 00:03:54,0.00129600,41.30000000
2018-02-24 00:03:54,0.00129610,8.71000000
2018-02-24 00:03:55,0.00129520,3.12000000
2018-02-24 00:03:55,0.00129500,54.87000000
2018-02-24 00:03:55,0.00129570,0.30000000
2018-02-24 00:03:56,0.00129500,3.00000000
2018-02-24 00:03:56,0.00129530,0.85000000
2018-02-24 00:03:56,0.00129510,3.00000000
2018-02-24 00:03:56,0.00129500,6.25000000
2018-02-24 00:03:57,0.00129530,19.93000000
2018-02-24 00:03:57,0.00129570,2.82000000
2018-02-24 00:03:57,0.00129600,4.00000000
2018-02-24 00:03:58,0.00129610,9.57000000
2018-02-24 00:03:58,0.00129620,23.36000000
2018-02-24 00:03:58,0.00129640,3.42000000
2018-02-24 00:03:58,0.00129610,9.57000000
2018-02-24 00:03:58,0.00129600,0.50000000
2018-02-24 00:03:58,0.00129670,2.67000000
2018-02-24 00:03:58,0.00129690,23.09000000
2018-02-24 00:03:58,0.00129690,13.55000000
2018-02-24 00:03:59,0.00129690,23.09000000
2018-02-24 00:03:59,0.00129690,38.55000000
2018-02-24 00:03:59,0.00129680,3.85000000
2018-02-24 00:03:59,0.00129690,6.79000000
2018-02-24 00:03:59,0.00129690,23.10000000
2018-02-24 00:03:59,0.00129690,13.94000000
2018-02-24 00:03:59,0.00129700,23.09000000
2018-02-24 00:03:59,0.00129700,23.10000000
2018-02-24 00:03:59,0.00129700,23.10000000
2018-02-24 00:03:59,0.00129700,43.49000000
2018-02-24 00:03:59,0.00129730,3.90000000
2018-02-24 00:03:59,0.00129740,0.86000000
2018-02-24 00:03:59,0.00129750,2.35000000
2018-02-24 00:03:59,0.00129760,4.54000000
2018-02-24 00:03:59,0.00129770,1.06000000
2018-02-24 00:04:00,0.00129720,54.65000000
2018-02-24 00:04:00,0.00129690,12.16000000
2018-02-24 00:04:01,0.00129770,43.56000000
2018-02-24 00:04:01,0.00129790,2.34000000
2018-02-24 00:04:01,0.00129800,17.85000000
2018-02-24 00:04:01,0.00129800,3.53000000
2018-02-24 00:04:02,0.00129800,1.02000000
2018-02-24 00:04:02,0.00129720,3.12000000
2018-02-24 00:04:03,0.00129700,3.79000000
2018-02-24 00:04:03,0.00129780,3.12000000
2018-02-24 00:04:03,0.00129800,594.88000000
2018-02-24 00:04:03,0.00129700,13.35000000
2018-02-24 00:04:03,0.00129700,3.12000000
2018-02-24 00:04:04,0.00129800,17.95000000
2018-02-24 00:04:04,0.00129700,2.66000000
2018-02-24 00:04:04,0.00129800,21.73000000
2018-02-24 00:04:04,0.00129800,26.98000000
2018-02-24 00:04:05,0.00129800,96.91000000
2018-02-24 00:04:05,0.00129700,307.08000000
2018-02-24 00:04:05,0.00129690,79.37000000
2018-02-24 00:04:05,0.00129670,2.67000000
2018-02-24 00:04:05,0.00129640,2.74000000
2018-02-24 00:04:05,0.00129500,397.42000000
2018-02-24 00:04:06,0.00129770,4.49000000
2018-02-24 00:04:06,0.00129800,0.47000000
2018-02-24 00:04:06,0.00129770,4.18000000
2018-02-24 00:04:06,0.00129710,3.12000000
2018-02-24 00:04:07,0.00129700,18.15000000
2018-02-24 00:04:07,0.00129700,44.55000000
2018-02-24 00:04:07,0.00129780,3.12000000
2018-02-24 00:04:07,0.00129800,31.77000000
2018-02-24 00:04:07,0.00129800,49.64000000
2018-02-24 00:04:07,0.00129800,48.41000000
2018-02-24 00:04:07,0.00129800,93.93000000
2018-02-24 00:04:07,0.00129800,27.27000000
2018-02-24 00:04:08,0.00129800,428.92000000
2018-02-24 00:04:08,0.00129690,67.20000000
2018-02-24 00:04:08,0.00129510,44.08000000
2018-02-24 00:04:08,0.00129500,224.91000000
2018-02-24 00:04:08,0.00129500,23.11000000
2018-02-24 00:04:08,0.00129500,31.14000000
2018-02-24 00:04:08,0.00129500,131.47000000
2018-02-24 00:04:09,0.00129800,24.81000000
2018-02-24 00:04:11,0.00129810,0.46000000
2018-02-24 00:04:11,0.00129800,161.77000000
2018-02-24 00:04:12,0.00129810,2.09000000
2018-02-24 00:04:12,0.00129810,3.83000000
2018-02-24 00:04:12,0.00129810,4.64000000
2018-02-24 00:04:13,0.00129800,27.25000000
2018-02-24 00:04:13,0.00129810,23.48000000
2018-02-24 00:04:14,0.00129800,60.12000000
2018-02-24 00:04:15,0.00129810,5.30000000
2018-02-24 00:04:15,0.00129800,68.00000000
2018-02-24 00:04:16,0.00129810,53.46000000
2018-02-24 00:04:16,0.00129820,2.00000000
2018-02-24 00:04:16,0.00129840,4.59000000
2018-02-24 00:04:16,0.00129850,23.41000000
2018-02-24 00:04:16,0.00129850,7.83000000
2018-02-24 00:04:17,0.00129850,22.63000000
2018-02-24 00:04:17,0.00129850,5.01000000
2018-02-24 00:04:18,0.00129850,120.31000000
2018-02-24 00:04:18,0.00129860,1.26000000
2018-02-24 00:04:18,0.00129870,3.83000000
2018-02-24 00:04:18,0.00129880,21.88000000
2018-02-24 00:04:18,0.00129900,4.52000000
2018-02-24 00:04:18,0.00129850,330.00000000
2018-02-24 00:04:20,0.00129850,25.00000000
2018-02-24 00:04:21,0.00129850,45.13000000
2018-02-24 00:04:21,0.00129850,142.17000000
2018-02-24 00:04:21,0.00129900,128.27000000
2018-02-24 00:04:21,0.00129920,7.32000000
2018-02-24 00:04:21,0.00129930,4.65000000
2018-02-24 00:04:21,0.00129950,53.17000000
2018-02-24 00:04:21,0.00129970,2.33000000
2018-02-24 00:04:21,0.00129980,185.27000000
2018-02-24 00:04:21,0.00129990,108.49000000
2018-02-24 00:04:21,0.00129870,151.36000000
2018-02-24 00:04:21,0.00129990,222.94000000
2018-02-24 00:04:21,0.00130000,1322.08000000
2018-02-24 00:04:21,0.00130000,2.00000000
2018-02-24 00:04:21,0.00130000,27.52000000
2018-02-24 00:04:22,0.00130000,13.85000000
2018-02-24 00:04:22,0.00130060,74.83000000
2018-02-24 00:04:22,0.00130100,47.10000000
2018-02-24 00:04:23,0.00130100,30.41000000
2018-02-24 00:04:23,0.00130020,1.65000000
2018-02-24 00:04:23,0.00130020,1.43000000
2018-02-24 00:04:23,0.00130000,12.06000000
2018-02-24 00:04:23,0.00130000,3.03000000
2018-02-24 00:04:24,0.00130080,3.08000000
2018-02-24 00:04:24,0.00130100,19.76000000
2018-02-24 00:04:24,0.00130190,7.60000000
2018-02-24 00:04:25,0.00130180,0.84000000
2018-02-24 00:04:25,0.00130190,43.80000000
2018-02-24 00:04:25,0.00130200,45.82000000
2018-02-24 00:04:25,0.00130230,3.56000000
2018-02-24 00:04:25,0.00130240,25.04000000
2018-02-24 00:04:25,0.00130240,4.96000000
2018-02-24 00:04:25,0.00130240,4.96000000
2018-02-24 00:04:25,0.00130320,1.89000000
2018-02-24 00:04:25,0.00130240,5.34000000
2018-02-24 00:04:26,0.00130320,0.63000000
2018-02-24 00:04:26,0.00130240,29.91000000
2018-02-24 00:04:26,0.00130240,5.81000000
2018-02-24 00:04:26,0.00130240,21.85000000
2018-02-24 00:04:26,0.00130240,11.25000000
2018-02-24 00:04:26,0.00130260,3.08000000
2018-02-24 00:04:26,0.00130240,20.85000000
2018-02-24 00:04:27,0.00130240,7.04000000
2018-02-24 00:04:27,0.00130240,1.13000000
2018-02-24 00:04:27,0.00130300,1.64000000
2018-02-24 00:04:27,0.00130300,1.44000000
2018-02-24 00:04:27,0.00130320,107.65000000
2018-02-24 00:04:27,0.00130320,14.50000000
2018-02-24 00:04:29,0.00130320,38.60000000
2018-02-24 00:04:29,0.00130320,38.95000000
2018-02-24 00:04:29,0.00130320,38.42000000
2018-02-24 00:04:29,0.00130320,2.43000000
2018-02-24 00:04:29,0.00130320,7.47000000
2018-02-24 00:04:29,0.00130380,2.83000000
2018-02-24 00:04:30,0.00130380,1.62000000
2018-02-24 00:04:30,0.00130400,10.38000000
2018-02-24 00:04:30,0.00130430,154.23000000
2018-02-24 00:04:30,0.00130500,13.07000000
2018-02-24 00:04:30,0.00130320,6.79000000
2018-02-24 00:04:30,0.00130500,0.76000000
2018-02-24 00:04:30,0.00130320,3.61000000
2018-02-24 00:04:30,0.00130370,15.49000000
2018-02-24 00:04:30,0.00130500,109.51000000
2018-02-24 00:04:30,0.00130320,19.43000000
2018-02-24 00:04:30,0.00130320,16.20000000
2018-02-24 00:04:30,0.00130320,3.61000000
2018-02-24 00:04:30,0.00130340,3.08000000
2018-02-24 00:04:30,0.00130320,0.32000000
2018-02-24 00:04:30,0.00130320,26.32000000
2018-02-24 00:04:30,0.00130320,26.27000000
2018-02-24 00:04:30,0.00130320,3.61000000
2018-02-24 00:04:31,0.00130480,0.15000000
2018-02-24 00:04:31,0.00130320,22.57000000
2018-02-24 00:04:31,0.00130320,15.82000000
2018-02-24 00:04:31,0.00130480,2.93000000
2018-02-24 00:04:31,0.00130500,1.04000000
2018-02-24 00:04:32,0.00130500,35.00000000
2018-02-24 00:04:32,0.00130250,1.94000000
2018-02-24 00:04:33,0.00130500,92.73000000
2018-02-24 00:04:33,0.00130500,1.17000000
2018-02-24 00:04:33,0.00130500,15.48000000
2018-02-24 00:04:33,0.00130500,127.15000000
2018-02-24 00:04:33,0.00130500,8.78000000
2018-02-24 00:04:33,0.00130270,50.00000000
2018-02-24 00:04:33,0.00130260,0.95000000
2018-02-24 00:04:33,0.00130260,21.78000000
2018-02-24 00:04:34,0.00130320,10.00000000
2018-02-24 00:04:34,0.00130470,50.00000000
2018-02-24 00:04:34,0.00130480,118.37000000
2018-02-24 00:04:34,0.00130500,8.82000000
2018-02-24 00:04:34,0.00130590,137.09000000
2018-02-24 00:04:34,0.00130590,10.00000000
2018-02-24 00:04:34,0.00130590,1.00000000
2018-02-24 00:04:34,0.00130590,33.72000000
2018-02-24 00:04:34,0.00130280,3.08000000
2018-02-24 00:04:34,0.00130240,7.92000000
2018-02-24 00:04:34,0.00130240,33.97000000
2018-02-24 00:04:34,0.00130220,2.89000000
2018-02-24 00:04:34,0.00130100,252.68000000
2018-02-24 00:04:34,0.00130080,55.43000000
2018-02-24 00:04:34,0.00130000,759.00000000
2018-02-24 00:04:34,0.00130460,3.08000000
2018-02-24 00:04:34,0.00130470,9.19000000
2018-02-24 00:04:35,0.00130370,62.80000000
2018-02-24 00:04:35,0.00130460,13.54000000
2018-02-24 00:04:35,0.00130570,37.27000000
2018-02-24 00:04:35,0.00130600,36.75000000
2018-02-24 00:04:35,0.00130710,25.33000000
2018-02-24 00:04:35,0.00130590,32.68000000
2018-02-24 00:04:35,0.00130590,4.96000000
2018-02-24 00:04:35,0.00130590,2.99000000
2018-02-24 00:04:35,0.00130270,2.04000000
2018-02-24 00:04:36,0.00130280,1.52000000
2018-02-24 00:04:36,0.00130710,11.05000000
2018-02-24 00:04:36,0.00130760,23.95000000
2018-02-24 00:04:37,0.00130340,58.77000000
2018-02-24 00:04:37,0.00130300,3.08000000
2018-02-24 00:04:37,0.00130290,23.75000000
2018-02-24 00:04:37,0.00130280,48.67000000
2018-02-24 00:04:37,0.00130320,3.00000000
2018-02-24 00:04:37,0.00130690,3.08000000
2018-02-24 00:04:37,0.00130750,18.61000000
2018-02-24 00:04:37,0.00130760,61.48000000
2018-02-24 00:04:37,0.00130320,40.72000000
2018-02-24 00:04:37,0.00130310,37.79000000
2018-02-24 00:04:37,0.00130290,98.36000000
2018-02-24 00:04:37,0.00130280,97.65000000
2018-02-24 00:04:37,0.00130260,68.23000000
2018-02-24 00:04:37,0.00130120,360.46000000
2018-02-24 00:04:37,0.00130000,2382.91000000
2018-02-24 00:04:37,0.00129990,3.83000000
2018-02-24 00:04:37,0.00130000,3.00000000
2018-02-24 00:04:37,0.00130000,3.00000000
2018-02-24 00:04:37,0.00130000,3.00000000
2018-02-24 00:04:37,0.00130000,2.97000000
2018-02-24 00:04:37,0.00130000,2.50000000
2018-02-24 00:04:37,0.00130000,8.41000000
2018-02-24 00:04:37,0.00130000,131.93000000
2018-02-24 00:04:37,0.00130000,155.34000000
2018-02-24 00:04:37,0.00130000,51.88000000
2018-02-24 00:04:37,0.00130000,15.30000000
2018-02-24 00:04:37,0.00130000,15.01000000
2018-02-24 00:04:37,0.00129920,3.00000000
2018-02-24 00:04:38,0.00130000,48.77000000
2018-02-24 00:04:38,0.00130000,21.94000000
2018-02-24 00:04:38,0.00129920,15.30000000
2018-02-24 00:04:38,0.00130000,4.92000000
2018-02-24 00:04:38,0.00130000,95.94000000
2018-02-24 00:04:38,0.00130000,3.10000000
2018-02-24 00:04:38,0.00129990,9.21000000
2018-02-24 00:04:38,0.00129920,15.01000000
2018-02-24 00:04:38,0.00129920,21.94000000
2018-02-24 00:04:38,0.00129990,118.41000000
2018-02-24 00:04:38,0.00129920,3.00000000
2018-02-24 00:04:38,0.00129990,28.53000000
2018-02-24 00:04:38,0.00130000,530.14000000
2018-02-24 00:04:39,0.00129920,16.76000000
2018-02-24 00:04:39,0.00129910,15.39000000
2018-02-24 00:04:39,0.00129810,6.41000000
2018-02-24 00:04:39,0.00129800,58.92000000
2018-02-24 00:04:39,0.00129620,5.40000000
2018-02-24 00:04:39,0.00129580,17.44000000
2018-02-24 00:04:39,0.00129580,13.24000000
2018-02-24 00:04:39,0.00130000,2.00000000
2018-02-24 00:04:39,0.00129580,22.27000000
2018-02-24 00:04:39,0.00129540,4.75000000
2018-02-24 00:04:39,0.00129500,137.92000000
2018-02-24 00:04:40,0.00130000,9.41000000
2018-02-24 00:04:40,0.00129990,14.32000000
2018-02-24 00:04:41,0.00129660,2.01000000
2018-02-24 00:04:41,0.00129610,37.79000000
2018-02-24 00:04:41,0.00129600,3.12000000
2018-02-24 00:04:41,0.00129590,37.79000000
2018-02-24 00:04:41,0.00129510,2.75000000
2018-02-24 00:04:41,0.00129880,2.77000000
2018-02-24 00:04:41,0.00129980,3.12000000
2018-02-24 00:04:41,0.00129990,56.81000000
2018-02-24 00:04:41,0.00129980,22.91000000
2018-02-24 00:04:41,0.00129990,44.26000000
2018-02-24 00:04:41,0.00130000,1048.68000000
2018-02-24 00:04:42,0.00129580,161.63000000
2018-02-24 00:04:42,0.00129580,116.61000000
2018-02-24 00:04:42,0.00129980,2.75000000
2018-02-24 00:04:43,0.00129560,1.95000000
2018-02-24 00:04:43,0.00129980,50.00000000
2018-02-24 00:04:43,0.00130000,110.59000000
2018-02-24 00:04:43,0.00129570,0.69000000
2018-02-24 00:04:44,0.00129570,5.01000000
2018-02-24 00:04:44,0.00129970,5.52000000
2018-02-24 00:04:44,0.00129570,1.47000000
2018-02-24 00:04:44,0.00129570,52.33000000
2018-02-24 00:04:44,0.00129570,5.00000000
2018-02-24 00:04:46,0.00129590,13.48000000
2018-02-24 00:04:46,0.00129580,17.28000000
2018-02-24 00:04:46,0.00129960,1.95000000
2018-02-24 00:04:46,0.00129970,57.68000000
2018-02-24 00:04:48,0.00129950,17.28000000
2018-02-24 00:04:48,0.00129960,70.06000000
2018-02-24 00:04:48,0.00129980,16.40000000
2018-02-24 00:04:48,0.00130000,29.82000000
2018-02-24 00:04:48,0.00130000,0.84000000
2018-02-24 00:04:48,0.00130000,6.82000000
2018-02-24 00:04:48,0.00130000,10.96000000
2018-02-24 00:04:48,0.00130000,10.96000000
2018-02-24 00:04:48,0.00130000,4.15000000
2018-02-24 00:04:48,0.00130000,10.96000000
2018-02-24 00:04:48,0.00130000,0.89000000
2018-02-24 00:04:48,0.00130000,23.07000000
2018-02-24 00:04:48,0.00130000,122.34000000
2018-02-24 00:04:48,0.00130000,29.28000000
2018-02-24 00:04:48,0.00130000,20.00000000
2018-02-24 00:04:49,0.00130000,59.91000000
2018-02-24 00:04:49,0.00130000,32.71000000
2018-02-24 00:04:49,0.00129810,3.12000000
2018-02-24 00:04:49,0.00129800,37.79000000
2018-02-24 00:04:49,0.00129790,103.33000000
2018-02-24 00:04:49,0.00129620,100.00000000
2018-02-24 00:04:49,0.00129600,72.73000000
2018-02-24 00:04:49,0.00129580,56.90000000
2018-02-24 00:04:49,0.00129570,63.95000000
2018-02-24 00:04:49,0.00129570,10.80000000
2018-02-24 00:04:49,0.00129570,16.20000000
2018-02-24 00:04:49,0.00129570,19.47000000
2018-02-24 00:04:49,0.00129570,37.79000000
2018-02-24 00:04:50,0.00129570,21.28000000
2018-02-24 00:04:50,0.00129570,23.92000000
2018-02-24 00:04:50,0.00129970,3.12000000
2018-02-24 00:04:50,0.00129980,3.12000000
2018-02-24 00:04:50,0.00130000,11.84000000
2018-02-24 00:04:50,0.00130000,20.00000000
2018-02-24 00:04:51,0.00129990,5.00000000
2018-02-24 00:04:51,0.00129970,0.14000000
2018-02-24 00:04:53,0.00129590,23.96000000
2018-02-24 00:04:53,0.00129580,59.09000000
2018-02-24 00:04:53,0.00129570,4.16000000
2018-02-24 00:04:53,0.00129570,159.51000000
2018-02-24 00:04:53,0.00129570,518.43000000
2018-02-24 00:04:55,0.00129560,3.00000000
2018-02-24 00:04:55,0.00129550,0.85000000
2018-02-24 00:04:55,0.00129540,1.24000000
2018-02-24 00:04:55,0.00129560,0.68000000
2018-02-24 00:04:55,0.00129560,50.00000000
2018-02-24 00:04:55,0.00129550,0.88000000
2018-02-24 00:04:56,0.00129560,27.46000000
2018-02-24 00:04:56,0.00129570,0.91000000
2018-02-24 00:04:56,0.00129540,5.40000000
2018-02-24 00:04:56,0.00129530,2.32000000
2018-02-24 00:04:56,0.00129510,6.45000000
2018-02-24 00:04:56,0.00129570,6.19000000
2018-02-24 00:04:57,0.00129540,0.85000000
2018-02-24 00:04:57,0.00129560,74.70000000
2018-02-24 00:04:57,0.00129570,70.89000000
2018-02-24 00:04:57,0.00129510,57.78000000
2018-02-24 00:04:57,0.00129500,6.17000000
2018-02-24 00:04:57,0.00129570,3.67000000
2018-02-24 00:04:57,0.00129570,10.42000000
2018-02-24 00:04:58,0.00129500,31.45000000
2018-02-24 00:04:58,0.00129500,107.31000000
2018-02-24 00:04:58,0.00129350,42.69000000
2018-02-24 00:04:58,0.00129350,5.00000000
2018-02-24 00:04:58,0.00129350,23.48000000
2018-02-24 00:04:58,0.00129330,1.93000000
2018-02-24 00:04:58,0.00129320,51.57000000
2018-02-24 00:04:58,0.00129550,10.00000000
2018-02-24 00:04:58,0.00129550,24.56000000
2018-02-24 00:04:58,0.00129320,32.31000000
2018-02-24 00:04:59,0.00129500,47.21000000
2018-02-24 00:04:59,0.00129500,38.61000000
2018-02-24 00:04:59,0.00129330,37.79000000
2018-02-24 00:04:59,0.00129320,11.09000000
2018-02-24 00:04:59,0.00129320,8.04000000
2018-02-24 00:04:59,0.00129500,2.21000000
2018-02-24 00:05:00,0.00129500,63.81000000
2018-02-24 00:05:00,0.00129490,4.52000000
2018-02-24 00:05:01,0.00129320,90.03000000
2018-02-24 00:05:01,0.00129300,1.07000000
2018-02-24 00:05:01,0.00129260,5.40000000
2018-02-24 00:05:01,0.00129200,1.78000000
2018-02-24 00:05:01,0.00129150,50.52000000
2018-02-24 00:05:01,0.00129100,236.00000000
2018-02-24 00:05:01,0.00129090,40.36000000
2018-02-24 00:05:01,0.00129000,167.04000000
2018-02-24 00:05:01,0.00129000,20.03000000
2018-02-24 00:05:01,0.00129000,16.68000000
2018-02-24 00:05:01,0.00129000,16.68000000
2018-02-24 00:05:01,0.00129000,65.23000000
2018-02-24 00:05:01,0.00129000,0.97000000
2018-02-24 00:05:01,0.00129000,0.97000000
2018-02-24 00:05:01,0.00129000,1.47000000
2018-02-24 00:05:01,0.00129000,0.97000000
2018-02-24 00:05:01,0.00129000,0.85000000
2018-02-24 00:05:01,0.00128990,1.94000000
2018-02-24 00:05:01,0.00128900,9.31000000
2018-02-24 00:05:01,0.00128890,2.90000000
2018-02-24 00:05:01,0.00128880,31.20000000
2018-02-24 00:05:01,0.00128860,5.40000000
2018-02-24 00:05:01,0.00128830,3.88000000
2018-02-24 00:05:01,0.00128810,2.33000000
2018-02-24 00:05:01,0.00128800,28.76000000
2018-02-24 00:05:01,0.00129000,1.48000000
2018-02-24 00:05:01,0.00128800,12.95000000
2018-02-24 00:05:02,0.00128990,10.00000000
2018-02-24 00:05:02,0.00129000,4.96000000
2018-02-24 00:05:02,0.00129000,1.55000000
2018-02-24 00:05:02,0.00128990,7.98000000
2018-02-24 00:05:03,0.00128990,15.29000000
2018-02-24 00:05:03,0.00129000,23.08000000
2018-02-24 00:05:03,0.00128830,47.85000000
2018-02-24 00:05:03,0.00128800,83.29000000
2018-02-24 00:05:03,0.00128760,8.46000000
2018-02-24 00:05:03,0.00128710,64.92000000
2018-02-24 00:05:03,0.00128700,3.89000000
2018-02-24 00:05:03,0.00128670,39.51000000
2018-02-24 00:05:03,0.00128670,8.17000000
2018-02-24 00:05:03,0.00128800,33.38000000
2018-02-24 00:05:03,0.00128800,1.02000000
2018-02-24 00:05:03,0.00128800,9.67000000
2018-02-24 00:05:03,0.00128800,6.68000000
2018-02-24 00:05:03,0.00128800,40.06000000
2018-02-24 00:05:03,0.00128800,52.00000000
2018-02-24 00:05:03,0.00128800,5.66000000
2018-02-24 00:05:03,0.00128800,5.66000000
2018-02-24 00:05:03,0.00128800,6.42000000
2018-02-24 00:05:04,0.00128840,11.64000000
2018-02-24 00:05:04,0.00128800,65.92000000
2018-02-24 00:05:05,0.00128990,49.99000000
2018-02-24 00:05:05,0.00128990,10.00000000
2018-02-24 00:05:05,0.00128990,5.00000000
2018-02-24 00:05:05,0.00129000,2.31000000
2018-02-24 00:05:06,0.00128800,0.77000000
2018-02-24 00:05:06,0.00128670,374.11000000
2018-02-24 00:05:06,0.00128670,1642.03000000
2018-02-24 00:05:06,0.00128670,70.00000000
2018-02-24 00:05:06,0.00128670,70.03000000
2018-02-24 00:05:06,0.00128670,70.03000000
2018-02-24 00:05:06,0.00128670,70.03000000
2018-02-24 00:05:06,0.00128670,23.54000000
2018-02-24 00:05:06,0.00129000,2.40000000
2018-02-24 00:05:06,0.00128800,1.43000000
2018-02-24 00:05:07,0.00128800,0.97000000
2018-02-24 00:05:08,0.00128830,34.99000000
2018-02-24 00:05:08,0.00128830,25.56000000
2018-02-24 00:05:08,0.00128800,5.62000000
2018-02-24 00:05:08,0.00128980,53.33000000
2018-02-24 00:05:08,0.00128800,20.71000000
2018-02-24 00:05:08,0.00128980,0.22000000
2018-02-24 00:05:08,0.00128990,1.02000000
2018-02-24 00:05:08,0.00128990,0.98000000
2018-02-24 00:05:08,0.00129000,0.98000000
2018-02-24 00:05:08,0.00129000,19.18000000
2018-02-24 00:05:09,0.00129000,17.22000000
2018-02-24 00:05:09,0.00128980,38.77000000
2018-02-24 00:05:10,0.00128820,3.99000000
2018-02-24 00:05:11,0.00128870,4.69000000
2018-02-24 00:05:11,0.00128870,137.74000000
2018-02-24 00:05:12,0.00128870,4.69000000
2018-02-24 00:05:12,0.00128960,3.31000000
2018-02-24 00:05:12,0.00128800,120.00000000
2018-02-24 00:05:13,0.00128800,129.11000000
2018-02-24 00:05:14,0.00128790,16.92000000
2018-02-24 00:05:16,0.00128760,0.85000000
2018-02-24 00:05:16,0.00128790,5.53000000
2018-02-24 00:05:16,0.00128640,2.57000000
2018-02-24 00:05:16,0.00128560,2.44000000
2018-02-24 00:05:16,0.00128560,16.00000000
2018-02-24 00:05:16,0.00128700,2.71000000
2018-02-24 00:05:16,0.00128580,100.00000000
2018-02-24 00:05:16,0.00128560,76.36000000
2018-02-24 00:05:16,0.00128500,1.76000000
2018-02-24 00:05:16,0.00128420,15.16000000
2018-02-24 00:05:16,0.00128790,0.03000000
2018-02-24 00:05:17,0.00128790,0.74000000
2018-02-24 00:05:17,0.00128800,16.31000000
2018-02-24 00:05:18,0.00128570,19.18000000
2018-02-24 00:05:18,0.00128790,6.67000000
2018-02-24 00:05:20,0.00128490,4.98000000
2018-02-24 00:05:20,0.00128490,14.20000000
2018-02-24 00:05:20,0.00128500,23.32000000
2018-02-24 00:05:20,0.00128500,1.98000000
2018-02-24 00:05:21,0.00128500,1.58000000
2018-02-24 00:05:21,0.00128460,11.54000000
2018-02-24 00:05:21,0.00128430,3.89000000
2018-02-24 00:05:21,0.00128420,96.39000000
2018-02-24 00:05:24,0.00128580,9.41000000
2018-02-24 00:05:24,0.00128760,12.39000000
2018-02-24 00:05:24,0.00128550,144.19000000
2018-02-24 00:05:24,0.00128420,705.17000000
2018-02-24 00:05:26,0.00128660,10.76000000
2018-02-24 00:05:27,0.00128580,31.76000000
2018-02-24 00:05:27,0.00128520,45.80000000
2018-02-24 00:05:27,0.00128520,300.84000000
2018-02-24 00:05:27,0.00128430,125.56000000
2018-02-24 00:05:27,0.00128420,137.05000000
2018-02-24 00:05:28,0.00128420,4.94000000
2018-02-24 00:05:28,0.00128420,3.32000000
2018-02-24 00:05:28,0.00128420,8.19000000
2018-02-24 00:05:28,0.00128430,37.79000000
2018-02-24 00:05:28,0.00128740,80.94000000
2018-02-24 00:05:28,0.00128760,28.26000000
2018-02-24 00:05:29,0.00128760,1.04000000
2018-02-24 00:05:29,0.00128770,1.94000000
2018-02-24 00:05:30,0.00128760,14.32000000
2018-02-24 00:05:30,0.00128760,37.79000000
2018-02-24 00:05:30,0.00128760,148.58000000
2018-02-24 00:05:30,0.00128760,21.23000000
2018-02-24 00:05:31,0.00128760,172.18000000
2018-02-24 00:05:32,0.00128420,46.89000000
2018-02-24 00:05:32,0.00128660,20.00000000
2018-02-24 00:05:35,0.00128440,100.00000000
2018-02-24 00:05:35,0.00128420,12.79000000
2018-02-24 00:05:35,0.00128420,39.81000000
2018-02-24 00:05:35,0.00128410,0.52000000
2018-02-24 00:05:35,0.00128430,7.76000000
2018-02-24 00:05:36,0.00128410,1.78000000
2018-02-24 00:05:37,0.00128430,70.00000000
2018-02-24 00:05:37,0.00128430,181.24000000
2018-02-24 00:05:37,0.00128640,15.45000000
2018-02-24 00:05:37,0.00128650,3.88000000
2018-02-24 00:05:37,0.00128660,493.10000000
2018-02-24 00:05:37,0.00128660,3.52000000
2018-02-24 00:05:37,0.00128660,15.39000000
2018-02-24 00:05:37,0.00128660,155.39000000
2018-02-24 00:05:37,0.00128660,3.99000000
2018-02-24 00:05:38,0.00128650,100.00000000
2018-02-24 00:05:38,0.00128660,22.66000000
2018-02-24 00:05:38,0.00128660,1.96000000
2018-02-24 00:05:38,0.00128660,8.95000000
2018-02-24 00:05:38,0.00128660,3.14000000
2018-02-24 00:05:38,0.00128660,23.29000000
2018-02-24 00:05:38,0.00128420,58.69000000
2018-02-24 00:05:38,0.00128410,6.41000000
2018-02-24 00:05:38,0.00128400,1.64000000
2018-02-24 00:05:38,0.00128330,37.79000000
2018-02-24 00:05:38,0.00128320,1.71000000
2018-02-24 00:05:38,0.00128300,3.28000000
2018-02-24 00:05:38,0.00128250,5.96000000
2018-02-24 00:05:38,0.00128240,4.80000000
2018-02-24 00:05:38,0.00128200,220.54000000
2018-02-24 00:05:38,0.00128140,3.90000000
2018-02-24 00:05:38,0.00128110,7.01000000
2018-02-24 00:05:38,0.00128090,11.64000000
2018-02-24 00:05:38,0.00128080,200.08000000
2018-02-24 00:05:38,0.00128630,0.85000000
2018-02-24 00:05:38,0.00128660,57.87000000
2018-02-24 00:05:38,0.00128660,0.85000000
2018-02-24 00:05:38,0.00128660,266.30000000
2018-02-24 00:05:38,0.00128660,4.97000000
2018-02-24 00:05:38,0.00128660,76.21000000
2018-02-24 00:05:38,0.00128660,16.17000000
2018-02-24 00:05:39,0.00128660,2.48000000
2018-02-24 00:05:39,0.00128670,15.39000000
2018-02-24 00:05:39,0.00128760,39.07000000
2018-02-24 00:05:39,0.00128440,12.26000000
2018-02-24 00:05:39,0.00128650,4.97000000
2018-02-24 00:05:39,0.00128650,14.30000000
2018-02-24 00:05:39,0.00128530,68.30000000
2018-02-24 00:05:42,0.00128630,34.42000000
2018-02-24 00:05:42,0.00128550,3.12000000
2018-02-24 00:05:42,0.00128530,296.33000000
2018-02-24 00:05:42,0.00128620,3.12000000
2018-02-24 00:05:42,0.00128640,30.73000000
2018-02-24 00:05:44,0.00128610,3.37000000
2018-02-24 00:05:44,0.00128760,110.37000000
2018-02-24 00:05:44,0.00128770,265.29000000
2018-02-24 00:05:44,0.00128800,725.96000000
2018-02-24 00:05:44,0.00128820,15.68000000
2018-02-24 00:05:44,0.00128960,849.37000000
2018-02-24 00:05:44,0.00128970,24.61000000
2018-02-24 00:05:44,0.00129000,50.02000000
2018-02-24 00:05:44,0.00129000,12.26000000
2018-02-24 00:05:44,0.00129000,38.80000000
2018-02-24 00:05:44,0.00129000,61.31000000
2018-02-24 00:05:44,0.00129000,14.35000000
2018-02-24 00:05:44,0.00129000,3.32000000
2018-02-24 00:05:44,0.00129000,3.32000000
2018-02-24 00:05:44,0.00129000,11.64000000
2018-02-24 00:05:45,0.00129010,31.48000000
2018-02-24 00:05:45,0.00129020,53.12000000
2018-02-24 00:05:45,0.00129010,6.31000000
2018-02-24 00:05:45,0.00129000,0.87000000
2018-02-24 00:05:45,0.00129000,14.35000000
2018-02-24 00:05:45,0.00129090,125.04000000
2018-02-24 00:05:46,0.00129090,21.73000000
2018-02-24 00:05:46,0.00129190,154.85000000
2018-02-24 00:05:46,0.00129190,23.22000000
2018-02-24 00:05:46,0.00129190,23.22000000
2018-02-24 00:05:47,0.00129190,23.22000000
2018-02-24 00:05:47,0.00129190,23.22000000
2018-02-24 00:05:47,0.00129190,6.24000000
2018-02-24 00:05:47,0.00129190,374.03000000
2018-02-24 00:05:47,0.00129150,154.85000000
2018-02-24 00:05:47,0.00129090,234.92000000
2018-02-24 00:05:47,0.00129010,0.85000000
2018-02-24 00:05:47,0.00129000,891.64000000
2018-02-24 00:05:47,0.00129000,5.46000000
2018-02-24 00:05:48,0.00129220,19.52000000
2018-02-24 00:05:48,0.00129220,18.27000000
2018-02-24 00:05:48,0.00129220,0.73000000
2018-02-24 00:05:48,0.00129000,7.87000000
2018-02-24 00:05:48,0.00129100,2.31000000
2018-02-24 00:05:48,0.00129100,10.00000000
2018-02-24 00:05:49,0.00129110,0.85000000
2018-02-24 00:05:49,0.00129100,3.98000000
2018-02-24 00:05:50,0.00129210,4.66000000
2018-02-24 00:05:50,0.00129100,20.77000000
2018-02-24 00:05:51,0.00129100,1.00000000
2018-02-24 00:05:51,0.00129100,16.27000000
2018-02-24 00:05:52,0.00129180,76.48000000
2018-02-24 00:05:52,0.00129180,4.00000000
2018-02-24 00:05:52,0.00129180,105.43000000
2018-02-24 00:05:53,0.00129120,3.12000000
2018-02-24 00:05:53,0.00129100,7.16000000
2018-02-24 00:05:53,0.00129100,60.53000000
2018-02-24 00:05:55,0.00129100,4.82000000
2018-02-24 00:05:55,0.00129100,381.57000000
2018-02-24 00:05:55,0.00129100,12.91000000
2018-02-24 00:05:55,0.00129140,45.34000000
2018-02-24 00:05:55,0.00129150,15.29000000
2018-02-24 00:05:55,0.00129160,3.12000000
2018-02-24 00:05:55,0.00129180,18.85000000
2018-02-24 00:05:56,0.00129180,47.63000000
2018-02-24 00:05:56,0.00129100,44.87000000
2018-02-24 00:05:56,0.00129020,3.12000000
2018-02-24 00:05:56,0.00129000,1.24000000
2018-02-24 00:05:56,0.00128980,3.12000000
2018-02-24 00:05:56,0.00128980,23.24000000
2018-02-24 00:05:56,0.00128980,38.77000000
2018-02-24 00:05:56,0.00128980,23.24000000
2018-02-24 00:05:56,0.00128970,22.00000000
2018-02-24 00:05:57,0.00128970,23.24000000
2018-02-24 00:05:57,0.00128980,0.78000000
2018-02-24 00:05:57,0.00128980,0.74000000
2018-02-24 00:05:57,0.00128980,7.02000000
2018-02-24 00:05:57,0.00128970,5.88000000
2018-02-24 00:05:58,0.00129020,23.18000000
2018-02-24 00:05:59,0.00129080,3.12000000
2018-02-24 00:06:00,0.00129100,1.43000000
2018-02-24 00:06:00,0.00129100,1.43000000
2018-02-24 00:06:00,0.00129100,1.36000000
2018-02-24 00:06:00,0.00129000,3.12000000
2018-02-24 00:06:00,0.00128980,5.43000000
2018-02-24 00:06:00,0.00128960,3.71000000
2018-02-24 00:06:00,0.00129060,3.12000000
2018-02-24 00:06:00,0.00128960,1.43000000
2018-02-24 00:06:00,0.00128980,55.46000000
2018-02-24 00:06:00,0.00128980,23.21000000
2018-02-24 00:06:00,0.00128980,4.78000000
2018-02-24 00:06:01,0.00128630,4.14000000
2018-02-24 00:06:02,0.00128660,7.77000000
2018-02-24 00:06:02,0.00128650,8.54000000
2018-02-24 00:06:02,0.00128640,3.69000000
2018-02-24 00:06:03,0.00128800,4.97000000
2018-02-24 00:06:03,0.00128800,13.05000000
2018-02-24 00:06:03,0.00128800,13.05000000
2018-02-24 00:06:03,0.00128800,13.05000000
2018-02-24 00:06:04,0.00128660,3.12000000
2018-02-24 00:06:04,0.00128650,9.93000000
2018-02-24 00:06:04,0.00128650,39.81000000
2018-02-24 00:06:04,0.00128640,51.31000000
2018-02-24 00:06:04,0.00128630,6.25000000
2018-02-24 00:06:04,0.00128530,620.11000000
2018-02-24 00:06:04,0.00128500,8.42000000
2018-02-24 00:06:04,0.00128440,218.15000000
2018-02-24 00:06:04,0.00128410,15.09000000
2018-02-24 00:06:04,0.00128410,0.89000000
2018-02-24 00:06:05,0.00128650,3.90000000
2018-02-24 00:06:05,0.00128780,0.20000000
2018-02-24 00:06:07,0.00128780,2.92000000
2018-02-24 00:06:07,0.00128800,190.67000000
2018-02-24 00:06:07,0.00128810,3.10000000
2018-02-24 00:06:07,0.00128900,9.28000000
2018-02-24 00:06:07,0.00128960,103.90000000
2018-02-24 00:06:07,0.00128980,101.19000000
2018-02-24 00:06:07,0.00129000,322.88000000
2018-02-24 00:06:09,0.00129100,7.56000000
2018-02-24 00:06:09,0.00129180,135.78000000
2018-02-24 00:06:09,0.00129000,40.00000000
2018-02-24 00:06:10,0.00129000,13.05000000
2018-02-24 00:06:10,0.00129180,120.00000000
2018-02-24 00:06:10,0.00129000,235.93000000
2018-02-24 00:06:10,0.00129000,23.04000000
2018-02-24 00:06:10,0.00129180,29.22000000
2018-02-24 00:06:10,0.00129180,7.43000000
2018-02-24 00:06:11,0.00129180,4.37000000
2018-02-24 00:06:11,0.00129180,243.98000000
2018-02-24 00:06:11,0.00129000,38.59000000
2018-02-24 00:06:11,0.00129000,1.05000000
2018-02-24 00:06:11,0.00128950,16.30000000
2018-02-24 00:06:11,0.00129000,66.18000000
2018-02-24 00:06:12,0.00129090,31.69000000
2018-02-24 00:06:13,0.00128950,0.85000000
2018-02-24 00:06:13,0.00128960,3.50000000
2018-02-24 00:06:15,0.00128970,11.39000000
2018-02-24 00:06:15,0.00128950,66.86000000
2018-02-24 00:06:15,0.00128980,1.75000000
2018-02-24 00:06:15,0.00128950,161.78000000
2018-02-24 00:06:15,0.00129000,100.00000000
2018-02-24 00:06:16,0.00129000,32.11000000
2018-02-24 00:06:16,0.00129000,3.50000000
2018-02-24 00:06:16,0.00129000,294.39000000
2018-02-24 00:06:17,0.00128970,167.27000000
2018-02-24 00:06:18,0.00128980,4.70000000
2018-02-24 00:06:18,0.00129000,1116.37000000
2018-02-24 00:06:18,0.00129000,269.59000000
2018-02-24 00:06:18,0.00128960,33.81000000
2018-02-24 00:06:19,0.00128960,7.92000000
2018-02-24 00:06:19,0.00128960,9.00000000
2018-02-24 00:06:19,0.00128960,124.14000000
2018-02-24 00:06:19,0.00128960,6.31000000
2018-02-24 00:06:19,0.00128960,278.08000000
2018-02-24 00:06:19,0.00128960,168.72000000
2018-02-24 00:06:20,0.00129000,18.61000000
2018-02-24 00:06:20,0.00129000,1.39000000
2018-02-24 00:06:20,0.00129000,0.93000000
2018-02-24 00:06:21,0.00129080,1.09000000
2018-02-24 00:06:23,0.00129080,36.99000000
2018-02-24 00:06:26,0.00129080,11.94000000
2018-02-24 00:06:28,0.00129100,3.12000000
2018-02-24 00:06:29,0.00129090,35.60000000
2018-02-24 00:06:29,0.00129100,13.60000000
2018-02-24 00:06:31,0.00129080,380.91000000
2018-02-24 00:06:31,0.00129020,2.19000000
2018-02-24 00:06:31,0.00129000,21.74000000
2018-02-24 00:06:31,0.00129000,0.67000000
2018-02-24 00:06:32,0.00129000,84.63000000
2018-02-24 00:06:33,0.00129000,10.79000000
2018-02-24 00:06:34,0.00129000,4.96000000
2018-02-24 00:06:36,0.00129000,60.30000000
2018-02-24 00:06:36,0.00129060,3.12000000
2018-02-24 00:06:36,0.00129100,112.35000000
2018-02-24 00:06:36,0.00129180,3.12000000
2018-02-24 00:06:36,0.00129200,81.63000000
2018-02-24 00:06:36,0.00129240,3.12000000
2018-02-24 00:06:36,0.00129300,1.64000000
2018-02-24 00:06:36,0.00129300,3.84000000
2018-02-24 00:06:36,0.00129300,23.20000000
2018-02-24 00:06:36,0.00129390,1.17000000
2018-02-24 00:06:36,0.00129500,22.03000000
2018-02-24 00:06:36,0.00129320,3.12000000
2018-02-24 00:06:37,0.00129300,1.36000000
2018-02-24 00:06:37,0.00129300,1.22000000
2018-02-24 00:06:37,0.00129300,3.83000000
2018-02-24 00:06:37,0.00129300,39.99000000
2018-02-24 00:06:38,0.00129300,23.20000000
2018-02-24 00:06:38,0.00129300,23.19000000
2018-02-24 00:06:38,0.00129300,23.20000000
2018-02-24 00:06:39,0.00129300,94.22000000
2018-02-24 00:06:39,0.00129300,23.19000000
2018-02-24 00:06:39,0.00129300,23.19000000
2018-02-24 00:06:39,0.00129300,23.19000000
2018-02-24 00:06:39,0.00129300,23.20000000
2018-02-24 00:06:40,0.00129300,89.00000000
2018-02-24 00:06:41,0.00129300,1.75000000
2018-02-24 00:06:41,0.00129300,23.19000000
2018-02-24 00:06:41,0.00129370,3.12000000
2018-02-24 00:06:41,0.00129370,87.74000000
2018-02-24 00:06:41,0.00129370,130.72000000
2018-02-24 00:06:41,0.00129330,48.98000000
2018-02-24 00:06:41,0.00129370,8.26000000
2018-02-24 00:06:42,0.00129340,0.85000000
2018-02-24 00:06:42,0.00129370,1.56000000
2018-02-24 00:06:42,0.00129500,13.05000000
2018-02-24 00:06:42,0.00129500,13.05000000
2018-02-24 00:06:42,0.00129500,8.13000000
2018-02-24 00:06:42,0.00129500,1.62000000
2018-02-24 00:06:43,0.00129500,7.43000000
2018-02-24 00:06:43,0.00129500,1.15000000
2018-02-24 00:06:45,0.00129500,904.27000000
2018-02-24 00:06:45,0.00129330,130.72000000
2018-02-24 00:06:45,0.00129300,2553.73000000
2018-02-24 00:06:45,0.00129540,0.79000000
2018-02-24 00:06:45,0.00129550,11.00000000
2018-02-24 00:06:45,0.00129600,2.71000000
2018-02-24 00:06:45,0.00129660,2.34000000
2018-02-24 00:06:45,0.00129700,80.28000000
2018-02-24 00:06:45,0.00129710,2.88000000
2018-02-24 00:06:46,0.00129710,10.79000000
2018-02-24 00:06:46,0.00129440,1.55000000
2018-02-24 00:06:46,0.00129320,1.12000000
2018-02-24 00:06:47,0.00129700,20.00000000
2018-02-24 00:06:47,0.00129710,47.28000000
2018-02-24 00:06:48,0.00129710,128.66000000
2018-02-24 00:06:48,0.00129720,3.58000000
2018-02-24 00:06:48,0.00129710,23.11000000
2018-02-24 00:06:48,0.00129710,16.91000000
2018-02-24 00:06:48,0.00129710,186.94000000
2018-02-24 00:06:50,0.00129510,23.16000000
2018-02-24 00:06:50,0.00129540,3.12000000
2018-02-24 00:06:50,0.00129510,24.25000000
2018-02-24 00:06:50,0.00129510,4.21000000
2018-02-24 00:06:50,0.00129700,3.12000000
2018-02-24 00:06:50,0.00129710,12.47000000
2018-02-24 00:06:50,0.00129710,0.69000000
2018-02-24 00:06:50,0.00129520,38.15000000
2018-02-24 00:06:51,0.00129510,8.84000000
2018-02-24 00:06:51,0.00129500,569.65000000
2018-02-24 00:06:51,0.00129700,5.00000000
2018-02-24 00:06:52,0.00129690,2.23000000
2018-02-24 00:06:53,0.00129370,13.60000000
2018-02-24 00:06:54,0.00129520,30.45000000
2018-02-24 00:06:54,0.00129520,4.96000000
2018-02-24 00:06:55,0.00129390,1.94000000
2018-02-24 00:06:56,0.00129400,47.05000000
2018-02-24 00:06:56,0.00129390,13.51000000
2018-02-24 00:06:56,0.00129420,3.12000000
2018-02-24 00:06:56,0.00129380,3.12000000
2018-02-24 00:06:56,0.00129320,2.03000000
2018-02-24 00:06:56,0.00129300,0.58000000
2018-02-24 00:06:58,0.00129370,568.46000000
2018-02-24 00:06:58,0.00129300,382.65000000
2018-02-24 00:06:59,0.00129420,47.75000000
2018-02-24 00:06:59,0.00129300,330.00000000
2018-02-24 00:07:00,0.00129320,3.12000000
2018-02-24 00:07:00,0.00129300,3.19000000
2018-02-24 00:07:00,0.00129390,22.69000000
2018-02-24 00:07:01,0.00129310,27.79000000
2018-02-24 00:07:01,0.00129300,295.12000000
2018-02-24 00:07:01,0.00129300,345.99000000
2018-02-24 00:07:02,0.00129290,15.45000000
2018-02-24 00:07:02,0.00129300,223.66000000
2018-02-24 00:07:02,0.00129300,15.46000000
2018-02-24 00:07:03,0.00129320,3.12000000
2018-02-24 00:07:03,0.00129300,1.12000000
2018-02-24 00:07:03,0.00129300,14.50000000
2018-02-24 00:07:06,0.00129300,2425.88000000
2018-02-24 00:07:06,0.00129010,3.86000000
2018-02-24 00:07:06,0.00129000,268.99000000
2018-02-24 00:07:06,0.00129000,3.12000000
2018-02-24 00:07:06,0.00129000,86.59000000
2018-02-24 00:07:06,0.00129000,23.19000000
2018-02-24 00:07:06,0.00129000,129.26000000
2018-02-24 00:07:06,0.00128950,4.95000000
2018-02-24 00:07:07,0.00129000,168.04000000
2018-02-24 00:07:07,0.00129300,316.96000000
2018-02-24 00:07:07,0.00128950,7.75000000
2018-02-24 00:07:07,0.00128900,11.38000000
2018-02-24 00:07:07,0.00128730,19.43000000
2018-02-24 00:07:07,0.00129290,3.12000000
2018-02-24 00:07:07,0.00129300,5.33000000
2018-02-24 00:07:08,0.00128780,17.94000000
2018-02-24 00:07:08,0.00128780,23.27000000
2018-02-24 00:07:08,0.00128720,41.00000000
2018-02-24 00:07:08,0.00128780,8.77000000
2018-02-24 00:07:08,0.00128780,0.01000000
2018-02-24 00:07:08,0.00128910,6.04000000
2018-02-24 00:07:08,0.00128770,19.43000000
2018-02-24 00:07:10,0.00129030,20.00000000
2018-02-24 00:07:10,0.00129020,15.50000000
2018-02-24 00:07:10,0.00129000,11.43000000
2018-02-24 00:07:10,0.00129000,32.10000000
2018-02-24 00:07:11,0.00128880,1.00000000
2018-02-24 00:07:11,0.00128800,6.39000000
2018-02-24 00:07:11,0.00128770,24.14000000
2018-02-24 00:07:15,0.00128900,16.35000000
2018-02-24 00:07:15,0.00128850,0.85000000
2018-02-24 00:07:15,0.00128770,3.64000000
2018-02-24 00:07:15,0.00128990,158.15000000
2018-02-24 00:07:15,0.00129000,92.62000000
2018-02-24 00:07:15,0.00129300,115.69000000
2018-02-24 00:07:15,0.00129360,3.12000000
2018-02-24 00:07:15,0.00129380,3.12000000
2018-02-24 00:07:15,0.00129390,7.18000000
2018-02-24 00:07:15,0.00129460,65.68000000
2018-02-24 00:07:15,0.00129490,3.12000000
2018-02-24 00:07:15,0.00129500,51.32000000
2018-02-24 00:07:16,0.00129130,191.84000000
2018-02-24 00:07:16,0.00129490,10.89000000
2018-02-24 00:07:18,0.00129470,9.11000000
2018-02-24 00:07:18,0.00129480,7.74000000
2018-02-24 00:07:18,0.00128910,147.06000000
2018-02-24 00:07:19,0.00129130,2.80000000
2018-02-24 00:07:20,0.00129130,20.00000000
2018-02-24 00:07:20,0.00129120,2.91000000
2018-02-24 00:07:22,0.00129120,96.29000000
2018-02-24 00:07:22,0.00129120,47.86000000
2018-02-24 00:07:22,0.00129130,13.35000000
2018-02-24 00:07:24,0.00128960,4.89000000
2018-02-24 00:07:24,0.00128920,100.00000000
2018-02-24 00:07:24,0.00128910,38.15000000
2018-02-24 00:07:24,0.00128900,38.40000000
2018-02-24 00:07:24,0.00128810,5.69000000
2018-02-24 00:07:24,0.00128800,132.30000000
2018-02-24 00:07:24,0.00128770,171.48000000
2018-02-24 00:07:24,0.00128750,121.74000000
2018-02-24 00:07:24,0.00128720,233.54000000
2018-02-24 00:07:24,0.00128700,108.72000000
2018-02-24 00:07:24,0.00128660,3.61000000
2018-02-24 00:07:24,0.00128640,5.39000000
2018-02-24 00:07:24,0.00128630,15.61000000
2018-02-24 00:07:27,0.00129090,3.82000000
2018-02-24 00:07:28,0.00129000,15.00000000
2018-02-24 00:07:30,0.00129030,60.17000000
2018-02-24 00:07:30,0.00129070,7.70000000
2018-02-24 00:07:30,0.00129030,0.91000000
2018-02-24 00:07:30,0.00129000,3.08000000
2018-02-24 00:07:33,0.00129000,58.84000000
2018-02-24 00:07:33,0.00128970,15.81000000
2018-02-24 00:07:33,0.00128960,63.13000000
2018-02-24 00:07:33,0.00128770,2.33000000
2018-02-24 00:07:33,0.00128720,3.51000000
2018-02-24 00:07:33,0.00128710,3.81000000
2018-02-24 00:07:33,0.00128640,67.02000000
2018-02-24 00:07:33,0.00128630,89.94000000
2018-02-24 00:07:36,0.00128990,20.00000000
2018-02-24 00:07:36,0.00129000,2.11000000
2018-02-24 00:07:36,0.00129000,54.25000000
2018-02-24 00:07:38,0.00128990,45.91000000
2018-02-24 00:07:38,0.00129000,58.09000000
2018-02-24 00:07:38,0.00128940,17.13000000
2018-02-24 00:07:38,0.00128940,6.66000000
2018-02-24 00:07:40,0.00128940,0.65000000
2018-02-24 00:07:41,0.00128780,20.00000000
2018-02-24 00:07:41,0.00128770,3.12000000
2018-02-24 00:07:41,0.00128770,23.26000000
2018-02-24 00:07:41,0.00128770,109.99000000
2018-02-24 00:07:41,0.00128770,11.63000000
2018-02-24 00:07:41,0.00128770,53.58000000
2018-02-24 00:07:41,0.00128920,2.22000000
2018-02-24 00:07:42,0.00128770,0.87000000
2018-02-24 00:07:42,0.00128740,0.91000000
2018-02-24 00:07:42,0.00128720,11.52000000
2018-02-24 00:07:42,0.00128710,6.70000000
2018-02-24 00:07:45,0.00128740,26.40000000
2018-02-24 00:07:45,0.00128760,3.12000000
2018-02-24 00:07:45,0.00128740,76.23000000
2018-02-24 00:07:45,0.00128820,23.27000000
2018-02-24 00:07:45,0.00128820,102.35000000
2018-02-24 00:07:45,0.00128820,78.64000000
2018-02-24 00:07:46,0.00128820,115.33000000
2018-02-24 00:07:51,0.00128820,31.94000000
2018-02-24 00:07:52,0.00128880,6.70000000
2018-02-24 00:07:52,0.00128890,3.12000000
2018-02-24 00:07:52,0.00128910,3.61000000
2018-02-24 00:07:52,0.00128920,0.90000000
2018-02-24 00:07:52,0.00128990,9.01000000
2018-02-24 00:07:54,0.00128980,11.36000000
2018-02-24 00:07:55,0.00128970,1.94000000
2018-02-24 00:07:57,0.00128980,33.96000000
2018-02-24 00:07:57,0.00128990,42.04000000
2018-02-24 00:07:58,0.00128940,37.35000000
2018-02-24 00:07:58,0.00129000,0.24000000
2018-02-24 00:07:58,0.00128990,9.89000000
2018-02-24 00:07:59,0.00128990,2.24000000
2018-02-24 00:07:59,0.00128990,11.63000000
2018-02-24 00:07:59,0.00128990,9.64000000
2018-02-24 00:08:00,0.00128990,9.01000000
2018-02-24 00:08:00,0.00128990,6.63000000
2018-02-24 00:08:00,0.00128990,11.01000000
2018-02-24 00:08:04,0.00128990,21.63000000
2018-02-24 00:08:06,0.00128990,3.00000000
2018-02-24 00:08:06,0.00128990,50.27000000
2018-02-24 00:08:06,0.00128990,23.25000000
2018-02-24 00:08:06,0.00128990,14.37000000
2018-02-24 00:08:06,0.00128990,23.25000000
2018-02-24 00:08:06,0.00128990,23.25000000
2018-02-24 00:08:06,0.00128990,16.40000000
2018-02-24 00:08:06,0.00128970,3.74000000
2018-02-24 00:08:07,0.00128820,4.51000000
2018-02-24 00:08:07,0.00129000,19.52000000
2018-02-24 00:08:09,0.00129000,92.72000000
2018-02-24 00:08:12,0.00128990,42.89000000
2018-02-24 00:08:12,0.00128990,23.25000000
2018-02-24 00:08:13,0.00128990,23.25000000
2018-02-24 00:08:14,0.00128990,38.38000000
2018-02-24 00:08:14,0.00129000,31.98000000
2018-02-24 00:08:15,0.00128990,17.93000000
2018-02-24 00:08:16,0.00128990,4.51000000
2018-02-24 00:08:16,0.00128990,242.51000000
2018-02-24 00:08:17,0.00128990,150.34000000
2018-02-24 00:08:18,0.00128990,25.89000000
2018-02-24 00:08:19,0.00128990,13.64000000
2018-02-24 00:08:20,0.00128990,24.10000000
2018-02-24 00:08:21,0.00128990,69.02000000
2018-02-24 00:08:22,0.00128930,216.68000000
2018-02-24 00:08:22,0.00128990,7.05000000
2018-02-24 00:08:24,0.00128990,1.06000000
2018-02-24 00:08:25,0.00128990,25.93000000
2018-02-24 00:08:25,0.00128890,55.00000000
2018-02-24 00:08:25,0.00128880,1.91000000
2018-02-24 00:08:29,0.00128990,0.05000000
2018-02-24 00:08:32,0.00128980,30.00000000
2018-02-24 00:08:32,0.00128980,1.58000000
2018-02-24 00:08:32,0.00128890,4.97000000
2018-02-24 00:08:32,0.00128890,15.80000000
2018-02-24 00:08:33,0.00128920,85.01000000
2018-02-24 00:08:34,0.00128880,4.21000000
2018-02-24 00:08:34,0.00128880,23.25000000
2018-02-24 00:08:34,0.00128880,16.25000000
2018-02-24 00:08:35,0.00128970,3.00000000
2018-02-24 00:08:38,0.00128970,0.12000000
2018-02-24 00:08:38,0.00128980,33.43000000
2018-02-24 00:08:38,0.00128990,53.29000000
2018-02-24 00:08:38,0.00129000,465.23000000
2018-02-24 00:08:39,0.00128970,5.69000000
2018-02-24 00:08:39,0.00129000,261.66000000
2018-02-24 00:08:42,0.00129000,8.11000000
2018-02-24 00:08:42,0.00129000,13.55000000
2018-02-24 00:08:44,0.00129010,143.89000000
2018-02-24 00:08:44,0.00129010,16.37000000
2018-02-24 00:08:45,0.00129030,3.12000000
2018-02-24 00:08:45,0.00129010,11.12000000
2018-02-24 00:08:47,0.00129050,229.11000000
2018-02-24 00:08:49,0.00129100,3.12000000
2018-02-24 00:08:49,0.00129120,49.45000000
2018-02-24 00:08:49,0.00129030,3.11000000
2018-02-24 00:08:49,0.00129030,0.01000000
2018-02-24 00:08:49,0.00129010,3.11000000
2018-02-24 00:08:50,0.00129020,0.92000000
2018-02-24 00:08:51,0.00129080,3.12000000
2018-02-24 00:08:56,0.00129120,4.91000000
2018-02-24 00:08:56,0.00129130,123.79000000
2018-02-24 00:08:56,0.00129130,57.34000000
2018-02-24 00:08:56,0.00129100,68.23000000
2018-02-24 00:08:57,0.00129130,466.76000000
2018-02-24 00:08:57,0.00129130,38.28000000
2018-02-24 00:08:59,0.00129390,5.00000000
2018-02-24 00:09:00,0.00129170,5.00000000
2018-02-24 00:09:00,0.00129160,78.06000000
2018-02-24 00:09:01,0.00129190,3.12000000
2018-02-24 00:09:01,0.00129180,38.00000000
2018-02-24 00:09:01,0.00129150,3.12000000
2018-02-24 00:09:01,0.00129130,9.95000000
2018-02-24 00:09:02,0.00129250,23.21000000
2018-02-24 00:09:02,0.00129250,74.23000000
2018-02-24 00:09:02,0.00129130,29.08000000
2018-02-24 00:09:02,0.00129240,20.00000000
2018-02-24 00:09:02,0.00129250,23.80000000
2018-02-24 00:09:04,0.00129220,50.00000000
2018-02-24 00:09:04,0.00129250,4.87000000
2018-02-24 00:09:07,0.00129160,13.63000000
2018-02-24 00:09:07,0.00129160,67.49000000
2018-02-24 00:09:07,0.00129150,2.51000000
2018-02-24 00:09:08,0.00129210,2.04000000
2018-02-24 00:09:08,0.00129210,29.49000000
2018-02-24 00:09:09,0.00129210,0.91000000
2018-02-24 00:09:09,0.00129210,6.30000000
2018-02-24 00:09:12,0.00129210,7.32000000
2018-02-24 00:09:13,0.00129220,66.81000000
2018-02-24 00:09:13,0.00129250,33.25000000
2018-02-24 00:09:13,0.00129370,3.12000000
2018-02-24 00:09:13,0.00129380,3.12000000
2018-02-24 00:09:13,0.00129400,120.55000000
2018-02-24 00:09:13,0.00129410,30.12000000
2018-02-24 00:09:13,0.00129420,20.07000000
2018-02-24 00:09:13,0.00129430,26.77000000
2018-02-24 00:09:13,0.00129440,94.09000000
2018-02-24 00:09:13,0.00129450,47.58000000
2018-02-24 00:09:13,0.00129460,63.45000000
2018-02-24 00:09:13,0.00129470,134.58000000
2018-02-24 00:09:13,0.00129480,36.49000000
2018-02-24 00:09:13,0.00129230,0.88000000
2018-02-24 00:09:15,0.00129350,241.53000000
2018-02-24 00:09:16,0.00129470,20.00000000
2018-02-24 00:09:16,0.00129480,91.30000000
2018-02-24 00:09:16,0.00129490,40.87000000
2018-02-24 00:09:16,0.00129500,1617.36000000
2018-02-24 00:09:16,0.00129520,3.20000000
2018-02-24 00:09:16,0.00129580,1.00000000
2018-02-24 00:09:16,0.00129600,100.97000000
2018-02-24 00:09:16,0.00129660,144.19000000
2018-02-24 00:09:16,0.00129700,9.76000000
2018-02-24 00:09:16,0.00129710,12.47000000
2018-02-24 00:09:16,0.00129720,25.52000000
2018-02-24 00:09:16,0.00129730,159.51000000
2018-02-24 00:09:16,0.00129800,71.45000000
2018-02-24 00:09:16,0.00129810,21.60000000
2018-02-24 00:09:16,0.00129860,5.60000000
2018-02-24 00:09:16,0.00129900,417.28000000
2018-02-24 00:09:16,0.00129930,29.58000000
2018-02-24 00:09:16,0.00129940,0.84000000
2018-02-24 00:09:16,0.00129980,1.54000000
2018-02-24 00:09:16,0.00129990,383.88000000
2018-02-24 00:09:16,0.00130000,1349.75000000
2018-02-24 00:09:16,0.00130080,7.76000000
2018-02-24 00:09:16,0.00130100,84.57000000
2018-02-24 00:09:17,0.00129500,28.77000000
2018-02-24 00:09:17,0.00129500,71.15000000
2018-02-24 00:09:17,0.00129500,6.19000000
2018-02-24 00:09:17,0.00129500,71.10000000
2018-02-24 00:09:17,0.00129490,41.15000000
2018-02-24 00:09:19,0.00130060,97.40000000
2018-02-24 00:09:19,0.00130070,98.96000000
2018-02-24 00:09:19,0.00130080,5.63000000
2018-02-24 00:09:19,0.00130090,65.89000000
2018-02-24 00:09:19,0.00130100,73.13000000
2018-02-24 00:09:19,0.00130100,19.29000000
2018-02-24 00:09:19,0.00130100,19.35000000
2018-02-24 00:09:19,0.00130100,166.36000000
2018-02-24 00:09:19,0.00130100,4.54000000
2018-02-24 00:09:19,0.00130100,9.38000000
2018-02-24 00:09:20,0.00130100,0.57000000
2018-02-24 00:09:20,0.00129560,9.79000000
2018-02-24 00:09:21,0.00129560,19.99000000
2018-02-24 00:09:21,0.00129580,108.43000000
2018-02-24 00:09:21,0.00129570,41.65000000
2018-02-24 00:09:21,0.00129560,25.50000000
2018-02-24 00:09:21,0.00129550,49.96000000
2018-02-24 00:09:26,0.00129570,13.25000000
2018-02-24 00:09:26,0.00129940,5.51000000
2018-02-24 00:09:27,0.00129590,3.12000000
2018-02-24 00:09:27,0.00129570,8.68000000
2018-02-24 00:09:27,0.00129760,109.58000000
2018-02-24 00:09:27,0.00129750,32.88000000
2018-02-24 00:09:28,0.00129750,35.00000000
2018-02-24 00:09:28,0.00129750,5.00000000
2018-02-24 00:09:28,0.00129740,14.49000000
2018-02-24 00:09:28,0.00129750,4.33000000
2018-02-24 00:09:28,0.00129920,2.14000000
2018-02-24 00:09:28,0.00129760,7.63000000
2018-02-24 00:09:29,0.00129760,23.11000000
2018-02-24 00:09:29,0.00129760,38.56000000
2018-02-24 00:09:29,0.00129760,23.11000000
2018-02-24 00:09:29,0.00129760,130.92000000
2018-02-24 00:09:29,0.00129760,23.11000000
2018-02-24 00:09:29,0.00129760,38.56000000
2018-02-24 00:09:29,0.00129760,23.11000000
2018-02-24 00:09:29,0.00129760,23.11000000
2018-02-24 00:09:29,0.00129760,9.38000000
2018-02-24 00:09:29,0.00129760,23.11000000
2018-02-24 00:09:29,0.00129760,23.11000000
2018-02-24 00:09:29,0.00129760,6.64000000
2018-02-24 00:09:29,0.00129600,16.46000000
2018-02-24 00:09:29,0.00129600,6.64000000
2018-02-24 00:09:30,0.00129600,19.99000000
2018-02-24 00:09:30,0.00129600,5.11000000
2018-02-24 00:09:30,0.00129720,3.12000000
2018-02-24 00:09:30,0.00129900,15.43000000
2018-02-24 00:09:30,0.00129910,53.91000000
2018-02-24 00:09:31,0.00129890,100.00000000
2018-02-24 00:09:31,0.00129910,21.21000000
2018-02-24 00:09:31,0.00129920,0.98000000
2018-02-24 00:09:31,0.00129930,0.91000000
2018-02-24 00:09:31,0.00129970,13.91000000
2018-02-24 00:09:31,0.00129980,51.61000000
2018-02-24 00:09:31,0.00130000,405.07000000
2018-02-24 00:09:31,0.00129900,6.74000000
2018-02-24 00:09:31,0.00129900,176.37000000
2018-02-24 00:09:31,0.00129900,1.83000000
2018-02-24 00:09:31,0.00130000,47.93000000
2018-02-24 00:09:32,0.00130000,15.31000000
2018-02-24 00:09:32,0.00130000,152.17000000
2018-02-24 00:09:32,0.00130100,16.56000000
2018-02-24 00:09:32,0.00130100,4.53000000
2018-02-24 00:09:32,0.00130100,1.00000000
2018-02-24 00:09:32,0.00130100,3.76000000
2018-02-24 00:09:32,0.00130100,3.75000000
2018-02-24 00:09:33,0.00130100,3.76000000
2018-02-24 00:09:33,0.00130100,60.85000000
2018-02-24 00:09:33,0.00130100,12.77000000
2018-02-24 00:09:33,0.00130100,103.31000000
2018-02-24 00:09:33,0.00130100,10.84000000
2018-02-24 00:09:33,0.00130000,293.93000000
2018-02-24 00:09:34,0.00130000,365.00000000
2018-02-24 00:09:34,0.00130000,12.00000000
2018-02-24 00:09:34,0.00130200,13.67000000
2018-02-24 00:09:35,0.00130000,5.99000000
2018-02-24 00:09:35,0.00130200,6.33000000
2018-02-24 00:09:35,0.00130210,0.78000000
2018-02-24 00:09:36,0.00130210,12.88000000
2018-02-24 00:09:36,0.00130240,1.94000000
2018-02-24 00:09:36,0.00130270,2.50000000
2018-02-24 00:09:36,0.00130320,33.94000000
2018-02-24 00:09:36,0.00130330,1.00000000
2018-02-24 00:09:36,0.00130340,5.43000000
2018-02-24 00:09:36,0.00130400,0.85000000
2018-02-24 00:09:36,0.00130500,298.47000000
2018-02-24 00:09:36,0.00130560,39.07000000
2018-02-24 00:09:36,0.00130640,1.25000000
2018-02-24 00:09:36,0.00130670,651.96000000
2018-02-24 00:09:36,0.00130680,25.00000000
2018-02-24 00:09:36,0.00130770,4.66000000
2018-02-24 00:09:36,0.00130790,2.89000000
2018-02-24 00:09:36,0.00130800,175.99000000
2018-02-24 00:09:36,0.00130800,28.51000000
2018-02-24 00:09:36,0.00130850,5.00000000
2018-02-24 00:09:36,0.00130900,8.51000000
2018-02-24 00:09:38,0.00130240,8.92000000
2018-02-24 00:09:38,0.00130500,39.07000000
2018-02-24 00:09:39,0.00130250,5.00000000
2018-02-24 00:09:39,0.00130250,0.06000000
2018-02-24 00:09:40,0.00130490,8.92000000
2018-02-24 00:09:40,0.00130500,44.49000000
2018-02-24 00:09:40,0.00130500,24.00000000
2018-02-24 00:09:40,0.00130270,3.08000000
2018-02-24 00:09:40,0.00130250,10.00000000
2018-02-24 00:09:40,0.00130470,3.08000000
2018-02-24 00:09:40,0.00130500,24.87000000
2018-02-24 00:09:41,0.00130500,1.73000000
2018-02-24 00:09:41,0.00130250,16.10000000
2018-02-24 00:09:41,0.00130300,2.90000000
2018-02-24 00:09:41,0.00130250,19.80000000
2018-02-24 00:09:42,0.00130260,1.35000000
2018-02-24 00:09:42,0.00130460,35.54000000
2018-02-24 00:09:42,0.00130470,0.90000000
2018-02-24 00:09:42,0.00130500,903.61000000
2018-02-24 00:09:44,0.00130500,46.29000000
2018-02-24 00:09:44,0.00130300,5.96000000
2018-02-24 00:09:44,0.00130300,19.00000000
2018-02-24 00:09:44,0.00130500,211.47000000
2018-02-24 00:09:45,0.00130500,119.44000000
2018-02-24 00:09:46,0.00130500,693.92000000
2018-02-24 00:09:46,0.00130500,23.66000000
2018-02-24 00:09:46,0.00130500,459.00000000
2018-02-24 00:09:46,0.00130500,32.24000000
2018-02-24 00:09:46,0.00130500,3.99000000
2018-02-24 00:09:46,0.00130500,22.98000000
2018-02-24 00:09:46,0.00130500,14.06000000
2018-02-24 00:09:46,0.00130510,260.88000000
2018-02-24 00:09:46,0.00130690,252.65000000
2018-02-24 00:09:46,0.00130690,1.02000000
2018-02-24 00:09:46,0.00130510,117.16000000
2018-02-24 00:09:46,0.00130500,213.50000000
2018-02-24 00:09:46,0.00130500,1.02000000
2018-02-24 00:09:46,0.00130500,631.90000000
2018-02-24 00:09:46,0.00130500,1.02000000
2018-02-24 00:09:46,0.00130500,485.20000000
2018-02-24 00:09:46,0.00130490,38.39000000
2018-02-24 00:09:46,0.00130520,5.60000000
2018-02-24 00:09:46,0.00130520,22.98000000
2018-02-24 00:09:47,0.00130520,8.06000000
2018-02-24 00:09:47,0.00130500,22.98000000
2018-02-24 00:09:47,0.00130500,17.24000000
2018-02-24 00:09:47,0.00130320,27.84000000
2018-02-24 00:09:47,0.00130520,3.08000000
2018-02-24 00:09:47,0.00130320,22.98000000
2018-02-24 00:09:47,0.00130320,49.18000000
2018-02-24 00:09:47,0.00130300,118.74000000
2018-02-24 00:09:47,0.00130300,6.30000000
2018-02-24 00:09:47,0.00130500,115.54000000
2018-02-24 00:09:47,0.00130500,22.98000000
2018-02-24 00:09:47,0.00130500,22.97000000
2018-02-24 00:09:48,0.00130500,22.98000000
2018-02-24 00:09:48,0.00130500,2.90000000
2018-02-24 00:09:48,0.00130500,22.98000000
2018-02-24 00:09:48,0.00130500,22.98000000
2018-02-24 00:09:48,0.00130500,22.98000000
2018-02-24 00:09:48,0.00130510,3.56000000
2018-02-24 00:09:48,0.00130500,22.97000000
2018-02-24 00:09:48,0.00130500,661.43000000
2018-02-24 00:09:48,0.00130500,542.40000000
2018-02-24 00:09:48,0.00130500,5.20000000
2018-02-24 00:09:49,0.00130500,4.14000000
2018-02-24 00:09:49,0.00130500,28.00000000
2018-02-24 00:09:50,0.00130510,13.69000000
2018-02-24 00:09:50,0.00130290,3.08000000
2018-02-24 00:09:50,0.00130270,4.85000000
2018-02-24 00:09:51,0.00130480,3.08000000
2018-02-24 00:09:51,0.00130500,60.50000000
2018-02-24 00:09:51,0.00130500,149.19000000
2018-02-24 00:09:51,0.00130510,20.74000000
2018-02-24 00:09:51,0.00130520,1.44000000
2018-02-24 00:09:51,0.00130690,44.79000000
2018-02-24 00:09:52,0.00130510,173.98000000
2018-02-24 00:09:52,0.00130510,207.88000000
2018-02-24 00:09:53,0.00130500,15.89000000
2018-02-24 00:09:53,0.00130500,3.68000000
2018-02-24 00:09:53,0.00130500,18.09000000
2018-02-24 00:09:54,0.00130500,13.55000000
2018-02-24 00:09:54,0.00130500,33.04000000
2018-02-24 00:09:54,0.00130300,3.08000000
2018-02-24 00:09:54,0.00130280,37.99000000
2018-02-24 00:09:54,0.00130270,8.92000000
2018-02-24 00:09:55,0.00130480,3.08000000
2018-02-24 00:09:55,0.00130500,32.28000000
2018-02-24 00:09:55,0.00130500,71.56000000
2018-02-24 00:09:55,0.00130500,4.75000000
2018-02-24 00:09:55,0.00130500,20.49000000
2018-02-24 00:09:55,0.00130440,1.53000000
2018-02-24 00:09:55,0.00130270,144.77000000
2018-02-24 00:09:55,0.00130270,6.56000000
2018-02-24 00:09:55,0.00130500,4.14000000
2018-02-24 00:09:55,0.00130250,1.94000000
2018-02-24 00:09:56,0.00130490,11.14000000
2018-02-24 00:09:56,0.00130270,125.83000000
2018-02-24 00:09:57,0.00130300,53.96000000
2018-02-24 00:09:57,0.00130300,22.99000000
2018-02-24 00:09:57,0.00130300,9.77000000
2018-02-24 00:09:57,0.00130300,22.99000000
2018-02-24 00:09:57,0.00130300,30.23000000
2018-02-24 00:09:57,0.00130290,3.08000000
2018-02-24 00:09:57,0.00130290,3.98000000
2018-02-24 00:09:57,0.00130270,22.99000000
2018-02-24 00:09:58,0.00130270,1.17000000
2018-02-24 00:09:58,0.00130270,1.78000000
2018-02-24 00:09:58,0.00130290,19.79000000
2018-02-24 00:09:58,0.00130300,10.44000000
2018-02-24 00:09:58,0.00130270,1.93000000
2018-02-24 00:09:58,0.00130300,2.09000000
2018-02-24 00:09:58,0.00130270,3.39000000
2018-02-24 00:09:59,0.00130300,17.53000000
2018-02-24 00:09:59,0.00130250,1.88000000
2018-02-24 00:09:59,0.00130200,2.45000000
2018-02-24 00:09:59,0.00130200,66.94000000
2018-02-24 00:09:59,0.00130300,185.62000000
2018-02-24 00:10:00,0.00130470,1.00000000
2018-02-24 00:10:00,0.00130470,2.60000000
2018-02-24 00:10:00,0.00130470,99.48000000
2018-02-24 00:10:00,0.00130480,310.42000000
2018-02-24 00:10:00,0.00130300,157.48000000
2018-02-24 00:10:00,0.00130120,2.91000000
2018-02-24 00:10:00,0.00130060,5.61000000
2018-02-24 00:10:00,0.00130030,1.25000000
2018-02-24 00:10:00,0.00130000,524.19000000
2018-02-24 00:10:02,0.00130020,1.24000000
2018-02-24 00:10:02,0.00130020,16.03000000
2018-02-24 00:10:02,0.00130010,267.63000000
2018-02-24 00:10:02,0.00130000,371.39000000
2018-02-24 00:10:02,0.00130000,23.03000000
2018-02-24 00:10:02,0.00130000,268.92000000
2018-02-24 00:10:02,0.00130000,48.30000000
2018-02-24 00:10:02,0.00130000,104.42000000
2018-02-24 00:10:02,0.00130000,14.03000000
2018-02-24 00:10:02,0.00130000,38.46000000
2018-02-24 00:10:02,0.00130000,20.75000000
2018-02-24 00:10:02,0.00130000,36.48000000
2018-02-24 00:10:02,0.00130000,6.73000000
2018-02-24 00:10:02,0.00130000,4.92000000
2018-02-24 00:10:02,0.00130000,0.76000000
2018-02-24 00:10:02,0.00130000,23.03000000
2018-02-24 00:10:03,0.00130000,38.46000000
2018-02-24 00:10:03,0.00130000,23.03000000
2018-02-24 00:10:03,0.00130000,23.03000000
2018-02-24 00:10:03,0.00130000,285.13000000
2018-02-24 00:10:03,0.00130470,20.00000000
2018-02-24 00:10:03,0.00130480,3.03000000
2018-02-24 00:10:03,0.00130010,20.00000000
2018-02-24 00:10:03,0.00130000,34.93000000
2018-02-24 00:10:04,0.00130000,80.84000000
2018-02-24 00:10:05,0.00130000,2.33000000
2018-02-24 00:10:05,0.00130000,3.85000000
2018-02-24 00:10:05,0.00130000,1.96000000
2018-02-24 00:10:05,0.00130000,7.21000000
2018-02-24 00:10:05,0.00129960,2.31000000
2018-02-24 00:10:05,0.00129930,108.85000000
2018-02-24 00:10:05,0.00130430,50.00000000
2018-02-24 00:10:05,0.00130440,53.37000000
2018-02-24 00:10:05,0.00130450,100.00000000
2018-02-24 00:10:05,0.00130460,40.00000000
2018-02-24 00:10:05,0.00130470,112.08000000
2018-02-24 00:10:05,0.00130480,14.59000000
2018-02-24 00:10:05,0.00130480,3.08000000
2018-02-24 00:10:06,0.00130480,22.99000000
2018-02-24 00:10:06,0.00130480,16.82000000
2018-02-24 00:10:06,0.00130270,0.91000000
2018-02-24 00:10:06,0.00130270,23.42000000
2018-02-24 00:10:06,0.00130360,12.93000000
2018-02-24 00:10:06,0.00130360,40.69000000
2018-02-24 00:10:06,0.00130360,23.01000000
2018-02-24 00:10:06,0.00130360,45.37000000
2018-02-24 00:10:07,0.00130010,20.00000000
2018-02-24 00:10:07,0.00130000,15.50000000
2018-02-24 00:10:07,0.00130000,89.49000000
2018-02-24 00:10:07,0.00130000,23.03000000
2018-02-24 00:10:07,0.00129940,175.32000000
2018-02-24 00:10:07,0.00130000,79.12000000
2018-02-24 00:10:07,0.00130000,4.29000000
2018-02-24 00:10:07,0.00130000,3.58000000
2018-02-24 00:10:07,0.00130000,4.39000000
2018-02-24 00:10:07,0.00130000,23.04000000
2018-02-24 00:10:07,0.00130000,51.29000000
2018-02-24 00:10:07,0.00130000,5.16000000
2018-02-24 00:10:07,0.00130000,23.05000000
2018-02-24 00:10:07,0.00130000,23.05000000
2018-02-24 00:10:08,0.00130000,10.11000000
2018-02-24 00:10:08,0.00129940,5.16000000
2018-02-24 00:10:08,0.00130000,10.11000000
2018-02-24 00:10:08,0.00129940,10.11000000
2018-02-24 00:10:08,0.00129990,3.58000000
2018-02-24 00:10:08,0.00129930,115.69000000
2018-02-24 00:10:09,0.00129930,9.01000000
2018-02-24 00:10:09,0.00129920,0.91000000
2018-02-24 00:10:10,0.00129900,30.92000000
2018-02-24 00:10:10,0.00129900,10.33000000
2018-02-24 00:10:10,0.00129880,2.31000000
2018-02-24 00:10:10,0.00129850,9.24000000
2018-02-24 00:10:10,0.00129800,78.12000000
2018-02-24 00:10:11,0.00129910,19.23000000
2018-02-24 00:10:11,0.00129900,3.84000000
2018-02-24 00:10:12,0.00129900,13.17000000
2018-02-24 00:10:12,0.00129910,125.47000000
2018-02-24 00:10:12,0.00129930,132.01000000
2018-02-24 00:10:12,0.00129990,55.18000000
2018-02-24 00:10:12,0.00130000,234.52000000
2018-02-24 00:10:12,0.00130000,76.00000000
2018-02-24 00:10:12,0.00129800,334.37000000
2018-02-24 00:10:12,0.00129610,9.07000000
2018-02-24 00:10:12,0.00130000,23.00000000
2018-02-24 00:10:12,0.00130000,560.52000000
2018-02-24 00:10:12,0.00129930,30.92000000
2018-02-24 00:10:12,0.00129810,560.47000000
2018-02-24 00:10:12,0.00129610,2.91000000
2018-02-24 00:10:12,0.00129800,3.84000000
2018-02-24 00:10:13,0.00129800,0.91000000
2018-02-24 00:10:13,0.00129610,43.80000000
2018-02-24 00:10:13,0.00129580,32.20000000
2018-02-24 00:10:13,0.00129800,11.54000000
2018-02-24 00:10:13,0.00129800,132.82000000
2018-02-24 00:10:14,0.00129790,1.00000000
2018-02-24 00:10:15,0.00129790,5.27000000
2018-02-24 00:10:15,0.00129800,150.94000000
2018-02-24 00:10:16,0.00129890,100.00000000
2018-02-24 00:10:16,0.00129990,80.43000000
2018-02-24 00:10:17,0.00129990,1.49000000
2018-02-24 00:10:18,0.00129880,2.84000000
2018-02-24 00:10:18,0.00129880,65.57000000
2018-02-24 00:10:18,0.00129800,45.65000000
2018-02-24 00:10:18,0.00129620,7.71000000
2018-02-24 00:10:18,0.00129610,11.57000000
2018-02-24 00:10:18,0.00129600,11.57000000
2018-02-24 00:10:18,0.00129600,7.93000000
2018-02-24 00:10:18,0.00129990,7.14000000
2018-02-24 00:10:19,0.00129990,19.63000000
2018-02-24 00:10:19,0.00130000,982.43000000
2018-02-24 00:10:19,0.00130000,266.09000000
2018-02-24 00:10:19,0.00130010,76.18000000
2018-02-24 00:10:21,0.00130270,57.00000000
2018-02-24 00:10:21,0.00130020,20.00000000
2018-02-24 00:10:21,0.00130010,11.81000000
2018-02-24 00:10:21,0.00130000,6.35000000
2018-02-24 00:10:21,0.00130000,1.71000000
2018-02-24 00:10:22,0.00130270,17.00000000
2018-02-24 00:10:22,0.00130260,5.00000000
2018-02-24 00:10:23,0.00130000,451.76000000
2018-02-24 00:10:24,0.00130010,5.00000000
2018-02-24 00:10:24,0.00130000,25.17000000
2018-02-24 00:10:25,0.00130010,3.50000000
2018-02-24 00:10:25,0.00130000,14.34000000
2018-02-24 00:10:25,0.00129990,2.58000000
2018-02-24 00:10:25,0.00130010,5.00000000
2018-02-24 00:10:25,0.00130010,5.30000000
2018-02-24 00:10:28,0.00130020,31.91000000
2018-02-24 00:10:28,0.00130020,147.45000000
2018-02-24 00:10:28,0.00130020,3.00000000
2018-02-24 00:10:28,0.00130220,20.56000000
2018-02-24 00:10:28,0.00130220,17.43000000
2018-02-24 00:10:28,0.00130230,50.00000000
2018-02-24 00:10:28,0.00130240,18.92000000
2018-02-24 00:10:29,0.00130250,23.03000000
2018-02-24 00:10:29,0.00130250,5.06000000
2018-02-24 00:10:29,0.00130250,3.52000000
2018-02-24 00:10:30,0.00130260,19.16000000
2018-02-24 00:10:30,0.00130270,71.36000000
2018-02-24 00:10:31,0.00130040,79.06000000
2018-02-24 00:10:31,0.00130030,150.00000000
2018-02-24 00:10:31,0.00130020,275.13000000
2018-02-24 00:10:31,0.00130120,134.43000000
2018-02-24 00:10:32,0.00130230,0.94000000
2018-02-24 00:10:32,0.00130230,75.04000000
2018-02-24 00:10:32,0.00130240,3.08000000
2018-02-24 00:10:32,0.00130260,100.00000000
2018-02-24 00:10:32,0.00130270,305.66000000
2018-02-24 00:10:33,0.00130020,197.73000000
2018-02-24 00:10:33,0.00130020,23.40000000
2018-02-24 00:10:35,0.00130240,50.00000000
2018-02-24 00:10:35,0.00130250,33.05000000
2018-02-24 00:10:35,0.00130040,3.08000000
2018-02-24 00:10:35,0.00130040,45.34000000
2018-02-24 00:10:36,0.00130210,3.08000000
2018-02-24 00:10:36,0.00130250,46.41000000
2018-02-24 00:10:37,0.00130100,17.22000000
2018-02-24 00:10:37,0.00130100,310.78000000
2018-02-24 00:10:37,0.00130040,3.08000000
2018-02-24 00:10:37,0.00130030,37.72000000
2018-02-24 00:10:37,0.00130020,233.11000000
2018-02-24 00:10:37,0.00130010,28.30000000
2018-02-24 00:10:37,0.00130000,723.75000000
2018-02-24 00:10:38,0.00130010,1.06000000
2018-02-24 00:10:38,0.00130190,3.08000000
2018-02-24 00:10:38,0.00130250,21.12000000
2018-02-24 00:10:38,0.00130000,37.72000000
2018-02-24 00:10:39,0.00130210,4.00000000
2018-02-24 00:10:40,0.00130210,9.88000000
2018-02-24 00:10:42,0.00130040,3.08000000
2018-02-24 00:10:42,0.00130020,28.87000000
2018-02-24 00:10:43,0.00130030,62.19000000
2018-02-24 00:10:45,0.00130040,34.12000000
2018-02-24 00:10:46,0.00130060,3.08000000
2018-02-24 00:10:46,0.00130040,5.32000000
2018-02-24 00:10:46,0.00130040,3.10000000
2018-02-24 00:10:47,0.00130180,3.08000000
2018-02-24 00:10:47,0.00130200,9.24000000
2018-02-24 00:10:48,0.00130200,4.09000000
2018-02-24 00:10:50,0.00130120,4.66000000
2018-02-24 00:10:51,0.00130060,2.50000000
2018-02-24 00:10:51,0.00130200,3.00000000
2018-02-24 00:10:53,0.00130200,0.29000000
2018-02-24 00:10:53,0.00130200,153.31000000
2018-02-24 00:10:53,0.00130200,2.70000000
2018-02-24 00:10:53,0.00130200,212.22000000
2018-02-24 00:10:53,0.00130210,33.50000000
2018-02-24 00:10:53,0.00130230,3.08000000
2018-02-24 00:10:53,0.00130240,146.57000000
2018-02-24 00:10:56,0.00130200,8.99000000
2018-02-24 00:10:57,0.00130200,19.45000000
2018-02-24 00:10:57,0.00130230,5.00000000
2018-02-24 00:10:57,0.00130240,412.55000000
2018-02-24 00:10:57,0.00130250,331.42000000
2018-02-24 00:10:59,0.00130240,20.00000000
2018-02-24 00:10:59,0.00130240,26.85000000
2018-02-24 00:10:59,0.00130240,56.88000000
2018-02-24 00:11:00,0.00130250,114.95000000
2018-02-24 00:11:01,0.00130240,9.00000000
2018-02-24 00:11:01,0.00130250,12.42000000
2018-02-24 00:11:02,0.00130250,3.66000000
2018-02-24 00:11:02,0.00130250,28.73000000
2018-02-24 00:11:03,0.00130240,359.99000000
2018-02-24 00:11:03,0.00130200,59.01000000
2018-02-24 00:11:03,0.00130070,7.69000000
2018-02-24 00:11:03,0.00130060,58.81000000
2018-02-24 00:11:04,0.00130180,3.08000000
2018-02-24 00:11:04,0.00130250,14.26000000
2018-02-24 00:11:04,0.00130250,14.28000000
2018-02-24 00:11:04,0.00130250,14.26000000
2018-02-24 00:11:05,0.00130070,46.23000000
2018-02-24 00:11:09,0.00130240,491.41000000
2018-02-24 00:11:11,0.00130230,0.48000000
2018-02-24 00:11:11,0.00130190,146.85000000
2018-02-24 00:11:11,0.00130150,14.00000000
2018-02-24 00:11:11,0.00130130,3.08000000
2018-02-24 00:11:11,0.00130120,3.84000000
2018-02-24 00:11:11,0.00130110,76.69000000
2018-02-24 00:11:14,0.00130120,3.84000000
2018-02-24 00:11:14,0.00130110,115.44000000
2018-02-24 00:11:14,0.00130100,3.39000000
2018-02-24 00:11:14,0.00130070,985.67000000
2018-02-24 00:11:14,0.00130070,23.04000000
2018-02-24 00:11:14,0.00130070,23.04000000
2018-02-24 00:11:14,0.00130070,16.96000000
2018-02-24 00:11:14,0.00130070,23.04000000
2018-02-24 00:11:14,0.00130060,58.20000000
2018-02-24 00:11:14,0.00130050,8.58000000
2018-02-24 00:11:14,0.00130040,233.51000000
2018-02-24 00:11:14,0.00130030,438.80000000
2018-02-24 00:11:14,0.00130020,312.04000000
2018-02-24 00:11:14,0.00130000,126.50000000
2018-02-24 00:11:14,0.00130070,178.53000000
2018-02-24 00:11:14,0.00130220,3.08000000
2018-02-24 00:11:14,0.00130230,23.00000000
2018-02-24 00:11:15,0.00130230,3.09000000
2018-02-24 00:11:15,0.00130230,23.00000000
2018-02-24 00:11:15,0.00130230,4.91000000
2018-02-24 00:11:15,0.00130230,3.10000000
2018-02-24 00:11:15,0.00130230,23.00000000
2018-02-24 00:11:15,0.00130230,23.00000000
2018-02-24 00:11:15,0.00130230,38.39000000
2018-02-24 00:11:15,0.00130230,4.91000000
2018-02-24 00:11:15,0.00130220,3.08000000
2018-02-24 00:11:15,0.00130120,3.84000000
2018-02-24 00:11:15,0.00130100,20.51000000
2018-02-24 00:11:15,0.00130230,4.91000000
2018-02-24 00:11:15,0.00130100,6.99000000
2018-02-24 00:11:15,0.00130070,3.35000000
2018-02-24 00:11:16,0.00130070,6.45000000
2018-02-24 00:11:16,0.00130000,17.58000000
2018-02-24 00:11:16,0.00130000,76.00000000
2018-02-24 00:11:16,0.00130000,164.22000000
2018-02-24 00:11:16,0.00130000,130.73000000
2018-02-24 00:11:16,0.00130230,62.24000000
2018-02-24 00:11:16,0.00130200,37.72000000
2018-02-24 00:11:16,0.00130190,99.58000000
2018-02-24 00:11:16,0.00130000,23.05000000
2018-02-24 00:11:16,0.00129960,74.73000000
2018-02-24 00:11:16,0.00129950,8.32000000
2018-02-24 00:11:16,0.00130000,23.05000000
2018-02-24 00:11:17,0.00130000,23.05000000
2018-02-24 00:11:17,0.00130000,7.31000000
2018-02-24 00:11:17,0.00130000,23.05000000
2018-02-24 00:11:17,0.00130000,23.05000000
2018-02-24 00:11:17,0.00130000,19.30000000
2018-02-24 00:11:17,0.00130220,20.00000000
2018-02-24 00:11:17,0.00130230,143.41000000
2018-02-24 00:11:17,0.00130070,9.92000000
2018-02-24 00:11:17,0.00130000,38.46000000
2018-02-24 00:11:17,0.00129960,50.00000000
2018-02-24 00:11:17,0.00129950,229.62000000
2018-02-24 00:11:18,0.00129990,1.42000000
2018-02-24 00:11:18,0.00129990,23.05000000
2018-02-24 00:11:18,0.00129990,13.25000000
2018-02-24 00:11:19,0.00129990,3.11000000
2018-02-24 00:11:19,0.00129950,27.85000000
2018-02-24 00:11:23,0.00130100,0.34000000
2018-02-24 00:11:24,0.00130100,6.24000000
2018-02-24 00:11:24,0.00130160,4.44000000
2018-02-24 00:11:24,0.00130050,144.17000000
2018-02-24 00:11:24,0.00130000,3.84000000
2018-02-24 00:11:24,0.00129990,86.19000000
2018-02-24 00:11:24,0.00130160,0.50000000
2018-02-24 00:11:24,0.00129990,4.11000000
2018-02-24 00:11:24,0.00129980,55.00000000
2018-02-24 00:11:24,0.00129970,3.84000000
2018-02-24 00:11:24,0.00129950,29.53000000
2018-02-24 00:11:24,0.00129940,109.00000000
2018-02-24 00:11:24,0.00129920,61.52000000
2018-02-24 00:11:25,0.00129920,322.81000000
2018-02-24 00:11:25,0.00129800,74.84000000
2018-02-24 00:11:25,0.00129770,2.00000000
2018-02-24 00:11:25,0.00129760,2.31000000
2018-02-24 00:11:25,0.00129710,1.10000000
2018-02-24 00:11:25,0.00129600,137.20000000
