DATE,PRICE,VOLUME
2018-03-01 00:00:00,0.00140550,0.93000000
2018-03-01 00:00:00,0.00140550,1.23000000
2018-03-01 00:00:00,0.00140530,1.71000000
2018-03-01 00:00:00,0.00140750,2.16000000
2018-03-01 00:00:00,0.00140770,16.88000000
2018-03-01 00:00:00,0.00140530,1.73000000
2018-03-01 00:00:00,0.00140530,58.12000000
2018-03-01 00:00:00,0.00140520,14.77000000
2018-03-01 00:00:00,0.00140510,2.13000000
2018-03-01 00:00:01,0.00140760,0.11000000
2018-03-01 00:00:01,0.00140590,0.93000000
2018-03-01 00:00:01,0.00140590,2.80000000
2018-03-01 00:00:01,0.00140590,75.83000000
2018-03-01 00:00:02,0.00140470,10.24000000
2018-03-01 00:00:03,0.00140560,13.80000000
2018-03-01 00:00:03,0.00140570,61.56000000
2018-03-01 00:00:03,0.00140590,3.73000000
2018-03-01 00:00:03,0.00140760,22.06000000
2018-03-01 00:00:03,0.00140460,17.24000000
2018-03-01 00:00:04,0.00140460,7.95000000
2018-03-01 00:00:04,0.00140450,4.98000000
2018-03-01 00:00:04,0.00140440,2.16000000
2018-03-01 00:00:04,0.00140420,2.11000000
2018-03-01 00:00:04,0.00140410,7.12000000
2018-03-01 00:00:04,0.00140400,25.47000000
2018-03-01 00:00:04,0.00140390,49.11000000
2018-03-01 00:00:04,0.00140460,0.89000000
2018-03-01 00:00:05,0.00140310,1.42000000
2018-03-01 00:00:05,0.00140300,2.85000000
2018-03-01 00:00:05,0.00140290,40.50000000
2018-03-01 00:00:05,0.00140210,71.32000000
2018-03-01 00:00:05,0.00140040,4.28000000
2018-03-01 00:00:05,0.00140000,15.00000000
2018-03-01 00:00:06,0.00139870,51.35000000
2018-03-01 00:00:06,0.00139860,43.44000000
2018-03-01 00:00:06,0.00139870,1.77000000
2018-03-01 00:00:06,0.00139860,8.92000000
2018-03-01 00:00:06,0.00140440,14.18000000
2018-03-01 00:00:06,0.00140450,19.68000000
2018-03-01 00:00:06,0.00140460,43.35000000
2018-03-01 00:00:06,0.00140470,56.65000000
2018-03-01 00:00:06,0.00140450,34.90000000
2018-03-01 00:00:06,0.00140450,7.45000000
2018-03-01 00:00:06,0.00140450,26.31000000
2018-03-01 00:00:07,0.00140440,3.46000000
2018-03-01 00:00:07,0.00140450,138.83000000
2018-03-01 00:00:07,0.00140470,336.04000000
2018-03-01 00:00:07,0.00140520,3.48000000
2018-03-01 00:00:07,0.00140520,1.00000000
2018-03-01 00:00:07,0.00140520,177.38000000
2018-03-01 00:00:09,0.00139930,1.77000000
2018-03-01 00:00:09,0.00140430,6.52000000
2018-03-01 00:00:09,0.00140440,11.60000000
2018-03-01 00:00:11,0.00140030,20.00000000
2018-03-01 00:00:13,0.00139970,4.88000000
2018-03-01 00:00:13,0.00139970,1.58000000
2018-03-01 00:00:14,0.00139970,7.82000000
2018-03-01 00:00:14,0.00139930,1.80000000
2018-03-01 00:00:14,0.00139910,62.06000000
2018-03-01 00:00:14,0.00139900,20.00000000
2018-03-01 00:00:14,0.00139880,117.03000000
2018-03-01 00:00:14,0.00139880,229.48000000
2018-03-01 00:00:15,0.00139890,71.61000000
2018-03-01 00:00:16,0.00140280,8.54000000
2018-03-01 00:00:18,0.00139850,2.08000000
2018-03-01 00:00:18,0.00139840,109.05000000
2018-03-01 00:00:18,0.00139800,63.66000000
2018-03-01 00:00:19,0.00139960,32.22000000
2018-03-01 00:00:19,0.00139970,3.32000000
2018-03-01 00:00:19,0.00140230,24.46000000
2018-03-01 00:00:20,0.00140050,11.94000000
2018-03-01 00:00:23,0.00140180,37.60000000
2018-03-01 00:00:23,0.00140190,0.64000000
2018-03-01 00:00:23,0.00140050,289.43000000
2018-03-01 00:00:24,0.00140170,2.16000000
2018-03-01 00:00:24,0.00140190,7.16000000
2018-03-01 00:00:25,0.00140210,0.08000000
2018-03-01 00:00:25,0.00140200,1.78000000
2018-03-01 00:00:25,0.00140190,15.20000000
2018-03-01 00:00:27,0.00140210,1.78000000
2018-03-01 00:00:28,0.00140190,63.81000000
2018-03-01 00:00:29,0.00140200,5.71000000
2018-03-01 00:00:29,0.00140210,6.71000000
2018-03-01 00:00:30,0.00140190,2.00000000
2018-03-01 00:00:31,0.00140200,3.06000000
2018-03-01 00:00:32,0.00140200,6.51000000
2018-03-01 00:00:32,0.00140210,5.71000000
2018-03-01 00:00:32,0.00140210,12.15000000
2018-03-01 00:00:32,0.00140210,32.34000000
2018-03-01 00:00:32,0.00140190,104.15000000
2018-03-01 00:00:33,0.00140050,80.57000000
2018-03-01 00:00:34,0.00140010,82.92000000
2018-03-01 00:00:34,0.00140000,637.01000000
2018-03-01 00:00:34,0.00140000,347.06000000
2018-03-01 00:00:35,0.00139900,60.98000000
2018-03-01 00:00:35,0.00139900,10.48000000
2018-03-01 00:00:36,0.00139920,2.16000000
2018-03-01 00:00:37,0.00140000,100.00000000
2018-03-01 00:00:38,0.00139920,5.00000000
2018-03-01 00:00:39,0.00139910,2.16000000
2018-03-01 00:00:39,0.00139890,89.48000000
2018-03-01 00:00:39,0.00139880,128.07000000
2018-03-01 00:00:39,0.00139850,14.30000000
2018-03-01 00:00:39,0.00139800,115.99000000
2018-03-01 00:00:40,0.00139940,102.30000000
2018-03-01 00:00:40,0.00139800,211.47000000
2018-03-01 00:00:40,0.00139740,6.44000000
2018-03-01 00:00:40,0.00139690,3.58000000
2018-03-01 00:00:40,0.00139550,0.74000000
2018-03-01 00:00:41,0.00139790,7.36000000
2018-03-01 00:00:41,0.00139790,64.10000000
2018-03-01 00:00:41,0.00139800,66.08000000
2018-03-01 00:00:43,0.00139800,5.05000000
2018-03-01 00:00:48,0.00139790,2.36000000
2018-03-01 00:00:49,0.00139550,45.15000000
2018-03-01 00:00:53,0.00139550,24.16000000
2018-03-01 00:00:54,0.00139550,166.08000000
2018-03-01 00:00:56,0.00139690,0.86000000
2018-03-01 00:00:56,0.00139700,21.06000000
2018-03-01 00:00:56,0.00139700,3.57000000
2018-03-01 00:00:58,0.00139700,26.24000000
2018-03-01 00:00:59,0.00139730,19.73000000
2018-03-01 00:01:00,0.00139770,2.16000000
2018-03-01 00:01:00,0.00139780,6.72000000
2018-03-01 00:01:00,0.00139790,9.94000000
2018-03-01 00:01:00,0.00139820,14.30000000
2018-03-01 00:01:00,0.00139980,3.12000000
2018-03-01 00:01:00,0.00140000,100.00000000
2018-03-01 00:01:00,0.00140000,7.31000000
2018-03-01 00:01:00,0.00140000,298.38000000
2018-03-01 00:01:00,0.00140000,3.56000000
2018-03-01 00:01:00,0.00140000,1.00000000
2018-03-01 00:01:00,0.00140000,20.28000000
2018-03-01 00:01:00,0.00140000,12.10000000
2018-03-01 00:01:01,0.00140000,82.10000000
2018-03-01 00:01:01,0.00140000,219.94000000
2018-03-01 00:01:01,0.00140000,17.71000000
2018-03-01 00:01:02,0.00140000,24.77000000
2018-03-01 00:01:16,0.00140000,1.46000000
2018-03-01 00:01:17,0.00140000,24.14000000
2018-03-01 00:01:17,0.00139870,110.09000000
2018-03-01 00:01:21,0.00139990,5.70000000
2018-03-01 00:01:21,0.00140000,40.91000000
2018-03-01 00:01:23,0.00139750,2.16000000
2018-03-01 00:01:23,0.00139710,14.31000000
2018-03-01 00:01:25,0.00139500,7.17000000
2018-03-01 00:01:25,0.00139440,7.00000000
2018-03-01 00:01:25,0.00139320,27.00000000
2018-03-01 00:01:25,0.00139310,3.58000000
2018-03-01 00:01:25,0.00139300,50.00000000
2018-03-01 00:01:25,0.00139230,23.25000000
2018-03-01 00:01:26,0.00139700,33.53000000
2018-03-01 00:01:26,0.00139770,14.31000000
2018-03-01 00:01:26,0.00139980,2.16000000
2018-03-01 00:01:26,0.00140000,12.02000000
2018-03-01 00:01:26,0.00140000,0.06000000
2018-03-01 00:01:30,0.00139990,1.43000000
2018-03-01 00:01:36,0.00139990,55.66000000
2018-03-01 00:01:37,0.00139840,27.52000000
2018-03-01 00:01:37,0.00139980,8.78000000
2018-03-01 00:01:39,0.00139710,1.00000000
2018-03-01 00:01:44,0.00139670,71.60000000
2018-03-01 00:01:44,0.00139620,14.32000000
2018-03-01 00:01:44,0.00139610,7.00000000
2018-03-01 00:01:44,0.00139350,34.58000000
2018-03-01 00:01:44,0.00139340,25.31000000
2018-03-01 00:01:48,0.00139790,117.71000000
2018-03-01 00:01:49,0.00139710,2.16000000
2018-03-01 00:01:49,0.00139690,2.16000000
2018-03-01 00:01:49,0.00139550,6.89000000
2018-03-01 00:01:49,0.00139360,2.29000000
2018-03-01 00:01:51,0.00139700,1.36000000
2018-03-01 00:01:52,0.00139680,15.18000000
2018-03-01 00:01:55,0.00139660,0.72000000
2018-03-01 00:01:56,0.00139640,55.34000000
2018-03-01 00:01:56,0.00139650,34.58000000
2018-03-01 00:01:56,0.00139680,20.00000000
2018-03-01 00:01:56,0.00139690,3.58000000
2018-03-01 00:01:56,0.00139730,14.32000000
2018-03-01 00:01:56,0.00139870,0.74000000
2018-03-01 00:01:56,0.00139900,2.16000000
2018-03-01 00:01:56,0.00139950,2.16000000
2018-03-01 00:01:56,0.00139980,0.88000000
2018-03-01 00:01:58,0.00139420,3.13000000
2018-03-01 00:01:59,0.00139420,0.06000000
2018-03-01 00:01:59,0.00139420,3.07000000
2018-03-01 00:02:01,0.00139370,142.78000000
2018-03-01 00:02:01,0.00139360,178.00000000
2018-03-01 00:02:01,0.00139350,14.35000000
2018-03-01 00:02:01,0.00139340,90.09000000
2018-03-01 00:02:01,0.00139230,82.15000000
2018-03-01 00:02:01,0.00139390,2.16000000
2018-03-01 00:02:01,0.00139370,7.16000000
2018-03-01 00:02:02,0.00139370,19.17000000
2018-03-01 00:02:02,0.00139370,19.17000000
2018-03-01 00:02:02,0.00139370,19.17000000
2018-03-01 00:02:02,0.00139230,17.48000000
2018-03-01 00:02:02,0.00139370,25.22000000
2018-03-01 00:02:04,0.00139390,1.42000000
2018-03-01 00:02:05,0.00139500,35.14000000
2018-03-01 00:02:06,0.00139410,2.16000000
2018-03-01 00:02:06,0.00139390,3.58000000
2018-03-01 00:02:06,0.00139230,20.68000000
2018-03-01 00:02:07,0.00139580,2.16000000
2018-03-01 00:02:07,0.00139600,1.23000000
2018-03-01 00:02:10,0.00139290,71.81000000
2018-03-01 00:02:10,0.00139280,9.96000000
2018-03-01 00:02:10,0.00139260,2.16000000
2018-03-01 00:02:10,0.00139230,6.98000000
2018-03-01 00:02:12,0.00139490,4.91000000
2018-03-01 00:02:13,0.00139380,36.31000000
2018-03-01 00:02:13,0.00139470,4.87000000
2018-03-01 00:02:17,0.00139410,125.50000000
2018-03-01 00:02:17,0.00139400,62.03000000
2018-03-01 00:02:19,0.00139380,2.56000000
2018-03-01 00:02:20,0.00139380,61.13000000
2018-03-01 00:02:20,0.00139380,121.10000000
2018-03-01 00:02:20,0.00139230,70.76000000
2018-03-01 00:02:20,0.00139100,30.37000000
2018-03-01 00:02:20,0.00139020,429.11000000
2018-03-01 00:02:21,0.00139300,0.73000000
2018-03-01 00:02:21,0.00139300,4.25000000
2018-03-01 00:02:27,0.00139280,50.00000000
2018-03-01 00:02:27,0.00139090,3.59000000
2018-03-01 00:02:27,0.00139050,0.70000000
2018-03-01 00:02:27,0.00139490,0.05000000
2018-03-01 00:02:28,0.00139100,34.22000000
2018-03-01 00:02:31,0.00139440,62.21000000
2018-03-01 00:02:31,0.00139450,13.12000000
2018-03-01 00:02:32,0.00139490,3.64000000
2018-03-01 00:02:33,0.00139540,13.08000000
2018-03-01 00:02:36,0.00139380,42.93000000
2018-03-01 00:02:39,0.00139490,34.22000000
2018-03-01 00:02:39,0.00139500,20.00000000
2018-03-01 00:02:39,0.00139520,88.78000000
2018-03-01 00:02:39,0.00139520,54.00000000
2018-03-01 00:02:44,0.00139550,1.54000000
2018-03-01 00:02:46,0.00139530,7.20000000
2018-03-01 00:02:48,0.00139530,7.16000000
2018-03-01 00:02:48,0.00139430,14.51000000
2018-03-01 00:02:48,0.00139420,5.17000000
2018-03-01 00:02:48,0.00139410,1.54000000
2018-03-01 00:02:49,0.00139410,132.73000000
2018-03-01 00:02:56,0.00139480,133.29000000
2018-03-01 00:02:56,0.00139450,12.93000000
2018-03-01 00:02:57,0.00139530,29.64000000
2018-03-01 00:02:57,0.00139550,0.62000000
2018-03-01 00:02:57,0.00139560,9.96000000
2018-03-01 00:02:57,0.00139610,15.74000000
2018-03-01 00:03:02,0.00139460,1.43000000
2018-03-01 00:03:15,0.00139540,50.72000000
2018-03-01 00:03:18,0.00139490,3.58000000
2018-03-01 00:03:21,0.00139600,0.92000000
2018-03-01 00:03:23,0.00139600,0.12000000
2018-03-01 00:03:25,0.00139600,2.00000000
2018-03-01 00:03:25,0.00139500,8.17000000
2018-03-01 00:03:25,0.00139460,61.66000000
2018-03-01 00:03:27,0.00139600,10.24000000
2018-03-01 00:03:27,0.00139600,59.43000000
2018-03-01 00:03:28,0.00139600,141.00000000
2018-03-01 00:03:28,0.00139610,84.37000000
2018-03-01 00:03:28,0.00139630,2.16000000
2018-03-01 00:03:30,0.00139900,2.14000000
2018-03-01 00:03:30,0.00139900,1.39000000
2018-03-01 00:03:33,0.00139900,1.79000000
2018-03-01 00:03:35,0.00139900,1.07000000
2018-03-01 00:03:35,0.00139900,2.14000000
2018-03-01 00:03:37,0.00139790,141.08000000
2018-03-01 00:03:37,0.00139710,2.16000000
2018-03-01 00:03:37,0.00139690,18.19000000
2018-03-01 00:03:37,0.00139650,2.16000000
2018-03-01 00:03:37,0.00139630,2.16000000
2018-03-01 00:03:37,0.00139620,14.32000000
2018-03-01 00:03:37,0.00139600,606.67000000
2018-03-01 00:03:38,0.00139600,1.59000000
2018-03-01 00:03:38,0.00139460,302.05000000
2018-03-01 00:03:39,0.00139600,12.87000000
2018-03-01 00:03:43,0.00139600,115.19000000
2018-03-01 00:03:45,0.00139600,624.69000000
2018-03-01 00:03:45,0.00139880,6.48000000
2018-03-01 00:03:45,0.00139900,1.47000000
2018-03-01 00:03:45,0.00139930,7.41000000
2018-03-01 00:03:45,0.00139960,19.86000000
2018-03-01 00:03:47,0.00139930,1.37000000
2018-03-01 00:03:48,0.00139640,71.65000000
2018-03-01 00:03:48,0.00139630,26.35000000
2018-03-01 00:03:48,0.00139610,17.10000000
2018-03-01 00:03:48,0.00139550,2.16000000
2018-03-01 00:03:48,0.00139540,9.96000000
2018-03-01 00:03:48,0.00139520,67.44000000
2018-03-01 00:03:48,0.00139500,100.00000000
2018-03-01 00:03:48,0.00139460,537.30000000
2018-03-01 00:03:56,0.00139580,58.51000000
2018-03-01 00:03:59,0.00139640,71.65000000
2018-03-01 00:03:59,0.00139650,20.00000000
2018-03-01 00:03:59,0.00139770,14.32000000
2018-03-01 00:03:59,0.00139820,9.96000000
2018-03-01 00:03:59,0.00139870,48.60000000
2018-03-01 00:04:01,0.00139860,55.10000000
2018-03-01 00:04:02,0.00139590,65.91000000
2018-03-01 00:04:11,0.00139720,65.91000000
2018-03-01 00:04:11,0.00139730,82.96000000
2018-03-01 00:04:20,0.00139620,20.00000000
2018-03-01 00:04:20,0.00139610,222.11000000
2018-03-01 00:04:20,0.00139610,20.00000000
2018-03-01 00:04:20,0.00139580,5.00000000
2018-03-01 00:04:22,0.00139720,32.34000000
2018-03-01 00:04:24,0.00139720,31.56000000
2018-03-01 00:04:25,0.00139720,27.74000000
2018-03-01 00:04:26,0.00139670,28.28000000
2018-03-01 00:04:26,0.00139670,12.38000000
2018-03-01 00:04:30,0.00139560,2.16000000
2018-03-01 00:04:30,0.00139490,9.69000000
2018-03-01 00:04:30,0.00139460,16.52000000
2018-03-01 00:04:30,0.00139450,36.38000000
2018-03-01 00:04:30,0.00139410,10.36000000
2018-03-01 00:04:30,0.00139400,186.19000000
2018-03-01 00:04:30,0.00139300,100.00000000
2018-03-01 00:04:30,0.00139250,153.44000000
2018-03-01 00:04:30,0.00139110,24.21000000
2018-03-01 00:04:30,0.00139100,137.15000000
2018-03-01 00:04:30,0.00139030,28.00000000
2018-03-01 00:04:30,0.00139020,15.84000000
2018-03-01 00:04:32,0.00139360,66.29000000
2018-03-01 00:04:32,0.00139620,40.00000000
2018-03-01 00:04:35,0.00139620,6.00000000
2018-03-01 00:04:36,0.00139620,8.12000000
2018-03-01 00:04:39,0.00139600,7.16000000
2018-03-01 00:04:39,0.00139370,13.33000000
2018-03-01 00:04:41,0.00139460,0.75000000
2018-03-01 00:04:41,0.00139450,12.17000000
2018-03-01 00:04:41,0.00139580,1.84000000
2018-03-01 00:04:41,0.00139620,5.00000000
2018-03-01 00:04:41,0.00139730,34.40000000
2018-03-01 00:04:50,0.00139620,2.51000000
2018-03-01 00:04:50,0.00139500,1.00000000
2018-03-01 00:04:50,0.00139450,14.34000000
2018-03-01 00:04:50,0.00139370,6.71000000
2018-03-01 00:04:50,0.00139360,35.37000000
2018-03-01 00:04:51,0.00139530,156.48000000
2018-03-01 00:04:54,0.00139410,2.16000000
2018-03-01 00:04:54,0.00139360,85.65000000
2018-03-01 00:04:54,0.00139350,42.37000000
2018-03-01 00:04:56,0.00139360,71.71000000
2018-03-01 00:04:56,0.00139350,23.92000000
2018-03-01 00:04:56,0.00139100,7.45000000
2018-03-01 00:04:56,0.00139040,3.60000000
2018-03-01 00:04:56,0.00139020,115.89000000
2018-03-01 00:04:56,0.00139010,116.05000000
2018-03-01 00:05:01,0.00139380,2.16000000
2018-03-01 00:05:01,0.00139010,168.99000000
2018-03-01 00:05:01,0.00139000,345.64000000
2018-03-01 00:05:05,0.00139510,2.32000000
2018-03-01 00:05:05,0.00139510,17.68000000
2018-03-01 00:05:05,0.00139520,71.71000000
2018-03-01 00:05:05,0.00139530,14.34000000
2018-03-01 00:05:05,0.00139610,2.16000000
2018-03-01 00:05:05,0.00139640,1.08000000
2018-03-01 00:05:05,0.00139640,1.08000000
2018-03-01 00:05:05,0.00139530,2.16000000
2018-03-01 00:05:05,0.00139640,2.16000000
2018-03-01 00:05:05,0.00139530,2.16000000
2018-03-01 00:05:05,0.00139310,71.75000000
2018-03-01 00:05:05,0.00139310,1.08000000
2018-03-01 00:05:06,0.00139550,20.00000000
2018-03-01 00:05:06,0.00139540,5.91000000
2018-03-01 00:05:06,0.00139310,1.08000000
2018-03-01 00:05:06,0.00139120,10.31000000
2018-03-01 00:05:06,0.00139100,3.59000000
2018-03-01 00:05:06,0.00139050,5.02000000
2018-03-01 00:05:07,0.00139530,5.00000000
2018-03-01 00:05:11,0.00139190,5.94000000
2018-03-01 00:05:12,0.00139470,2.00000000
2018-03-01 00:05:15,0.00139220,65.08000000
2018-03-01 00:05:16,0.00139330,164.27000000
2018-03-01 00:05:17,0.00139220,43.60000000
2018-03-01 00:05:17,0.00139220,85.90000000
2018-03-01 00:05:19,0.00139190,7.89000000
2018-03-01 00:05:28,0.00139190,88.00000000
2018-03-01 00:05:28,0.00139190,2.16000000
2018-03-01 00:05:28,0.00139190,1.54000000
2018-03-01 00:05:28,0.00139190,9.84000000
2018-03-01 00:05:30,0.00139190,0.72000000
2018-03-01 00:05:30,0.00139190,7.00000000
2018-03-01 00:05:34,0.00139210,24.17000000
2018-03-01 00:05:35,0.00139300,81.70000000
2018-03-01 00:05:40,0.00139300,28.01000000
2018-03-01 00:05:45,0.00139270,3.56000000
2018-03-01 00:05:45,0.00139270,1.00000000
2018-03-01 00:05:45,0.00139270,67.38000000
2018-03-01 00:05:54,0.00139350,172.06000000
2018-03-01 00:05:55,0.00139410,3.60000000
2018-03-01 00:05:55,0.00139420,2.16000000
2018-03-01 00:05:55,0.00139470,8.24000000
2018-03-01 00:05:59,0.00139500,18.91000000
2018-03-01 00:05:59,0.00139570,6.12000000
2018-03-01 00:05:59,0.00139600,10.58000000
2018-03-01 00:05:59,0.00139650,2.86000000
2018-03-01 00:05:59,0.00139660,2.16000000
2018-03-01 00:05:59,0.00139720,4.88000000
2018-03-01 00:05:59,0.00139300,13.11000000
2018-03-01 00:06:03,0.00139690,0.86000000
2018-03-01 00:06:04,0.00139430,2.16000000
2018-03-01 00:06:04,0.00139400,14.34000000
2018-03-01 00:06:04,0.00139320,2.16000000
2018-03-01 00:06:04,0.00139300,46.43000000
2018-03-01 00:06:07,0.00139300,41.88000000
2018-03-01 00:06:07,0.00139210,17.04000000
2018-03-01 00:06:07,0.00139320,2.16000000
2018-03-01 00:06:07,0.00139210,45.52000000
2018-03-01 00:06:07,0.00139200,9.19000000
2018-03-01 00:06:08,0.00139320,89.49000000
2018-03-01 00:06:16,0.00139210,9.24000000
2018-03-01 00:06:16,0.00139200,90.81000000
2018-03-01 00:06:16,0.00139190,99.95000000
2018-03-01 00:06:18,0.00139460,60.00000000
2018-03-01 00:06:20,0.00139310,4.72000000
2018-03-01 00:06:21,0.00139320,257.74000000
2018-03-01 00:06:22,0.00139290,6.92000000
2018-03-01 00:06:28,0.00139300,4.67000000
2018-03-01 00:06:30,0.00139410,9.66000000
2018-03-01 00:06:37,0.00139410,13.42000000
2018-03-01 00:06:37,0.00139420,14.34000000
2018-03-01 00:06:37,0.00139440,9.98000000
2018-03-01 00:06:40,0.00139410,30.95000000
2018-03-01 00:06:41,0.00139430,97.28000000
2018-03-01 00:06:44,0.00139440,10.00000000
2018-03-01 00:06:54,0.00139460,21.39000000
2018-03-01 00:06:54,0.00139480,65.01000000
2018-03-01 00:06:58,0.00139490,0.46000000
2018-03-01 00:06:59,0.00139490,13.29000000
2018-03-01 00:07:00,0.00139570,14.71000000
2018-03-01 00:07:10,0.00139630,4.50000000
2018-03-01 00:07:12,0.00139490,6.25000000
2018-03-01 00:07:12,0.00139480,61.10000000
2018-03-01 00:07:12,0.00139600,0.86000000
2018-03-01 00:07:13,0.00139530,1.36000000
2018-03-01 00:07:13,0.00139530,103.71000000
2018-03-01 00:07:19,0.00139530,1.66000000
2018-03-01 00:07:25,0.00139530,8.00000000
2018-03-01 00:07:27,0.00139530,22.33000000
2018-03-01 00:07:35,0.00139530,26.53000000
2018-03-01 00:07:36,0.00139530,4.28000000
2018-03-01 00:07:47,0.00139550,112.69000000
2018-03-01 00:07:53,0.00139590,10.00000000
2018-03-01 00:07:54,0.00139670,1.00000000
2018-03-01 00:07:55,0.00139590,10.00000000
2018-03-01 00:07:57,0.00139590,18.94000000
2018-03-01 00:08:02,0.00139530,11.72000000
2018-03-01 00:08:02,0.00139590,5.22000000
2018-03-01 00:08:03,0.00139530,18.76000000
2018-03-01 00:08:06,0.00139550,30.12000000
2018-03-01 00:08:06,0.00139530,15.00000000
2018-03-01 00:08:07,0.00139530,4.52000000
2018-03-01 00:08:09,0.00139530,1.48000000
2018-03-01 00:08:10,0.00139530,2.51000000
2018-03-01 00:08:11,0.00139530,55.06000000
2018-03-01 00:08:12,0.00139530,87.89000000
2018-03-01 00:08:12,0.00139590,7.73000000
2018-03-01 00:08:13,0.00139590,186.72000000
2018-03-01 00:08:16,0.00139590,0.50000000
2018-03-01 00:08:16,0.00139670,0.93000000
2018-03-01 00:08:16,0.00139670,0.23000000
2018-03-01 00:08:17,0.00139590,1.46000000
2018-03-01 00:08:19,0.00139590,328.32000000
2018-03-01 00:08:20,0.00139720,0.86000000
2018-03-01 00:08:28,0.00139720,21.47000000
2018-03-01 00:08:28,0.00139690,120.48000000
2018-03-01 00:08:28,0.00139680,25.00000000
2018-03-01 00:08:28,0.00139600,6.65000000
2018-03-01 00:08:31,0.00139720,4.01000000
2018-03-01 00:08:31,0.00139720,1.11000000
2018-03-01 00:08:36,0.00139720,37.69000000
2018-03-01 00:08:43,0.00139720,25.00000000
2018-03-01 00:08:48,0.00139720,25.00000000
2018-03-01 00:08:49,0.00139730,61.17000000
2018-03-01 00:08:49,0.00139870,2.11000000
2018-03-01 00:08:49,0.00139880,32.91000000
2018-03-01 00:08:53,0.00139880,2.08000000
2018-03-01 00:08:58,0.00139730,1.94000000
2018-03-01 00:08:58,0.00139720,6.30000000
2018-03-01 00:08:58,0.00139720,46.26000000
2018-03-01 00:08:58,0.00139860,25.99000000
2018-03-01 00:08:58,0.00139870,9.24000000
2018-03-01 00:08:58,0.00139880,65.01000000
2018-03-01 00:08:58,0.00139890,181.03000000
2018-03-01 00:08:59,0.00139630,2.16000000
2018-03-01 00:08:59,0.00139600,14.32000000
2018-03-01 00:08:59,0.00139590,111.22000000
2018-03-01 00:08:59,0.00139850,2.16000000
2018-03-01 00:09:00,0.00139880,49.48000000
2018-03-01 00:09:01,0.00139880,3.15000000
2018-03-01 00:09:03,0.00139880,6.27000000
2018-03-01 00:09:06,0.00139590,14.53000000
2018-03-01 00:09:12,0.00139750,29.17000000
2018-03-01 00:09:17,0.00139660,45.70000000
2018-03-01 00:09:27,0.00139720,1.48000000
2018-03-01 00:09:29,0.00139720,0.86000000
2018-03-01 00:09:31,0.00139720,1.14000000
2018-03-01 00:09:33,0.00139720,623.02000000
2018-03-01 00:09:33,0.00139720,162.99000000
2018-03-01 00:09:35,0.00139730,136.06000000
2018-03-01 00:09:35,0.00139850,71.50000000
2018-03-01 00:09:38,0.00139860,22.69000000
2018-03-01 00:09:38,0.00139890,6.54000000
2018-03-01 00:09:38,0.00139900,76.08000000
2018-03-01 00:09:38,0.00139910,50.30000000
2018-03-01 00:09:42,0.00139980,20.00000000
2018-03-01 00:09:42,0.00139990,18.85000000
2018-03-01 00:09:45,0.00139720,4.42000000
2018-03-01 00:09:45,0.00139990,41.16000000
2018-03-01 00:09:45,0.00139990,12.52000000
2018-03-01 00:09:45,0.00140000,0.40000000
2018-03-01 00:09:46,0.00139740,9.51000000
2018-03-01 00:09:46,0.00139990,28.37000000
2018-03-01 00:09:51,0.00139980,3.37000000
2018-03-01 00:09:51,0.00139710,14.31000000
2018-03-01 00:09:53,0.00139690,6.07000000
2018-03-01 00:09:53,0.00139680,7.46000000
2018-03-01 00:09:56,0.00139790,53.48000000
2018-03-01 00:10:01,0.00139860,3.66000000
2018-03-01 00:10:07,0.00139730,10.00000000
2018-03-01 00:10:09,0.00139730,0.28000000
2018-03-01 00:10:09,0.00139710,5.08000000
2018-03-01 00:10:10,0.00139710,211.33000000
2018-03-01 00:10:10,0.00139860,5.96000000
2018-03-01 00:10:12,0.00139780,143.85000000
2018-03-01 00:10:21,0.00139860,7.18000000
2018-03-01 00:10:27,0.00139800,61.10000000
2018-03-01 00:10:38,0.00139810,62.67000000
2018-03-01 00:10:38,0.00139800,37.33000000
2018-03-01 00:10:38,0.00139850,3.59000000
2018-03-01 00:10:40,0.00139850,100.07000000
2018-03-01 00:10:40,0.00139800,93.67000000
2018-03-01 00:10:40,0.00139800,138.83000000
2018-03-01 00:10:40,0.00139740,4.37000000
2018-03-01 00:10:44,0.00139740,0.86000000
2018-03-01 00:10:45,0.00139720,151.46000000
2018-03-01 00:10:47,0.00139740,11.00000000
2018-03-01 00:10:49,0.00139740,241.41000000
2018-03-01 00:10:49,0.00139740,30.83000000
2018-03-01 00:10:51,0.00139740,125.54000000
2018-03-01 00:10:51,0.00139800,787.74000000
2018-03-01 00:10:51,0.00139880,3.16000000
2018-03-01 00:10:51,0.00139900,3.00000000
2018-03-01 00:10:51,0.00139960,62.67000000
2018-03-01 00:10:51,0.00139970,10.00000000
2018-03-01 00:10:51,0.00139980,93.78000000
2018-03-01 00:10:51,0.00139990,552.46000000
2018-03-01 00:10:51,0.00140000,1487.19000000
2018-03-01 00:10:51,0.00140000,2010.62000000
2018-03-01 00:10:51,0.00139780,15.00000000
2018-03-01 00:10:53,0.00139890,3.06000000
2018-03-01 00:10:54,0.00140000,1.41000000
2018-03-01 00:10:56,0.00140000,265.40000000
2018-03-01 00:10:58,0.00140120,41.72000000
2018-03-01 00:10:58,0.00140190,692.30000000
2018-03-01 00:10:59,0.00140190,469.07000000
2018-03-01 00:10:59,0.00140190,1538.48000000
2018-03-01 00:10:59,0.00140170,68.89000000
2018-03-01 00:11:04,0.00140340,1.55000000
2018-03-01 00:11:04,0.00140340,5.62000000
2018-03-01 00:11:04,0.00140400,1.00000000
2018-03-01 00:11:04,0.00140470,14.31000000
2018-03-01 00:11:04,0.00140500,3.00000000
2018-03-01 00:11:05,0.00140510,8.56000000
2018-03-01 00:11:05,0.00140530,3.58000000
2018-03-01 00:11:05,0.00140580,2.86000000
2018-03-01 00:11:05,0.00140720,3.58000000
2018-03-01 00:11:05,0.00140730,4.98000000
2018-03-01 00:11:05,0.00140740,2.15000000
2018-03-01 00:11:05,0.00140760,42.35000000
2018-03-01 00:11:05,0.00140810,4.98000000
2018-03-01 00:11:05,0.00140980,25.51000000
2018-03-01 00:11:09,0.00140970,10.71000000
2018-03-01 00:11:09,0.00140970,3.60000000
2018-03-01 00:11:09,0.00140980,13.10000000
2018-03-01 00:11:09,0.00140570,71.14000000
2018-03-01 00:11:10,0.00140570,2.16000000
2018-03-01 00:11:10,0.00140550,62.70000000
2018-03-01 00:11:10,0.00140540,21.46000000
2018-03-01 00:11:10,0.00140520,22.05000000
2018-03-01 00:11:10,0.00140500,500.85000000
2018-03-01 00:11:10,0.00140280,3.60000000
2018-03-01 00:11:10,0.00140180,147.14000000
2018-03-01 00:11:10,0.00140040,49.31000000
2018-03-01 00:11:10,0.00140020,20.30000000
2018-03-01 00:11:11,0.00140580,7.85000000
2018-03-01 00:11:11,0.00140770,71.14000000
2018-03-01 00:11:11,0.00140780,2.25000000
2018-03-01 00:11:11,0.00140800,16.33000000
2018-03-01 00:11:11,0.00140800,3.59000000
2018-03-01 00:11:11,0.00140820,4.98000000
2018-03-01 00:11:11,0.00140940,14.23000000
2018-03-01 00:11:11,0.00140950,2.16000000
2018-03-01 00:11:11,0.00140960,40.04000000
2018-03-01 00:11:12,0.00140760,1.06000000
2018-03-01 00:11:13,0.00140070,20.00000000
2018-03-01 00:11:13,0.00140060,71.28000000
2018-03-01 00:11:16,0.00140450,20.00000000
2018-03-01 00:11:16,0.00140460,3.13000000
2018-03-01 00:11:16,0.00140880,5.70000000
2018-03-01 00:11:16,0.00140930,22.66000000
2018-03-01 00:11:16,0.00140940,7.85000000
2018-03-01 00:11:16,0.00140970,51.21000000
2018-03-01 00:11:16,0.00140980,695.41000000
2018-03-01 00:11:16,0.00140990,797.68000000
2018-03-01 00:11:16,0.00140990,790.81000000
2018-03-01 00:11:16,0.00141000,1029.16000000
2018-03-01 00:11:16,0.00141150,9.82000000
2018-03-01 00:11:16,0.00141220,32.00000000
2018-03-01 00:11:16,0.00141230,30.00000000
2018-03-01 00:11:16,0.00141250,92.75000000
2018-03-01 00:11:16,0.00141300,130.36000000
2018-03-01 00:11:16,0.00140160,1.08000000
2018-03-01 00:11:16,0.00140540,159.25000000
2018-03-01 00:11:17,0.00140170,5.00000000
2018-03-01 00:11:18,0.00140930,20.00000000
2018-03-01 00:11:18,0.00140930,18.50000000
2018-03-01 00:11:20,0.00141240,0.21000000
2018-03-01 00:11:23,0.00141090,1.41000000
2018-03-01 00:11:23,0.00141150,20.00000000
2018-03-01 00:11:23,0.00141250,3.59000000
2018-03-01 00:11:23,0.00141240,29.18000000
2018-03-01 00:11:24,0.00140450,5.70000000
2018-03-01 00:11:25,0.00140480,1.79000000
2018-03-01 00:11:25,0.00141090,94.16000000
2018-03-01 00:11:25,0.00141070,23.83000000
2018-03-01 00:11:28,0.00140970,79.48000000
2018-03-01 00:11:28,0.00140980,3.60000000
2018-03-01 00:11:28,0.00141050,9.31000000
2018-03-01 00:11:28,0.00141070,12.43000000
2018-03-01 00:11:28,0.00141200,20.00000000
2018-03-01 00:11:28,0.00141240,195.08000000
2018-03-01 00:11:28,0.00141250,0.88000000
2018-03-01 00:11:28,0.00141300,12.36000000
2018-03-01 00:11:28,0.00140970,1.08000000
2018-03-01 00:11:28,0.00140970,5.70000000
2018-03-01 00:11:28,0.00140980,406.37000000
2018-03-01 00:11:28,0.00140980,2.94000000
2018-03-01 00:11:28,0.00140990,2.94000000
2018-03-01 00:11:29,0.00140990,7.09000000
2018-03-01 00:11:29,0.00140990,58.14000000
2018-03-01 00:11:29,0.00140540,7.09000000
2018-03-01 00:11:29,0.00140540,7.09000000
2018-03-01 00:11:30,0.00140560,1.54000000
2018-03-01 00:11:31,0.00140570,5.15000000
2018-03-01 00:11:33,0.00140590,3.17000000
2018-03-01 00:11:34,0.00140900,71.11000000
2018-03-01 00:11:34,0.00140910,1.54000000
2018-03-01 00:11:34,0.00140930,14.18000000
2018-03-01 00:11:34,0.00140940,94.91000000
2018-03-01 00:11:34,0.00140990,71.06000000
2018-03-01 00:11:34,0.00140990,7.09000000
2018-03-01 00:11:34,0.00141000,9.04000000
2018-03-01 00:11:34,0.00140990,53.72000000
2018-03-01 00:11:34,0.00140990,7.09000000
2018-03-01 00:11:34,0.00140990,143.13000000
2018-03-01 00:11:34,0.00140990,9.02000000
2018-03-01 00:11:34,0.00140990,26.25000000
2018-03-01 00:11:34,0.00140990,1.37000000
2018-03-01 00:11:34,0.00140990,1.41000000
2018-03-01 00:11:35,0.00141000,70.91000000
2018-03-01 00:11:35,0.00140990,126.99000000
2018-03-01 00:11:36,0.00140790,0.89000000
2018-03-01 00:11:36,0.00140790,75.79000000
2018-03-01 00:11:37,0.00140640,3.59000000
2018-03-01 00:11:40,0.00140640,22.41000000
2018-03-01 00:11:40,0.00140630,9.96000000
2018-03-01 00:11:40,0.00140620,14.94000000
2018-03-01 00:11:40,0.00140610,2.16000000
2018-03-01 00:11:40,0.00140590,6.40000000
2018-03-01 00:11:41,0.00140640,5.93000000
2018-03-01 00:11:46,0.00140780,70.91000000
2018-03-01 00:11:46,0.00140780,1.88000000
2018-03-01 00:11:46,0.00140780,4.01000000
2018-03-01 00:11:47,0.00140780,15.00000000
2018-03-01 00:11:54,0.00140780,23.72000000
2018-03-01 00:11:59,0.00140780,3.61000000
2018-03-01 00:11:59,0.00140780,9.95000000
2018-03-01 00:12:00,0.00140790,3.05000000
2018-03-01 00:12:05,0.00140870,3.00000000
2018-03-01 00:12:05,0.00140800,20.30000000
2018-03-01 00:12:06,0.00140800,9.38000000
2018-03-01 00:12:07,0.00140870,6.04000000
2018-03-01 00:12:07,0.00140880,2.16000000
2018-03-01 00:12:07,0.00140900,14.94000000
2018-03-01 00:12:07,0.00140900,3.59000000
2018-03-01 00:12:10,0.00140910,5.17000000
2018-03-01 00:12:12,0.00140910,4.79000000
2018-03-01 00:12:12,0.00140970,3.12000000
2018-03-01 00:12:13,0.00140970,58.02000000
2018-03-01 00:12:14,0.00140920,10.00000000
2018-03-01 00:12:16,0.00140990,3.59000000
2018-03-01 00:12:16,0.00141000,14.33000000
2018-03-01 00:12:17,0.00140990,4.79000000
2018-03-01 00:12:17,0.00141000,23.12000000
2018-03-01 00:12:18,0.00140940,84.47000000
2018-03-01 00:12:19,0.00140920,4.48000000
2018-03-01 00:12:19,0.00140900,22.35000000
2018-03-01 00:12:19,0.00140990,10.00000000
2018-03-01 00:12:19,0.00141000,25.90000000
2018-03-01 00:12:20,0.00141000,5.12000000
2018-03-01 00:12:21,0.00141000,13.55000000
2018-03-01 00:12:21,0.00141000,18.57000000
2018-03-01 00:12:24,0.00141010,2.06000000
2018-03-01 00:12:24,0.00141170,3.33000000
2018-03-01 00:12:25,0.00141010,1.80000000
2018-03-01 00:12:29,0.00141010,169.79000000
2018-03-01 00:12:29,0.00141170,5.98000000
2018-03-01 00:12:29,0.00141180,1.10000000
2018-03-01 00:12:29,0.00141080,4.96000000
2018-03-01 00:12:30,0.00141080,0.85000000
2018-03-01 00:12:30,0.00141010,38.77000000
2018-03-01 00:12:30,0.00141000,61.03000000
2018-03-01 00:12:31,0.00141000,75.00000000
2018-03-01 00:12:32,0.00141000,3.59000000
2018-03-01 00:12:32,0.00141000,111.96000000
2018-03-01 00:12:35,0.00140970,1.35000000
2018-03-01 00:12:35,0.00140980,3.11000000
2018-03-01 00:12:35,0.00141000,178.93000000
2018-03-01 00:12:36,0.00140940,2.13000000
2018-03-01 00:12:36,0.00140940,5.03000000
2018-03-01 00:12:36,0.00141000,9.94000000
2018-03-01 00:12:36,0.00141000,67.90000000
2018-03-01 00:12:36,0.00140920,3.59000000
2018-03-01 00:12:37,0.00141000,13.77000000
2018-03-01 00:12:37,0.00141000,40.19000000
2018-03-01 00:12:37,0.00140920,1.35000000
2018-03-01 00:12:39,0.00140990,7.36000000
2018-03-01 00:12:41,0.00141000,92.26000000
2018-03-01 00:12:42,0.00140920,27.95000000
2018-03-01 00:12:42,0.00140920,94.42000000
2018-03-01 00:12:42,0.00140920,91.51000000
2018-03-01 00:12:42,0.00140900,127.24000000
2018-03-01 00:12:42,0.00140880,3.88000000
2018-03-01 00:12:42,0.00140850,94.04000000
2018-03-01 00:12:43,0.00140800,11.78000000
2018-03-01 00:12:44,0.00140920,2.00000000
2018-03-01 00:12:47,0.00140790,4.87000000
2018-03-01 00:12:47,0.00140790,2.14000000
2018-03-01 00:12:47,0.00140780,2.48000000
2018-03-01 00:12:50,0.00140780,14.99000000
2018-03-01 00:12:51,0.00140870,13.13000000
2018-03-01 00:12:51,0.00140880,38.13000000
2018-03-01 00:12:51,0.00140940,230.00000000
2018-03-01 00:12:51,0.00140980,3.47000000
2018-03-01 00:12:51,0.00141000,116.34000000
2018-03-01 00:12:51,0.00141060,5.66000000
2018-03-01 00:12:51,0.00141070,3.88000000
2018-03-01 00:12:51,0.00141080,67.74000000
2018-03-01 00:12:51,0.00141090,236.13000000
2018-03-01 00:12:51,0.00141000,2.13000000
2018-03-01 00:12:51,0.00141080,0.03000000
2018-03-01 00:12:51,0.00141080,5.12000000
2018-03-01 00:12:51,0.00141090,69.35000000
2018-03-01 00:12:51,0.00141160,10.65000000
2018-03-01 00:12:51,0.00141180,94.82000000
2018-03-01 00:12:51,0.00141180,139.49000000
2018-03-01 00:12:51,0.00141180,123.03000000
2018-03-01 00:12:52,0.00141010,5.19000000
2018-03-01 00:12:52,0.00141010,0.69000000
2018-03-01 00:12:52,0.00141010,1.35000000
2018-03-01 00:12:53,0.00141020,2.14000000
2018-03-01 00:12:55,0.00141030,1.08000000
2018-03-01 00:12:56,0.00141140,9.69000000
2018-03-01 00:12:59,0.00141140,4.18000000
2018-03-01 00:12:59,0.00141150,7.35000000
2018-03-01 00:12:59,0.00141290,44.96000000
2018-03-01 00:12:59,0.00141300,16.32000000
2018-03-01 00:12:59,0.00141140,5.44000000
2018-03-01 00:13:00,0.00141140,9.95000000
2018-03-01 00:13:04,0.00141140,118.47000000
2018-03-01 00:13:05,0.00141140,41.19000000
2018-03-01 00:13:05,0.00141300,3.69000000
2018-03-01 00:13:06,0.00141140,27.53000000
2018-03-01 00:13:08,0.00141210,100.05000000
2018-03-01 00:13:08,0.00141140,43.46000000
2018-03-01 00:13:16,0.00141140,0.01000000
2018-03-01 00:13:21,0.00141040,31.12000000
2018-03-01 00:13:23,0.00141140,7.12000000
2018-03-01 00:13:25,0.00141210,17.30000000
2018-03-01 00:13:25,0.00141210,0.01000000
2018-03-01 00:13:25,0.00141140,23.66000000
2018-03-01 00:13:25,0.00141140,31.00000000
2018-03-01 00:13:26,0.00141140,44.03000000
2018-03-01 00:13:29,0.00141140,0.67000000
2018-03-01 00:13:39,0.00141140,32.30000000
2018-03-01 00:13:39,0.00141140,7.16000000
2018-03-01 00:13:40,0.00141140,31.89000000
2018-03-01 00:13:41,0.00141170,107.67000000
2018-03-01 00:13:42,0.00141210,17.30000000
2018-03-01 00:13:42,0.00141300,34.20000000
2018-03-01 00:13:44,0.00141300,12.83000000
2018-03-01 00:13:45,0.00141300,4.28000000
2018-03-01 00:13:47,0.00141140,12.21000000
2018-03-01 00:13:47,0.00141140,1.37000000
2018-03-01 00:13:57,0.00141230,25.10000000
2018-03-01 00:14:00,0.00141300,36.45000000
2018-03-01 00:14:02,0.00141400,33.94000000
2018-03-01 00:14:02,0.00141450,6.80000000
2018-03-01 00:14:02,0.00141500,1.20000000
2018-03-01 00:14:02,0.00141530,17.00000000
2018-03-01 00:14:02,0.00141550,33.34000000
2018-03-01 00:14:02,0.00141550,10.66000000
2018-03-01 00:14:02,0.00141500,10.66000000
2018-03-01 00:14:02,0.00141500,6.51000000
2018-03-01 00:14:02,0.00141500,19.99000000
2018-03-01 00:14:02,0.00141500,7.06000000
2018-03-01 00:14:03,0.00141500,3.00000000
2018-03-01 00:14:03,0.00141500,0.71000000
2018-03-01 00:14:03,0.00141500,3.54000000
2018-03-01 00:14:03,0.00141500,4.75000000
2018-03-01 00:14:06,0.00141210,2.27000000
2018-03-01 00:14:06,0.00141210,1.00000000
2018-03-01 00:14:06,0.00141210,10.89000000
2018-03-01 00:14:09,0.00141190,2.13000000
2018-03-01 00:14:09,0.00141210,2.12000000
2018-03-01 00:14:09,0.00141210,0.01000000
2018-03-01 00:14:10,0.00141350,1.35000000
2018-03-01 00:14:10,0.00141360,2.13000000
2018-03-01 00:14:10,0.00141370,2.13000000
2018-03-01 00:14:10,0.00141380,9.21000000
2018-03-01 00:14:10,0.00141380,13.01000000
2018-03-01 00:14:11,0.00141170,1.00000000
2018-03-01 00:14:13,0.00141360,7.39000000
2018-03-01 00:14:13,0.00141350,31.76000000
2018-03-01 00:14:14,0.00141270,115.46000000
2018-03-01 00:14:15,0.00141350,3.54000000
2018-03-01 00:14:15,0.00141360,1.28000000
2018-03-01 00:14:15,0.00141380,2.55000000
2018-03-01 00:14:16,0.00141190,0.72000000
2018-03-01 00:14:17,0.00141280,3.11000000
2018-03-01 00:14:17,0.00141380,2.04000000
2018-03-01 00:14:18,0.00141270,2.51000000
2018-03-01 00:14:19,0.00141270,48.44000000
2018-03-01 00:14:19,0.00141270,26.03000000
2018-03-01 00:14:20,0.00141190,0.91000000
2018-03-01 00:14:21,0.00141190,4.79000000
2018-03-01 00:14:22,0.00141190,12.35000000
2018-03-01 00:14:22,0.00141190,35.19000000
2018-03-01 00:14:22,0.00141340,3.42000000
2018-03-01 00:14:22,0.00141350,1.37000000
2018-03-01 00:14:22,0.00141380,8.42000000
2018-03-01 00:14:22,0.00141470,14.16000000
2018-03-01 00:14:22,0.00141500,18.17000000
2018-03-01 00:14:22,0.00141610,49.31000000
2018-03-01 00:14:22,0.00141620,21.06000000
2018-03-01 00:14:22,0.00141630,4.70000000
2018-03-01 00:14:22,0.00141650,30.41000000
2018-03-01 00:14:22,0.00141670,38.37000000
2018-03-01 00:14:23,0.00141220,4.29000000
2018-03-01 00:14:25,0.00141280,17.21000000
2018-03-01 00:14:25,0.00141280,1.08000000
2018-03-01 00:14:26,0.00141300,2.17000000
2018-03-01 00:14:26,0.00141470,15.00000000
2018-03-01 00:14:26,0.00141470,5.69000000
2018-03-01 00:14:26,0.00141500,17.46000000
2018-03-01 00:14:26,0.00141470,12.20000000
2018-03-01 00:14:26,0.00141290,18.50000000
2018-03-01 00:14:27,0.00141250,14.15000000
2018-03-01 00:14:27,0.00141180,10.85000000
2018-03-01 00:14:27,0.00141180,165.00000000
2018-03-01 00:14:29,0.00141180,459.90000000
2018-03-01 00:14:30,0.00141180,99.90000000
2018-03-01 00:14:31,0.00141180,18.29000000
2018-03-01 00:14:32,0.00141180,230.00000000
2018-03-01 00:14:32,0.00141180,516.06000000
2018-03-01 00:14:32,0.00141170,2.00000000
2018-03-01 00:14:32,0.00141140,10.11000000
2018-03-01 00:14:33,0.00141040,4.48000000
2018-03-01 00:14:33,0.00141030,2.07000000
2018-03-01 00:14:33,0.00141020,10.15000000
2018-03-01 00:14:33,0.00141170,25.86000000
2018-03-01 00:14:33,0.00141180,175.14000000
2018-03-01 00:14:33,0.00141020,135.62000000
2018-03-01 00:14:34,0.00141180,13.00000000
2018-03-01 00:14:35,0.00141020,12.41000000
2018-03-01 00:14:35,0.00141020,2.16000000
2018-03-01 00:14:35,0.00141020,1.78000000
2018-03-01 00:14:36,0.00141020,1.79000000
2018-03-01 00:14:36,0.00141020,98.06000000
2018-03-01 00:14:36,0.00141020,6.94000000
2018-03-01 00:14:36,0.00141020,3.57000000
2018-03-01 00:14:36,0.00141020,1.79000000
2018-03-01 00:14:36,0.00141170,31.12000000
2018-03-01 00:14:36,0.00141180,61.69000000
2018-03-01 00:14:37,0.00141200,2.43000000
2018-03-01 00:14:37,0.00141200,131.64000000
2018-03-01 00:14:38,0.00141180,2.15000000
2018-03-01 00:14:38,0.00141180,6.23000000
2018-03-01 00:14:38,0.00141180,72.99000000
2018-03-01 00:14:38,0.00141020,3.74000000
2018-03-01 00:14:38,0.00141020,1.07000000
2018-03-01 00:14:38,0.00141020,45.21000000
2018-03-01 00:14:39,0.00141020,14.31000000
2018-03-01 00:14:39,0.00141020,3.59000000
2018-03-01 00:14:39,0.00141020,15.10000000
2018-03-01 00:14:40,0.00141010,68.45000000
2018-03-01 00:14:40,0.00141010,84.93000000
2018-03-01 00:14:40,0.00141010,427.10000000
2018-03-01 00:14:40,0.00141000,188.26000000
2018-03-01 00:14:41,0.00140990,20.00000000
2018-03-01 00:14:41,0.00141000,15.11000000
2018-03-01 00:14:41,0.00140630,71.08000000
2018-03-01 00:14:41,0.00140620,27.88000000
2018-03-01 00:14:41,0.00140610,100.00000000
2018-03-01 00:14:41,0.00140600,15.55000000
2018-03-01 00:14:41,0.00140590,3.00000000
2018-03-01 00:14:41,0.00140800,61.50000000
2018-03-01 00:14:41,0.00140810,61.75000000
2018-03-01 00:14:42,0.00140810,61.50000000
2018-03-01 00:14:42,0.00140990,71.08000000
2018-03-01 00:14:42,0.00141000,76.24000000
2018-03-01 00:14:42,0.00140500,65.14000000
2018-03-01 00:14:43,0.00140970,7.06000000
2018-03-01 00:14:43,0.00140980,41.15000000
2018-03-01 00:14:43,0.00141000,708.19000000
2018-03-01 00:14:43,0.00141000,100.00000000
2018-03-01 00:14:43,0.00141000,2.00000000
2018-03-01 00:14:44,0.00141000,7.88000000
2018-03-01 00:14:44,0.00141000,2.50000000
2018-03-01 00:14:44,0.00141160,24.98000000
2018-03-01 00:14:45,0.00141000,5.70000000
2018-03-01 00:14:46,0.00141000,1.57000000
2018-03-01 00:14:46,0.00141000,2.36000000
2018-03-01 00:14:46,0.00141000,2.14000000
2018-03-01 00:14:46,0.00141000,1.15000000
2018-03-01 00:14:46,0.00141000,2.86000000
2018-03-01 00:14:47,0.00141000,3.58000000
2018-03-01 00:14:47,0.00141000,74.13000000
2018-03-01 00:14:48,0.00141000,1.43000000
2018-03-01 00:14:48,0.00141000,3.04000000
2018-03-01 00:14:49,0.00141000,3.58000000
2018-03-01 00:14:49,0.00141000,2.86000000
2018-03-01 00:14:50,0.00141030,22.07000000
2018-03-01 00:14:50,0.00141030,67.62000000
2018-03-01 00:14:50,0.00141150,9.31000000
2018-03-01 00:14:50,0.00141160,40.16000000
2018-03-01 00:14:50,0.00141170,2.75000000
2018-03-01 00:14:50,0.00141190,3.45000000
2018-03-01 00:14:50,0.00141200,0.02000000
2018-03-01 00:14:52,0.00141200,2.07000000
2018-03-01 00:14:53,0.00141030,0.01000000
2018-03-01 00:14:53,0.00141000,0.75000000
2018-03-01 00:14:53,0.00141000,0.78000000
2018-03-01 00:14:54,0.00141120,58.07000000
2018-03-01 00:14:55,0.00141200,100.97000000
2018-03-01 00:14:55,0.00141000,11.13000000
2018-03-01 00:14:55,0.00141000,2.93000000
2018-03-01 00:14:55,0.00141000,2.10000000
2018-03-01 00:14:56,0.00141000,7.09000000
2018-03-01 00:14:56,0.00141000,10.00000000
2018-03-01 00:14:57,0.00141200,8.18000000
2018-03-01 00:14:57,0.00141270,51.83000000
2018-03-01 00:14:57,0.00141270,16.92000000
2018-03-01 00:14:57,0.00141000,16.92000000
2018-03-01 00:14:57,0.00141000,7.07000000
2018-03-01 00:14:58,0.00141010,1.43000000
2018-03-01 00:14:59,0.00141020,3.07000000
2018-03-01 00:15:00,0.00141140,1.43000000
2018-03-01 00:15:00,0.00141150,39.25000000
2018-03-01 00:15:00,0.00141150,1.43000000
2018-03-01 00:15:00,0.00141050,2.12000000
2018-03-01 00:15:01,0.00141050,0.01000000
2018-03-01 00:15:01,0.00141040,13.51000000
2018-03-01 00:15:01,0.00141090,1.35000000
2018-03-01 00:15:04,0.00141060,8.00000000
2018-03-01 00:15:06,0.00141160,93.95000000
2018-03-01 00:15:06,0.00141160,7.37000000
2018-03-01 00:15:09,0.00141160,0.01000000
2018-03-01 00:15:09,0.00141040,53.76000000
2018-03-01 00:15:09,0.00141030,62.07000000
2018-03-01 00:15:09,0.00141020,122.78000000
2018-03-01 00:15:09,0.00141010,150.31000000
2018-03-01 00:15:09,0.00141010,30.54000000
2018-03-01 00:15:09,0.00141000,6.02000000
2018-03-01 00:15:10,0.00141090,4.56000000
2018-03-01 00:15:10,0.00141180,5.68000000
2018-03-01 00:15:10,0.00141190,65.14000000
2018-03-01 00:15:10,0.00141200,43.50000000
2018-03-01 00:15:10,0.00141200,334.95000000
2018-03-01 00:15:12,0.00140930,2.30000000
2018-03-01 00:15:12,0.00140930,6.90000000
2018-03-01 00:15:12,0.00140930,1.79000000
2018-03-01 00:15:13,0.00141000,8.47000000
2018-03-01 00:15:14,0.00140750,2.22000000
2018-03-01 00:15:14,0.00140930,7.35000000
2018-03-01 00:15:14,0.00141000,37.44000000
2018-03-01 00:15:15,0.00141000,1.44000000
2018-03-01 00:15:15,0.00140750,0.98000000
2018-03-01 00:15:15,0.00141000,14.33000000
2018-03-01 00:15:16,0.00141000,64.79000000
2018-03-01 00:15:17,0.00141060,131.04000000
2018-03-01 00:15:17,0.00141140,178.18000000
2018-03-01 00:15:17,0.00141210,4.78000000
2018-03-01 00:15:18,0.00141000,1.80000000
2018-03-01 00:15:18,0.00141000,537.34000000
2018-03-01 00:15:19,0.00141000,2.22000000
2018-03-01 00:15:19,0.00141000,300.00000000
2018-03-01 00:15:21,0.00141210,11.20000000
2018-03-01 00:15:21,0.00141030,2.13000000
2018-03-01 00:15:21,0.00141010,62.00000000
2018-03-01 00:15:21,0.00141000,26.71000000
2018-03-01 00:15:22,0.00141180,2.13000000
2018-03-01 00:15:23,0.00141000,537.35000000
2018-03-01 00:15:26,0.00141000,165.42000000
2018-03-01 00:15:26,0.00141000,2.13000000
2018-03-01 00:15:26,0.00140720,71.02000000
2018-03-01 00:15:26,0.00140710,14.21000000
2018-03-01 00:15:28,0.00140540,1.00000000
2018-03-01 00:15:30,0.00140570,5.03000000
2018-03-01 00:15:30,0.00140570,14.97000000
2018-03-01 00:15:30,0.00140560,27.00000000
2018-03-01 00:15:30,0.00140540,0.81000000
2018-03-01 00:15:32,0.00140860,71.02000000
2018-03-01 00:15:32,0.00140870,20.00000000
2018-03-01 00:15:32,0.00140890,0.81000000
2018-03-01 00:15:32,0.00140930,14.21000000
2018-03-01 00:15:32,0.00140950,1.00000000
2018-03-01 00:15:32,0.00140970,3.55000000
2018-03-01 00:15:32,0.00141000,1697.14000000
2018-03-01 00:15:32,0.00141000,23.32000000
2018-03-01 00:15:32,0.00141120,62.00000000
2018-03-01 00:15:32,0.00141130,20.00000000
2018-03-01 00:15:32,0.00141180,2.13000000
2018-03-01 00:15:33,0.00141000,10.67000000
2018-03-01 00:15:34,0.00141000,4.19000000
2018-03-01 00:15:34,0.00141000,33.92000000
2018-03-01 00:15:35,0.00141010,48.10000000
2018-03-01 00:15:35,0.00141010,13.97000000
2018-03-01 00:15:35,0.00141100,48.46000000
2018-03-01 00:15:37,0.00141000,13.92000000
2018-03-01 00:15:38,0.00141160,10.67000000
2018-03-01 00:15:38,0.00141160,92.35000000
2018-03-01 00:15:38,0.00141000,2022.55000000
2018-03-01 00:15:38,0.00141000,846.37000000
2018-03-01 00:15:38,0.00141210,4.40000000
2018-03-01 00:15:38,0.00141240,3.92000000
2018-03-01 00:15:40,0.00141240,2.77000000
2018-03-01 00:15:46,0.00141000,1.62000000
2018-03-01 00:15:48,0.00141000,10.00000000
2018-03-01 00:15:51,0.00141000,27.91000000
2018-03-01 00:15:54,0.00141000,2.79000000
2018-03-01 00:15:56,0.00141030,138.83000000
2018-03-01 00:15:59,0.00141000,1.64000000
2018-03-01 00:15:59,0.00141070,3.69000000
2018-03-01 00:16:04,0.00141000,1.11000000
2018-03-01 00:16:06,0.00141000,1.76000000
2018-03-01 00:16:07,0.00141000,72.00000000
2018-03-01 00:16:09,0.00141070,97.32000000
2018-03-01 00:16:12,0.00141000,3.37000000
2018-03-01 00:16:12,0.00141000,27.80000000
2018-03-01 00:16:13,0.00141070,126.51000000
2018-03-01 00:16:14,0.00141070,16.52000000
2018-03-01 00:16:16,0.00141000,13.30000000
2018-03-01 00:16:20,0.00141000,49.98000000
2018-03-01 00:16:26,0.00141030,146.44000000
2018-03-01 00:16:30,0.00141030,1.93000000
2018-03-01 00:16:30,0.00141000,23.07000000
2018-03-01 00:16:38,0.00141010,17.18000000
2018-03-01 00:16:39,0.00141010,17.41000000
2018-03-01 00:16:41,0.00141020,12.73000000
2018-03-01 00:16:41,0.00141080,88.93000000
2018-03-01 00:16:46,0.00141080,2.20000000
2018-03-01 00:16:51,0.00141020,60.56000000
2018-03-01 00:16:51,0.00141080,1.00000000
2018-03-01 00:16:52,0.00141080,50.54000000
2018-03-01 00:16:57,0.00141080,19.00000000
2018-03-01 00:17:00,0.00141140,90.17000000
2018-03-01 00:17:00,0.00141200,120.40000000
2018-03-01 00:17:02,0.00141200,52.84000000
2018-03-01 00:17:09,0.00141260,2.13000000
2018-03-01 00:17:09,0.00141350,16.57000000
2018-03-01 00:17:10,0.00141350,15.16000000
2018-03-01 00:17:10,0.00141450,1.64000000
2018-03-01 00:17:10,0.00141440,31.95000000
2018-03-01 00:17:10,0.00141450,1.56000000
2018-03-01 00:17:10,0.00141470,3.23000000
2018-03-01 00:17:10,0.00141500,27.26000000
2018-03-01 00:17:11,0.00141220,2.13000000
2018-03-01 00:17:11,0.00141200,20.09000000
2018-03-01 00:17:11,0.00141200,2.12000000
2018-03-01 00:17:11,0.00141200,32.07000000
2018-03-01 00:17:11,0.00141200,262.57000000
2018-03-01 00:17:12,0.00141210,20.00000000
2018-03-01 00:17:13,0.00141390,0.63000000
2018-03-01 00:17:15,0.00141310,17.39000000
2018-03-01 00:17:22,0.00141430,4.29000000
2018-03-01 00:17:22,0.00141490,20.00000000
2018-03-01 00:17:22,0.00141500,0.61000000
2018-03-01 00:17:23,0.00141500,193.70000000
2018-03-01 00:17:23,0.00141600,56.96000000
2018-03-01 00:17:23,0.00141670,50.00000000
2018-03-01 00:17:23,0.00141680,38.57000000
2018-03-01 00:17:23,0.00141690,2.07000000
2018-03-01 00:17:23,0.00141700,50.00000000
2018-03-01 00:17:23,0.00141760,4.91000000
2018-03-01 00:17:23,0.00141800,22.90000000
2018-03-01 00:17:23,0.00141820,28.47000000
2018-03-01 00:17:23,0.00141910,27.00000000
2018-03-01 00:17:23,0.00141920,54.61000000
2018-03-01 00:17:23,0.00141940,308.23000000
2018-03-01 00:17:23,0.00141950,7.07000000
2018-03-01 00:17:23,0.00142000,194.57000000
2018-03-01 00:17:23,0.00141490,8.75000000
2018-03-01 00:17:24,0.00141990,20.00000000
2018-03-01 00:17:24,0.00142000,93.18000000
2018-03-01 00:17:26,0.00141390,2.83000000
2018-03-01 00:17:26,0.00142000,5.17000000
2018-03-01 00:17:26,0.00141380,1.29000000
2018-03-01 00:17:27,0.00141680,97.03000000
2018-03-01 00:17:28,0.00142000,27.78000000
2018-03-01 00:17:31,0.00141510,10.26000000
2018-03-01 00:17:31,0.00142000,170.45000000
2018-03-01 00:17:32,0.00141560,6.58000000
2018-03-01 00:17:32,0.00142000,97.41000000
2018-03-01 00:17:32,0.00142000,73.04000000
2018-03-01 00:17:36,0.00142040,6.83000000
2018-03-01 00:17:36,0.00141640,15.00000000
2018-03-01 00:17:37,0.00141660,9.77000000
2018-03-01 00:17:37,0.00141660,21.51000000
2018-03-01 00:17:37,0.00142000,7.00000000
2018-03-01 00:17:37,0.00142000,1.75000000
2018-03-01 00:17:38,0.00142010,20.00000000
2018-03-01 00:17:38,0.00142000,2.68000000
2018-03-01 00:17:39,0.00142000,11.44000000
2018-03-01 00:17:39,0.00141840,2.82000000
2018-03-01 00:17:40,0.00141990,1.23000000
2018-03-01 00:17:40,0.00141990,1.70000000
2018-03-01 00:17:42,0.00141720,3.18000000
2018-03-01 00:17:42,0.00141670,19.92000000
2018-03-01 00:17:42,0.00141660,2.13000000
2018-03-01 00:17:42,0.00141640,77.05000000
2018-03-01 00:17:42,0.00141640,4.24000000
2018-03-01 00:17:42,0.00141840,5.99000000
2018-03-01 00:17:43,0.00141790,24.25000000
2018-03-01 00:17:44,0.00141650,7.09000000
2018-03-01 00:17:44,0.00141660,60.19000000
2018-03-01 00:17:44,0.00141670,3.39000000
2018-03-01 00:17:44,0.00141790,24.25000000
2018-03-01 00:17:44,0.00141950,19.92000000
2018-03-01 00:17:44,0.00141970,2.13000000
2018-03-01 00:17:44,0.00142000,95.65000000
2018-03-01 00:17:44,0.00142050,0.57000000
2018-03-01 00:17:44,0.00142000,1.28000000
2018-03-01 00:17:44,0.00142050,13.63000000
2018-03-01 00:17:44,0.00142050,2.48000000
2018-03-01 00:17:44,0.00142000,663.97000000
2018-03-01 00:17:44,0.00141660,3.56000000
2018-03-01 00:17:45,0.00142090,6.05000000
2018-03-01 00:17:45,0.00141660,10.38000000
2018-03-01 00:17:45,0.00141660,3.58000000
2018-03-01 00:17:45,0.00141660,0.92000000
2018-03-01 00:17:45,0.00141660,3.56000000
2018-03-01 00:17:45,0.00141690,67.03000000
2018-03-01 00:17:45,0.00141680,2.13000000
2018-03-01 00:17:45,0.00141650,7.02000000
2018-03-01 00:17:46,0.00141640,9.29000000
2018-03-01 00:17:46,0.00141560,3.24000000
2018-03-01 00:17:47,0.00141640,50.14000000
2018-03-01 00:17:47,0.00141640,29.60000000
2018-03-01 00:17:47,0.00141650,121.82000000
2018-03-01 00:17:47,0.00141980,189.00000000
2018-03-01 00:17:47,0.00142050,3.53000000
2018-03-01 00:17:47,0.00142070,2.13000000
2018-03-01 00:17:47,0.00142090,31.45000000
2018-03-01 00:17:47,0.00142130,10.06000000
2018-03-01 00:17:47,0.00142170,92.48000000
2018-03-01 00:17:47,0.00142200,12.62000000
2018-03-01 00:17:47,0.00142260,6.49000000
2018-03-01 00:17:47,0.00142300,18.82000000
2018-03-01 00:17:47,0.00142350,3.00000000
2018-03-01 00:17:47,0.00142390,21.30000000
2018-03-01 00:17:47,0.00142400,60.29000000
2018-03-01 00:17:47,0.00142440,422.41000000
2018-03-01 00:17:50,0.00141630,2.43000000
2018-03-01 00:17:50,0.00141810,1.78000000
2018-03-01 00:17:51,0.00141820,11.67000000
2018-03-01 00:17:51,0.00141820,0.93000000
2018-03-01 00:17:51,0.00141820,1.44000000
2018-03-01 00:17:51,0.00141830,10.58000000
2018-03-01 00:17:51,0.00141830,1.07000000
2018-03-01 00:17:51,0.00141830,5.71000000
2018-03-01 00:17:51,0.00141830,16.96000000
2018-03-01 00:17:51,0.00141830,2.14000000
2018-03-01 00:17:52,0.00141860,13.61000000
2018-03-01 00:17:53,0.00141890,29.93000000
2018-03-01 00:17:53,0.00141880,20.00000000
2018-03-01 00:17:53,0.00141860,20.85000000
2018-03-01 00:17:53,0.00141840,7.74000000
2018-03-01 00:17:53,0.00141800,1.78000000
2018-03-01 00:17:53,0.00141800,20.00000000
2018-03-01 00:17:55,0.00141820,5.45000000
2018-03-01 00:17:56,0.00141820,6.38000000
2018-03-01 00:17:56,0.00141800,4.73000000
2018-03-01 00:17:57,0.00141820,10.61000000
2018-03-01 00:17:58,0.00141820,4.04000000
2018-03-01 00:17:58,0.00141820,92.62000000
2018-03-01 00:17:58,0.00141820,103.75000000
2018-03-01 00:18:01,0.00141820,8.31000000
2018-03-01 00:18:03,0.00141830,1.87000000
2018-03-01 00:18:04,0.00141830,258.18000000
2018-03-01 00:18:04,0.00142380,0.90000000
2018-03-01 00:18:04,0.00142010,1.50000000
2018-03-01 00:18:04,0.00142010,1.00000000
2018-03-01 00:18:05,0.00142010,7.00000000
2018-03-01 00:18:06,0.00142030,2.00000000
2018-03-01 00:18:06,0.00142360,20.95000000
2018-03-01 00:18:06,0.00142370,8.75000000
2018-03-01 00:18:06,0.00142400,1.28000000
2018-03-01 00:18:06,0.00142410,64.16000000
2018-03-01 00:18:06,0.00142430,3.18000000
2018-03-01 00:18:06,0.00142440,5.98000000
2018-03-01 00:18:07,0.00142440,37.00000000
2018-03-01 00:18:07,0.00142440,1.75000000
2018-03-01 00:18:07,0.00142440,5.84000000
2018-03-01 00:18:07,0.00142440,202.76000000
2018-03-01 00:18:07,0.00142000,6.12000000
2018-03-01 00:18:09,0.00142170,11.50000000
2018-03-01 00:18:09,0.00142180,19.47000000
2018-03-01 00:18:12,0.00142010,5.04000000
2018-03-01 00:18:13,0.00142010,1.80000000
2018-03-01 00:18:14,0.00142010,3.58000000
2018-03-01 00:18:14,0.00142010,1.79000000
2018-03-01 00:18:14,0.00142010,1.58000000
2018-03-01 00:18:14,0.00142010,3.54000000
2018-03-01 00:18:15,0.00142100,4.15000000
2018-03-01 00:18:15,0.00142100,6.43000000
2018-03-01 00:18:15,0.00142100,5.72000000
2018-03-01 00:18:15,0.00142100,7.16000000
2018-03-01 00:18:15,0.00142100,36.88000000
2018-03-01 00:18:15,0.00142010,33.82000000
2018-03-01 00:18:17,0.00142010,10.66000000
2018-03-01 00:18:17,0.00142000,13.26000000
2018-03-01 00:18:19,0.00142000,0.89000000
2018-03-01 00:18:20,0.00142090,110.61000000
2018-03-01 00:18:21,0.00142180,45.63000000
2018-03-01 00:18:22,0.00142180,3.11000000
2018-03-01 00:18:25,0.00142010,34.59000000
2018-03-01 00:18:26,0.00142180,2.18000000
2018-03-01 00:18:26,0.00142180,17.58000000
2018-03-01 00:18:32,0.00142180,1.00000000
2018-03-01 00:18:32,0.00142180,1.00000000
2018-03-01 00:18:33,0.00142180,8.46000000
2018-03-01 00:18:33,0.00142180,33.90000000
2018-03-01 00:18:38,0.00142190,4.81000000
2018-03-01 00:18:38,0.00142280,37.83000000
2018-03-01 00:18:40,0.00142200,2.10000000
2018-03-01 00:18:45,0.00142210,17.94000000
2018-03-01 00:18:46,0.00142200,30.00000000
2018-03-01 00:18:48,0.00142300,3.77000000
2018-03-01 00:18:48,0.00142360,17.94000000
2018-03-01 00:18:48,0.00142370,41.55000000
2018-03-01 00:18:48,0.00142440,33.76000000
2018-03-01 00:18:48,0.00142460,39.24000000
2018-03-01 00:18:48,0.00142470,13.74000000
2018-03-01 00:18:49,0.00142220,50.50000000
2018-03-01 00:18:49,0.00142200,34.90000000
2018-03-01 00:18:51,0.00142250,117.48000000
2018-03-01 00:18:53,0.00142300,15.78000000
2018-03-01 00:18:53,0.00142470,78.47000000
2018-03-01 00:18:53,0.00142470,6.54000000
2018-03-01 00:18:53,0.00142470,4.33000000
2018-03-01 00:18:53,0.00142470,0.64000000
2018-03-01 00:18:56,0.00142480,33.90000000
2018-03-01 00:18:59,0.00142480,12.91000000
2018-03-01 00:18:59,0.00142480,3.19000000
2018-03-01 00:18:59,0.00142490,115.27000000
2018-03-01 00:18:59,0.00142500,439.19000000
2018-03-01 00:18:59,0.00142500,22.22000000
2018-03-01 00:18:59,0.00142530,4.50000000
2018-03-01 00:18:59,0.00142540,8.52000000
2018-03-01 00:18:59,0.00142580,12.76000000
2018-03-01 00:18:59,0.00142590,16.00000000
2018-03-01 00:18:59,0.00142620,15.83000000
2018-03-01 00:18:59,0.00142650,0.39000000
2018-03-01 00:19:00,0.00142500,3.41000000
2018-03-01 00:19:00,0.00142500,32.46000000
2018-03-01 00:19:00,0.00142500,91.66000000
2018-03-01 00:19:04,0.00142500,58.60000000
2018-03-01 00:19:05,0.00142500,6.66000000
2018-03-01 00:19:05,0.00142500,37.78000000
2018-03-01 00:19:06,0.00142500,8.88000000
2018-03-01 00:19:06,0.00142500,96.92000000
2018-03-01 00:19:07,0.00142560,44.70000000
2018-03-01 00:19:08,0.00142500,71.04000000
2018-03-01 00:19:09,0.00142640,8.75000000
2018-03-01 00:19:09,0.00142650,4.78000000
2018-03-01 00:19:09,0.00142660,11.11000000
2018-03-01 00:19:09,0.00142500,2.61000000
2018-03-01 00:19:09,0.00142500,6.92000000
2018-03-01 00:19:11,0.00142500,2.27000000
2018-03-01 00:19:11,0.00142500,150.00000000
2018-03-01 00:19:11,0.00142500,200.00000000
2018-03-01 00:19:12,0.00142500,31.35000000
2018-03-01 00:19:13,0.00142500,2.60000000
2018-03-01 00:19:13,0.00142660,48.89000000
2018-03-01 00:19:13,0.00142670,1.86000000
2018-03-01 00:19:14,0.00142500,21.24000000
2018-03-01 00:19:14,0.00142660,1.59000000
2018-03-01 00:19:14,0.00142660,1.28000000
2018-03-01 00:19:14,0.00142670,115.87000000
2018-03-01 00:19:14,0.00142720,906.99000000
2018-03-01 00:19:15,0.00142720,7.00000000
2018-03-01 00:19:15,0.00142720,16.08000000
2018-03-01 00:19:15,0.00142720,16.08000000
2018-03-01 00:19:15,0.00142720,7.00000000
2018-03-01 00:19:15,0.00142720,3.31000000
2018-03-01 00:19:15,0.00142510,6.83000000
2018-03-01 00:19:15,0.00142670,91.12000000
2018-03-01 00:19:15,0.00142670,9.96000000
2018-03-01 00:19:15,0.00142510,0.30000000
2018-03-01 00:19:16,0.00142690,2.00000000
2018-03-01 00:19:16,0.00142720,6.63000000
2018-03-01 00:19:16,0.00142720,5.16000000
2018-03-01 00:19:17,0.00142720,1.44000000
2018-03-01 00:19:17,0.00142720,16.14000000
2018-03-01 00:19:18,0.00142730,7.13000000
2018-03-01 00:19:20,0.00142740,9.98000000
2018-03-01 00:19:20,0.00142750,2.66000000
2018-03-01 00:19:20,0.00142750,122.87000000
2018-03-01 00:19:20,0.00142760,33.73000000
2018-03-01 00:19:20,0.00142770,3.12000000
2018-03-01 00:19:20,0.00142780,32.71000000
2018-03-01 00:19:20,0.00142750,10.00000000
2018-03-01 00:19:20,0.00142730,6.61000000
2018-03-01 00:19:22,0.00142780,8.89000000
2018-03-01 00:19:22,0.00142780,3.58000000
2018-03-01 00:19:24,0.00142790,42.53000000
2018-03-01 00:19:24,0.00142800,1.24000000
2018-03-01 00:19:24,0.00142820,4.29000000
2018-03-01 00:19:24,0.00142780,14.53000000
2018-03-01 00:19:26,0.00142810,124.35000000
2018-03-01 00:19:27,0.00142820,2.85000000
2018-03-01 00:19:27,0.00142820,1.35000000
2018-03-01 00:19:27,0.00142800,1.72000000
2018-03-01 00:19:29,0.00142840,3.56000000
2018-03-01 00:19:29,0.00142850,85.67000000
2018-03-01 00:19:30,0.00142800,246.05000000
2018-03-01 00:19:30,0.00142780,114.43000000
2018-03-01 00:19:30,0.00142730,6.86000000
2018-03-01 00:19:31,0.00142850,45.68000000
2018-03-01 00:19:31,0.00142860,1.00000000
2018-03-01 00:19:31,0.00142900,19.15000000
2018-03-01 00:19:31,0.00142910,46.80000000
2018-03-01 00:19:31,0.00142930,83.86000000
2018-03-01 00:19:31,0.00142850,601.87000000
2018-03-01 00:19:32,0.00142840,3.56000000
2018-03-01 00:19:32,0.00142780,29.27000000
2018-03-01 00:19:32,0.00142780,50.20000000
2018-03-01 00:19:33,0.00142580,2.13000000
2018-03-01 00:19:33,0.00142550,8.32000000
2018-03-01 00:19:33,0.00142760,1.27000000
2018-03-01 00:19:33,0.00142550,4.00000000
2018-03-01 00:19:33,0.00142550,7.60000000
2018-03-01 00:19:33,0.00142530,2.13000000
2018-03-01 00:19:33,0.00142520,7.07000000
2018-03-01 00:19:34,0.00142520,18.70000000
2018-03-01 00:19:34,0.00142700,2.13000000
2018-03-01 00:19:34,0.00142760,0.86000000
2018-03-01 00:19:34,0.00142780,14.50000000
2018-03-01 00:19:34,0.00142520,3.95000000
2018-03-01 00:19:34,0.00142520,1.00000000
2018-03-01 00:19:35,0.00142770,2.00000000
2018-03-01 00:19:35,0.00142500,13.54000000
2018-03-01 00:19:35,0.00142520,2.13000000
2018-03-01 00:19:35,0.00142500,1.69000000
2018-03-01 00:19:36,0.00142750,0.02000000
2018-03-01 00:19:36,0.00142500,1.97000000
2018-03-01 00:19:37,0.00142500,3.26000000
2018-03-01 00:19:37,0.00142500,19.08000000
2018-03-01 00:19:37,0.00142500,6.16000000
2018-03-01 00:19:37,0.00142500,4.17000000
2018-03-01 00:19:37,0.00142500,1.57000000
2018-03-01 00:19:37,0.00142500,71.50000000
2018-03-01 00:19:37,0.00142500,1.79000000
2018-03-01 00:19:37,0.00142500,2.15000000
2018-03-01 00:19:37,0.00142500,3.62000000
2018-03-01 00:19:37,0.00142500,7.08000000
2018-03-01 00:19:37,0.00142500,3.47000000
2018-03-01 00:19:37,0.00142500,1.77000000
2018-03-01 00:19:38,0.00142500,9.92000000
2018-03-01 00:19:38,0.00142500,1.99000000
2018-03-01 00:19:38,0.00142500,21.47000000
2018-03-01 00:19:38,0.00142500,1.35000000
2018-03-01 00:19:38,0.00142500,0.85000000
2018-03-01 00:19:38,0.00142500,2.13000000
2018-03-01 00:19:38,0.00142500,4.48000000
2018-03-01 00:19:38,0.00142500,1.76000000
2018-03-01 00:19:38,0.00142500,3.79000000
2018-03-01 00:19:38,0.00142500,4.22000000
2018-03-01 00:19:38,0.00142500,1.42000000
2018-03-01 00:19:38,0.00142500,0.72000000
2018-03-01 00:19:39,0.00142500,0.92000000
2018-03-01 00:19:39,0.00142500,5.75000000
2018-03-01 00:19:39,0.00142520,2.13000000
2018-03-01 00:19:39,0.00142500,15.26000000
2018-03-01 00:19:39,0.00142500,7.10000000
2018-03-01 00:19:39,0.00142500,1.43000000
2018-03-01 00:19:39,0.00142500,1.07000000
2018-03-01 00:19:39,0.00142500,1.78000000
2018-03-01 00:19:39,0.00142720,2.13000000
2018-03-01 00:19:39,0.00142730,1.78000000
2018-03-01 00:19:39,0.00142500,1.42000000
2018-03-01 00:19:39,0.00142500,2.79000000
2018-03-01 00:19:39,0.00142500,3.29000000
2018-03-01 00:19:39,0.00142500,39.21000000
2018-03-01 00:19:39,0.00142500,2.16000000
2018-03-01 00:19:39,0.00142500,1.56000000
2018-03-01 00:19:40,0.00142500,1.21000000
2018-03-01 00:19:40,0.00142500,2.87000000
2018-03-01 00:19:40,0.00142500,3.58000000
2018-03-01 00:19:40,0.00142500,5.13000000
2018-03-01 00:19:40,0.00142300,19.77000000
2018-03-01 00:19:40,0.00142310,1.00000000
2018-03-01 00:19:41,0.00142330,70.22000000
2018-03-01 00:19:41,0.00142320,14.05000000
2018-03-01 00:19:41,0.00142300,7.02000000
2018-03-01 00:19:41,0.00142250,130.38000000
2018-03-01 00:19:41,0.00142220,2.39000000
2018-03-01 00:19:41,0.00142210,2.07000000
2018-03-01 00:19:41,0.00142200,14.36000000
2018-03-01 00:19:41,0.00142340,5.00000000
2018-03-01 00:19:41,0.00142340,0.78000000
2018-03-01 00:19:41,0.00142500,5.72000000
2018-03-01 00:19:41,0.00142500,14.25000000
2018-03-01 00:19:42,0.00142500,1.92000000
2018-03-01 00:19:42,0.00142500,1.77000000
2018-03-01 00:19:42,0.00142500,1.49000000
2018-03-01 00:19:42,0.00142500,2.25000000
2018-03-01 00:19:42,0.00142600,1.77000000
2018-03-01 00:19:42,0.00142600,49.80000000
2018-03-01 00:19:42,0.00142500,8.22000000
2018-03-01 00:19:42,0.00142500,1.79000000
2018-03-01 00:19:42,0.00142500,2.51000000
2018-03-01 00:19:43,0.00142510,2.08000000
2018-03-01 00:19:43,0.00142510,1.29000000
2018-03-01 00:19:43,0.00142570,71.22000000
2018-03-01 00:19:43,0.00142580,32.72000000
2018-03-01 00:19:43,0.00142600,1.77000000
2018-03-01 00:19:43,0.00142740,8.75000000
2018-03-01 00:19:43,0.00142750,2.11000000
2018-03-01 00:19:43,0.00142780,68.70000000
2018-03-01 00:19:43,0.00142800,48.65000000
2018-03-01 00:19:43,0.00142840,19.92000000
2018-03-01 00:19:43,0.00142850,33.41000000
2018-03-01 00:19:43,0.00142730,6.44000000
2018-03-01 00:19:43,0.00142520,6.44000000
2018-03-01 00:19:43,0.00142520,2.51000000
2018-03-01 00:19:43,0.00142520,3.04000000
2018-03-01 00:19:44,0.00142520,0.86000000
2018-03-01 00:19:44,0.00142510,2.20000000
2018-03-01 00:19:44,0.00142510,1.84000000
2018-03-01 00:19:45,0.00142520,9.28000000
2018-03-01 00:19:45,0.00142520,0.89000000
2018-03-01 00:19:46,0.00142530,3.04000000
2018-03-01 00:19:46,0.00142590,7.01000000
2018-03-01 00:19:46,0.00142590,1.77000000
2018-03-01 00:19:46,0.00142590,2.13000000
2018-03-01 00:19:46,0.00142590,7.01000000
2018-03-01 00:19:46,0.00142590,7.01000000
2018-03-01 00:19:46,0.00142590,7.01000000
2018-03-01 00:19:47,0.00142590,2.34000000
2018-03-01 00:19:47,0.00142590,7.01000000
2018-03-01 00:19:47,0.00142590,5.88000000
2018-03-01 00:19:47,0.00142530,2.86000000
2018-03-01 00:19:48,0.00142530,2.50000000
2018-03-01 00:19:48,0.00142530,14.17000000
2018-03-01 00:19:48,0.00142530,38.72000000
2018-03-01 00:19:48,0.00142520,0.77000000
2018-03-01 00:19:48,0.00142510,35.06000000
2018-03-01 00:19:50,0.00142510,21.47000000
2018-03-01 00:19:51,0.00142510,1.73000000
2018-03-01 00:19:51,0.00142510,3.54000000
2018-03-01 00:19:51,0.00142510,2.15000000
2018-03-01 00:19:51,0.00142510,1.42000000
2018-03-01 00:19:51,0.00142510,1.28000000
2018-03-01 00:19:52,0.00142510,0.78000000
2018-03-01 00:19:52,0.00142510,1.43000000
2018-03-01 00:19:52,0.00142510,1.79000000
2018-03-01 00:19:52,0.00142510,125.20000000
2018-03-01 00:19:52,0.00142500,12.85000000
2018-03-01 00:19:53,0.00142510,11.74000000
2018-03-01 00:19:53,0.00142510,42.46000000
2018-03-01 00:19:54,0.00142500,6.15000000
2018-03-01 00:19:54,0.00142500,1.78000000
2018-03-01 00:19:55,0.00142510,0.88000000
2018-03-01 00:19:55,0.00142510,8.70000000
2018-03-01 00:19:55,0.00142500,1.28000000
2018-03-01 00:19:55,0.00142500,1.79000000
2018-03-01 00:19:56,0.00142500,9.58000000
2018-03-01 00:19:56,0.00142510,11.02000000
2018-03-01 00:19:56,0.00142530,4.17000000
2018-03-01 00:19:56,0.00142590,71.46000000
2018-03-01 00:19:56,0.00142800,20.41000000
2018-03-01 00:19:56,0.00142850,143.46000000
2018-03-01 00:19:56,0.00142930,16.64000000
2018-03-01 00:19:56,0.00142950,4.46000000
2018-03-01 00:19:56,0.00142960,3.46000000
2018-03-01 00:19:56,0.00142970,7.02000000
2018-03-01 00:19:56,0.00142980,2.00000000
2018-03-01 00:19:56,0.00142990,50.50000000
2018-03-01 00:19:56,0.00143000,333.20000000
2018-03-01 00:19:56,0.00142500,6.08000000
2018-03-01 00:19:57,0.00142520,1.79000000
2018-03-01 00:19:58,0.00142550,10.55000000
2018-03-01 00:19:58,0.00142690,1.00000000
2018-03-01 00:19:58,0.00142690,130.21000000
2018-03-01 00:20:00,0.00142680,10.55000000
2018-03-01 00:20:00,0.00142690,1.00000000
2018-03-01 00:20:00,0.00142690,1.78000000
2018-03-01 00:20:00,0.00142690,3.04000000
2018-03-01 00:20:00,0.00142690,1.79000000
2018-03-01 00:20:01,0.00142690,1.42000000
2018-03-01 00:20:01,0.00142690,75.05000000
2018-03-01 00:20:01,0.00142540,14.03000000
2018-03-01 00:20:01,0.00142530,24.54000000
2018-03-01 00:20:02,0.00142540,1.77000000
2018-03-01 00:20:03,0.00142780,0.55000000
2018-03-01 00:20:03,0.00142780,25.76000000
2018-03-01 00:20:03,0.00142790,9.21000000
2018-03-01 00:20:05,0.00142690,70.95000000
2018-03-01 00:20:06,0.00142550,7.01000000
2018-03-01 00:20:07,0.00142790,4.66000000
2018-03-01 00:20:07,0.00142800,411.93000000
2018-03-01 00:20:07,0.00142800,5.35000000
2018-03-01 00:20:10,0.00142750,39.65000000
2018-03-01 00:20:10,0.00142750,18.78000000
2018-03-01 00:20:10,0.00142750,1.79000000
2018-03-01 00:20:10,0.00142800,1.75000000
2018-03-01 00:20:11,0.00142800,580.97000000
2018-03-01 00:20:12,0.00142810,2.94000000
2018-03-01 00:20:12,0.00142830,102.32000000
2018-03-01 00:20:12,0.00142840,12.55000000
2018-03-01 00:20:12,0.00142870,14.02000000
2018-03-01 00:20:12,0.00142870,0.01000000
2018-03-01 00:20:14,0.00142810,5.88000000
2018-03-01 00:20:14,0.00142800,1.67000000
2018-03-01 00:20:14,0.00142800,16.09000000
2018-03-01 00:20:16,0.00142810,1.17000000
2018-03-01 00:20:18,0.00142990,8.48000000
2018-03-01 00:20:19,0.00143000,312.27000000
2018-03-01 00:20:19,0.00143000,8.92000000
2018-03-01 00:20:19,0.00143000,0.02000000
2018-03-01 00:20:19,0.00142820,2.80000000
2018-03-01 00:20:19,0.00143020,2.13000000
2018-03-01 00:20:19,0.00142820,1.00000000
2018-03-01 00:20:20,0.00142830,5.96000000
2018-03-01 00:20:20,0.00143020,2.12000000
2018-03-01 00:20:21,0.00143000,10.52000000
2018-03-01 00:20:21,0.00142900,1.00000000
2018-03-01 00:20:21,0.00142900,48.67000000
2018-03-01 00:20:22,0.00142890,3.80000000
2018-03-01 00:20:22,0.00142900,14.66000000
2018-03-01 00:20:22,0.00142900,0.84000000
2018-03-01 00:20:24,0.00142870,3.00000000
2018-03-01 00:20:25,0.00142890,5.95000000
2018-03-01 00:20:28,0.00142960,137.93000000
2018-03-01 00:20:31,0.00143050,1.27000000
2018-03-01 00:20:32,0.00142910,61.09000000
2018-03-01 00:20:32,0.00142900,34.87000000
2018-03-01 00:20:32,0.00142890,3.22000000
2018-03-01 00:20:32,0.00142880,8.75000000
2018-03-01 00:20:32,0.00142870,23.09000000
2018-03-01 00:20:32,0.00142840,2.13000000
2018-03-01 00:20:32,0.00142800,21.10000000
2018-03-01 00:20:33,0.00142910,134.93000000
2018-03-01 00:20:33,0.00142910,7.54000000
2018-03-01 00:20:33,0.00142870,71.00000000
2018-03-01 00:20:33,0.00142820,4.48000000
2018-03-01 00:20:34,0.00142800,5.00000000
2018-03-01 00:20:34,0.00143000,2.13000000
2018-03-01 00:20:35,0.00143000,17.87000000
2018-03-01 00:20:36,0.00142770,2.13000000
2018-03-01 00:20:36,0.00142750,0.17000000
2018-03-01 00:20:36,0.00142750,14.28000000
2018-03-01 00:20:36,0.00142750,52.00000000
2018-03-01 00:20:36,0.00142700,39.85000000
2018-03-01 00:20:36,0.00142550,0.01000000
2018-03-01 00:20:36,0.00142540,48.00000000
2018-03-01 00:20:36,0.00142510,2.09000000
2018-03-01 00:20:36,0.00142350,44.26000000
2018-03-01 00:20:36,0.00142340,3.56000000
2018-03-01 00:20:36,0.00142220,21.97000000
2018-03-01 00:20:37,0.00142960,1.07000000
2018-03-01 00:20:37,0.00142960,1.06000000
2018-03-01 00:20:37,0.00142960,1.72000000
2018-03-01 00:20:39,0.00142510,3.52000000
2018-03-01 00:20:39,0.00142540,5.64000000
2018-03-01 00:20:40,0.00142540,3.54000000
2018-03-01 00:20:40,0.00142540,1.43000000
2018-03-01 00:20:40,0.00142540,6.22000000
2018-03-01 00:20:40,0.00142540,2.87000000
2018-03-01 00:20:40,0.00142540,1.79000000
2018-03-01 00:20:40,0.00142540,2.58000000
2018-03-01 00:20:41,0.00142540,3.57000000
2018-03-01 00:20:41,0.00142960,26.43000000
2018-03-01 00:20:41,0.00142550,1.94000000
2018-03-01 00:20:41,0.00142560,1.79000000
2018-03-01 00:20:41,0.00142560,1.77000000
2018-03-01 00:20:41,0.00142560,2.15000000
2018-03-01 00:20:41,0.00142560,0.86000000
2018-03-01 00:20:41,0.00142560,14.89000000
2018-03-01 00:20:42,0.00142560,4.05000000
2018-03-01 00:20:42,0.00142560,3.51000000
2018-03-01 00:20:42,0.00142560,4.45000000
2018-03-01 00:20:43,0.00142560,3.54000000
2018-03-01 00:20:43,0.00142560,7.16000000
2018-03-01 00:20:43,0.00142560,1.07000000
2018-03-01 00:20:44,0.00142540,0.86000000
2018-03-01 00:20:44,0.00142800,2.91000000
2018-03-01 00:20:45,0.00142540,1.36000000
2018-03-01 00:20:45,0.00142910,1.00000000
2018-03-01 00:20:45,0.00142800,21.07000000
2018-03-01 00:20:45,0.00142910,2.54000000
2018-03-01 00:20:45,0.00142910,34.42000000
2018-03-01 00:20:45,0.00142910,20.62000000
2018-03-01 00:20:47,0.00142890,11.90000000
2018-03-01 00:20:48,0.00142870,5.92000000
2018-03-01 00:20:48,0.00142880,1.75000000
2018-03-01 00:20:48,0.00142710,65.15000000
2018-03-01 00:20:49,0.00142870,44.02000000
2018-03-01 00:20:49,0.00142590,3.50000000
2018-03-01 00:20:50,0.00142800,35.00000000
2018-03-01 00:20:50,0.00142800,2.42000000
2018-03-01 00:20:50,0.00142610,2.13000000
2018-03-01 00:20:50,0.00142560,0.78000000
2018-03-01 00:20:51,0.00142560,0.19000000
2018-03-01 00:20:54,0.00142560,3.04000000
2018-03-01 00:20:55,0.00142600,8.80000000
2018-03-01 00:20:55,0.00142600,1.70000000
2018-03-01 00:20:56,0.00142600,3.08000000
2018-03-01 00:21:02,0.00142770,161.37000000
2018-03-01 00:21:04,0.00142600,0.27000000
2018-03-01 00:21:04,0.00142580,2.13000000
2018-03-01 00:21:04,0.00142560,22.23000000
2018-03-01 00:21:04,0.00142550,38.70000000
2018-03-01 00:21:05,0.00142550,1.58000000
2018-03-01 00:21:05,0.00142650,144.79000000
2018-03-01 00:21:06,0.00142600,52.83000000
2018-03-01 00:21:06,0.00142550,37.75000000
2018-03-01 00:21:08,0.00142760,2.61000000
2018-03-01 00:21:09,0.00142560,7.17000000
2018-03-01 00:21:12,0.00142760,23.14000000
2018-03-01 00:21:12,0.00142770,2.86000000
2018-03-01 00:21:12,0.00142560,43.28000000
2018-03-01 00:21:12,0.00142550,75.21000000
2018-03-01 00:21:13,0.00142550,0.92000000
2018-03-01 00:21:13,0.00142550,0.79000000
2018-03-01 00:21:13,0.00142550,8.44000000
2018-03-01 00:21:13,0.00142540,13.99000000
2018-03-01 00:21:15,0.00142760,7.74000000
2018-03-01 00:21:21,0.00142600,88.87000000
2018-03-01 00:21:21,0.00142750,0.55000000
2018-03-01 00:21:21,0.00142640,72.01000000
2018-03-01 00:21:25,0.00142750,74.50000000
2018-03-01 00:21:25,0.00142540,3.54000000
2018-03-01 00:21:29,0.00142750,186.65000000
2018-03-01 00:21:33,0.00142640,151.66000000
2018-03-01 00:21:34,0.00142700,4.78000000
2018-03-01 00:21:40,0.00142600,27.38000000
2018-03-01 00:21:43,0.00142600,0.01000000
2018-03-01 00:21:44,0.00142600,1.00000000
2018-03-01 00:21:44,0.00142600,31.21000000
2018-03-01 00:21:44,0.00142600,4.45000000
2018-03-01 00:21:46,0.00142570,78.88000000
2018-03-01 00:21:48,0.00142560,5.34000000
2018-03-01 00:21:48,0.00142560,0.06000000
2018-03-01 00:21:49,0.00142550,71.13000000
2018-03-01 00:21:49,0.00142540,43.33000000
2018-03-01 00:21:54,0.00142540,22.99000000
2018-03-01 00:21:54,0.00142500,80.54000000
2018-03-01 00:21:56,0.00142500,100.19000000
2018-03-01 00:21:56,0.00142540,20.71000000
2018-03-01 00:21:56,0.00142540,1.77000000
2018-03-01 00:21:56,0.00142560,55.39000000
2018-03-01 00:21:56,0.00142600,135.95000000
2018-03-01 00:21:56,0.00142700,62.90000000
2018-03-01 00:21:56,0.00142750,37.49000000
2018-03-01 00:21:56,0.00142760,73.27000000
2018-03-01 00:21:56,0.00142770,122.13000000
2018-03-01 00:21:56,0.00142800,87.87000000
2018-03-01 00:21:56,0.00142540,1.77000000
2018-03-01 00:21:58,0.00142540,13.31000000
2018-03-01 00:21:58,0.00142540,0.10000000
2018-03-01 00:21:58,0.00142660,6.10000000
2018-03-01 00:21:58,0.00142540,1.27000000
2018-03-01 00:21:59,0.00142540,99.89000000
2018-03-01 00:21:59,0.00142470,1.16000000
2018-03-01 00:21:59,0.00142310,9.91000000
2018-03-01 00:21:59,0.00142220,7.03000000
2018-03-01 00:21:59,0.00142180,11.97000000
2018-03-01 00:22:00,0.00142210,2.55000000
2018-03-01 00:22:00,0.00142210,2.34000000
2018-03-01 00:22:01,0.00142500,3.16000000
2018-03-01 00:22:01,0.00142210,2.15000000
2018-03-01 00:22:01,0.00142210,31.03000000
2018-03-01 00:22:02,0.00142490,14.01000000
2018-03-01 00:22:02,0.00142500,100.46000000
2018-03-01 00:22:03,0.00142230,1.79000000
2018-03-01 00:22:03,0.00142230,4.50000000
2018-03-01 00:22:03,0.00142230,5.15000000
2018-03-01 00:22:04,0.00142230,0.04000000
2018-03-01 00:22:04,0.00142230,8.59000000
2018-03-01 00:22:05,0.00142230,1.78000000
2018-03-01 00:22:05,0.00142230,7.16000000
2018-03-01 00:22:05,0.00142230,1.56000000
2018-03-01 00:22:05,0.00142230,1.79000000
2018-03-01 00:22:06,0.00142250,3.51000000
2018-03-01 00:22:06,0.00142230,1.87000000
2018-03-01 00:22:06,0.00142230,3.64000000
2018-03-01 00:22:11,0.00142460,70.32000000
2018-03-01 00:22:17,0.00142460,5.73000000
2018-03-01 00:22:17,0.00142290,3.51000000
2018-03-01 00:22:17,0.00142280,7.02000000
2018-03-01 00:22:17,0.00142230,1.31000000
2018-03-01 00:22:19,0.00142240,8.75000000
2018-03-01 00:22:19,0.00142230,191.25000000
2018-03-01 00:22:23,0.00142250,3.51000000
2018-03-01 00:22:23,0.00142230,158.63000000
2018-03-01 00:22:23,0.00142230,1.00000000
2018-03-01 00:22:23,0.00142230,21.17000000
2018-03-01 00:22:24,0.00142180,2.15000000
2018-03-01 00:22:24,0.00142180,3.60000000
2018-03-01 00:22:24,0.00142180,2.65000000
2018-03-01 00:22:26,0.00142180,100.10000000
2018-03-01 00:22:27,0.00142180,101.39000000
2018-03-01 00:22:30,0.00142100,16.98000000
2018-03-01 00:22:30,0.00142090,1.19000000
2018-03-01 00:22:30,0.00142080,2.11000000
2018-03-01 00:22:30,0.00142050,76.07000000
2018-03-01 00:22:33,0.00142110,12.96000000
2018-03-01 00:22:34,0.00142050,29.53000000
2018-03-01 00:22:34,0.00142010,4.23000000
2018-03-01 00:22:34,0.00142000,2.86000000
2018-03-01 00:22:34,0.00142000,1.28000000
2018-03-01 00:22:35,0.00142000,30.78000000
2018-03-01 00:22:35,0.00142000,7.66000000
2018-03-01 00:22:36,0.00142000,18.60000000
2018-03-01 00:22:37,0.00142000,31.44000000
2018-03-01 00:22:40,0.00141960,2.83000000
2018-03-01 00:22:40,0.00141950,10.20000000
2018-03-01 00:22:41,0.00141950,0.17000000
2018-03-01 00:22:41,0.00141900,2.83000000
2018-03-01 00:22:42,0.00141900,0.34000000
2018-03-01 00:22:42,0.00141870,7.05000000
2018-03-01 00:22:42,0.00141850,2.47000000
2018-03-01 00:22:42,0.00141810,103.75000000
2018-03-01 00:22:42,0.00141800,115.54000000
2018-03-01 00:22:42,0.00141730,4.38000000
2018-03-01 00:22:42,0.00141610,4.23000000
2018-03-01 00:22:42,0.00141590,3.53000000
2018-03-01 00:22:42,0.00141550,4.00000000
2018-03-01 00:22:42,0.00141500,1.11000000
2018-03-01 00:22:42,0.00141490,74.20000000
2018-03-01 00:22:42,0.00141480,6.18000000
2018-03-01 00:22:42,0.00141380,36.21000000
2018-03-01 00:22:42,0.00141350,335.27000000
2018-03-01 00:22:42,0.00141990,2.13000000
2018-03-01 00:22:42,0.00142000,52.33000000
2018-03-01 00:22:42,0.00141950,5.00000000
2018-03-01 00:22:46,0.00141480,74.24000000
2018-03-01 00:22:46,0.00141470,3.88000000
2018-03-01 00:22:46,0.00141430,16.90000000
2018-03-01 00:22:46,0.00141370,54.83000000
2018-03-01 00:22:48,0.00141400,3.53000000
2018-03-01 00:22:49,0.00141390,1.28000000
2018-03-01 00:22:49,0.00141390,2.89000000
2018-03-01 00:22:49,0.00141390,66.54000000
2018-03-01 00:22:49,0.00141400,35.11000000
2018-03-01 00:22:49,0.00141400,32.61000000
2018-03-01 00:22:49,0.00141690,6.99000000
2018-03-01 00:22:50,0.00141380,2.50000000
2018-03-01 00:22:50,0.00141370,1.25000000
2018-03-01 00:22:50,0.00141370,7.01000000
2018-03-01 00:22:50,0.00141370,7.01000000
2018-03-01 00:22:50,0.00141350,7.01000000
2018-03-01 00:22:50,0.00141370,55.40000000
2018-03-01 00:22:50,0.00141470,2.13000000
2018-03-01 00:22:50,0.00141480,2.15000000
2018-03-01 00:22:50,0.00141400,69.70000000
2018-03-01 00:22:50,0.00141350,22.91000000
2018-03-01 00:22:51,0.00141680,2.50000000
2018-03-01 00:22:51,0.00141690,17.50000000
2018-03-01 00:22:52,0.00141680,8.75000000
2018-03-01 00:22:52,0.00141690,1.25000000
2018-03-01 00:22:56,0.00141670,2.82000000
2018-03-01 00:22:58,0.00141660,2.70000000
2018-03-01 00:23:01,0.00141490,8.01000000
2018-03-01 00:23:01,0.00141670,3.50000000
2018-03-01 00:23:04,0.00141680,3.24000000
2018-03-01 00:23:04,0.00141710,4.98000000
2018-03-01 00:23:05,0.00141680,30.51000000
2018-03-01 00:23:05,0.00141780,14.06000000
2018-03-01 00:23:06,0.00141680,145.70000000
2018-03-01 00:23:06,0.00141680,21.20000000
2018-03-01 00:23:06,0.00141770,7.94000000
2018-03-01 00:23:06,0.00141800,1.28000000
2018-03-01 00:23:08,0.00142080,1.42000000
2018-03-01 00:23:08,0.00142100,18.72000000
2018-03-01 00:23:08,0.00142170,27.00000000
2018-03-01 00:23:08,0.00142180,5.31000000
2018-03-01 00:23:08,0.00142220,34.66000000
2018-03-01 00:23:08,0.00142230,47.06000000
2018-03-01 00:23:10,0.00141990,19.68000000
2018-03-01 00:23:11,0.00142200,2.82000000
2018-03-01 00:23:11,0.00142230,67.74000000
2018-03-01 00:23:12,0.00142230,15.65000000
2018-03-01 00:23:13,0.00141990,1.00000000
2018-03-01 00:23:14,0.00141990,4.50000000
2018-03-01 00:23:14,0.00142010,2.13000000
2018-03-01 00:23:14,0.00141990,2.31000000
2018-03-01 00:23:14,0.00141840,1.92000000
2018-03-01 00:23:14,0.00141820,2.13000000
2018-03-01 00:23:14,0.00141800,226.97000000
2018-03-01 00:23:14,0.00141770,132.27000000
2018-03-01 00:23:14,0.00141730,14.94000000
2018-03-01 00:23:14,0.00141720,0.78000000
2018-03-01 00:23:14,0.00141700,305.80000000
2018-03-01 00:23:15,0.00141690,1.28000000
2018-03-01 00:23:15,0.00142010,9.96000000
2018-03-01 00:23:15,0.00142050,7.06000000
2018-03-01 00:23:15,0.00142140,4.24000000
2018-03-01 00:23:17,0.00142010,4.98000000
2018-03-01 00:23:21,0.00142140,0.29000000
2018-03-01 00:23:21,0.00142160,2.13000000
2018-03-01 00:23:21,0.00142180,0.26000000
2018-03-01 00:23:22,0.00142010,13.51000000
2018-03-01 00:23:26,0.00142090,99.32000000
2018-03-01 00:23:26,0.00142020,2.77000000
2018-03-01 00:23:26,0.00142010,391.69000000
2018-03-01 00:23:26,0.00142010,3.54000000
2018-03-01 00:23:26,0.00141890,14.09000000
2018-03-01 00:23:26,0.00141730,2.13000000
2018-03-01 00:23:26,0.00141690,5.00000000
2018-03-01 00:23:26,0.00141690,15.24000000
2018-03-01 00:23:33,0.00141960,1.22000000
2018-03-01 00:23:33,0.00141970,14.09000000
2018-03-01 00:23:33,0.00141990,2.13000000
2018-03-01 00:23:33,0.00142010,6.56000000
2018-03-01 00:23:35,0.00142010,35.80000000
2018-03-01 00:23:39,0.00141980,26.54000000
2018-03-01 00:23:46,0.00142010,0.74000000
2018-03-01 00:23:48,0.00142010,1.34000000
2018-03-01 00:23:48,0.00142000,33.28000000
2018-03-01 00:23:54,0.00141980,106.19000000
2018-03-01 00:23:55,0.00142000,2.40000000
2018-03-01 00:23:58,0.00141970,2.81000000
2018-03-01 00:23:59,0.00141990,11.65000000
2018-03-01 00:24:00,0.00142000,25.87000000
2018-03-01 00:24:01,0.00142000,26.00000000
2018-03-01 00:24:05,0.00141990,0.71000000
2018-03-01 00:24:05,0.00141750,2.13000000
2018-03-01 00:24:05,0.00141720,0.94000000
2018-03-01 00:24:05,0.00141710,16.24000000
2018-03-01 00:24:05,0.00141690,50.47000000
2018-03-01 00:24:05,0.00141690,37.62000000
2018-03-01 00:24:06,0.00141930,2.13000000
2018-03-01 00:24:06,0.00141980,2.13000000
2018-03-01 00:24:06,0.00142000,81.10000000
2018-03-01 00:24:08,0.00141980,3.14000000
2018-03-01 00:24:12,0.00141980,8.57000000
2018-03-01 00:24:12,0.00141980,7.00000000
2018-03-01 00:24:12,0.00141980,9.00000000
2018-03-01 00:24:12,0.00141980,13.64000000
2018-03-01 00:24:12,0.00141980,45.63000000
2018-03-01 00:24:13,0.00141980,6.32000000
2018-03-01 00:24:16,0.00141840,33.41000000
2018-03-01 00:24:17,0.00141980,22.46000000
2018-03-01 00:24:17,0.00142000,23.34000000
2018-03-01 00:24:17,0.00142000,567.78000000
2018-03-01 00:24:18,0.00142180,2.13000000
2018-03-01 00:24:18,0.00142200,44.75000000
2018-03-01 00:24:20,0.00142340,3.53000000
2018-03-01 00:24:20,0.00142430,20.25000000
2018-03-01 00:24:20,0.00142030,4.07000000
2018-03-01 00:24:23,0.00142070,14.00000000
2018-03-01 00:24:23,0.00142180,0.94000000
2018-03-01 00:24:23,0.00142430,84.41000000
2018-03-01 00:24:23,0.00142170,19.35000000
2018-03-01 00:24:24,0.00142100,70.33000000
2018-03-01 00:24:24,0.00142090,4.98000000
2018-03-01 00:24:24,0.00142080,14.07000000
2018-03-01 00:24:24,0.00142070,2.13000000
2018-03-01 00:24:24,0.00142050,0.77000000
2018-03-01 00:24:24,0.00142030,4.89000000
2018-03-01 00:24:24,0.00142020,243.39000000
2018-03-01 00:24:24,0.00142010,0.77000000
2018-03-01 00:24:24,0.00142000,707.83000000
2018-03-01 00:24:24,0.00142430,0.94000000
2018-03-01 00:24:24,0.00142430,2.13000000
2018-03-01 00:24:24,0.00142430,2.13000000
2018-03-01 00:24:24,0.00142430,4.98000000
2018-03-01 00:24:24,0.00142430,4.98000000
2018-03-01 00:24:24,0.00142430,4.98000000
2018-03-01 00:24:24,0.00142500,1.03000000
2018-03-01 00:24:24,0.00142520,1.25000000
2018-03-01 00:24:24,0.00142430,5.79000000
2018-03-01 00:24:25,0.00142430,59.42000000
2018-03-01 00:24:28,0.00142270,70.33000000
2018-03-01 00:24:28,0.00142280,14.07000000
2018-03-01 00:24:28,0.00142300,4.98000000
2018-03-01 00:24:29,0.00142430,10.62000000
2018-03-01 00:24:34,0.00142380,113.05000000
2018-03-01 00:24:37,0.00142500,29.66000000
2018-03-01 00:24:37,0.00142270,2.13000000
2018-03-01 00:24:37,0.00142250,65.50000000
2018-03-01 00:24:41,0.00142500,7.41000000
2018-03-01 00:24:44,0.00142500,2.46000000
2018-03-01 00:24:45,0.00142430,59.00000000
2018-03-01 00:24:45,0.00142290,2.13000000
2018-03-01 00:24:45,0.00142250,60.32000000
2018-03-01 00:24:51,0.00142250,5.00000000
2018-03-01 00:24:51,0.00142430,59.00000000
2018-03-01 00:24:51,0.00142480,2.13000000
2018-03-01 00:24:51,0.00142500,172.96000000
2018-03-01 00:24:51,0.00142510,3.21000000
2018-03-01 00:24:53,0.00142510,1.24000000
2018-03-01 00:24:54,0.00142370,40.28000000
2018-03-01 00:25:01,0.00142500,5.00000000
2018-03-01 00:25:04,0.00142500,42.33000000
2018-03-01 00:25:06,0.00142510,2.46000000
2018-03-01 00:25:06,0.00142520,1.00000000
2018-03-01 00:25:13,0.00142520,9.96000000
2018-03-01 00:25:13,0.00142540,1.99000000
2018-03-01 00:25:13,0.00142550,6.17000000
2018-03-01 00:25:13,0.00142580,21.85000000
2018-03-01 00:25:14,0.00142510,26.27000000
2018-03-01 00:25:15,0.00142570,10.20000000
2018-03-01 00:25:15,0.00142580,31.68000000
2018-03-01 00:25:15,0.00142590,149.85000000
2018-03-01 00:25:19,0.00142610,3.17000000
2018-03-01 00:25:19,0.00142660,8.46000000
2018-03-01 00:25:19,0.00142800,4.43000000
2018-03-01 00:25:20,0.00142800,60.33000000
2018-03-01 00:25:20,0.00142800,77.85000000
2018-03-01 00:25:20,0.00142610,2.13000000
2018-03-01 00:25:20,0.00142590,29.77000000
2018-03-01 00:25:20,0.00142510,2.81000000
2018-03-01 00:25:21,0.00142580,5.35000000
2018-03-01 00:25:24,0.00142540,47.14000000
2018-03-01 00:25:25,0.00142580,27.61000000
2018-03-01 00:25:26,0.00142580,0.58000000
2018-03-01 00:25:26,0.00142590,0.60000000
2018-03-01 00:25:26,0.00142780,2.13000000
2018-03-01 00:25:26,0.00142850,2.27000000
2018-03-01 00:25:27,0.00142850,1.00000000
2018-03-01 00:25:27,0.00142580,14.21000000
2018-03-01 00:25:27,0.00142550,2.13000000
2018-03-01 00:25:29,0.00142550,8.81000000
2018-03-01 00:25:29,0.00142830,2.13000000
2018-03-01 00:25:29,0.00142850,1.71000000
2018-03-01 00:25:29,0.00142860,10.58000000
2018-03-01 00:25:29,0.00142870,5.40000000
2018-03-01 00:25:29,0.00142900,1.00000000
2018-03-01 00:25:29,0.00142900,1.50000000
2018-03-01 00:25:29,0.00142900,1.21000000
2018-03-01 00:25:29,0.00142900,15.69000000
2018-03-01 00:25:29,0.00142520,3.55000000
2018-03-01 00:25:32,0.00142900,6.92000000
2018-03-01 00:25:32,0.00142960,114.23000000
2018-03-01 00:25:32,0.00142980,3.14000000
2018-03-01 00:25:32,0.00142990,116.73000000
2018-03-01 00:25:32,0.00143000,145.87000000
2018-03-01 00:25:34,0.00142900,21.51000000
2018-03-01 00:25:35,0.00142900,53.56000000
2018-03-01 00:25:35,0.00142930,18.87000000
2018-03-01 00:25:35,0.00142950,20.00000000
2018-03-01 00:25:35,0.00143000,6.92000000
2018-03-01 00:25:35,0.00143050,1.35000000
2018-03-01 00:25:35,0.00143080,3.54000000
2018-03-01 00:25:35,0.00143090,35.63000000
2018-03-01 00:25:35,0.00143100,212.06000000
2018-03-01 00:25:35,0.00142650,11.96000000
2018-03-01 00:25:36,0.00142670,2.20000000
2018-03-01 00:25:37,0.00143070,4.47000000
2018-03-01 00:25:37,0.00143100,477.52000000
2018-03-01 00:25:39,0.00142710,52.41000000
2018-03-01 00:25:42,0.00143090,70.12000000
2018-03-01 00:25:42,0.00143100,83.42000000
2018-03-01 00:25:42,0.00142730,17.17000000
2018-03-01 00:25:44,0.00142910,126.79000000
2018-03-01 00:25:45,0.00143030,1.21000000
2018-03-01 00:25:45,0.00143040,2.79000000
2018-03-01 00:25:46,0.00142750,2.13000000
2018-03-01 00:25:46,0.00142740,7.83000000
2018-03-01 00:25:49,0.00142740,2.13000000
2018-03-01 00:25:49,0.00142730,2.13000000
2018-03-01 00:25:49,0.00142720,10.74000000
2018-03-01 00:25:50,0.00142970,14.38000000
2018-03-01 00:25:50,0.00142980,3.49000000
2018-03-01 00:25:50,0.00143030,12.09000000
2018-03-01 00:25:50,0.00143040,2.53000000
2018-03-01 00:25:50,0.00143060,2.32000000
2018-03-01 00:25:51,0.00142730,70.02000000
2018-03-01 00:25:51,0.00142720,3.27000000
2018-03-01 00:25:51,0.00142710,2.13000000
2018-03-01 00:25:51,0.00142700,25.99000000
2018-03-01 00:25:51,0.00142600,32.00000000
2018-03-01 00:25:51,0.00142560,61.22000000
2018-03-01 00:25:51,0.00142550,14.05000000
2018-03-01 00:25:51,0.00142540,4.61000000
2018-03-01 00:25:51,0.00142510,33.30000000
2018-03-01 00:25:51,0.00142500,110.00000000
2018-03-01 00:25:51,0.00142370,50.00000000
2018-03-01 00:25:51,0.00142330,26.00000000
2018-03-01 00:25:51,0.00142320,2.81000000
2018-03-01 00:25:51,0.00142280,50.65000000
2018-03-01 00:25:51,0.00142250,176.81000000
2018-03-01 00:25:51,0.00142250,43.52000000
2018-03-01 00:25:51,0.00142240,4.22000000
2018-03-01 00:25:51,0.00142210,22.24000000
2018-03-01 00:25:51,0.00142210,7.76000000
2018-03-01 00:25:51,0.00142000,10.41000000
2018-03-01 00:25:51,0.00142000,70.02000000
2018-03-01 00:25:51,0.00142000,7.00000000
2018-03-01 00:25:51,0.00142010,8.41000000
2018-03-01 00:25:53,0.00142430,3.16000000
2018-03-01 00:25:53,0.00142030,0.18000000
2018-03-01 00:25:53,0.00142410,1.16000000
2018-03-01 00:25:54,0.00142030,2.11000000
2018-03-01 00:25:54,0.00142020,70.02000000
2018-03-01 00:25:54,0.00142030,1.16000000
2018-03-01 00:25:55,0.00142050,63.59000000
2018-03-01 00:25:55,0.00142330,53.85000000
2018-03-01 00:25:56,0.00142070,6.77000000
2018-03-01 00:25:56,0.00142060,9.42000000
2018-03-01 00:25:56,0.00142040,7.68000000
2018-03-01 00:25:56,0.00142030,2.11000000
2018-03-01 00:25:56,0.00142020,70.36000000
2018-03-01 00:25:56,0.00142030,8.36000000
2018-03-01 00:25:56,0.00142500,3.06000000
2018-03-01 00:25:56,0.00142610,61.22000000
2018-03-01 00:25:56,0.00142620,14.01000000
2018-03-01 00:25:56,0.00142630,66.18000000
2018-03-01 00:25:56,0.00142640,4.26000000
2018-03-01 00:25:56,0.00142650,55.74000000
2018-03-01 00:25:56,0.00142720,7.00000000
2018-03-01 00:25:56,0.00142730,405.39000000
2018-03-01 00:25:58,0.00142090,1.07000000
2018-03-01 00:25:59,0.00142640,5.61000000
2018-03-01 00:25:59,0.00142100,2.26000000
2018-03-01 00:26:00,0.00142620,0.68000000
2018-03-01 00:26:01,0.00142610,2.80000000
2018-03-01 00:26:04,0.00142170,85.91000000
2018-03-01 00:26:06,0.00142560,20.31000000
2018-03-01 00:26:09,0.00142340,133.50000000
2018-03-01 00:26:10,0.00142440,50.08000000
2018-03-01 00:26:10,0.00142450,12.56000000
2018-03-01 00:26:10,0.00142470,1.70000000
2018-03-01 00:26:10,0.00142500,27.22000000
2018-03-01 00:26:10,0.00142510,1.44000000
2018-03-01 00:26:11,0.00142220,1.34000000
2018-03-01 00:26:11,0.00142510,2.07000000
2018-03-01 00:26:11,0.00142590,7.62000000
2018-03-01 00:26:16,0.00142450,0.42000000
2018-03-01 00:26:16,0.00142450,25.39000000
2018-03-01 00:26:22,0.00142450,18.99000000
2018-03-01 00:26:27,0.00142350,60.72000000
2018-03-01 00:26:27,0.00142440,2.98000000
2018-03-01 00:26:27,0.00142450,0.11000000
2018-03-01 00:26:27,0.00142450,2.12000000
2018-03-01 00:26:27,0.00142450,0.98000000
2018-03-01 00:26:28,0.00142450,27.49000000
2018-03-01 00:26:31,0.00142270,2.91000000
2018-03-01 00:26:31,0.00142250,48.56000000
2018-03-01 00:26:31,0.00142180,6.89000000
2018-03-01 00:26:31,0.00142160,14.06000000
2018-03-01 00:26:31,0.00142060,71.96000000
2018-03-01 00:26:32,0.00142400,1.26000000
2018-03-01 00:26:43,0.00142060,489.48000000
2018-03-01 00:26:43,0.00142030,38.16000000
2018-03-01 00:26:43,0.00142010,32.09000000
2018-03-01 00:26:43,0.00142000,109.83000000
2018-03-01 00:26:43,0.00142000,138.18000000
2018-03-01 00:26:44,0.00142100,15.00000000
2018-03-01 00:26:46,0.00142100,43.33000000
2018-03-01 00:26:46,0.00142000,15.43000000
2018-03-01 00:26:46,0.00142100,2.37000000
2018-03-01 00:26:47,0.00142100,1.22000000
2018-03-01 00:26:47,0.00142100,14.50000000
2018-03-01 00:26:48,0.00142040,140.37000000
2018-03-01 00:26:51,0.00142000,25.34000000
2018-03-01 00:26:52,0.00142100,18.11000000
2018-03-01 00:26:52,0.00142300,1.60000000
2018-03-01 00:27:00,0.00142250,59.28000000
2018-03-01 00:27:00,0.00142260,68.74000000
2018-03-01 00:27:00,0.00142280,7.68000000
2018-03-01 00:27:00,0.00142290,12.80000000
2018-03-01 00:27:00,0.00142310,6.89000000
2018-03-01 00:27:00,0.00142350,105.22000000
2018-03-01 00:27:00,0.00142390,16.55000000
2018-03-01 00:27:00,0.00142430,2.13000000
2018-03-01 00:27:00,0.00142500,2.11000000
2018-03-01 00:27:00,0.00142560,1.76000000
2018-03-01 00:27:00,0.00142590,50.00000000
2018-03-01 00:27:00,0.00142600,430.00000000
2018-03-01 00:27:00,0.00142610,436.84000000
2018-03-01 00:27:01,0.00142050,17.90000000
2018-03-01 00:27:01,0.00142320,67.59000000
2018-03-01 00:27:01,0.00142040,21.70000000
2018-03-01 00:27:01,0.00142040,117.77000000
2018-03-01 00:27:10,0.00142140,14.07000000
2018-03-01 00:27:10,0.00142100,46.17000000
2018-03-01 00:27:14,0.00142160,2.13000000
2018-03-01 00:27:14,0.00142120,60.89000000
2018-03-01 00:27:14,0.00142110,10.00000000
2018-03-01 00:27:14,0.00142100,126.98000000
2018-03-01 00:27:18,0.00142180,2.13000000
2018-03-01 00:27:19,0.00142100,19.24000000
2018-03-01 00:27:19,0.00142100,20.00000000
2018-03-01 00:27:19,0.00142110,83.58000000
2018-03-01 00:27:20,0.00142180,147.23000000
2018-03-01 00:27:21,0.00142290,17.00000000
2018-03-01 00:27:21,0.00142290,6.32000000
2018-03-01 00:27:24,0.00142280,1.53000000
2018-03-01 00:27:26,0.00142270,1.00000000
2018-03-01 00:27:30,0.00142270,0.70000000
2018-03-01 00:27:30,0.00142280,7.73000000
2018-03-01 00:27:31,0.00142140,5.60000000
2018-03-01 00:27:33,0.00142140,1.42000000
2018-03-01 00:27:36,0.00142140,64.57000000
2018-03-01 00:27:40,0.00142260,3.34000000
2018-03-01 00:27:40,0.00142190,74.45000000
2018-03-01 00:27:43,0.00142260,46.24000000
2018-03-01 00:27:43,0.00142260,0.51000000
2018-03-01 00:27:44,0.00142280,11.89000000
2018-03-01 00:27:46,0.00142270,1.54000000
2018-03-01 00:27:48,0.00142270,4.46000000
2018-03-01 00:27:50,0.00142270,9.25000000
2018-03-01 00:27:53,0.00142230,4.16000000
2018-03-01 00:27:59,0.00142270,1.00000000
2018-03-01 00:28:00,0.00142270,6.53000000
2018-03-01 00:28:02,0.00142280,1.21000000
2018-03-01 00:28:03,0.00142280,1.00000000
2018-03-01 00:28:04,0.00142280,15.65000000
2018-03-01 00:28:07,0.00142330,2.00000000
2018-03-01 00:28:07,0.00142330,0.13000000
2018-03-01 00:28:07,0.00142370,1.08000000
2018-03-01 00:28:09,0.00142370,8.00000000
2018-03-01 00:28:09,0.00142370,1.27000000
2018-03-01 00:28:11,0.00142280,8.57000000
2018-03-01 00:28:11,0.00142290,9.00000000
2018-03-01 00:28:13,0.00142330,81.32000000
2018-03-01 00:28:13,0.00142370,6.20000000
2018-03-01 00:28:18,0.00142400,1.16000000
2018-03-01 00:28:20,0.00142400,20.07000000
2018-03-01 00:28:20,0.00142370,51.33000000
2018-03-01 00:28:23,0.00142300,1.36000000
2018-03-01 00:28:23,0.00142300,3.51000000
2018-03-01 00:28:24,0.00142300,21.09000000
2018-03-01 00:28:24,0.00142360,9.00000000
2018-03-01 00:28:24,0.00142370,12.76000000
2018-03-01 00:28:27,0.00142400,116.54000000
2018-03-01 00:28:29,0.00142330,8.54000000
2018-03-01 00:28:41,0.00142370,1.34000000
2018-03-01 00:28:44,0.00142340,88.18000000
2018-03-01 00:28:46,0.00142370,0.66000000
2018-03-01 00:28:46,0.00142410,2.13000000
2018-03-01 00:28:46,0.00142530,47.21000000
2018-03-01 00:28:48,0.00142340,0.51000000
2018-03-01 00:28:49,0.00142340,15.73000000
2018-03-01 00:28:51,0.00142340,78.70000000
2018-03-01 00:28:52,0.00142340,4.00000000
2018-03-01 00:28:53,0.00142330,271.18000000
2018-03-01 00:28:55,0.00142300,1.00000000
2018-03-01 00:28:56,0.00142300,7.33000000
2018-03-01 00:28:58,0.00142300,14.23000000
2018-03-01 00:28:59,0.00142290,15.25000000
2018-03-01 00:29:04,0.00142280,32.53000000
2018-03-01 00:29:05,0.00142280,70.31000000
2018-03-01 00:29:05,0.00142280,70.31000000
2018-03-01 00:29:06,0.00142280,70.31000000
2018-03-01 00:29:06,0.00142280,83.14000000
2018-03-01 00:29:07,0.00142280,3.10000000
2018-03-01 00:29:08,0.00142200,21.23000000
2018-03-01 00:29:10,0.00142200,38.77000000
2018-03-01 00:29:10,0.00142150,29.51000000
2018-03-01 00:29:10,0.00142140,116.31000000
2018-03-01 00:29:12,0.00142250,1.27000000
2018-03-01 00:29:13,0.00142220,42.46000000
2018-03-01 00:29:13,0.00142250,1.00000000
2018-03-01 00:29:14,0.00142200,1.00000000
2018-03-01 00:29:14,0.00142200,0.92000000
2018-03-01 00:29:14,0.00142200,1.52000000
2018-03-01 00:29:16,0.00142250,14.72000000
2018-03-01 00:29:16,0.00142280,192.12000000
2018-03-01 00:29:17,0.00142280,68.80000000
2018-03-01 00:29:19,0.00142210,94.90000000
2018-03-01 00:29:22,0.00142280,1.22000000
2018-03-01 00:29:24,0.00142280,1.22000000
2018-03-01 00:29:26,0.00142280,2.00000000
2018-03-01 00:29:27,0.00142280,1.22000000
2018-03-01 00:29:27,0.00142280,313.92000000
2018-03-01 00:29:27,0.00142300,680.35000000
2018-03-01 00:29:27,0.00142340,17.30000000
2018-03-01 00:29:27,0.00142510,61.15000000
2018-03-01 00:29:27,0.00142530,0.94000000
2018-03-01 00:29:27,0.00142720,89.09000000
2018-03-01 00:29:27,0.00142730,358.94000000
2018-03-01 00:29:27,0.00142800,175.47000000
2018-03-01 00:29:27,0.00142960,27.00000000
2018-03-01 00:29:27,0.00142970,142.53000000
2018-03-01 00:29:27,0.00142980,81.63000000
2018-03-01 00:29:27,0.00142990,1284.33000000
2018-03-01 00:29:27,0.00143000,320.79000000
2018-03-01 00:29:27,0.00143000,1.22000000
2018-03-01 00:29:27,0.00143000,1.22000000
2018-03-01 00:29:27,0.00143000,14.34000000
2018-03-01 00:29:27,0.00143000,778.79000000
2018-03-01 00:29:28,0.00142180,3.52000000
2018-03-01 00:29:28,0.00142170,26.00000000
2018-03-01 00:29:28,0.00142160,2.93000000
2018-03-01 00:29:28,0.00142160,7.68000000
2018-03-01 00:29:28,0.00142160,44.04000000
2018-03-01 00:29:31,0.00142370,26.28000000
2018-03-01 00:29:31,0.00142360,11.88000000
2018-03-01 00:29:31,0.00142920,20.00000000
2018-03-01 00:29:31,0.00142930,14.07000000
2018-03-01 00:29:31,0.00142950,26.00000000
2018-03-01 00:29:31,0.00143030,125.66000000
2018-03-01 00:29:31,0.00143090,8.25000000
2018-03-01 00:29:31,0.00143100,73.91000000
2018-03-01 00:29:34,0.00142720,22.12000000
2018-03-01 00:29:34,0.00142710,70.32000000
2018-03-01 00:29:34,0.00143050,1.21000000
2018-03-01 00:29:35,0.00142700,10.67000000
2018-03-01 00:29:37,0.00142500,15.00000000
2018-03-01 00:29:41,0.00142990,0.70000000
2018-03-01 00:29:46,0.00142980,3.09000000
2018-03-01 00:29:46,0.00142740,2.13000000
2018-03-01 00:29:46,0.00142720,20.00000000
2018-03-01 00:29:50,0.00142810,101.76000000
2018-03-01 00:29:59,0.00142810,364.19000000
2018-03-01 00:29:59,0.00142730,68.59000000
2018-03-01 00:29:59,0.00142710,21.83000000
2018-03-01 00:29:59,0.00142680,2.13000000
2018-03-01 00:29:59,0.00142650,14.02000000
2018-03-01 00:29:59,0.00142590,3.50000000
2018-03-01 00:30:00,0.00142500,67.77000000
2018-03-01 00:30:00,0.00142470,3.50000000
2018-03-01 00:30:00,0.00142590,1.27000000
2018-03-01 00:30:00,0.00142580,1.79000000
2018-03-01 00:30:00,0.00142580,1.00000000
2018-03-01 00:30:01,0.00142580,7.00000000
2018-03-01 00:30:01,0.00142580,1.72000000
2018-03-01 00:30:02,0.00142460,28.98000000
2018-03-01 00:30:02,0.00142350,13.84000000
2018-03-01 00:30:03,0.00142580,0.40000000
2018-03-01 00:30:03,0.00142590,0.11000000
2018-03-01 00:30:05,0.00142590,1.80000000
2018-03-01 00:30:06,0.00142170,0.78000000
2018-03-01 00:30:08,0.00142500,22.83000000
2018-03-01 00:30:08,0.00142190,10.00000000
2018-03-01 00:30:08,0.00142570,20.78000000
2018-03-01 00:30:08,0.00142580,14.02000000
2018-03-01 00:30:08,0.00142590,68.30000000
2018-03-01 00:30:10,0.00142580,3.52000000
2018-03-01 00:30:10,0.00142590,20.38000000
2018-03-01 00:30:11,0.00142590,2975.41000000
2018-03-01 00:30:11,0.00142750,20.00000000
2018-03-01 00:30:11,0.00142950,2.13000000
2018-03-01 00:30:11,0.00142960,2.13000000
2018-03-01 00:30:11,0.00142990,113.57000000
2018-03-01 00:30:11,0.00143100,435.66000000
2018-03-01 00:30:11,0.00143110,50.00000000
2018-03-01 00:30:11,0.00143110,8.00000000
2018-03-01 00:30:11,0.00143110,3.08000000
2018-03-01 00:30:11,0.00143110,50.85000000
2018-03-01 00:30:11,0.00143110,362.38000000
2018-03-01 00:30:11,0.00143120,20.00000000
2018-03-01 00:30:11,0.00143110,328.89000000
2018-03-01 00:30:15,0.00143070,10.00000000
2018-03-01 00:30:15,0.00143080,0.48000000
2018-03-01 00:30:15,0.00143080,9.00000000
2018-03-01 00:30:16,0.00142900,108.63000000
2018-03-01 00:30:18,0.00143080,4.96000000
2018-03-01 00:30:18,0.00143130,7.68000000
2018-03-01 00:30:18,0.00143140,3.16000000
2018-03-01 00:30:18,0.00143150,10.93000000
2018-03-01 00:30:18,0.00143170,3.68000000
2018-03-01 00:30:18,0.00143200,18.65000000
2018-03-01 00:30:20,0.00142820,0.51000000
2018-03-01 00:30:20,0.00142860,4.98000000
2018-03-01 00:30:21,0.00143100,12.20000000
2018-03-01 00:30:23,0.00142850,2.11000000
2018-03-01 00:30:23,0.00142850,0.16000000
2018-03-01 00:30:23,0.00143010,5.61000000
2018-03-01 00:30:23,0.00143100,7.80000000
2018-03-01 00:30:24,0.00143120,7.00000000
2018-03-01 00:30:24,0.00143120,7.68000000
2018-03-01 00:30:24,0.00143120,9.00000000
2018-03-01 00:30:24,0.00143120,1.00000000
2018-03-01 00:30:24,0.00143120,4.83000000
2018-03-01 00:30:24,0.00143120,7.00000000
2018-03-01 00:30:25,0.00143120,45.89000000
2018-03-01 00:30:25,0.00143120,1.50000000
2018-03-01 00:30:26,0.00143120,138.34000000
2018-03-01 00:30:28,0.00143200,63.00000000
2018-03-01 00:30:29,0.00143200,6.14000000
2018-03-01 00:30:29,0.00143210,3.05000000
2018-03-01 00:30:29,0.00143220,2.39000000
2018-03-01 00:30:29,0.00143230,3.46000000
2018-03-01 00:30:29,0.00143250,19.35000000
2018-03-01 00:30:29,0.00143270,3.46000000
2018-03-01 00:30:29,0.00143300,42.81000000
2018-03-01 00:30:29,0.00143310,2.11000000
2018-03-01 00:30:29,0.00143320,11.82000000
2018-03-01 00:30:29,0.00143340,1.65000000
2018-03-01 00:30:29,0.00143220,4.66000000
2018-03-01 00:30:30,0.00143220,87.25000000
2018-03-01 00:30:30,0.00143120,114.22000000
2018-03-01 00:30:30,0.00143220,35.85000000
2018-03-01 00:30:31,0.00143330,0.48000000
2018-03-01 00:30:31,0.00143140,2.08000000
2018-03-01 00:30:31,0.00143140,0.01000000
2018-03-01 00:30:31,0.00143130,60.82000000
2018-03-01 00:30:31,0.00143120,16.93000000
2018-03-01 00:30:32,0.00143120,38.10000000
2018-03-01 00:30:34,0.00143120,56.79000000
2018-03-01 00:30:34,0.00143140,1.86000000
2018-03-01 00:30:35,0.00143310,2.09000000
2018-03-01 00:30:35,0.00143320,13.91000000
2018-03-01 00:30:36,0.00143200,1.91000000
2018-03-01 00:30:39,0.00143200,1.00000000
2018-03-01 00:30:40,0.00143200,17.44000000
2018-03-01 00:30:40,0.00143140,0.08000000
2018-03-01 00:30:40,0.00143320,46.91000000
2018-03-01 00:30:40,0.00143340,99.76000000
2018-03-01 00:30:40,0.00143380,11.50000000
2018-03-01 00:30:40,0.00143390,1032.57000000
2018-03-01 00:30:40,0.00143400,307.76000000
2018-03-01 00:30:40,0.00143430,121.84000000
2018-03-01 00:30:40,0.00143450,109.91000000
2018-03-01 00:30:40,0.00143490,11.15000000
2018-03-01 00:30:40,0.00143500,335.81000000
2018-03-01 00:30:40,0.00143320,1.00000000
2018-03-01 00:30:40,0.00143320,9.38000000
2018-03-01 00:30:40,0.00143320,3.48000000
2018-03-01 00:30:41,0.00143320,3.50000000
2018-03-01 00:30:41,0.00143320,177.79000000
2018-03-01 00:30:42,0.00143190,1.27000000
2018-03-01 00:30:42,0.00143200,5.84000000
2018-03-01 00:30:43,0.00143200,175.30000000
2018-03-01 00:30:43,0.00143150,20.00000000
2018-03-01 00:30:45,0.00143390,17.03000000
