DATE,PRICE,VOLUME
2018-02-23 00:00:00,0.00094490,1.16000000
2018-02-23 00:00:03,0.00094490,32.95000000
2018-02-23 00:00:03,0.00094440,4.77000000
2018-02-23 00:00:03,0.00094410,1.48000000
2018-02-23 00:00:11,0.00094490,80.09000000
2018-02-23 00:00:12,0.00094430,2.12000000
2018-02-23 00:00:12,0.00094410,13.42000000
2018-02-23 00:00:14,0.00094440,62.87000000
2018-02-23 00:00:16,0.00094420,25.73000000
2018-02-23 00:00:16,0.00094410,122.15000000
2018-02-23 00:00:20,0.00094430,3.12000000
2018-02-23 00:00:21,0.00094430,2.67000000
2018-02-23 00:00:22,0.00094430,16.98000000
2018-02-23 00:00:24,0.00094460,3.36000000
2018-02-23 00:00:28,0.00094470,1.00000000
2018-02-23 00:00:33,0.00094470,1.12000000
2018-02-23 00:00:33,0.00094480,28.81000000
2018-02-23 00:00:33,0.00094490,185.40000000
2018-02-23 00:00:37,0.00094490,9.85000000
2018-02-23 00:00:38,0.00094490,34.58000000
2018-02-23 00:00:38,0.00094500,245.51000000
2018-02-23 00:00:38,0.00094500,0.10000000
2018-02-23 00:00:39,0.00094500,1.62000000
2018-02-23 00:00:43,0.00094500,275.46000000
2018-02-23 00:00:46,0.00094500,33.24000000
2018-02-23 00:00:47,0.00094470,75.44000000
2018-02-23 00:00:47,0.00094500,572.95000000
2018-02-23 00:00:48,0.00094500,227.43000000
2018-02-23 00:00:50,0.00094530,28.67000000
2018-02-23 00:00:50,0.00094500,3.13000000
2018-02-23 00:00:59,0.00094500,5.00000000
2018-02-23 00:01:07,0.00094500,5.00000000
2018-02-23 00:01:07,0.00094510,221.31000000
2018-02-23 00:01:08,0.00094530,31.09000000
2018-02-23 00:01:08,0.00094590,213.74000000
2018-02-23 00:01:08,0.00094600,873.11000000
2018-02-23 00:01:08,0.00094600,127.75000000
2018-02-23 00:01:10,0.00094600,21.26000000
2018-02-23 00:01:11,0.00094600,31.12000000
2018-02-23 00:01:12,0.00094600,4.76000000
2018-02-23 00:01:12,0.00094600,650.70000000
2018-02-23 00:01:13,0.00094640,3.21000000
2018-02-23 00:01:13,0.00094650,146.44000000
2018-02-23 00:01:16,0.00094650,115.73000000
2018-02-23 00:01:16,0.00094600,173.27000000
2018-02-23 00:01:17,0.00094600,124.47000000
2018-02-23 00:01:17,0.00094520,2.12000000
2018-02-23 00:01:17,0.00094510,21.00000000
2018-02-23 00:01:17,0.00094500,56.86000000
2018-02-23 00:01:18,0.00094580,2.12000000
2018-02-23 00:01:18,0.00094600,110.12000000
2018-02-23 00:01:18,0.00094600,2.66000000
2018-02-23 00:01:21,0.00094600,45.46000000
2018-02-23 00:01:21,0.00094600,11.13000000
2018-02-23 00:01:21,0.00094520,2.12000000
2018-02-23 00:01:21,0.00094500,0.33000000
2018-02-23 00:01:21,0.00094600,45.20000000
2018-02-23 00:01:22,0.00094580,2.07000000
2018-02-23 00:01:22,0.00094580,0.05000000
2018-02-23 00:01:22,0.00094600,2.02000000
2018-02-23 00:01:22,0.00094600,11.20000000
2018-02-23 00:01:22,0.00094510,11.20000000
2018-02-23 00:01:22,0.00094600,26.81000000
2018-02-23 00:01:22,0.00094600,7.09000000
2018-02-23 00:01:23,0.00094600,13.52000000
2018-02-23 00:01:23,0.00094510,14.01000000
2018-02-23 00:01:23,0.00094500,1.93000000
2018-02-23 00:01:24,0.00094570,31.69000000
2018-02-23 00:01:24,0.00094570,56.05000000
2018-02-23 00:01:30,0.00094570,24.99000000
2018-02-23 00:01:31,0.00094570,6.70000000
2018-02-23 00:01:31,0.00094540,84.29000000
2018-02-23 00:01:31,0.00094520,2.12000000
2018-02-23 00:01:31,0.00094500,10.58000000
2018-02-23 00:01:35,0.00094510,5.00000000
2018-02-23 00:01:36,0.00094640,2.12000000
2018-02-23 00:01:36,0.00094660,37.64000000
2018-02-23 00:01:43,0.00094660,18.39000000
2018-02-23 00:01:43,0.00094660,0.10000000
2018-02-23 00:01:44,0.00094550,5.37000000
2018-02-23 00:01:44,0.00094520,10.57000000
2018-02-23 00:01:44,0.00094510,24.66000000
2018-02-23 00:01:45,0.00094580,233.60000000
2018-02-23 00:01:45,0.00094660,1.02000000
2018-02-23 00:01:45,0.00094600,323.47000000
2018-02-23 00:01:46,0.00094600,7.66000000
2018-02-23 00:01:46,0.00094650,18.45000000
2018-02-23 00:01:47,0.00094650,11.21000000
2018-02-23 00:01:47,0.00094660,635.96000000
2018-02-23 00:01:47,0.00094600,11.64000000
2018-02-23 00:01:48,0.00094660,13.87000000
2018-02-23 00:01:48,0.00094600,56.00000000
2018-02-23 00:01:50,0.00094660,10.37000000
2018-02-23 00:01:51,0.00094600,3.03000000
2018-02-23 00:01:51,0.00094660,25.37000000
2018-02-23 00:01:52,0.00094660,9.17000000
2018-02-23 00:01:54,0.00094660,188.13000000
2018-02-23 00:01:59,0.00094620,100.31000000
2018-02-23 00:01:59,0.00094660,119.98000000
2018-02-23 00:02:01,0.00094660,87.31000000
2018-02-23 00:02:02,0.00094660,33.23000000
2018-02-23 00:02:02,0.00094680,14.78000000
2018-02-23 00:02:04,0.00094680,67.34000000
2018-02-23 00:02:05,0.00094680,10.48000000
2018-02-23 00:02:05,0.00094680,40.75000000
2018-02-23 00:02:08,0.00094680,94.27000000
2018-02-23 00:02:08,0.00094700,11.62000000
2018-02-23 00:02:09,0.00094720,71.32000000
2018-02-23 00:02:09,0.00094720,21.21000000
2018-02-23 00:02:10,0.00094720,142.58000000
2018-02-23 00:02:18,0.00094690,246.18000000
2018-02-23 00:02:20,0.00094720,139.89000000
2018-02-23 00:02:20,0.00094720,33.33000000
2018-02-23 00:02:22,0.00094730,5.00000000
2018-02-23 00:02:22,0.00094740,2.66000000
2018-02-23 00:02:22,0.00094750,5.00000000
2018-02-23 00:02:22,0.00094790,111.33000000
2018-02-23 00:02:23,0.00094790,166.64000000
2018-02-23 00:02:23,0.00094790,2.66000000
2018-02-23 00:02:23,0.00094790,187.45000000
2018-02-23 00:02:23,0.00094790,36.47000000
2018-02-23 00:02:29,0.00094730,112.89000000
2018-02-23 00:02:30,0.00094800,117.26000000
2018-02-23 00:02:31,0.00094790,11.41000000
2018-02-23 00:02:31,0.00094720,24.99000000
2018-02-23 00:02:37,0.00094800,7.29000000
2018-02-23 00:02:37,0.00094750,2.12000000
2018-02-23 00:02:37,0.00094730,9.11000000
2018-02-23 00:02:41,0.00094730,258.75000000
2018-02-23 00:02:43,0.00094780,2.12000000
2018-02-23 00:02:43,0.00094800,22.50000000
2018-02-23 00:02:44,0.00094730,9.18000000
2018-02-23 00:02:46,0.00094730,13.41000000
2018-02-23 00:02:46,0.00094730,43.90000000
2018-02-23 00:02:46,0.00094780,9.94000000
2018-02-23 00:02:47,0.00094760,137.08000000
2018-02-23 00:02:47,0.00094720,132.52000000
2018-02-23 00:02:47,0.00094700,2.12000000
2018-02-23 00:02:47,0.00094680,32.15000000
2018-02-23 00:02:47,0.00094680,101.26000000
2018-02-23 00:02:48,0.00094760,2.07000000
2018-02-23 00:02:48,0.00094760,0.05000000
2018-02-23 00:02:48,0.00094780,2.02000000
2018-02-23 00:02:48,0.00094680,2.12000000
2018-02-23 00:02:49,0.00094740,2.12000000
2018-02-23 00:02:49,0.00094780,0.16000000
2018-02-23 00:02:49,0.00094800,42.84000000
2018-02-23 00:02:49,0.00094660,37.28000000
2018-02-23 00:02:49,0.00094800,31.62000000
2018-02-23 00:02:49,0.00094800,3.12000000
2018-02-23 00:02:54,0.00094800,9.46000000
2018-02-23 00:02:54,0.00094830,13.82000000
2018-02-23 00:02:54,0.00094830,141.66000000
2018-02-23 00:02:55,0.00094740,20.64000000
2018-02-23 00:02:55,0.00094740,104.82000000
2018-02-23 00:03:05,0.00094800,11.00000000
2018-02-23 00:03:06,0.00094820,31.51000000
2018-02-23 00:03:08,0.00094820,68.49000000
2018-02-23 00:03:09,0.00094800,24.27000000
2018-02-23 00:03:10,0.00094830,68.51000000
2018-02-23 00:03:11,0.00094830,13.48000000
2018-02-23 00:03:12,0.00094780,2.12000000
2018-02-23 00:03:12,0.00094760,2.12000000
2018-02-23 00:03:12,0.00094740,1.73000000
2018-02-23 00:03:16,0.00094760,37.94000000
2018-02-23 00:03:16,0.00094760,233.39000000
2018-02-23 00:03:16,0.00094760,34.34000000
2018-02-23 00:03:16,0.00094800,100.00000000
2018-02-23 00:03:16,0.00094760,42.14000000
2018-02-23 00:03:16,0.00094740,28.88000000
2018-02-23 00:03:17,0.00094740,2.14000000
2018-02-23 00:03:19,0.00094630,44.66000000
2018-02-23 00:03:20,0.00094650,2.12000000
2018-02-23 00:03:20,0.00094630,21.19000000
2018-02-23 00:03:22,0.00094630,5.31000000
2018-02-23 00:03:23,0.00094720,1.30000000
2018-02-23 00:03:23,0.00094630,18.61000000
2018-02-23 00:03:23,0.00094610,97.32000000
2018-02-23 00:03:23,0.00094600,1925.01000000
2018-02-23 00:03:25,0.00094600,1000.00000000
2018-02-23 00:03:25,0.00094600,370.29000000
2018-02-23 00:03:25,0.00094600,14.42000000
2018-02-23 00:03:25,0.00094600,14.42000000
2018-02-23 00:03:25,0.00094600,2.81000000
2018-02-23 00:03:25,0.00094600,1340.05000000
2018-02-23 00:03:25,0.00094590,31.71000000
2018-02-23 00:03:26,0.00094510,80.20000000
2018-02-23 00:03:26,0.00094500,9.54000000
2018-02-23 00:03:27,0.00094600,43.65000000
2018-02-23 00:03:27,0.00094510,4.30000000
2018-02-23 00:03:27,0.00094500,5.73000000
2018-02-23 00:03:28,0.00094600,18.13000000
2018-02-23 00:03:29,0.00094500,130.36000000
2018-02-23 00:03:29,0.00094500,3.40000000
2018-02-23 00:03:29,0.00094500,43.42000000
2018-02-23 00:03:31,0.00094470,2.02000000
2018-02-23 00:03:31,0.00094460,8.53000000
2018-02-23 00:03:31,0.00094450,31.76000000
2018-02-23 00:03:31,0.00094430,112.00000000
2018-02-23 00:03:31,0.00094410,2.65000000
2018-02-23 00:03:31,0.00094400,7.81000000
2018-02-23 00:03:31,0.00094290,5.27000000
2018-02-23 00:03:31,0.00094230,23.34000000
2018-02-23 00:03:31,0.00094200,46.45000000
2018-02-23 00:03:31,0.00094130,7.00000000
2018-02-23 00:03:31,0.00094110,170.69000000
2018-02-23 00:03:31,0.00094100,69.08000000
2018-02-23 00:03:31,0.00094070,38.80000000
2018-02-23 00:03:31,0.00094000,500.12000000
2018-02-23 00:03:31,0.00094000,58.96000000
2018-02-23 00:03:31,0.00094000,51.03000000
2018-02-23 00:03:31,0.00094000,38.45000000
2018-02-23 00:03:31,0.00094000,904.67000000
2018-02-23 00:03:31,0.00094000,38.45000000
2018-02-23 00:03:32,0.00094000,8.48000000
2018-02-23 00:03:32,0.00094000,38.51000000
2018-02-23 00:03:32,0.00094000,162.43000000
2018-02-23 00:03:32,0.00094000,32.00000000
2018-02-23 00:03:32,0.00094000,38.45000000
2018-02-23 00:03:32,0.00094000,32.00000000
2018-02-23 00:03:32,0.00094000,176.67000000
2018-02-23 00:03:32,0.00094000,82.81000000
2018-02-23 00:03:32,0.00094000,32.00000000
2018-02-23 00:03:32,0.00094000,32.00000000
2018-02-23 00:03:32,0.00094000,4.40000000
2018-02-23 00:03:32,0.00094000,638.00000000
2018-02-23 00:03:32,0.00094000,103.00000000
2018-02-23 00:03:32,0.00094000,10.26000000
2018-02-23 00:03:32,0.00094000,14.68000000
2018-02-23 00:03:32,0.00094000,10.22000000
2018-02-23 00:03:32,0.00094000,6.45000000
2018-02-23 00:03:32,0.00094000,6.49000000
2018-02-23 00:03:32,0.00094000,6.51000000
2018-02-23 00:03:32,0.00093980,3.64000000
2018-02-23 00:03:32,0.00093990,3.52000000
2018-02-23 00:03:32,0.00093990,3.52000000
2018-02-23 00:03:32,0.00093990,3.48000000
2018-02-23 00:03:32,0.00093990,37.41000000
2018-02-23 00:03:32,0.00093990,3.64000000
2018-02-23 00:03:32,0.00093990,20.58000000
2018-02-23 00:03:32,0.00094000,20.57000000
2018-02-23 00:03:33,0.00094000,4.17000000
2018-02-23 00:03:33,0.00094000,39.08000000
2018-02-23 00:03:33,0.00094000,26.14000000
2018-02-23 00:03:34,0.00093990,18.62000000
2018-02-23 00:03:36,0.00093990,4.10000000
2018-02-23 00:03:36,0.00093980,4.23000000
2018-02-23 00:03:36,0.00093950,63.21000000
2018-02-23 00:03:36,0.00093940,2.45000000
2018-02-23 00:03:36,0.00093930,3.00000000
2018-02-23 00:03:36,0.00093910,204.58000000
2018-02-23 00:03:36,0.00093900,222.46000000
2018-02-23 00:03:36,0.00093890,11.31000000
2018-02-23 00:03:37,0.00093890,84.67000000
2018-02-23 00:03:38,0.00093980,64.57000000
2018-02-23 00:03:38,0.00093870,18.87000000
2018-02-23 00:03:39,0.00093980,3.92000000
2018-02-23 00:03:39,0.00093870,16.56000000
2018-02-23 00:03:39,0.00093850,23.39000000
2018-02-23 00:03:39,0.00093850,124.39000000
2018-02-23 00:03:40,0.00093870,7.98000000
2018-02-23 00:03:40,0.00093850,120.79000000
2018-02-23 00:03:41,0.00093870,14.08000000
2018-02-23 00:03:41,0.00093980,7.98000000
2018-02-23 00:03:42,0.00093870,7.99000000
2018-02-23 00:03:42,0.00093860,39.81000000
2018-02-23 00:03:42,0.00093850,49.99000000
2018-02-23 00:03:44,0.00093890,5.49000000
2018-02-23 00:03:44,0.00093850,268.02000000
2018-02-23 00:03:45,0.00093970,71.63000000
2018-02-23 00:03:45,0.00093970,56.78000000
2018-02-23 00:03:46,0.00093970,42.42000000
2018-02-23 00:03:47,0.00093850,59.17000000
2018-02-23 00:03:47,0.00093890,83.72000000
2018-02-23 00:03:49,0.00093860,12.44000000
2018-02-23 00:03:49,0.00093860,37.97000000
2018-02-23 00:03:50,0.00093860,27.20000000
2018-02-23 00:03:50,0.00093860,5.10000000
2018-02-23 00:03:51,0.00093860,23.32000000
2018-02-23 00:03:51,0.00093860,53.27000000
2018-02-23 00:03:51,0.00093850,155.69000000
2018-02-23 00:03:51,0.00093850,2.94000000
2018-02-23 00:03:52,0.00093850,5.00000000
2018-02-23 00:03:52,0.00093850,216.58000000
2018-02-23 00:03:52,0.00093850,10.52000000
2018-02-23 00:03:53,0.00093850,31.93000000
2018-02-23 00:03:53,0.00093850,125.14000000
2018-02-23 00:03:53,0.00093830,23.08000000
2018-02-23 00:03:53,0.00093830,48.07000000
2018-02-23 00:03:54,0.00093830,4.36000000
2018-02-23 00:03:56,0.00093800,46.69000000
2018-02-23 00:03:57,0.00093800,108.97000000
2018-02-23 00:04:02,0.00093800,8.15000000
2018-02-23 00:04:02,0.00093800,148.59000000
2018-02-23 00:04:02,0.00093800,76.29000000
2018-02-23 00:04:04,0.00093800,17.80000000
2018-02-23 00:04:04,0.00093830,11.00000000
2018-02-23 00:04:05,0.00093800,106.72000000
2018-02-23 00:04:05,0.00093790,42.53000000
2018-02-23 00:04:05,0.00093830,4.90000000
2018-02-23 00:04:06,0.00093830,33.77000000
2018-02-23 00:04:06,0.00093830,13.11000000
2018-02-23 00:04:06,0.00093830,31.94000000
2018-02-23 00:04:06,0.00093830,14.13000000
2018-02-23 00:04:06,0.00093830,11.18000000
2018-02-23 00:04:06,0.00093850,29.64000000
2018-02-23 00:04:06,0.00093850,2.69000000
2018-02-23 00:04:06,0.00093810,24.11000000
2018-02-23 00:04:07,0.00093800,24.11000000
2018-02-23 00:04:07,0.00093800,31.95000000
2018-02-23 00:04:07,0.00093800,10.47000000
2018-02-23 00:04:07,0.00093790,41.42000000
2018-02-23 00:04:07,0.00093790,117.16000000
2018-02-23 00:04:07,0.00093820,17.37000000
2018-02-23 00:04:08,0.00093830,17.92000000
2018-02-23 00:04:08,0.00093850,19.09000000
2018-02-23 00:04:12,0.00093860,4.04000000
2018-02-23 00:04:13,0.00093860,0.10000000
2018-02-23 00:04:15,0.00093860,108.54000000
2018-02-23 00:04:15,0.00093860,9.99000000
2018-02-23 00:04:17,0.00093970,206.82000000
2018-02-23 00:04:18,0.00093970,155.00000000
2018-02-23 00:04:18,0.00094000,417.37000000
2018-02-23 00:04:20,0.00093880,31.95000000
2018-02-23 00:04:20,0.00094000,599.99000000
2018-02-23 00:04:20,0.00093880,17.92000000
2018-02-23 00:04:21,0.00094000,131.53000000
2018-02-23 00:04:21,0.00094000,424.39000000
2018-02-23 00:04:21,0.00094000,1815.46000000
2018-02-23 00:04:21,0.00094000,131.01000000
2018-02-23 00:04:21,0.00094000,606.92000000
2018-02-23 00:04:21,0.00094000,100.69000000
2018-02-23 00:04:21,0.00093880,2.14000000
2018-02-23 00:04:22,0.00093980,2.14000000
2018-02-23 00:04:22,0.00094000,107.13000000
2018-02-23 00:04:22,0.00094000,228.93000000
2018-02-23 00:04:22,0.00094000,107.76000000
2018-02-23 00:04:22,0.00093860,4.26000000
2018-02-23 00:04:23,0.00094000,322.46000000
2018-02-23 00:04:23,0.00093860,69.23000000
2018-02-23 00:04:23,0.00093880,2.14000000
2018-02-23 00:04:23,0.00093860,32.79000000
2018-02-23 00:04:23,0.00094000,17.82000000
2018-02-23 00:04:23,0.00094000,21.38000000
2018-02-23 00:04:23,0.00093980,2.14000000
2018-02-23 00:04:23,0.00094000,15.68000000
2018-02-23 00:04:23,0.00094000,21.38000000
2018-02-23 00:04:23,0.00094000,21.38000000
2018-02-23 00:04:23,0.00094000,3.55000000
2018-02-23 00:04:24,0.00094000,3.57000000
2018-02-23 00:04:24,0.00094000,3.56000000
2018-02-23 00:04:24,0.00094000,3.56000000
2018-02-23 00:04:24,0.00094000,3.57000000
2018-02-23 00:04:24,0.00093860,21.38000000
2018-02-23 00:04:24,0.00093860,17.82000000
2018-02-23 00:04:24,0.00094000,82.93000000
2018-02-23 00:04:24,0.00093860,3.56000000
2018-02-23 00:04:24,0.00094000,399.99000000
2018-02-23 00:04:24,0.00093860,79.29000000
2018-02-23 00:04:26,0.00094000,177.17000000
2018-02-23 00:04:27,0.00094000,10.64000000
2018-02-23 00:04:28,0.00093930,89.35000000
2018-02-23 00:04:28,0.00094000,87.43000000
2018-02-23 00:04:28,0.00093880,2.14000000
2018-02-23 00:04:28,0.00093860,77.15000000
2018-02-23 00:04:30,0.00093980,2.14000000
2018-02-23 00:04:31,0.00093930,532.87000000
2018-02-23 00:04:31,0.00093890,21.00000000
2018-02-23 00:04:31,0.00093880,2.14000000
2018-02-23 00:04:31,0.00093870,8.47000000
2018-02-23 00:04:32,0.00093880,10.25000000
2018-02-23 00:04:34,0.00093880,2000.00000000
2018-02-23 00:04:35,0.00093880,175.97000000
2018-02-23 00:04:36,0.00093880,21.30000000
2018-02-23 00:04:36,0.00093870,13.58000000
2018-02-23 00:04:37,0.00093870,40.30000000
2018-02-23 00:04:37,0.00093860,87.40000000
2018-02-23 00:04:38,0.00093860,3.55000000
2018-02-23 00:04:39,0.00093860,53.88000000
2018-02-23 00:04:39,0.00093860,100.69000000
2018-02-23 00:04:41,0.00093880,363.41000000
2018-02-23 00:04:41,0.00093880,110.52000000
2018-02-23 00:04:41,0.00093860,6.10000000
2018-02-23 00:04:41,0.00093850,81.42000000
2018-02-23 00:04:43,0.00093850,67.86000000
2018-02-23 00:04:44,0.00093850,2.00000000
2018-02-23 00:04:45,0.00093850,3.57000000
2018-02-23 00:04:45,0.00093850,10.00000000
2018-02-23 00:04:47,0.00093830,45.09000000
2018-02-23 00:04:47,0.00093840,29.74000000
2018-02-23 00:04:51,0.00093850,31.96000000
2018-02-23 00:04:52,0.00093850,16.07000000
2018-02-23 00:04:52,0.00093880,3.32000000
2018-02-23 00:05:00,0.00093870,17.82000000
2018-02-23 00:05:00,0.00093880,229.28000000
2018-02-23 00:05:01,0.00093880,0.11000000
2018-02-23 00:05:01,0.00093960,2.14000000
2018-02-23 00:05:01,0.00094000,31.41000000
2018-02-23 00:05:03,0.00094000,67.38000000
2018-02-23 00:05:03,0.00094190,97.32000000
2018-02-23 00:05:03,0.00094250,20.63000000
2018-02-23 00:05:04,0.00093880,11.27000000
2018-02-23 00:05:05,0.00093990,100.59000000
2018-02-23 00:05:05,0.00093930,94.97000000
2018-02-23 00:05:07,0.00093980,11.27000000
2018-02-23 00:05:07,0.00093990,259.69000000
2018-02-23 00:05:07,0.00093990,39.33000000
2018-02-23 00:05:08,0.00093990,45.94000000
2018-02-23 00:05:12,0.00093990,1.80000000
2018-02-23 00:05:13,0.00093940,42.66000000
2018-02-23 00:05:13,0.00093990,11.46000000
2018-02-23 00:05:13,0.00093990,38.88000000
2018-02-23 00:05:13,0.00094170,39.79000000
2018-02-23 00:05:13,0.00094180,9.65000000
2018-02-23 00:05:13,0.00093930,7.44000000
2018-02-23 00:05:18,0.00094150,2.86000000
2018-02-23 00:05:19,0.00094040,2.14000000
2018-02-23 00:05:19,0.00094030,1.50000000
2018-02-23 00:05:20,0.00094140,0.71000000
2018-02-23 00:05:20,0.00094140,1.43000000
2018-02-23 00:05:20,0.00094160,154.44000000
2018-02-23 00:05:20,0.00094180,44.13000000
2018-02-23 00:05:21,0.00094080,35.36000000
2018-02-23 00:05:21,0.00094030,38.34000000
2018-02-23 00:05:21,0.00094020,8.14000000
2018-02-23 00:05:22,0.00094100,11.07000000
2018-02-23 00:05:22,0.00094100,0.18000000
2018-02-23 00:05:24,0.00094090,0.04000000
2018-02-23 00:05:24,0.00094050,2.14000000
2018-02-23 00:05:24,0.00094030,6.01000000
2018-02-23 00:05:28,0.00094030,1.71000000
2018-02-23 00:05:28,0.00094030,52.47000000
2018-02-23 00:05:31,0.00094020,2.00000000
2018-02-23 00:05:35,0.00093990,175.00000000
2018-02-23 00:05:35,0.00094000,130.34000000
2018-02-23 00:05:36,0.00094000,52.06000000
2018-02-23 00:05:36,0.00094000,176.41000000
2018-02-23 00:05:36,0.00094000,105.93000000
2018-02-23 00:05:36,0.00094030,167.01000000
2018-02-23 00:05:40,0.00094010,100.59000000
2018-02-23 00:05:41,0.00094020,10.64000000
2018-02-23 00:05:45,0.00094010,7.34000000
2018-02-23 00:05:46,0.00094000,53.78000000
2018-02-23 00:05:47,0.00093990,27.12000000
2018-02-23 00:05:49,0.00094000,1.39000000
2018-02-23 00:05:50,0.00094000,32.07000000
2018-02-23 00:05:51,0.00093990,176.27000000
2018-02-23 00:05:51,0.00094000,43.75000000
2018-02-23 00:05:54,0.00094000,68.42000000
2018-02-23 00:05:56,0.00093920,2.14000000
2018-02-23 00:05:56,0.00093900,21.00000000
2018-02-23 00:05:56,0.00093890,44.25000000
2018-02-23 00:05:56,0.00093860,25.87000000
2018-02-23 00:05:56,0.00093850,90.37000000
2018-02-23 00:05:56,0.00093850,45.02000000
2018-02-23 00:05:57,0.00093830,1.39000000
2018-02-23 00:05:57,0.00093800,90.36000000
2018-02-23 00:05:57,0.00093790,8.84000000
2018-02-23 00:05:57,0.00093850,87.86000000
2018-02-23 00:05:58,0.00093810,40.98000000
2018-02-23 00:05:58,0.00093850,0.10000000
2018-02-23 00:05:58,0.00093980,2.14000000
2018-02-23 00:05:58,0.00094000,38.74000000
2018-02-23 00:05:58,0.00094000,40.94000000
2018-02-23 00:05:59,0.00093820,9.08000000
2018-02-23 00:06:02,0.00093950,22.97000000
2018-02-23 00:06:02,0.00093950,12.18000000
2018-02-23 00:06:04,0.00093950,19.16000000
2018-02-23 00:06:07,0.00093940,9.08000000
2018-02-23 00:06:07,0.00093950,11.92000000
2018-02-23 00:06:08,0.00093950,12.73000000
2018-02-23 00:06:08,0.00093950,300.51000000
2018-02-23 00:06:08,0.00093950,12.64000000
2018-02-23 00:06:08,0.00093950,31.20000000
2018-02-23 00:06:09,0.00093850,0.04000000
2018-02-23 00:06:10,0.00093950,31.97000000
2018-02-23 00:06:11,0.00093910,106.22000000
2018-02-23 00:06:11,0.00093880,2.14000000
2018-02-23 00:06:11,0.00093860,5.32000000
2018-02-23 00:06:11,0.00093830,2.14000000
2018-02-23 00:06:11,0.00093810,24.22000000
2018-02-23 00:06:12,0.00093810,22.74000000
2018-02-23 00:06:16,0.00093850,3.40000000
2018-02-23 00:06:17,0.00093850,19.18000000
2018-02-23 00:06:17,0.00093830,2.14000000
2018-02-23 00:06:17,0.00093810,35.00000000
2018-02-23 00:06:19,0.00093810,32.85000000
2018-02-23 00:06:19,0.00093910,0.36000000
2018-02-23 00:06:20,0.00093790,2.16000000
2018-02-23 00:06:20,0.00093770,5.34000000
2018-02-23 00:06:20,0.00093760,55.33000000
2018-02-23 00:06:20,0.00093760,5.42000000
2018-02-23 00:06:20,0.00093760,4.52000000
2018-02-23 00:06:20,0.00093760,7.10000000
2018-02-23 00:06:20,0.00093760,6.33000000
2018-02-23 00:06:20,0.00093760,1.26000000
2018-02-23 00:06:20,0.00093760,1.26000000
2018-02-23 00:06:20,0.00093760,1.26000000
2018-02-23 00:06:20,0.00093760,1.26000000
2018-02-23 00:06:20,0.00093760,1.25000000
2018-02-23 00:06:20,0.00093730,5.05000000
2018-02-23 00:06:20,0.00093710,1.17000000
2018-02-23 00:06:20,0.00093640,15.91000000
2018-02-23 00:06:20,0.00093630,72.82000000
2018-02-23 00:06:21,0.00093760,38.48000000
2018-02-23 00:06:21,0.00093850,83.03000000
2018-02-23 00:06:24,0.00093830,39.83000000
2018-02-23 00:06:25,0.00093670,2.69000000
2018-02-23 00:06:26,0.00093780,46.61000000
2018-02-23 00:06:28,0.00093810,2.69000000
2018-02-23 00:06:28,0.00093820,9.87000000
2018-02-23 00:06:30,0.00093780,125.68000000
2018-02-23 00:06:30,0.00093800,33.76000000
2018-02-23 00:06:33,0.00093900,17.74000000
2018-02-23 00:06:33,0.00093910,1.78000000
2018-02-23 00:06:33,0.00093820,19.80000000
2018-02-23 00:06:33,0.00093930,12.14000000
2018-02-23 00:06:34,0.00093950,80.48000000
2018-02-23 00:06:34,0.00093820,2.93000000
2018-02-23 00:06:34,0.00093800,12.97000000
2018-02-23 00:06:36,0.00093860,4.92000000
2018-02-23 00:06:36,0.00093830,10.65000000
2018-02-23 00:06:36,0.00093810,11.93000000
2018-02-23 00:06:36,0.00093810,22.40000000
2018-02-23 00:06:36,0.00093950,10.64000000
2018-02-23 00:06:37,0.00093810,5.50000000
2018-02-23 00:06:37,0.00093800,1.56000000
2018-02-23 00:06:40,0.00093830,111.72000000
2018-02-23 00:06:42,0.00093790,2.14000000
2018-02-23 00:06:42,0.00093760,4.45000000
2018-02-23 00:06:42,0.00093750,19.66000000
2018-02-23 00:06:42,0.00093690,22.12000000
2018-02-23 00:06:42,0.00093640,34.53000000
2018-02-23 00:06:43,0.00093640,3.16000000
2018-02-23 00:06:45,0.00093800,9.58000000
2018-02-23 00:06:45,0.00093650,53.03000000
2018-02-23 00:06:45,0.00093640,604.76000000
2018-02-23 00:06:48,0.00093790,89.00000000
2018-02-23 00:06:53,0.00093670,2.14000000
2018-02-23 00:06:54,0.00093670,8.11000000
2018-02-23 00:06:58,0.00093770,9.85000000
2018-02-23 00:06:58,0.00093720,52.11000000
2018-02-23 00:07:01,0.00093770,49.15000000
2018-02-23 00:07:02,0.00093770,52.45000000
2018-02-23 00:07:04,0.00093780,53.31000000
2018-02-23 00:07:04,0.00093770,2.14000000
2018-02-23 00:07:08,0.00093770,0.27000000
2018-02-23 00:07:08,0.00093770,64.28000000
2018-02-23 00:07:08,0.00093780,42.72000000
2018-02-23 00:07:09,0.00093780,100.00000000
2018-02-23 00:07:09,0.00093690,2.14000000
2018-02-23 00:07:09,0.00093670,16.09000000
2018-02-23 00:07:14,0.00093760,2.14000000
2018-02-23 00:07:14,0.00093770,22.26000000
2018-02-23 00:07:16,0.00093770,154.47000000
2018-02-23 00:07:16,0.00093770,14.92000000
2018-02-23 00:07:16,0.00093770,5.00000000
2018-02-23 00:07:17,0.00093770,5.00000000
2018-02-23 00:07:17,0.00093700,2.14000000
2018-02-23 00:07:17,0.00093700,36.50000000
2018-02-23 00:07:18,0.00093740,2.14000000
2018-02-23 00:07:18,0.00093760,12.14000000
2018-02-23 00:07:18,0.00093720,2.18000000
2018-02-23 00:07:18,0.00093720,115.16000000
2018-02-23 00:07:18,0.00093720,2.18000000
2018-02-23 00:07:18,0.00093680,90.39000000
2018-02-23 00:07:19,0.00093760,50.00000000
2018-02-23 00:07:19,0.00093780,22.24000000
2018-02-23 00:07:20,0.00093780,39.73000000
2018-02-23 00:07:20,0.00093790,3.85000000
2018-02-23 00:07:20,0.00093790,8.06000000
2018-02-23 00:07:20,0.00093680,84.45000000
2018-02-23 00:07:20,0.00093670,62.20000000
2018-02-23 00:07:20,0.00093660,118.15000000
2018-02-23 00:07:21,0.00093670,18.24000000
2018-02-23 00:07:25,0.00093690,9.74000000
2018-02-23 00:07:28,0.00093850,10.66000000
2018-02-23 00:07:28,0.00093690,2.24000000
2018-02-23 00:07:28,0.00093660,15.22000000
2018-02-23 00:07:36,0.00093760,57.73000000
2018-02-23 00:07:38,0.00093710,12.20000000
2018-02-23 00:07:38,0.00093830,33.97000000
2018-02-23 00:07:38,0.00093840,18.23000000
2018-02-23 00:07:38,0.00093850,8.32000000
2018-02-23 00:07:38,0.00093880,2.14000000
2018-02-23 00:07:38,0.00093950,1.20000000
2018-02-23 00:07:41,0.00093900,33.65000000
2018-02-23 00:07:42,0.00093830,19.09000000
2018-02-23 00:07:44,0.00093890,7.00000000
2018-02-23 00:07:49,0.00093880,2.73000000
2018-02-23 00:07:50,0.00093830,122.96000000
2018-02-23 00:07:52,0.00093830,48.18000000
2018-02-23 00:07:56,0.00093800,0.31000000
2018-02-23 00:07:57,0.00093820,2.14000000
2018-02-23 00:07:57,0.00093800,20.04000000
2018-02-23 00:08:01,0.00093820,63.35000000
2018-02-23 00:08:03,0.00093800,27.87000000
2018-02-23 00:08:03,0.00093790,1211.49000000
2018-02-23 00:08:03,0.00093860,2.14000000
2018-02-23 00:08:03,0.00093880,2.47000000
2018-02-23 00:08:03,0.00093900,250.62000000
2018-02-23 00:08:03,0.00093860,31.96000000
2018-02-23 00:08:07,0.00093860,0.56000000
2018-02-23 00:08:07,0.00093800,1.81000000
2018-02-23 00:08:16,0.00093800,13.49000000
2018-02-23 00:08:16,0.00093790,310.67000000
2018-02-23 00:08:16,0.00093770,2.14000000
2018-02-23 00:08:16,0.00093760,28.10000000
2018-02-23 00:08:16,0.00093750,5.44000000
2018-02-23 00:08:20,0.00093750,49.26000000
2018-02-23 00:08:20,0.00093740,22.29000000
2018-02-23 00:08:21,0.00093750,7.29000000
2018-02-23 00:08:21,0.00093790,5.94000000
2018-02-23 00:08:22,0.00093750,7.60000000
2018-02-23 00:08:22,0.00093750,35.95000000
2018-02-23 00:08:24,0.00093740,144.85000000
2018-02-23 00:08:25,0.00093860,34.57000000
2018-02-23 00:08:25,0.00093860,0.02000000
2018-02-23 00:08:27,0.00093740,16.88000000
2018-02-23 00:08:28,0.00093740,18.10000000
2018-02-23 00:08:29,0.00093800,5.00000000
2018-02-23 00:08:29,0.00093860,10.00000000
2018-02-23 00:08:30,0.00093740,17.92000000
2018-02-23 00:08:34,0.00093860,10.65000000
2018-02-23 00:08:34,0.00093860,32.51000000
2018-02-23 00:08:34,0.00093880,26.55000000
2018-02-23 00:08:34,0.00093890,5.44000000
2018-02-23 00:08:34,0.00093900,31.41000000
2018-02-23 00:08:34,0.00093950,346.85000000
2018-02-23 00:08:36,0.00093850,68.98000000
2018-02-23 00:08:37,0.00093770,1.09000000
2018-02-23 00:08:37,0.00093760,102.96000000
2018-02-23 00:08:37,0.00093750,142.36000000
2018-02-23 00:08:37,0.00093740,41.60000000
2018-02-23 00:08:37,0.00093730,997.49000000
2018-02-23 00:08:40,0.00093890,61.87000000
2018-02-23 00:08:40,0.00093900,34.63000000
2018-02-23 00:08:40,0.00093920,22.12000000
2018-02-23 00:08:47,0.00093780,2.14000000
2018-02-23 00:08:47,0.00093770,39.87000000
2018-02-23 00:08:47,0.00093760,6.15000000
2018-02-23 00:08:47,0.00093750,69.42000000
2018-02-23 00:08:52,0.00093780,4.11000000
2018-02-23 00:08:52,0.00093750,14.90000000
2018-02-23 00:08:54,0.00093750,15.85000000
2018-02-23 00:08:56,0.00093750,73.05000000
2018-02-23 00:08:56,0.00093750,24.95000000
2018-02-23 00:08:56,0.00093750,32.00000000
2018-02-23 00:08:57,0.00093750,5.00000000
2018-02-23 00:08:58,0.00093750,70.00000000
2018-02-23 00:08:58,0.00093750,13.92000000
2018-02-23 00:08:58,0.00093740,21.80000000
2018-02-23 00:08:58,0.00093740,6.34000000
2018-02-23 00:08:58,0.00093740,13.92000000
2018-02-23 00:09:02,0.00093750,74.60000000
2018-02-23 00:09:07,0.00093760,9.83000000
2018-02-23 00:09:09,0.00093740,49.86000000
2018-02-23 00:09:12,0.00093740,20.95000000
2018-02-23 00:09:12,0.00093750,12.00000000
2018-02-23 00:09:15,0.00093750,85.15000000
2018-02-23 00:09:16,0.00093760,0.06000000
2018-02-23 00:09:25,0.00093750,258.36000000
2018-02-23 00:09:25,0.00093740,5.78000000
2018-02-23 00:09:25,0.00093730,1393.19000000
2018-02-23 00:09:26,0.00093730,149.20000000
2018-02-23 00:09:27,0.00093710,66.05000000
2018-02-23 00:09:27,0.00093700,250.94000000
2018-02-23 00:09:29,0.00093700,638.91000000
2018-02-23 00:09:31,0.00093700,139.99000000
2018-02-23 00:09:31,0.00093670,25.21000000
2018-02-23 00:09:31,0.00093660,43.64000000
2018-02-23 00:09:31,0.00093650,80.10000000
2018-02-23 00:09:32,0.00093660,20.09000000
2018-02-23 00:09:32,0.00093700,424.26000000
2018-02-23 00:09:32,0.00093720,22.05000000
2018-02-23 00:09:37,0.00093760,319.63000000
2018-02-23 00:09:43,0.00093760,508.91000000
2018-02-23 00:09:45,0.00093770,20.49000000
2018-02-23 00:09:51,0.00093800,1.04000000
2018-02-23 00:09:52,0.00093780,31.98000000
2018-02-23 00:09:52,0.00093780,6.76000000
2018-02-23 00:09:52,0.00093780,5.00000000
2018-02-23 00:09:52,0.00093780,5.00000000
2018-02-23 00:09:52,0.00093780,5.43000000
2018-02-23 00:09:53,0.00093780,31.98000000
2018-02-23 00:09:53,0.00093780,18.02000000
2018-02-23 00:09:53,0.00093800,63.95000000
2018-02-23 00:09:57,0.00093800,2.65000000
2018-02-23 00:09:58,0.00093890,50.30000000
2018-02-23 00:09:58,0.00093890,8.76000000
2018-02-23 00:09:59,0.00093890,0.46000000
2018-02-23 00:09:59,0.00093820,2.14000000
2018-02-23 00:09:59,0.00093800,148.15000000
2018-02-23 00:09:59,0.00093800,101.90000000
2018-02-23 00:09:59,0.00093800,31.95000000
2018-02-23 00:09:59,0.00093800,30.98000000
2018-02-23 00:09:59,0.00093800,31.95000000
2018-02-23 00:09:59,0.00093800,15.06000000
2018-02-23 00:10:02,0.00093790,85.72000000
2018-02-23 00:10:03,0.00093800,2.50000000
2018-02-23 00:10:06,0.00093870,2.14000000
2018-02-23 00:10:06,0.00093920,3.65000000
2018-02-23 00:10:08,0.00093910,72.24000000
2018-02-23 00:10:08,0.00093920,119.37000000
2018-02-23 00:10:08,0.00093940,32.01000000
2018-02-23 00:10:08,0.00093970,2.14000000
2018-02-23 00:10:08,0.00094000,563.46000000
2018-02-23 00:10:08,0.00094070,11.00000000
2018-02-23 00:10:09,0.00094070,243.12000000
2018-02-23 00:10:09,0.00094070,96.88000000
2018-02-23 00:10:09,0.00094070,110.62000000
2018-02-23 00:10:09,0.00094070,31.89000000
2018-02-23 00:10:09,0.00094070,38.44000000
2018-02-23 00:10:09,0.00094070,31.89000000
2018-02-23 00:10:09,0.00094070,100.68000000
2018-02-23 00:10:09,0.00094070,2.03000000
2018-02-23 00:10:10,0.00094190,65.06000000
2018-02-23 00:10:10,0.00094200,31.36000000
2018-02-23 00:10:11,0.00094200,23.97000000
2018-02-23 00:10:15,0.00094200,54.50000000
2018-02-23 00:10:15,0.00094200,9.13000000
2018-02-23 00:10:15,0.00094200,36.13000000
2018-02-23 00:10:16,0.00094200,52.15000000
2018-02-23 00:10:16,0.00094100,2.14000000
2018-02-23 00:10:16,0.00094080,226.35000000
2018-02-23 00:10:16,0.00094070,1126.01000000
2018-02-23 00:10:16,0.00094180,1.17000000
2018-02-23 00:10:18,0.00094180,0.97000000
2018-02-23 00:10:20,0.00094200,50.00000000
2018-02-23 00:10:20,0.00094210,98.02000000
2018-02-23 00:10:20,0.00094250,32.24000000
2018-02-23 00:10:24,0.00094220,26.11000000
2018-02-23 00:10:24,0.00094250,163.22000000
2018-02-23 00:10:27,0.00094260,2.00000000
2018-02-23 00:10:29,0.00094300,258.91000000
2018-02-23 00:10:29,0.00094300,49.87000000
2018-02-23 00:10:30,0.00094320,2.14000000
2018-02-23 00:10:30,0.00094300,4.86000000
2018-02-23 00:10:31,0.00094300,53.27000000
2018-02-23 00:10:31,0.00094350,2.14000000
2018-02-23 00:10:31,0.00094370,1.17000000
2018-02-23 00:10:31,0.00094390,3.59000000
2018-02-23 00:10:31,0.00094390,2.67000000
2018-02-23 00:10:33,0.00094300,2.67000000
2018-02-23 00:10:33,0.00094390,11.16000000
2018-02-23 00:10:34,0.00094390,10.00000000
2018-02-23 00:10:36,0.00094390,72.06000000
2018-02-23 00:10:36,0.00094480,217.26000000
2018-02-23 00:10:36,0.00094490,104.63000000
2018-02-23 00:10:36,0.00094500,725.13000000
2018-02-23 00:10:36,0.00094500,5.67000000
2018-02-23 00:10:36,0.00094500,19.02000000
2018-02-23 00:10:36,0.00094500,20.29000000
2018-02-23 00:10:36,0.00094500,3.90000000
2018-02-23 00:10:36,0.00094500,31.74000000
2018-02-23 00:10:36,0.00094500,5.95000000
2018-02-23 00:10:36,0.00094500,3.94000000
2018-02-23 00:10:36,0.00094500,2.01000000
2018-02-23 00:10:37,0.00094520,5.00000000
2018-02-23 00:10:37,0.00094520,86.35000000
2018-02-23 00:10:38,0.00094510,21.29000000
2018-02-23 00:10:38,0.00094510,11.98000000
2018-02-23 00:10:39,0.00094500,21.21000000
2018-02-23 00:10:40,0.00094520,5.00000000
2018-02-23 00:10:40,0.00094550,33.27000000
2018-02-23 00:10:40,0.00094560,25.86000000
2018-02-23 00:10:40,0.00094600,98.93000000
2018-02-23 00:10:45,0.00094510,97.53000000
2018-02-23 00:10:45,0.00094500,271.94000000
2018-02-23 00:10:45,0.00094600,26.01000000
2018-02-23 00:10:45,0.00094610,10.00000000
2018-02-23 00:10:49,0.00094610,0.61000000
2018-02-23 00:10:49,0.00094640,97.53000000
2018-02-23 00:10:49,0.00094650,43.64000000
2018-02-23 00:10:49,0.00094680,2.67000000
2018-02-23 00:10:49,0.00094690,33.10000000
2018-02-23 00:10:49,0.00094700,586.52000000
2018-02-23 00:10:49,0.00094700,3.45000000
2018-02-23 00:10:49,0.00094700,3.45000000
2018-02-23 00:10:49,0.00094700,5.00000000
2018-02-23 00:10:49,0.00094700,2.67000000
2018-02-23 00:10:50,0.00094700,19.99000000
2018-02-23 00:10:50,0.00094700,45.57000000
2018-02-23 00:10:50,0.00094700,5.00000000
2018-02-23 00:10:51,0.00094700,80.14000000
2018-02-23 00:10:51,0.00094700,255.23000000
2018-02-23 00:10:51,0.00094700,87.08000000
2018-02-23 00:10:53,0.00094630,2.12000000
2018-02-23 00:10:53,0.00094610,47.88000000
2018-02-23 00:10:54,0.00094680,2.12000000
2018-02-23 00:10:54,0.00094710,113.40000000
2018-02-23 00:10:54,0.00094730,13.24000000
2018-02-23 00:10:54,0.00094750,2.83000000
2018-02-23 00:10:54,0.00094750,31.66000000
2018-02-23 00:10:54,0.00094750,23.41000000
2018-02-23 00:10:55,0.00094750,371.99000000
2018-02-23 00:10:55,0.00094750,127.49000000
2018-02-23 00:10:55,0.00094750,31.66000000
2018-02-23 00:10:57,0.00094750,104.78000000
2018-02-23 00:10:57,0.00094750,31.66000000
2018-02-23 00:10:57,0.00094750,31.66000000
2018-02-23 00:10:57,0.00094750,31.66000000
2018-02-23 00:10:57,0.00094770,11.21000000
2018-02-23 00:10:57,0.00094750,18.02000000
2018-02-23 00:10:57,0.00094750,101.17000000
2018-02-23 00:10:58,0.00094750,18.40000000
2018-02-23 00:10:58,0.00094760,31.74000000
2018-02-23 00:10:58,0.00094750,153.96000000
2018-02-23 00:10:58,0.00094750,202.69000000
2018-02-23 00:10:58,0.00094650,1.80000000
2018-02-23 00:10:59,0.00094650,0.32000000
2018-02-23 00:10:59,0.00094650,2.12000000
2018-02-23 00:10:59,0.00094650,155.89000000
2018-02-23 00:10:59,0.00094690,2.12000000
2018-02-23 00:10:59,0.00094730,2.12000000
2018-02-23 00:10:59,0.00094750,122.67000000
2018-02-23 00:11:00,0.00094610,31.70000000
2018-02-23 00:11:00,0.00094610,8.94000000
2018-02-23 00:11:00,0.00094610,0.01000000
2018-02-23 00:11:00,0.00094600,4.08000000
2018-02-23 00:11:00,0.00094500,7.21000000
2018-02-23 00:11:02,0.00094650,2.32000000
2018-02-23 00:11:02,0.00094640,39.85000000
2018-02-23 00:11:02,0.00094650,20.69000000
2018-02-23 00:11:04,0.00094540,2.12000000
2018-02-23 00:11:04,0.00094520,52.54000000
2018-02-23 00:11:04,0.00094510,97.47000000
2018-02-23 00:11:04,0.00094500,132.00000000
2018-02-23 00:11:04,0.00094630,2.12000000
2018-02-23 00:11:04,0.00094650,121.33000000
2018-02-23 00:11:05,0.00094610,1.87000000
2018-02-23 00:11:06,0.00094610,95.60000000
2018-02-23 00:11:06,0.00094620,52.54000000
2018-02-23 00:11:06,0.00094650,18.98000000
2018-02-23 00:11:06,0.00094700,22.88000000
2018-02-23 00:11:06,0.00094510,2.45000000
2018-02-23 00:11:06,0.00094530,2.12000000
2018-02-23 00:11:06,0.00094520,2.24000000
2018-02-23 00:11:06,0.00094650,2.12000000
2018-02-23 00:11:07,0.00094650,36.46000000
2018-02-23 00:11:07,0.00094520,48.86000000
2018-02-23 00:11:07,0.00094540,22.04000000
2018-02-23 00:11:08,0.00094700,127.96000000
2018-02-23 00:11:09,0.00094690,70.90000000
2018-02-23 00:11:09,0.00094700,4.64000000
2018-02-23 00:11:10,0.00094570,2.12000000
2018-02-23 00:11:10,0.00094550,31.72000000
2018-02-23 00:11:10,0.00094550,54.10000000
2018-02-23 00:11:12,0.00094520,2.00000000
2018-02-23 00:11:12,0.00094580,96.97000000
2018-02-23 00:11:20,0.00094600,3.49000000
2018-02-23 00:11:20,0.00094580,2.29000000
2018-02-23 00:11:20,0.00094580,1.27000000
2018-02-23 00:11:21,0.00094560,17.72000000
2018-02-23 00:11:21,0.00094650,2.00000000
2018-02-23 00:11:21,0.00094660,21.11000000
2018-02-23 00:11:22,0.00094650,2.00000000
2018-02-23 00:11:28,0.00094550,78.75000000
2018-02-23 00:11:28,0.00094540,32.63000000
2018-02-23 00:11:28,0.00094500,473.62000000
2018-02-23 00:11:29,0.00094550,12.62000000
2018-02-23 00:11:30,0.00094510,97.57000000
2018-02-23 00:11:30,0.00094500,116.40000000
2018-02-23 00:11:31,0.00094550,4.22000000
2018-02-23 00:11:32,0.00094500,301.71000000
2018-02-23 00:11:33,0.00094540,7.09000000
2018-02-23 00:11:33,0.00094540,90.48000000
2018-02-23 00:11:33,0.00094550,89.68000000
2018-02-23 00:11:34,0.00094520,23.98000000
2018-02-23 00:11:34,0.00094520,13.38000000
2018-02-23 00:11:37,0.00094520,23.98000000
2018-02-23 00:11:37,0.00094500,2884.63000000
2018-02-23 00:11:38,0.00094550,127.99000000
2018-02-23 00:11:40,0.00094550,292.90000000
2018-02-23 00:11:40,0.00094500,127.10000000
2018-02-23 00:11:40,0.00094600,5.00000000
2018-02-23 00:11:40,0.00094600,26.75000000
2018-02-23 00:11:40,0.00094500,30.25000000
2018-02-23 00:11:41,0.00094500,425.05000000
2018-02-23 00:11:42,0.00094500,110.86000000
2018-02-23 00:11:42,0.00094500,51.62000000
2018-02-23 00:11:44,0.00094510,5.29000000
2018-02-23 00:11:44,0.00094500,240.91000000
2018-02-23 00:11:45,0.00094500,33.30000000
2018-02-23 00:11:47,0.00094500,20.00000000
2018-02-23 00:11:48,0.00094460,102.59000000
2018-02-23 00:11:48,0.00094410,11.23000000
2018-02-23 00:11:48,0.00094330,10.52000000
2018-02-23 00:11:48,0.00094320,176.95000000
2018-02-23 00:11:48,0.00094300,1254.28000000
2018-02-23 00:11:48,0.00094250,22.47000000
2018-02-23 00:11:48,0.00094480,8.23000000
2018-02-23 00:11:48,0.00094500,97.00000000
2018-02-23 00:11:51,0.00094500,108.72000000
2018-02-23 00:11:51,0.00094450,4.63000000
2018-02-23 00:11:51,0.00094270,10.35000000
2018-02-23 00:11:54,0.00094570,4.48000000
2018-02-23 00:12:03,0.00094310,29.66000000
2018-02-23 00:12:03,0.00094300,61.11000000
2018-02-23 00:12:04,0.00094430,9.03000000
2018-02-23 00:12:05,0.00094430,3.79000000
2018-02-23 00:12:07,0.00094370,42.98000000
2018-02-23 00:12:07,0.00094430,8.29000000
2018-02-23 00:12:09,0.00094440,36.17000000
2018-02-23 00:12:11,0.00094430,51.63000000
2018-02-23 00:12:11,0.00094440,3.82000000
2018-02-23 00:12:11,0.00094450,7.18000000
2018-02-23 00:12:14,0.00094440,2.10000000
2018-02-23 00:12:14,0.00094480,306.23000000
2018-02-23 00:12:14,0.00094490,358.70000000
2018-02-23 00:12:14,0.00094490,46.62000000
2018-02-23 00:12:14,0.00094490,5.29000000
2018-02-23 00:12:14,0.00094490,117.25000000
2018-02-23 00:12:14,0.00094490,31.74000000
2018-02-23 00:12:14,0.00094490,7.68000000
2018-02-23 00:12:15,0.00094490,4.63000000
2018-02-23 00:12:15,0.00094490,33.13000000
2018-02-23 00:12:17,0.00094450,142.11000000
2018-02-23 00:12:17,0.00094430,22.25000000
2018-02-23 00:12:17,0.00094340,2.12000000
2018-02-23 00:12:17,0.00094320,2.83000000
2018-02-23 00:12:18,0.00094410,2.12000000
2018-02-23 00:12:18,0.00094430,2.14000000
2018-02-23 00:12:21,0.00094380,108.09000000
2018-02-23 00:12:21,0.00094340,0.04000000
2018-02-23 00:12:21,0.00094450,7.68000000
2018-02-23 00:12:21,0.00094480,9.47000000
2018-02-23 00:12:21,0.00094490,43.20000000
2018-02-23 00:12:21,0.00094500,10.72000000
2018-02-23 00:12:24,0.00094500,14.22000000
2018-02-23 00:12:26,0.00094500,70.99000000
2018-02-23 00:12:26,0.00094500,4.75000000
2018-02-23 00:12:30,0.00094500,19.67000000
2018-02-23 00:12:31,0.00094500,11.74000000
2018-02-23 00:12:37,0.00094490,89.29000000
2018-02-23 00:12:37,0.00094340,2.08000000
2018-02-23 00:12:37,0.00094320,23.34000000
2018-02-23 00:12:37,0.00094300,437.83000000
2018-02-23 00:12:37,0.00094280,62.11000000
2018-02-23 00:12:37,0.00094270,541.59000000
2018-02-23 00:12:37,0.00094250,309.55000000
2018-02-23 00:12:37,0.00094200,346.90000000
2018-02-23 00:12:37,0.00094200,22.20000000
2018-02-23 00:12:37,0.00094200,1.45000000
2018-02-23 00:12:37,0.00094200,1.45000000
2018-02-23 00:12:37,0.00094200,33.42000000
2018-02-23 00:12:37,0.00094200,1.45000000
2018-02-23 00:12:37,0.00094200,40.24000000
2018-02-23 00:12:37,0.00094200,48.32000000
2018-02-23 00:12:37,0.00094200,1.45000000
2018-02-23 00:12:37,0.00094200,31.77000000
2018-02-23 00:12:37,0.00094180,1.45000000
2018-02-23 00:12:37,0.00094190,2.12000000
2018-02-23 00:12:37,0.00094200,59.88000000
2018-02-23 00:12:37,0.00094200,48.39000000
2018-02-23 00:12:37,0.00094200,1.08000000
2018-02-23 00:12:37,0.00094200,24.72000000
2018-02-23 00:12:37,0.00094200,24.72000000
2018-02-23 00:12:37,0.00094200,20.60000000
2018-02-23 00:12:37,0.00094180,1.45000000
2018-02-23 00:12:38,0.00094200,14.76000000
2018-02-23 00:12:39,0.00094180,9.84000000
2018-02-23 00:12:40,0.00094140,48.48000000
2018-02-23 00:12:42,0.00094110,40.00000000
2018-02-23 00:12:42,0.00094100,80.39000000
2018-02-23 00:12:46,0.00094180,83.08000000
2018-02-23 00:12:47,0.00094180,120.20000000
2018-02-23 00:12:47,0.00094180,2.00000000
2018-02-23 00:12:47,0.00094180,42.42000000
2018-02-23 00:12:47,0.00094180,31.83000000
2018-02-23 00:12:47,0.00094180,42.54000000
2018-02-23 00:12:47,0.00094180,31.83000000
2018-02-23 00:12:47,0.00094180,21.36000000
2018-02-23 00:12:47,0.00094180,21.36000000
2018-02-23 00:12:48,0.00094180,10.48000000
2018-02-23 00:12:49,0.00094180,2.99000000
2018-02-23 00:12:49,0.00094200,78.01000000
2018-02-23 00:12:56,0.00094190,38.34000000
2018-02-23 00:12:56,0.00094200,100.21000000
2018-02-23 00:12:58,0.00094170,113.71000000
2018-02-23 00:12:59,0.00094200,10.59000000
2018-02-23 00:13:02,0.00094200,121.00000000
2018-02-23 00:13:10,0.00094170,54.11000000
2018-02-23 00:13:11,0.00094160,9.13000000
2018-02-23 00:13:11,0.00094160,0.87000000
2018-02-23 00:13:11,0.00094150,5.28000000
2018-02-23 00:13:12,0.00094150,112.40000000
2018-02-23 00:13:12,0.00094100,56.05000000
2018-02-23 00:13:19,0.00094100,42.53000000
2018-02-23 00:13:26,0.00094120,2.14000000
2018-02-23 00:13:26,0.00094100,9.19000000
2018-02-23 00:13:27,0.00094150,119.34000000
2018-02-23 00:13:31,0.00094170,2.14000000
2018-02-23 00:13:31,0.00094190,7.01000000
2018-02-23 00:13:31,0.00094200,49.83000000
2018-02-23 00:13:32,0.00094120,2.14000000
2018-02-23 00:13:32,0.00094100,5.16000000
2018-02-23 00:13:32,0.00094100,75.52000000
2018-02-23 00:13:33,0.00094150,2.14000000
2018-02-23 00:13:35,0.00094150,2.80000000
2018-02-23 00:13:35,0.00094150,1.43000000
2018-02-23 00:13:35,0.00094200,418.57000000
2018-02-23 00:13:37,0.00094150,9.86000000
2018-02-23 00:13:38,0.00094150,27.71000000
2018-02-23 00:13:39,0.00094150,51.77000000
2018-02-23 00:13:39,0.00094150,134.40000000
2018-02-23 00:13:42,0.00094200,183.36000000
2018-02-23 00:13:44,0.00094190,18.25000000
2018-02-23 00:13:44,0.00094200,109.22000000
2018-02-23 00:13:45,0.00094150,25.82000000
2018-02-23 00:13:49,0.00094190,37.50000000
2018-02-23 00:14:00,0.00094170,5.60000000
2018-02-23 00:14:00,0.00094200,5.73000000
2018-02-23 00:14:02,0.00094200,91.61000000
2018-02-23 00:14:05,0.00094240,31.83000000
2018-02-23 00:14:06,0.00094260,17.91000000
2018-02-23 00:14:07,0.00094260,14.76000000
2018-02-23 00:14:07,0.00094260,14.76000000
2018-02-23 00:14:12,0.00094260,37.50000000
2018-02-23 00:14:19,0.00094290,65.35000000
2018-02-23 00:14:22,0.00094280,2.14000000
2018-02-23 00:14:22,0.00094260,7.56000000
2018-02-23 00:14:23,0.00094250,2.14000000
2018-02-23 00:14:23,0.00094240,3.95000000
2018-02-23 00:14:29,0.00094200,27.88000000
2018-02-23 00:14:30,0.00094210,45.29000000
2018-02-23 00:14:30,0.00094260,119.96000000
2018-02-23 00:14:37,0.00094260,27.87000000
2018-02-23 00:14:39,0.00094290,2.99000000
2018-02-23 00:14:39,0.00094350,2.14000000
2018-02-23 00:14:39,0.00094380,0.29000000
2018-02-23 00:14:41,0.00094330,5.74000000
2018-02-23 00:14:43,0.00094380,1.85000000
2018-02-23 00:14:43,0.00094390,5.15000000
2018-02-23 00:14:43,0.00094390,2.68000000
2018-02-23 00:14:43,0.00094310,2.14000000
2018-02-23 00:14:44,0.00094360,2.14000000
2018-02-23 00:14:44,0.00094390,2.86000000
2018-02-23 00:14:45,0.00094310,2.14000000
2018-02-23 00:14:47,0.00094310,86.83000000
2018-02-23 00:14:47,0.00094340,2.14000000
2018-02-23 00:14:47,0.00094380,30.03000000
2018-02-23 00:14:48,0.00094290,2.99000000
2018-02-23 00:14:48,0.00094290,2.14000000
2018-02-23 00:14:50,0.00094290,10.60000000
2018-02-23 00:14:52,0.00094290,1.16000000
2018-02-23 00:14:53,0.00094270,70.98000000
2018-02-23 00:14:54,0.00094290,6.42000000
2018-02-23 00:14:55,0.00094290,11.00000000
2018-02-23 00:14:55,0.00094290,101.48000000
2018-02-23 00:15:00,0.00094290,15.41000000
2018-02-23 00:15:02,0.00094300,4.57000000
2018-02-23 00:15:02,0.00094290,26.89000000
2018-02-23 00:15:03,0.00094290,2.00000000
2018-02-23 00:15:04,0.00094330,29.25000000
2018-02-23 00:15:04,0.00094360,30.80000000
2018-02-23 00:15:04,0.00094380,390.74000000
2018-02-23 00:15:07,0.00094390,30.60000000
2018-02-23 00:15:07,0.00094400,552.87000000
2018-02-23 00:15:07,0.00094430,2.12000000
2018-02-23 00:15:10,0.00094480,10.58000000
2018-02-23 00:15:11,0.00094380,7.94000000
2018-02-23 00:15:11,0.00094470,29.47000000
2018-02-23 00:15:11,0.00094490,62.11000000
2018-02-23 00:15:11,0.00094500,135.38000000
2018-02-23 00:15:13,0.00094380,43.28000000
2018-02-23 00:15:14,0.00094490,8.02000000
2018-02-23 00:15:16,0.00094500,317.07000000
2018-02-23 00:15:21,0.00094500,34.48000000
2018-02-23 00:15:23,0.00094500,358.45000000
2018-02-23 00:15:26,0.00094500,54.11000000
2018-02-23 00:15:28,0.00094570,106.87000000
2018-02-23 00:15:28,0.00094500,213.13000000
2018-02-23 00:15:29,0.00094520,2.12000000
2018-02-23 00:15:29,0.00094500,23.86000000
2018-02-23 00:15:32,0.00094500,118.00000000
2018-02-23 00:15:32,0.00094550,2.12000000
2018-02-23 00:15:32,0.00094570,40.24000000
2018-02-23 00:15:32,0.00094570,0.38000000
2018-02-23 00:15:34,0.00094500,105.92000000
2018-02-23 00:15:36,0.00094540,16.87000000
2018-02-23 00:15:36,0.00094570,5.63000000
2018-02-23 00:15:36,0.00094570,31.72000000
2018-02-23 00:15:36,0.00094570,11.99000000
2018-02-23 00:15:38,0.00094570,12.77000000
2018-02-23 00:15:38,0.00094570,18.98000000
2018-02-23 00:15:39,0.00094570,10.96000000
2018-02-23 00:15:40,0.00094570,17.30000000
2018-02-23 00:15:45,0.00094590,2.12000000
2018-02-23 00:15:45,0.00094570,24.13000000
2018-02-23 00:15:47,0.00094570,193.06000000
2018-02-23 00:15:47,0.00094570,35.57000000
2018-02-23 00:15:47,0.00094530,70.29000000
2018-02-23 00:15:47,0.00094520,51.09000000
2018-02-23 00:15:47,0.00094500,125.77000000
2018-02-23 00:15:49,0.00094520,82.10000000
2018-02-23 00:15:52,0.00094550,2.12000000
2018-02-23 00:15:52,0.00094590,8.45000000
2018-02-23 00:15:53,0.00094590,126.36000000
2018-02-23 00:15:54,0.00094590,12.29000000
2018-02-23 00:15:58,0.00094600,35.02000000
2018-02-23 00:16:05,0.00094610,22.49000000
2018-02-23 00:16:05,0.00094600,73.33000000
2018-02-23 00:16:05,0.00094520,2.12000000
2018-02-23 00:16:05,0.00094510,29.95000000
2018-02-23 00:16:06,0.00094570,2.12000000
2018-02-23 00:16:06,0.00094600,6.33000000
2018-02-23 00:16:06,0.00094590,17.72000000
2018-02-23 00:16:06,0.00094600,86.85000000
2018-02-23 00:16:06,0.00094620,2.12000000
2018-02-23 00:16:06,0.00094630,281.47000000
2018-02-23 00:16:07,0.00094630,56.84000000
2018-02-23 00:16:07,0.00094530,2.12000000
2018-02-23 00:16:07,0.00094510,165.74000000
2018-02-23 00:16:07,0.00094500,544.66000000
2018-02-23 00:16:07,0.00094400,7.00000000
2018-02-23 00:16:10,0.00094410,98.05000000
2018-02-23 00:16:10,0.00094400,321.95000000
2018-02-23 00:16:14,0.00094400,7.77000000
2018-02-23 00:16:18,0.00094400,13.12000000
2018-02-23 00:16:21,0.00094400,35.68000000
2018-02-23 00:16:23,0.00094490,1.23000000
2018-02-23 00:16:25,0.00094440,87.72000000
2018-02-23 00:16:28,0.00094410,34.47000000
2018-02-23 00:16:28,0.00094410,15.53000000
2018-02-23 00:16:28,0.00094400,91.34000000
2018-02-23 00:16:30,0.00094440,1.36000000
2018-02-23 00:16:30,0.00094440,26.12000000
2018-02-23 00:16:30,0.00094440,2.66000000
2018-02-23 00:16:33,0.00094490,5.00000000
2018-02-23 00:16:36,0.00094490,51.92000000
2018-02-23 00:16:38,0.00094440,44.30000000
2018-02-23 00:16:39,0.00094430,28.11000000
2018-02-23 00:16:46,0.00094420,2.12000000
2018-02-23 00:16:46,0.00094410,0.39000000
2018-02-23 00:16:50,0.00094410,19.74000000
2018-02-23 00:16:50,0.00094400,2.79000000
2018-02-23 00:16:50,0.00094400,174.00000000
2018-02-23 00:16:53,0.00094420,93.35000000
2018-02-23 00:17:01,0.00094410,12.83000000
2018-02-23 00:17:02,0.00094410,48.43000000
2018-02-23 00:17:02,0.00094420,344.75000000
2018-02-23 00:17:03,0.00094410,12.00000000
2018-02-23 00:17:05,0.00094420,85.44000000
2018-02-23 00:17:06,0.00094420,160.48000000
2018-02-23 00:17:07,0.00094420,128.05000000
2018-02-23 00:17:09,0.00094420,10.00000000
2018-02-23 00:17:12,0.00094420,15.73000000
2018-02-23 00:17:20,0.00094450,130.93000000
2018-02-23 00:17:20,0.00094450,31.76000000
2018-02-23 00:17:20,0.00094450,31.76000000
2018-02-23 00:17:20,0.00094450,31.76000000
2018-02-23 00:17:21,0.00094450,1.66000000
2018-02-23 00:17:23,0.00094460,9.06000000
2018-02-23 00:17:26,0.00094460,41.45000000
2018-02-23 00:17:30,0.00094470,2.12000000
2018-02-23 00:17:30,0.00094480,6.84000000
2018-02-23 00:17:30,0.00094490,8.40000000
2018-02-23 00:17:30,0.00094500,31.73000000
2018-02-23 00:17:30,0.00094500,66.55000000
2018-02-23 00:17:30,0.00094490,86.73000000
2018-02-23 00:17:30,0.00094490,31.74000000
2018-02-23 00:17:30,0.00094490,31.74000000
2018-02-23 00:17:30,0.00094490,31.74000000
2018-02-23 00:17:30,0.00094490,27.73000000
2018-02-23 00:17:30,0.00094510,2.12000000
2018-02-23 00:17:31,0.00094460,17.88000000
2018-02-23 00:17:31,0.00094450,12.84000000
2018-02-23 00:17:31,0.00094450,27.73000000
2018-02-23 00:17:31,0.00094450,31.76000000
2018-02-23 00:17:33,0.00094450,4.93000000
2018-02-23 00:17:42,0.00094460,5.30000000
2018-02-23 00:17:43,0.00094460,50.00000000
2018-02-23 00:17:46,0.00094460,120.50000000
2018-02-23 00:17:47,0.00094460,99.83000000
2018-02-23 00:17:51,0.00094470,3.79000000
2018-02-23 00:17:56,0.00094480,104.47000000
2018-02-23 00:18:01,0.00094470,5.59000000
2018-02-23 00:18:07,0.00094480,44.86000000
2018-02-23 00:18:11,0.00094490,291.26000000
2018-02-23 00:18:11,0.00094500,229.98000000
2018-02-23 00:18:16,0.00094550,2.12000000
2018-02-23 00:18:18,0.00094560,21.47000000
2018-02-23 00:18:20,0.00094470,255.00000000
2018-02-23 00:18:24,0.00094500,29.47000000
2018-02-23 00:18:26,0.00094520,110.09000000
2018-02-23 00:18:31,0.00094500,18.47000000
2018-02-23 00:18:31,0.00094500,22.16000000
2018-02-23 00:18:31,0.00094500,18.58000000
2018-02-23 00:18:31,0.00094500,2.61000000
2018-02-23 00:18:31,0.00094500,22.16000000
2018-02-23 00:18:32,0.00094500,22.15000000
2018-02-23 00:18:32,0.00094500,3.69000000
2018-02-23 00:18:32,0.00094500,3.69000000
2018-02-23 00:18:32,0.00094500,3.08000000
2018-02-23 00:18:32,0.00094480,22.16000000
2018-02-23 00:18:33,0.00094500,1516.80000000
2018-02-23 00:18:33,0.00094550,6.55000000
2018-02-23 00:18:33,0.00094560,76.81000000
2018-02-23 00:18:33,0.00094570,23.00000000
2018-02-23 00:18:33,0.00094600,5.00000000
2018-02-23 00:18:33,0.00094650,158.24000000
2018-02-23 00:18:33,0.00094660,6.90000000
2018-02-23 00:18:33,0.00094680,24.55000000
2018-02-23 00:18:33,0.00094700,11.84000000
2018-02-23 00:18:33,0.00094780,186.10000000
2018-02-23 00:18:33,0.00094480,31.75000000
2018-02-23 00:18:33,0.00094510,26.29000000
2018-02-23 00:18:34,0.00094530,1.28000000
2018-02-23 00:18:35,0.00094530,18.57000000
2018-02-23 00:18:35,0.00094530,82.88000000
2018-02-23 00:18:35,0.00094520,65.68000000
2018-02-23 00:18:35,0.00094490,98.40000000
2018-02-23 00:18:35,0.00094480,64.27000000
2018-02-23 00:18:38,0.00094480,22.15000000
2018-02-23 00:18:38,0.00094500,34.40000000
2018-02-23 00:18:38,0.00094480,22.16000000
2018-02-23 00:18:39,0.00094480,15.60000000
2018-02-23 00:18:40,0.00094490,26.29000000
2018-02-23 00:18:43,0.00094510,6.07000000
2018-02-23 00:18:45,0.00094510,26.81000000
2018-02-23 00:18:45,0.00094520,98.40000000
2018-02-23 00:18:45,0.00094570,19.85000000
2018-02-23 00:18:45,0.00094600,165.92000000
2018-02-23 00:18:50,0.00094490,112.00000000
2018-02-23 00:18:50,0.00094510,2.12000000
2018-02-23 00:18:50,0.00094490,48.88000000
2018-02-23 00:18:53,0.00094580,1.82000000
2018-02-23 00:18:55,0.00094580,0.30000000
2018-02-23 00:18:55,0.00094590,98.35000000
2018-02-23 00:18:55,0.00094600,568.04000000
2018-02-23 00:18:55,0.00094540,3.95000000
2018-02-23 00:18:55,0.00094530,2.12000000
2018-02-23 00:18:55,0.00094510,1.69000000
2018-02-23 00:18:56,0.00094510,40.76000000
2018-02-23 00:18:58,0.00094510,19.27000000
2018-02-23 00:19:01,0.00094520,115.71000000
2018-02-23 00:19:02,0.00094510,3.95000000
2018-02-23 00:19:04,0.00094510,3.94000000
2018-02-23 00:19:19,0.00094540,2.59000000
2018-02-23 00:19:26,0.00094540,9.15000000
2018-02-23 00:19:26,0.00094540,8.22000000
2018-02-23 00:19:32,0.00094550,19.26000000
2018-02-23 00:19:32,0.00094550,10.57000000
2018-02-23 00:19:34,0.00094540,85.32000000
2018-02-23 00:19:40,0.00094510,9.71000000
2018-02-23 00:19:40,0.00094520,61.73000000
2018-02-23 00:19:41,0.00094510,10.00000000
2018-02-23 00:19:41,0.00094540,397.78000000
2018-02-23 00:19:43,0.00094540,24.61000000
2018-02-23 00:19:44,0.00094550,50.04000000
2018-02-23 00:19:44,0.00094560,2.12000000
2018-02-23 00:19:44,0.00094590,7.00000000
2018-02-23 00:19:44,0.00094600,1157.31000000
2018-02-23 00:19:53,0.00094680,5.60000000
2018-02-23 00:19:53,0.00094640,2.12000000
2018-02-23 00:19:53,0.00094620,27.29000000
2018-02-23 00:19:53,0.00094620,2.12000000
2018-02-23 00:19:53,0.00094550,5.60000000
2018-02-23 00:19:53,0.00094550,3.48000000
2018-02-23 00:19:58,0.00094540,5.12000000
2018-02-23 00:19:58,0.00094510,22.08000000
2018-02-23 00:19:59,0.00094550,54.74000000
2018-02-23 00:20:03,0.00094560,11.92000000
2018-02-23 00:20:04,0.00094690,11.92000000
2018-02-23 00:20:04,0.00094700,15.38000000
2018-02-23 00:20:08,0.00094650,97.10000000
2018-02-23 00:20:08,0.00094700,2.05000000
2018-02-23 00:20:08,0.00094700,22.20000000
2018-02-23 00:20:10,0.00094600,61.85000000
2018-02-23 00:20:10,0.00094600,2.12000000
2018-02-23 00:20:14,0.00094600,7.74000000
2018-02-23 00:20:16,0.00094600,174.26000000
2018-02-23 00:20:21,0.00094600,58.67000000
2018-02-23 00:20:21,0.00094570,31.07000000
2018-02-23 00:20:23,0.00094600,1300.67000000
2018-02-23 00:20:25,0.00094570,9.06000000
2018-02-23 00:20:26,0.00094600,236.63000000
2018-02-23 00:20:26,0.00094570,89.27000000
2018-02-23 00:20:27,0.00094600,23.32000000
2018-02-23 00:20:27,0.00094580,27.97000000
2018-02-23 00:20:28,0.00094570,85.42000000
2018-02-23 00:20:30,0.00094600,7.26000000
2018-02-23 00:20:31,0.00094600,43.00000000
2018-02-23 00:20:32,0.00094600,74.57000000
2018-02-23 00:20:38,0.00094580,116.61000000
2018-02-23 00:20:38,0.00094600,2.43000000
2018-02-23 00:20:39,0.00094570,31.72000000
2018-02-23 00:20:39,0.00094570,73.40000000
2018-02-23 00:20:39,0.00094570,31.72000000
2018-02-23 00:20:39,0.00094570,35.94000000
2018-02-23 00:20:39,0.00094570,31.72000000
2018-02-23 00:20:39,0.00094570,47.27000000
2018-02-23 00:20:41,0.00094570,50.11000000
2018-02-23 00:20:42,0.00094580,103.62000000
2018-02-23 00:20:43,0.00094600,11.16000000
2018-02-23 00:20:48,0.00094600,111.41000000
2018-02-23 00:20:49,0.00094600,44.62000000
2018-02-23 00:20:53,0.00094590,16.06000000
2018-02-23 00:20:56,0.00094580,36.66000000
2018-02-23 00:20:57,0.00094580,57.21000000
2018-02-23 00:21:02,0.00094580,54.73000000
2018-02-23 00:21:06,0.00094580,34.39000000
2018-02-23 00:21:10,0.00094580,16.87000000
2018-02-23 00:21:11,0.00094580,4.30000000
2018-02-23 00:21:11,0.00094590,151.62000000
2018-02-23 00:21:11,0.00094600,405.06000000
2018-02-23 00:21:14,0.00094590,110.14000000
2018-02-23 00:21:16,0.00094600,53.00000000
2018-02-23 00:21:17,0.00094600,20.83000000
2018-02-23 00:21:18,0.00094600,44.62000000
2018-02-23 00:21:18,0.00094580,5.00000000
2018-02-23 00:21:19,0.00094580,34.37000000
2018-02-23 00:21:19,0.00094570,7.74000000
2018-02-23 00:21:20,0.00094570,1.02000000
2018-02-23 00:21:22,0.00094580,39.51000000
2018-02-23 00:21:22,0.00094590,26.47000000
2018-02-23 00:21:22,0.00094600,100.10000000
2018-02-23 00:21:23,0.00094570,45.96000000
2018-02-23 00:21:31,0.00094580,9.27000000
2018-02-23 00:21:31,0.00094580,22.02000000
2018-02-23 00:21:35,0.00094590,198.61000000
2018-02-23 00:21:35,0.00094580,7.02000000
2018-02-23 00:21:36,0.00094580,5.00000000
2018-02-23 00:21:40,0.00094580,27.83000000
2018-02-23 00:21:42,0.00094580,164.36000000
2018-02-23 00:21:42,0.00094580,12.00000000
2018-02-23 00:21:44,0.00094590,81.42000000
2018-02-23 00:21:44,0.00094580,26.00000000
2018-02-23 00:21:45,0.00094590,75.00000000
2018-02-23 00:21:45,0.00094590,270.14000000
2018-02-23 00:21:45,0.00094590,1.01000000
2018-02-23 00:21:49,0.00094580,5.37000000
2018-02-23 00:21:54,0.00094590,16.80000000
2018-02-23 00:21:55,0.00094580,39.90000000
2018-02-23 00:21:57,0.00094580,1.92000000
2018-02-23 00:21:57,0.00094580,26.65000000
2018-02-23 00:21:58,0.00094580,20.21000000
2018-02-23 00:22:07,0.00094590,509.51000000
2018-02-23 00:22:16,0.00094590,52.33000000
2018-02-23 00:22:20,0.00094600,2837.02000000
2018-02-23 00:22:21,0.00094600,2.31000000
2018-02-23 00:22:22,0.00094680,2.12000000
2018-02-23 00:22:22,0.00094690,46.19000000
2018-02-23 00:22:22,0.00094700,265.41000000
2018-02-23 00:22:22,0.00094620,2.12000000
2018-02-23 00:22:22,0.00094600,86.96000000
2018-02-23 00:22:22,0.00094590,55.76000000
2018-02-23 00:22:23,0.00094590,51.31000000
2018-02-23 00:22:26,0.00094590,8.00000000
2018-02-23 00:22:26,0.00094660,2.12000000
2018-02-23 00:22:26,0.00094660,26.07000000
2018-02-23 00:22:30,0.00094700,1.02000000
2018-02-23 00:22:31,0.00094670,10.55000000
2018-02-23 00:22:31,0.00094670,112.64000000
2018-02-23 00:22:31,0.00094670,8.75000000
2018-02-23 00:22:31,0.00094670,1.80000000
2018-02-23 00:22:36,0.00094670,9.81000000
2018-02-23 00:22:36,0.00094660,31.69000000
2018-02-23 00:22:37,0.00094700,7.66000000
2018-02-23 00:22:37,0.00094660,31.69000000
2018-02-23 00:22:37,0.00094660,90.71000000
2018-02-23 00:22:38,0.00094700,37.02000000
2018-02-23 00:22:38,0.00094700,31.67000000
2018-02-23 00:22:38,0.00094700,31.67000000
2018-02-23 00:22:38,0.00094700,9.63000000
2018-02-23 00:22:38,0.00094700,23.00000000
2018-02-23 00:22:43,0.00094710,31.73000000
2018-02-23 00:22:43,0.00094720,57.32000000
2018-02-23 00:22:43,0.00094730,2.12000000
2018-02-23 00:22:43,0.00094780,4.52000000
2018-02-23 00:22:44,0.00094700,0.24000000
2018-02-23 00:22:44,0.00094660,658.15000000
2018-02-23 00:22:44,0.00094630,31.70000000
2018-02-23 00:22:44,0.00094590,57.19000000
2018-02-23 00:22:44,0.00094580,14.26000000
2018-02-23 00:22:44,0.00094780,23.89000000
2018-02-23 00:22:45,0.00094780,1.27000000
2018-02-23 00:22:46,0.00094780,19.00000000
2018-02-23 00:22:46,0.00094790,33.21000000
2018-02-23 00:22:46,0.00094800,106.20000000
2018-02-23 00:22:46,0.00094800,37.23000000
2018-02-23 00:22:46,0.00094800,0.03000000
2018-02-23 00:22:46,0.00094720,2.12000000
2018-02-23 00:22:46,0.00094590,35.11000000
2018-02-23 00:22:48,0.00094750,31.70000000
2018-02-23 00:22:48,0.00094760,2.12000000
2018-02-23 00:22:48,0.00094780,8.30000000
2018-02-23 00:22:49,0.00094640,2.12000000
2018-02-23 00:22:49,0.00094650,6.18000000
2018-02-23 00:22:53,0.00094650,54.05000000
2018-02-23 00:22:54,0.00094640,6.18000000
2018-02-23 00:22:54,0.00094650,25.00000000
2018-02-23 00:22:54,0.00094700,3.14000000
2018-02-23 00:22:54,0.00094730,2.12000000
2018-02-23 00:22:54,0.00094830,35.11000000
2018-02-23 00:22:54,0.00094840,1.19000000
2018-02-23 00:22:54,0.00094860,39.76000000
2018-02-23 00:22:54,0.00094880,14.97000000
2018-02-23 00:22:54,0.00094890,7.50000000
2018-02-23 00:22:54,0.00094900,126.60000000
2018-02-23 00:22:54,0.00094920,4.09000000
2018-02-23 00:22:54,0.00094930,12.74000000
2018-02-23 00:22:54,0.00094950,44.50000000
2018-02-23 00:22:54,0.00094960,127.92000000
2018-02-23 00:22:54,0.00094980,134.15000000
2018-02-23 00:22:54,0.00094990,895.73000000
2018-02-23 00:22:54,0.00095000,252.32000000
2018-02-23 00:22:54,0.00094630,2.12000000
2018-02-23 00:22:54,0.00094610,2.87000000
2018-02-23 00:22:54,0.00094900,4.05000000
2018-02-23 00:22:58,0.00094680,2.12000000
2018-02-23 00:22:58,0.00094900,4.90000000
2018-02-23 00:22:58,0.00094900,34.35000000
2018-02-23 00:23:00,0.00094640,0.05000000
2018-02-23 00:23:05,0.00094700,130.21000000
2018-02-23 00:23:05,0.00094680,304.58000000
2018-02-23 00:23:07,0.00094790,19.98000000
2018-02-23 00:23:07,0.00094790,109.58000000
2018-02-23 00:23:07,0.00094720,2.12000000
2018-02-23 00:23:07,0.00094680,67.18000000
2018-02-23 00:23:07,0.00094650,1.61000000
2018-02-23 00:23:08,0.00094610,4.49000000
2018-02-23 00:23:08,0.00094610,31.68000000
2018-02-23 00:23:08,0.00094610,17.82000000
2018-02-23 00:23:08,0.00094630,54.91000000
2018-02-23 00:23:08,0.00094640,302.09000000
2018-02-23 00:23:10,0.00094640,10.13000000
2018-02-23 00:23:10,0.00094610,1.16000000
2018-02-23 00:23:10,0.00094640,12.14000000
2018-02-23 00:23:12,0.00094640,61.90000000
2018-02-23 00:23:13,0.00094640,498.24000000
2018-02-23 00:23:14,0.00094680,16.06000000
2018-02-23 00:23:18,0.00094680,15.22000000
2018-02-23 00:23:18,0.00094640,15.22000000
2018-02-23 00:23:22,0.00094640,38.69000000
2018-02-23 00:23:23,0.00094640,82.83000000
2018-02-23 00:23:24,0.00094620,60.43000000
2018-02-23 00:23:28,0.00094640,6.44000000
2018-02-23 00:23:28,0.00094680,0.01000000
2018-02-23 00:23:28,0.00094700,9.30000000
2018-02-23 00:23:29,0.00094720,5.30000000
2018-02-23 00:23:31,0.00094700,40.94000000
2018-02-23 00:23:31,0.00094610,97.43000000
2018-02-23 00:23:31,0.00094600,4306.88000000
2018-02-23 00:23:31,0.00094590,54.70000000
2018-02-23 00:23:31,0.00094580,14.31000000
2018-02-23 00:23:31,0.00094570,218.16000000
2018-02-23 00:23:31,0.00094550,213.73000000
2018-02-23 00:23:31,0.00094540,136.81000000
2018-02-23 00:23:31,0.00094510,3691.45000000
2018-02-23 00:23:31,0.00094500,652.04000000
2018-02-23 00:23:31,0.00094480,167.84000000
2018-02-23 00:23:31,0.00094470,545.52000000
2018-02-23 00:23:31,0.00094470,69.00000000
2018-02-23 00:23:31,0.00094470,0.55000000
2018-02-23 00:23:31,0.00094570,31.15000000
2018-02-23 00:23:34,0.00094460,17.65000000
2018-02-23 00:23:34,0.00094450,8.63000000
2018-02-23 00:23:34,0.00094400,3.31000000
2018-02-23 00:23:34,0.00094140,12.75000000
2018-02-23 00:23:34,0.00094110,106.25000000
2018-02-23 00:23:34,0.00094100,283.95000000
2018-02-23 00:23:35,0.00094390,7.79000000
2018-02-23 00:23:35,0.00094390,7.79000000
2018-02-23 00:23:35,0.00094390,6.49000000
2018-02-23 00:23:35,0.00094390,6.30000000
2018-02-23 00:23:35,0.00094390,7.81000000
2018-02-23 00:23:35,0.00094390,7.79000000
2018-02-23 00:23:35,0.00094390,92.12000000
2018-02-23 00:23:35,0.00094560,31.67000000
2018-02-23 00:23:35,0.00094570,67.35000000
2018-02-23 00:23:35,0.00094390,7.79000000
2018-02-23 00:23:35,0.00094570,85.16000000
2018-02-23 00:23:36,0.00094570,14.84000000
2018-02-23 00:23:36,0.00094390,36.18000000
2018-02-23 00:23:36,0.00094230,54.91000000
2018-02-23 00:23:36,0.00094220,15.92000000
2018-02-23 00:23:36,0.00094190,49.85000000
2018-02-23 00:23:36,0.00094720,5.25000000
2018-02-23 00:23:36,0.00094780,11.75000000
2018-02-23 00:23:37,0.00094740,15.92000000
2018-02-23 00:23:37,0.00094770,129.01000000
2018-02-23 00:23:37,0.00094780,86.79000000
2018-02-23 00:23:37,0.00094790,19.98000000
2018-02-23 00:23:37,0.00094870,2.12000000
2018-02-23 00:23:37,0.00094900,157.17000000
2018-02-23 00:23:37,0.00094990,119.71000000
2018-02-23 00:23:38,0.00094390,6.30000000
2018-02-23 00:23:38,0.00094390,6.30000000
2018-02-23 00:23:38,0.00094390,6.30000000
2018-02-23 00:23:38,0.00094390,31.76000000
2018-02-23 00:23:39,0.00094390,27.77000000
2018-02-23 00:23:40,0.00094350,78.43000000
2018-02-23 00:23:41,0.00094360,22.20000000
2018-02-23 00:23:41,0.00094360,27.30000000
2018-02-23 00:23:41,0.00094700,6.30000000
2018-02-23 00:23:41,0.00094700,3.61000000
2018-02-23 00:23:42,0.00094700,0.01000000
2018-02-23 00:23:42,0.00094440,31.76000000
2018-02-23 00:23:42,0.00094430,20.00000000
2018-02-23 00:23:42,0.00094360,4.70000000
2018-02-23 00:23:42,0.00094350,49.15000000
2018-02-23 00:23:43,0.00094390,15.89000000
2018-02-23 00:23:43,0.00094300,48.58000000
2018-02-23 00:23:43,0.00094290,8.48000000
2018-02-23 00:23:43,0.00094280,1.39000000
2018-02-23 00:23:43,0.00094270,4.96000000
2018-02-23 00:23:43,0.00094110,3.71000000
2018-02-23 00:23:43,0.00094100,36.57000000
2018-02-23 00:23:45,0.00094350,13.92000000
2018-02-23 00:23:45,0.00094350,13.92000000
2018-02-23 00:23:45,0.00094350,6.50000000
2018-02-23 00:23:45,0.00094200,10.00000000
2018-02-23 00:23:46,0.00094200,3.92000000
2018-02-23 00:23:46,0.00094120,174.94000000
2018-02-23 00:23:46,0.00094530,31.76000000
2018-02-23 00:23:46,0.00094540,54.91000000
2018-02-23 00:23:46,0.00094550,5.02000000
2018-02-23 00:23:46,0.00094810,50.00000000
2018-02-23 00:23:46,0.00094820,106.25000000
2018-02-23 00:23:46,0.00094830,13.92000000
2018-02-23 00:23:46,0.00094860,49.97000000
2018-02-23 00:23:46,0.00094870,24.70000000
2018-02-23 00:23:46,0.00094880,71.04000000
2018-02-23 00:23:46,0.00094890,12.75000000
2018-02-23 00:23:46,0.00094910,17.70000000
2018-02-23 00:23:46,0.00094990,691.65000000
2018-02-23 00:23:46,0.00095000,460.98000000
2018-02-23 00:23:49,0.00094800,6.20000000
2018-02-23 00:23:55,0.00094740,49.72000000
2018-02-23 00:23:56,0.00094520,2.12000000
2018-02-23 00:23:56,0.00094510,31.52000000
2018-02-23 00:23:56,0.00094700,15.89000000
2018-02-23 00:23:56,0.00094720,2.12000000
2018-02-23 00:23:56,0.00094730,158.65000000
2018-02-23 00:23:56,0.00094510,23.49000000
2018-02-23 00:23:56,0.00094510,0.01000000
2018-02-23 00:23:56,0.00094600,66.94000000
2018-02-23 00:23:57,0.00094570,2.68000000
2018-02-23 00:23:57,0.00094570,89.00000000
2018-02-23 00:23:57,0.00094430,2.68000000
2018-02-23 00:23:59,0.00094560,55.01000000
2018-02-23 00:23:59,0.00094570,91.78000000
2018-02-23 00:23:59,0.00094590,23.10000000
2018-02-23 00:24:06,0.00094530,21.22000000
2018-02-23 00:24:06,0.00094570,16.29000000
2018-02-23 00:24:06,0.00094590,10.65000000
2018-02-23 00:24:07,0.00094590,4.96000000
2018-02-23 00:24:07,0.00094590,30.00000000
2018-02-23 00:24:08,0.00094590,29.98000000
2018-02-23 00:24:09,0.00094590,564.32000000
2018-02-23 00:24:09,0.00094590,107.59000000
2018-02-23 00:24:10,0.00094470,1.30000000
2018-02-23 00:24:15,0.00094570,1.49000000
2018-02-23 00:24:15,0.00094580,142.61000000
2018-02-23 00:24:18,0.00094590,28.55000000
2018-02-23 00:24:18,0.00094590,0.65000000
2018-02-23 00:24:19,0.00094590,1.27000000
2018-02-23 00:24:20,0.00094590,145.24000000
2018-02-23 00:24:20,0.00094590,2.35000000
2018-02-23 00:24:22,0.00094590,417.97000000
2018-02-23 00:24:24,0.00094590,0.32000000
2018-02-23 00:24:25,0.00094590,5.78000000
2018-02-23 00:24:27,0.00094590,23.23000000
2018-02-23 00:24:30,0.00094590,20.99000000
2018-02-23 00:24:32,0.00094590,0.16000000
2018-02-23 00:24:38,0.00094590,4.43000000
2018-02-23 00:24:38,0.00094590,81.39000000
2018-02-23 00:24:39,0.00094590,188.93000000
2018-02-23 00:24:40,0.00094580,2.44000000
2018-02-23 00:24:40,0.00094580,7.56000000
2018-02-23 00:24:40,0.00094570,68.06000000
2018-02-23 00:24:40,0.00094540,350.00000000
2018-02-23 00:24:42,0.00094540,197.78000000
2018-02-23 00:24:45,0.00094540,54.00000000
2018-02-23 00:24:45,0.00094500,15.00000000
2018-02-23 00:24:46,0.00094430,33.43000000
2018-02-23 00:24:46,0.00094380,1.17000000
2018-02-23 00:24:46,0.00094300,2.12000000
2018-02-23 00:24:46,0.00094300,9.77000000
2018-02-23 00:24:46,0.00094300,10.19000000
2018-02-23 00:24:46,0.00094300,0.01000000
2018-02-23 00:24:48,0.00094390,4.74000000
2018-02-23 00:24:50,0.00094320,55.01000000
2018-02-23 00:24:50,0.00094300,19.23000000
2018-02-23 00:24:50,0.00094300,0.73000000
2018-02-23 00:24:50,0.00094120,12.75000000
2018-02-23 00:24:50,0.00094110,128.30000000
2018-02-23 00:24:50,0.00094100,34.88000000
2018-02-23 00:24:52,0.00094440,31.76000000
2018-02-23 00:24:55,0.00094450,55.01000000
2018-02-23 00:24:55,0.00094470,143.53000000
2018-02-23 00:25:04,0.00094460,29.91000000
2018-02-23 00:25:08,0.00094460,16.08000000
2018-02-23 00:25:09,0.00094380,6.35000000
2018-02-23 00:25:09,0.00094380,14.73000000
2018-02-23 00:25:09,0.00094380,58.92000000
2018-02-23 00:25:09,0.00094380,14.73000000
2018-02-23 00:25:10,0.00094460,74.37000000
2018-02-23 00:25:10,0.00094400,2.12000000
2018-02-23 00:25:10,0.00094380,6.35000000
2018-02-23 00:25:10,0.00094310,31.80000000
2018-02-23 00:25:10,0.00094190,78.00000000
2018-02-23 00:25:10,0.00094100,0.94000000
2018-02-23 00:25:14,0.00094430,1.99000000
2018-02-23 00:25:14,0.00094430,1.99000000
2018-02-23 00:25:14,0.00094430,1.99000000
2018-02-23 00:25:15,0.00094430,25.83000000
2018-02-23 00:25:15,0.00094440,2.12000000
2018-02-23 00:25:15,0.00094460,287.03000000
2018-02-23 00:25:19,0.00094250,20.56000000
2018-02-23 00:25:19,0.00094270,2.14000000
2018-02-23 00:25:19,0.00094250,11.27000000
2018-02-23 00:25:19,0.00094220,55.01000000
2018-02-23 00:25:19,0.00094200,31.55000000
2018-02-23 00:25:19,0.00094170,2.14000000
2018-02-23 00:25:19,0.00094140,1.35000000
2018-02-23 00:25:19,0.00094120,53.42000000
2018-02-23 00:25:19,0.00094110,3.71000000
2018-02-23 00:25:19,0.00094100,26.13000000
2018-02-23 00:25:19,0.00094100,53.52000000
2018-02-23 00:25:19,0.00094410,2.14000000
2018-02-23 00:25:19,0.00094440,2.14000000
2018-02-23 00:25:19,0.00094460,14.76000000
2018-02-23 00:25:21,0.00094290,10.86000000
2018-02-23 00:25:21,0.00094290,10.86000000
2018-02-23 00:25:21,0.00094280,44.15000000
2018-02-23 00:25:24,0.00094420,22.13000000
2018-02-23 00:25:26,0.00094400,18.50000000
2018-02-23 00:25:28,0.00094250,20.00000000
2018-02-23 00:25:29,0.00094390,14.73000000
2018-02-23 00:25:31,0.00094240,12.39000000
2018-02-23 00:25:31,0.00094230,12.61000000
2018-02-23 00:25:33,0.00094240,27.51000000
2018-02-23 00:25:33,0.00094240,27.51000000
2018-02-23 00:25:33,0.00094230,1.46000000
2018-02-23 00:25:33,0.00094220,12.40000000
2018-02-23 00:25:33,0.00094210,9.72000000
2018-02-23 00:25:35,0.00094200,4.96000000
2018-02-23 00:25:35,0.00094200,12.92000000
2018-02-23 00:25:36,0.00094210,9.72000000
2018-02-23 00:25:37,0.00094200,31.82000000
2018-02-23 00:25:37,0.00094200,19.26000000
2018-02-23 00:25:38,0.00094170,86.52000000
2018-02-23 00:25:42,0.00094230,31.82000000
2018-02-23 00:25:42,0.00094230,12.40000000
2018-02-23 00:25:44,0.00094210,42.35000000
2018-02-23 00:25:44,0.00094230,110.73000000
2018-02-23 00:25:44,0.00094240,797.34000000
2018-02-23 00:25:44,0.00094210,33.99000000
2018-02-23 00:25:44,0.00094210,69.45000000
2018-02-23 00:25:44,0.00094120,1.68000000
2018-02-23 00:25:44,0.00094100,16.00000000
2018-02-23 00:25:44,0.00094070,382.81000000
2018-02-23 00:25:46,0.00094080,105.07000000
2018-02-23 00:25:46,0.00094070,72.00000000
2018-02-23 00:25:46,0.00094060,5.00000000
2018-02-23 00:25:46,0.00094050,10.63000000
2018-02-23 00:25:46,0.00094030,30.70000000
2018-02-23 00:25:46,0.00094020,579.70000000
2018-02-23 00:25:46,0.00094010,100.40000000
2018-02-23 00:25:46,0.00094000,204.57000000
2018-02-23 00:25:47,0.00094210,100.67000000
2018-02-23 00:25:49,0.00094180,55.07000000
2018-02-23 00:25:49,0.00094180,2.12000000
2018-02-23 00:25:50,0.00094180,22.08000000
2018-02-23 00:25:51,0.00094180,30.05000000
2018-02-23 00:25:55,0.00094190,4.62000000
2018-02-23 00:25:55,0.00094190,10.00000000
2018-02-23 00:25:55,0.00094190,10.00000000
2018-02-23 00:25:55,0.00094190,10.00000000
2018-02-23 00:25:55,0.00094180,4.62000000
2018-02-23 00:25:55,0.00094180,48.13000000
2018-02-23 00:25:59,0.00094200,25.44000000
2018-02-23 00:26:04,0.00094200,169.03000000
2018-02-23 00:26:09,0.00094200,13.66000000
2018-02-23 00:26:12,0.00094200,21.59000000
2018-02-23 00:26:13,0.00094200,36.12000000
2018-02-23 00:26:16,0.00094200,17.04000000
2018-02-23 00:26:16,0.00094180,1.01000000
2018-02-23 00:26:17,0.00094180,147.87000000
2018-02-23 00:26:18,0.00094180,130.22000000
2018-02-23 00:26:21,0.00094180,646.98000000
2018-02-23 00:26:22,0.00094180,44.20000000
2018-02-23 00:26:23,0.00094200,3.23000000
2018-02-23 00:26:23,0.00094210,35.04000000
2018-02-23 00:26:28,0.00094190,44.21000000
2018-02-23 00:26:30,0.00094200,2.35000000
2018-02-23 00:26:31,0.00094200,21.54000000
2018-02-23 00:26:40,0.00094200,96.11000000
2018-02-23 00:26:40,0.00094210,200.93000000
2018-02-23 00:26:40,0.00094240,525.32000000
2018-02-23 00:26:40,0.00094260,24.79000000
2018-02-23 00:26:40,0.00094300,18.02000000
2018-02-23 00:26:40,0.00094190,125.09000000
2018-02-23 00:26:42,0.00094300,2.12000000
2018-02-23 00:26:44,0.00094240,3.87000000
2018-02-23 00:26:45,0.00094260,31.82000000
2018-02-23 00:26:45,0.00094260,67.60000000
2018-02-23 00:26:45,0.00094240,17.98000000
2018-02-23 00:26:46,0.00094240,10.00000000
2018-02-23 00:26:48,0.00094260,49.81000000
2018-02-23 00:26:48,0.00094260,5.71000000
2018-02-23 00:26:49,0.00094260,33.29000000
2018-02-23 00:26:50,0.00094260,21.05000000
2018-02-23 00:26:54,0.00094240,1.39000000
2018-02-23 00:26:55,0.00094240,3.00000000
2018-02-23 00:26:55,0.00094300,381.32000000
2018-02-23 00:26:55,0.00094360,9.70000000
2018-02-23 00:26:55,0.00094400,1.68000000
2018-02-23 00:26:55,0.00094430,10.63000000
2018-02-23 00:26:55,0.00094470,32.75000000
2018-02-23 00:26:55,0.00094480,227.29000000
2018-02-23 00:26:55,0.00094480,1.73000000
2018-02-23 00:26:55,0.00094480,8.42000000
2018-02-23 00:26:55,0.00094480,3.23000000
2018-02-23 00:26:55,0.00094480,32.00000000
2018-02-23 00:26:55,0.00094500,2.12000000
2018-02-23 00:26:55,0.00094480,28.51000000
2018-02-23 00:26:57,0.00094470,46.22000000
2018-02-23 00:26:58,0.00094280,31.82000000
2018-02-23 00:26:58,0.00094270,35.24000000
2018-02-23 00:27:03,0.00094340,30.29000000
2018-02-23 00:27:03,0.00094420,46.49000000
2018-02-23 00:27:04,0.00094290,2.14000000
2018-02-23 00:27:10,0.00094310,105.24000000
2018-02-23 00:27:13,0.00094270,12.35000000
2018-02-23 00:27:13,0.00094310,57.11000000
2018-02-23 00:27:14,0.00094310,3.97000000
2018-02-23 00:27:14,0.00094310,6.18000000
2018-02-23 00:27:14,0.00094310,12.35000000
2018-02-23 00:27:20,0.00094310,45.10000000
2018-02-23 00:27:21,0.00094310,21.54000000
2018-02-23 00:27:22,0.00094320,2.14000000
2018-02-23 00:27:23,0.00094340,31.79000000
2018-02-23 00:27:23,0.00094330,20.64000000
2018-02-23 00:27:25,0.00094390,10.60000000
2018-02-23 00:27:29,0.00094340,36.81000000
2018-02-23 00:27:31,0.00094370,10.04000000
2018-02-23 00:27:31,0.00094380,59.79000000
2018-02-23 00:27:31,0.00094380,31.78000000
2018-02-23 00:27:31,0.00094380,16.34000000
2018-02-23 00:27:32,0.00094380,121.85000000
2018-02-23 00:27:34,0.00094380,44.54000000
2018-02-23 00:27:35,0.00094390,34.19000000
2018-02-23 00:27:37,0.00094360,3.37000000
2018-02-23 00:27:40,0.00094340,112.46000000
2018-02-23 00:27:46,0.00094330,78.00000000
2018-02-23 00:27:47,0.00094320,13.48000000
2018-02-23 00:27:48,0.00094330,0.20000000
2018-02-23 00:27:50,0.00094330,0.30000000
2018-02-23 00:27:50,0.00094330,405.95000000
2018-02-23 00:27:51,0.00094330,93.68000000
2018-02-23 00:27:51,0.00094330,31.77000000
2018-02-23 00:27:51,0.00094330,7.06000000
2018-02-23 00:27:52,0.00094330,7.06000000
2018-02-23 00:27:53,0.00094330,0.90000000
2018-02-23 00:27:53,0.00094350,5.10000000
2018-02-23 00:27:54,0.00094370,2.56000000
2018-02-23 00:27:54,0.00094370,2.39000000
2018-02-23 00:27:54,0.00094500,58.93000000
2018-02-23 00:27:54,0.00094500,68.61000000
2018-02-23 00:27:54,0.00094500,7.11000000
2018-02-23 00:27:54,0.00094500,5.93000000
2018-02-23 00:27:54,0.00094500,7.00000000
2018-02-23 00:27:54,0.00094360,7.11000000
2018-02-23 00:27:55,0.00094500,1.00000000
2018-02-23 00:27:59,0.00094390,6.41000000
2018-02-23 00:27:59,0.00094370,5.29000000
2018-02-23 00:27:59,0.00094360,3.30000000
2018-02-23 00:28:03,0.00094370,78.00000000
2018-02-23 00:28:03,0.00094360,208.41000000
2018-02-23 00:28:03,0.00094320,43.80000000
2018-02-23 00:28:03,0.00094310,160.78000000
2018-02-23 00:28:04,0.00094500,1.50000000
2018-02-23 00:28:05,0.00094500,8.99000000
2018-02-23 00:28:05,0.00094390,2.12000000
2018-02-23 00:28:05,0.00094380,0.49000000
2018-02-23 00:28:06,0.00094470,4.77000000
2018-02-23 00:28:08,0.00094470,7.00000000
2018-02-23 00:28:09,0.00094400,118.98000000
2018-02-23 00:28:13,0.00094390,7.53000000
2018-02-23 00:28:14,0.00094390,12.47000000
2018-02-23 00:28:19,0.00094470,23.39000000
2018-02-23 00:28:23,0.00094420,49.85000000
2018-02-23 00:28:24,0.00094410,1.33000000
2018-02-23 00:28:29,0.00094410,14.31000000
2018-02-23 00:28:33,0.00094410,2.30000000
2018-02-23 00:28:36,0.00094450,0.05000000
2018-02-23 00:28:36,0.00094450,2.07000000
2018-02-23 00:28:36,0.00094470,2.56000000
2018-02-23 00:28:36,0.00094480,2.12000000
2018-02-23 00:28:36,0.00094500,58.10000000
2018-02-23 00:28:37,0.00094500,16.95000000
2018-02-23 00:28:37,0.00094500,34.00000000
2018-02-23 00:28:37,0.00094410,719.75000000
2018-02-23 00:28:38,0.00094410,34.00000000
2018-02-23 00:28:39,0.00094410,1.87000000
2018-02-23 00:28:40,0.00094480,125.36000000
2018-02-23 00:28:43,0.00094530,36.11000000
2018-02-23 00:28:43,0.00094570,2.12000000
2018-02-23 00:28:43,0.00094580,100.00000000
2018-02-23 00:28:43,0.00094590,59.05000000
2018-02-23 00:28:43,0.00094600,0.01000000
2018-02-23 00:28:43,0.00094690,5.00000000
2018-02-23 00:28:43,0.00094700,276.71000000
2018-02-23 00:28:49,0.00094690,95.23000000
2018-02-23 00:28:49,0.00094690,6.07000000
2018-02-23 00:28:50,0.00094690,7.83000000
2018-02-23 00:28:50,0.00094700,15.98000000
2018-02-23 00:28:52,0.00094550,2.12000000
2018-02-23 00:28:52,0.00094530,38.92000000
2018-02-23 00:28:53,0.00094670,2.12000000
2018-02-23 00:28:53,0.00094700,6.52000000
2018-02-23 00:28:56,0.00094680,2.49000000
2018-02-23 00:28:56,0.00094700,40.03000000
2018-02-23 00:28:58,0.00094640,56.23000000
2018-02-23 00:29:00,0.00094700,11.74000000
2018-02-23 00:29:03,0.00094700,924.08000000
2018-02-23 00:29:03,0.00094760,98.92000000
2018-02-23 00:29:03,0.00094640,42.05000000
2018-02-23 00:29:05,0.00094660,2.12000000
2018-02-23 00:29:05,0.00094650,35.67000000
2018-02-23 00:29:07,0.00094650,62.93000000
2018-02-23 00:29:07,0.00094640,25.75000000
2018-02-23 00:29:08,0.00094740,2.12000000
2018-02-23 00:29:08,0.00094750,8.43000000
2018-02-23 00:29:08,0.00094660,2.12000000
2018-02-23 00:29:09,0.00094650,32.06000000
2018-02-23 00:29:09,0.00094720,2.12000000
2018-02-23 00:29:09,0.00094750,90.17000000
2018-02-23 00:29:09,0.00094760,303.08000000
2018-02-23 00:29:09,0.00094760,15.39000000
2018-02-23 00:29:09,0.00094760,15.40000000
2018-02-23 00:29:10,0.00094760,106.71000000
2018-02-23 00:29:11,0.00094770,1.00000000
2018-02-23 00:29:13,0.00094760,336.14000000
2018-02-23 00:29:13,0.00094650,98.64000000
2018-02-23 00:29:15,0.00094690,131.88000000
2018-02-23 00:29:22,0.00094660,7.00000000
2018-02-23 00:29:24,0.00094700,2.81000000
2018-02-23 00:29:25,0.00094660,7.94000000
2018-02-23 00:29:25,0.00094660,54.67000000
2018-02-23 00:29:25,0.00094660,12.39000000
2018-02-23 00:29:25,0.00094690,42.28000000
2018-02-23 00:29:25,0.00094690,3.03000000
2018-02-23 00:29:26,0.00094690,10.07000000
2018-02-23 00:29:26,0.00094650,1.15000000
2018-02-23 00:29:26,0.00094640,18.23000000
2018-02-23 00:29:33,0.00094640,54.67000000
2018-02-23 00:29:34,0.00094640,127.05000000
2018-02-23 00:29:34,0.00094610,2.12000000
2018-02-23 00:29:34,0.00094560,10.30000000
2018-02-23 00:29:34,0.00094530,28.33000000
2018-02-23 00:29:34,0.00094520,31.73000000
2018-02-23 00:29:34,0.00094500,15.00000000
2018-02-23 00:29:34,0.00094470,1.88000000
2018-02-23 00:29:34,0.00094470,17.00000000
2018-02-23 00:29:34,0.00094660,62.75000000
2018-02-23 00:29:34,0.00094680,2.12000000
2018-02-23 00:29:34,0.00094690,7.37000000
2018-02-23 00:29:34,0.00094690,35.89000000
2018-02-23 00:29:34,0.00094700,11.99000000
2018-02-23 00:29:38,0.00094490,54.85000000
2018-02-23 00:29:38,0.00094480,74.00000000
2018-02-23 00:29:38,0.00094480,26.58000000
2018-02-23 00:29:42,0.00094500,2.65000000
2018-02-23 00:29:46,0.00094560,138.40000000
2018-02-23 00:29:47,0.00094620,99.99000000
2018-02-23 00:29:49,0.00094620,4.36000000
2018-02-23 00:29:53,0.00094620,416.90000000
2018-02-23 00:29:54,0.00094620,92.41000000
2018-02-23 00:29:55,0.00094620,10.00000000
2018-02-23 00:29:57,0.00094610,16.75000000
2018-02-23 00:30:01,0.00094570,69.27000000
2018-02-23 00:30:05,0.00094600,10.00000000
2018-02-23 00:30:05,0.00094610,16.63000000
2018-02-23 00:30:09,0.00094550,2.12000000
2018-02-23 00:30:11,0.00094550,29.28000000
2018-02-23 00:30:15,0.00094540,30.13000000
2018-02-23 00:30:17,0.00094540,7.02000000
2018-02-23 00:30:30,0.00094550,28.12000000
2018-02-23 00:30:30,0.00094550,17.06000000
2018-02-23 00:30:31,0.00094560,75.79000000
2018-02-23 00:30:34,0.00094550,1.02000000
2018-02-23 00:30:36,0.00094550,17.05000000
2018-02-23 00:30:36,0.00094540,2.65000000
2018-02-23 00:30:41,0.00094540,8.64000000
2018-02-23 00:30:46,0.00094540,75.51000000
2018-02-23 00:30:50,0.00094550,30.96000000
2018-02-23 00:30:50,0.00094590,2.12000000
2018-02-23 00:30:50,0.00094600,31.92000000
2018-02-23 00:30:54,0.00094600,68.67000000
2018-02-23 00:30:56,0.00094570,82.32000000
2018-02-23 00:30:58,0.00094600,102.34000000
2018-02-23 00:30:58,0.00094600,2.12000000
2018-02-23 00:30:58,0.00094610,41.71000000
2018-02-23 00:30:58,0.00094620,96.08000000
2018-02-23 00:31:00,0.00094620,227.00000000
2018-02-23 00:31:02,0.00094620,126.27000000
2018-02-23 00:31:04,0.00094620,7.02000000
2018-02-23 00:31:05,0.00094620,156.48000000
2018-02-23 00:31:05,0.00094620,25.08000000
2018-02-23 00:31:06,0.00094600,14.34000000
2018-02-23 00:31:11,0.00094600,12.12000000
2018-02-23 00:31:14,0.00094610,13.04000000
2018-02-23 00:31:20,0.00094620,3.00000000
2018-02-23 00:31:28,0.00094600,63.18000000
2018-02-23 00:31:30,0.00094620,29.22000000
2018-02-23 00:31:31,0.00094610,88.69000000
2018-02-23 00:31:35,0.00094620,444.66000000
2018-02-23 00:31:39,0.00094630,24.60000000
2018-02-23 00:31:41,0.00094620,34.59000000
2018-02-23 00:31:42,0.00094620,182.86000000
2018-02-23 00:31:47,0.00094620,50.01000000
2018-02-23 00:31:47,0.00094630,17.12000000
2018-02-23 00:31:50,0.00094630,36.98000000
2018-02-23 00:31:53,0.00094630,107.70000000
2018-02-23 00:31:53,0.00094620,48.61000000
2018-02-23 00:31:53,0.00094610,2113.94000000
2018-02-23 00:31:53,0.00094600,64.52000000
2018-02-23 00:31:53,0.00094570,157.38000000
2018-02-23 00:31:53,0.00094560,98.59000000
2018-02-23 00:31:53,0.00094550,1441.49000000
2018-02-23 00:31:58,0.00094550,48.61000000
2018-02-23 00:31:58,0.00094540,70.43000000
2018-02-23 00:31:58,0.00094630,1.28000000
2018-02-23 00:32:03,0.00094590,95.21000000
2018-02-23 00:32:04,0.00094630,4.61000000
2018-02-23 00:32:07,0.00094590,6.30000000
2018-02-23 00:32:07,0.00094630,50.66000000
2018-02-23 00:32:09,0.00094630,80.96000000
2018-02-23 00:32:15,0.00094640,15.78000000
2018-02-23 00:32:16,0.00094630,27.34000000
2018-02-23 00:32:16,0.00094600,28.14000000
2018-02-23 00:32:16,0.00094600,132.93000000
2018-02-23 00:32:23,0.00094600,75.44000000
2018-02-23 00:32:24,0.00094590,88.91000000
2018-02-23 00:32:24,0.00094570,2.12000000
2018-02-23 00:32:24,0.00094560,98.35000000
2018-02-23 00:32:24,0.00094550,329.22000000
2018-02-23 00:32:24,0.00094540,693.50000000
2018-02-23 00:32:26,0.00094590,34.07000000
2018-02-23 00:32:26,0.00094590,64.28000000
2018-02-23 00:32:29,0.00094600,105.64000000
2018-02-23 00:32:31,0.00094600,39.35000000
2018-02-23 00:32:35,0.00094510,3.00000000
2018-02-23 00:32:36,0.00094600,14.36000000
2018-02-23 00:32:36,0.00094550,31.70000000
2018-02-23 00:32:36,0.00094550,70.04000000
2018-02-23 00:32:37,0.00094600,31.69000000
2018-02-23 00:32:38,0.00094600,31.69000000
2018-02-23 00:32:38,0.00094600,14.59000000
2018-02-23 00:32:38,0.00094600,31.69000000
2018-02-23 00:32:38,0.00094600,31.69000000
2018-02-23 00:32:38,0.00094600,31.69000000
2018-02-23 00:32:38,0.00094600,43.25000000
2018-02-23 00:32:38,0.00094600,31.69000000
2018-02-23 00:32:38,0.00094600,31.69000000
2018-02-23 00:32:38,0.00094600,31.69000000
2018-02-23 00:32:38,0.00094600,31.39000000
2018-02-23 00:32:39,0.00094600,31.69000000
2018-02-23 00:32:39,0.00094600,31.69000000
2018-02-23 00:32:39,0.00094600,31.69000000
2018-02-23 00:32:39,0.00094600,31.69000000
2018-02-23 00:32:40,0.00094600,105.28000000
2018-02-23 00:32:41,0.00094600,8.90000000
2018-02-23 00:32:41,0.00094600,8.90000000
2018-02-23 00:32:41,0.00094600,22.79000000
2018-02-23 00:32:42,0.00094600,123.72000000
2018-02-23 00:32:47,0.00094600,124.77000000
2018-02-23 00:32:47,0.00094600,4.83000000
2018-02-23 00:32:47,0.00094600,27.13000000
2018-02-23 00:32:49,0.00094600,5.00000000
2018-02-23 00:32:49,0.00094610,2.12000000
2018-02-23 00:32:49,0.00094630,48.53000000
2018-02-23 00:32:50,0.00094630,99.54000000
2018-02-23 00:32:50,0.00094550,151.20000000
2018-02-23 00:32:50,0.00094540,11.83000000
2018-02-23 00:32:50,0.00094540,10.11000000
2018-02-23 00:32:50,0.00094540,57.00000000
2018-02-23 00:32:51,0.00094540,64.60000000
2018-02-23 00:32:52,0.00094540,77.79000000
2018-02-23 00:32:55,0.00094540,21.04000000
2018-02-23 00:32:55,0.00094540,28.31000000
2018-02-23 00:32:59,0.00094540,28.31000000
2018-02-23 00:32:59,0.00094510,31.69000000
2018-02-23 00:32:59,0.00094640,7.44000000
2018-02-23 00:32:59,0.00094650,57.43000000
2018-02-23 00:32:59,0.00094690,12.00000000
2018-02-23 00:32:59,0.00094700,768.01000000
2018-02-23 00:33:00,0.00094700,143.43000000
2018-02-23 00:33:02,0.00094710,38.34000000
2018-02-23 00:33:04,0.00094770,7.14000000
2018-02-23 00:33:05,0.00094770,0.30000000
2018-02-23 00:33:05,0.00094800,113.97000000
2018-02-23 00:33:07,0.00094810,38.34000000
2018-02-23 00:33:07,0.00094820,38.26000000
2018-02-23 00:33:07,0.00094850,1.85000000
2018-02-23 00:33:07,0.00094870,12.75000000
2018-02-23 00:33:07,0.00094880,84.57000000
2018-02-23 00:33:07,0.00094800,685.73000000
2018-02-23 00:33:07,0.00094700,177.15000000
2018-02-23 00:33:08,0.00094720,11.00000000
2018-02-23 00:33:09,0.00094790,108.26000000
2018-02-23 00:33:13,0.00094800,10.00000000
2018-02-23 00:33:13,0.00094870,11.00000000
2018-02-23 00:33:13,0.00094880,13.18000000
2018-02-23 00:33:15,0.00094790,20.99000000
2018-02-23 00:33:16,0.00094790,30.56000000
2018-02-23 00:33:16,0.00094790,35.85000000
2018-02-23 00:33:17,0.00094740,2.12000000
2018-02-23 00:33:17,0.00094720,0.09000000
2018-02-23 00:33:17,0.00094780,2.12000000
2018-02-23 00:33:18,0.00094800,10.88000000
2018-02-23 00:33:22,0.00094800,2.00000000
2018-02-23 00:33:23,0.00094760,2.12000000
2018-02-23 00:33:24,0.00094760,32.12000000
2018-02-23 00:33:24,0.00094760,94.99000000
2018-02-23 00:33:25,0.00094760,23.78000000
2018-02-23 00:33:26,0.00094760,73.99000000
2018-02-23 00:33:28,0.00094770,39.13000000
2018-02-23 00:33:31,0.00094800,90.41000000
2018-02-23 00:33:32,0.00094760,53.89000000
2018-02-23 00:33:37,0.00094760,56.33000000
2018-02-23 00:33:37,0.00094720,163.55000000
2018-02-23 00:33:37,0.00094710,98.38000000
2018-02-23 00:33:37,0.00094700,196.90000000
2018-02-23 00:33:41,0.00094800,1.10000000
2018-02-23 00:33:41,0.00094830,98.38000000
2018-02-23 00:33:41,0.00094860,106.18000000
2018-02-23 00:33:41,0.00094700,33.74000000
2018-02-23 00:33:41,0.00094620,54.81000000
2018-02-23 00:33:41,0.00094610,49.61000000
2018-02-23 00:33:41,0.00094540,19.54000000
2018-02-23 00:33:41,0.00094510,41.63000000
2018-02-23 00:33:41,0.00094480,95.13000000
2018-02-23 00:33:41,0.00094470,3591.15000000
2018-02-23 00:33:43,0.00094770,31.67000000
2018-02-23 00:33:43,0.00094780,31.62000000
2018-02-23 00:33:44,0.00094770,25.17000000
2018-02-23 00:33:48,0.00094770,29.64000000
2018-02-23 00:33:48,0.00094780,77.38000000
2018-02-23 00:33:48,0.00094800,35.25000000
2018-02-23 00:33:49,0.00094690,114.78000000
2018-02-23 00:33:50,0.00094610,16.07000000
2018-02-23 00:33:50,0.00094600,3.92000000
2018-02-23 00:33:50,0.00094590,31.71000000
2018-02-23 00:33:50,0.00094570,3.92000000
2018-02-23 00:33:52,0.00094720,7.81000000
2018-02-23 00:33:52,0.00094720,23.90000000
2018-02-23 00:33:52,0.00094740,11.73000000
2018-02-23 00:33:53,0.00094600,25.17000000
2018-02-23 00:33:57,0.00094730,8.86000000
2018-02-23 00:33:58,0.00094740,15.61000000
2018-02-23 00:33:58,0.00094700,71.13000000
2018-02-23 00:33:59,0.00094730,5.89000000
2018-02-23 00:34:00,0.00094730,71.13000000
2018-02-23 00:34:01,0.00094740,132.76000000
2018-02-23 00:34:01,0.00094740,281.24000000
2018-02-23 00:34:01,0.00094800,226.01000000
2018-02-23 00:34:01,0.00094860,631.65000000
2018-02-23 00:34:01,0.00094880,34.12000000
2018-02-23 00:34:01,0.00094890,144.67000000
2018-02-23 00:34:01,0.00094900,1882.06000000
2018-02-23 00:34:01,0.00094900,5.42000000
2018-02-23 00:34:02,0.00094920,2.20000000
2018-02-23 00:34:03,0.00094910,45.50000000
2018-02-23 00:34:05,0.00094910,0.28000000
2018-02-23 00:34:06,0.00094920,0.73000000
2018-02-23 00:34:06,0.00094920,183.65000000
2018-02-23 00:34:06,0.00094980,201.95000000
2018-02-23 00:34:06,0.00094990,489.55000000
2018-02-23 00:34:06,0.00095000,1732.75000000
2018-02-23 00:34:08,0.00095000,572.36000000
2018-02-23 00:34:08,0.00094920,16.75000000
2018-02-23 00:34:08,0.00094920,16.75000000
2018-02-23 00:34:09,0.00095000,144.14000000
2018-02-23 00:34:10,0.00095000,420.00000000
2018-02-23 00:34:11,0.00094920,54.64000000
2018-02-23 00:34:11,0.00095000,127.90000000
2018-02-23 00:34:11,0.00094910,4.73000000
2018-02-23 00:34:12,0.00094990,88.14000000
2018-02-23 00:34:12,0.00095000,970.42000000
2018-02-23 00:34:13,0.00095000,50.22000000
2018-02-23 00:34:14,0.00095000,2388.34000000
2018-02-23 00:34:14,0.00094950,121.16000000
2018-02-23 00:34:15,0.00095000,245.95000000
2018-02-23 00:34:15,0.00095000,226.43000000
2018-02-23 00:34:15,0.00095000,50.00000000
2018-02-23 00:34:15,0.00094730,2.09000000
2018-02-23 00:34:15,0.00094630,3.64000000
2018-02-23 00:34:15,0.00094600,16.58000000
2018-02-23 00:34:15,0.00094580,31.71000000
2018-02-23 00:34:15,0.00094550,228.57000000
2018-02-23 00:34:15,0.00094540,51.03000000
2018-02-23 00:34:15,0.00095000,159.92000000
2018-02-23 00:34:16,0.00095000,52.51000000
2018-02-23 00:34:16,0.00095000,31.57000000
2018-02-23 00:34:16,0.00095000,61.68000000
2018-02-23 00:34:16,0.00095000,31.57000000
2018-02-23 00:34:16,0.00095000,31.57000000
2018-02-23 00:34:16,0.00095000,28.52000000
2018-02-23 00:34:16,0.00094900,18.82000000
2018-02-23 00:34:16,0.00095000,51.03000000
2018-02-23 00:34:17,0.00095010,154.56000000
2018-02-23 00:34:17,0.00095030,95.29000000
2018-02-23 00:34:17,0.00095040,30.80000000
2018-02-23 00:34:17,0.00095090,30.00000000
2018-02-23 00:34:17,0.00095100,31.12000000
2018-02-23 00:34:17,0.00095100,179.37000000
2018-02-23 00:34:17,0.00095090,8.71000000
2018-02-23 00:34:17,0.00095000,8.98000000
2018-02-23 00:34:22,0.00095130,0.26000000
2018-02-23 00:34:23,0.00095010,98.22000000
2018-02-23 00:34:23,0.00095000,85.94000000
2018-02-23 00:34:25,0.00095130,103.26000000
2018-02-23 00:34:25,0.00095140,2.18000000
2018-02-23 00:34:25,0.00095140,49.19000000
2018-02-23 00:34:26,0.00095140,2.18000000
2018-02-23 00:34:26,0.00095150,6.84000000
2018-02-23 00:34:26,0.00095100,77.56000000
2018-02-23 00:34:26,0.00095100,77.00000000
2018-02-23 00:34:27,0.00095100,5.36000000
2018-02-23 00:34:27,0.00095000,5.36000000
2018-02-23 00:34:30,0.00095110,52.03000000
2018-02-23 00:34:30,0.00095100,9.57000000
2018-02-23 00:34:31,0.00095040,2.65000000
2018-02-23 00:34:34,0.00095040,33.82000000
2018-02-23 00:34:34,0.00095030,1.92000000
2018-02-23 00:34:36,0.00095050,81.54000000
2018-02-23 00:34:36,0.00095020,489.05000000
2018-02-23 00:34:36,0.00095000,61.55000000
2018-02-23 00:34:36,0.00095000,12.64000000
2018-02-23 00:34:38,0.00094990,10.90000000
2018-02-23 00:34:40,0.00094910,3.64000000
2018-02-23 00:34:40,0.00094990,20.66000000
2018-02-23 00:34:40,0.00095000,28.01000000
2018-02-23 00:34:40,0.00095030,33.38000000
2018-02-23 00:34:40,0.00094710,6.93000000
2018-02-23 00:34:41,0.00094900,2.22000000
2018-02-23 00:34:41,0.00094740,0.45000000
2018-02-23 00:34:42,0.00094910,2.35000000
2018-02-23 00:34:42,0.00094910,125.33000000
2018-02-23 00:34:43,0.00094790,11.23000000
2018-02-23 00:34:43,0.00094910,1.91000000
2018-02-23 00:34:44,0.00094790,10.61000000
2018-02-23 00:34:44,0.00094760,15.84000000
2018-02-23 00:34:45,0.00094900,1.36000000
2018-02-23 00:34:45,0.00094900,1.37000000
2018-02-23 00:34:45,0.00094900,13.11000000
2018-02-23 00:34:45,0.00094910,0.44000000
2018-02-23 00:34:45,0.00095090,6.93000000
2018-02-23 00:34:45,0.00095100,7.09000000
2018-02-23 00:34:46,0.00095000,2.00000000
2018-02-23 00:34:46,0.00095100,12.47000000
2018-02-23 00:34:47,0.00094810,10.63000000
2018-02-23 00:34:49,0.00094830,4.61000000
2018-02-23 00:34:50,0.00094860,62.31000000
2018-02-23 00:34:50,0.00094850,37.16000000
2018-02-23 00:34:50,0.00094840,32.10000000
2018-02-23 00:34:50,0.00094820,1.71000000
2018-02-23 00:34:50,0.00094790,59.56000000
2018-02-23 00:34:50,0.00094760,0.21000000
2018-02-23 00:34:50,0.00094990,4.61000000
2018-02-23 00:34:53,0.00094870,14.44000000
2018-02-23 00:34:54,0.00094870,14.44000000
2018-02-23 00:34:54,0.00094870,29.67000000
2018-02-23 00:34:54,0.00094870,14.44000000
2018-02-23 00:34:56,0.00094950,31.57000000
2018-02-23 00:34:56,0.00094950,23.07000000
2018-02-23 00:34:56,0.00094940,5.01000000
2018-02-23 00:34:56,0.00094960,8.50000000
2018-02-23 00:34:56,0.00094870,5.01000000
2018-02-23 00:34:57,0.00094960,23.12000000
2018-02-23 00:34:59,0.00094870,55.05000000
2018-02-23 00:34:59,0.00094820,10.70000000
2018-02-23 00:34:59,0.00094800,5.88000000
2018-02-23 00:35:00,0.00094990,188.52000000
2018-02-23 00:35:00,0.00094990,31.55000000
2018-02-23 00:35:00,0.00094990,13.29000000
2018-02-23 00:35:00,0.00094990,31.55000000
2018-02-23 00:35:01,0.00094990,5.88000000
2018-02-23 00:35:03,0.00095000,19.65000000
2018-02-23 00:35:03,0.00095000,68.15000000
2018-02-23 00:35:06,0.00094990,10.70000000
2018-02-23 00:35:09,0.00095000,332.20000000
2018-02-23 00:35:13,0.00095000,5.73000000
2018-02-23 00:35:13,0.00094990,0.25000000
2018-02-23 00:35:15,0.00095000,12.74000000
2018-02-23 00:35:18,0.00095100,2.00000000
2018-02-23 00:35:18,0.00095130,2.00000000
2018-02-23 00:35:18,0.00095150,8.25000000
2018-02-23 00:35:18,0.00095180,27.41000000
2018-02-23 00:35:20,0.00095030,0.01000000
2018-02-23 00:35:21,0.00095180,29.64000000
2018-02-23 00:35:22,0.00095100,15.95000000
2018-02-23 00:35:23,0.00095100,65.07000000
2018-02-23 00:35:23,0.00095180,216.21000000
2018-02-23 00:35:23,0.00095180,9.88000000
2018-02-23 00:35:24,0.00095100,18.48000000
2018-02-23 00:35:25,0.00095180,100.00000000
2018-02-23 00:35:25,0.00095180,34.09000000
2018-02-23 00:35:26,0.00095170,66.88000000
2018-02-23 00:35:26,0.00095180,1.51000000
2018-02-23 00:35:27,0.00095100,56.14000000
2018-02-23 00:35:28,0.00095180,35.86000000
2018-02-23 00:35:29,0.00095180,11.96000000
2018-02-23 00:35:29,0.00095180,82.31000000
2018-02-23 00:35:30,0.00095030,31.56000000
2018-02-23 00:35:30,0.00095020,0.26000000
2018-02-23 00:35:31,0.00095020,8.26000000
2018-02-23 00:35:31,0.00095020,61.84000000
2018-02-23 00:35:31,0.00095020,6.86000000
2018-02-23 00:35:31,0.00095020,25.81000000
2018-02-23 00:35:31,0.00095020,25.83000000
2018-02-23 00:35:32,0.00095020,14.46000000
2018-02-23 00:35:35,0.00095000,25.81000000
2018-02-23 00:35:35,0.00095020,62.31000000
2018-02-23 00:35:36,0.00095030,54.63000000
2018-02-23 00:35:36,0.00095020,12.54000000
2018-02-23 00:35:37,0.00095020,31.75000000
2018-02-23 00:35:37,0.00095020,25.83000000
2018-02-23 00:35:38,0.00095020,54.64000000
2018-02-23 00:35:38,0.00095030,12.00000000
2018-02-23 00:35:39,0.00095030,121.65000000
2018-02-23 00:35:40,0.00095030,619.05000000
2018-02-23 00:35:40,0.00095030,37.65000000
2018-02-23 00:35:42,0.00095030,96.00000000
2018-02-23 00:35:42,0.00095020,41.74000000
2018-02-23 00:35:45,0.00095170,0.72000000
2018-02-23 00:35:50,0.00095100,0.67000000
2018-02-23 00:35:51,0.00095100,8.40000000
2018-02-23 00:35:52,0.00095100,19.73000000
2018-02-23 00:35:55,0.00095070,71.59000000
2018-02-23 00:35:55,0.00095050,70.14000000
2018-02-23 00:35:55,0.00095040,5.26000000
2018-02-23 00:35:55,0.00095030,100.33000000
2018-02-23 00:35:55,0.00095070,31.53000000
2018-02-23 00:35:55,0.00095070,6.57000000
2018-02-23 00:35:55,0.00095070,31.53000000
2018-02-23 00:35:55,0.00095070,1.96000000
2018-02-23 00:35:55,0.00095070,31.53000000
2018-02-23 00:35:55,0.00095100,3.76000000
2018-02-23 00:35:58,0.00095100,26.08000000
2018-02-23 00:36:00,0.00095100,53.54000000
2018-02-23 00:36:01,0.00095030,0.81000000
2018-02-23 00:36:05,0.00095100,7.98000000
2018-02-23 00:36:08,0.00095100,22.07000000
2018-02-23 00:36:10,0.00095100,549.04000000
2018-02-23 00:36:11,0.00095060,5.58000000
2018-02-23 00:36:15,0.00095100,1.07000000
2018-02-23 00:36:16,0.00095040,34.08000000
2018-02-23 00:36:17,0.00095100,1.61000000
2018-02-23 00:36:18,0.00095100,2.83000000
2018-02-23 00:36:18,0.00095100,1.26000000
2018-02-23 00:36:20,0.00095040,380.05000000
2018-02-23 00:36:20,0.00095030,1490.58000000
2018-02-23 00:36:21,0.00095020,6.10000000
2018-02-23 00:36:21,0.00095020,108.90000000
2018-02-23 00:36:21,0.00095020,31.55000000
2018-02-23 00:36:21,0.00095020,8.76000000
2018-02-23 00:36:22,0.00095030,31.55000000
2018-02-23 00:36:22,0.00095030,31.54000000
2018-02-23 00:36:22,0.00095030,12.76000000
2018-02-23 00:36:23,0.00095050,25.79000000
2018-02-23 00:36:23,0.00095050,102.07000000
2018-02-23 00:36:27,0.00095040,31.54000000
2018-02-23 00:36:27,0.00095040,46.57000000
2018-02-23 00:36:28,0.00095050,26.63000000
2018-02-23 00:36:28,0.00095050,6.07000000
2018-02-23 00:36:29,0.00095040,31.54000000
2018-02-23 00:36:29,0.00095000,45.70000000
2018-02-23 00:36:29,0.00094900,36.25000000
2018-02-23 00:36:29,0.00094850,26.56000000
2018-02-23 00:36:29,0.00094850,1.96000000
2018-02-23 00:36:30,0.00095050,5.57000000
2018-02-23 00:36:30,0.00095050,5.57000000
2018-02-23 00:36:30,0.00095050,169.37000000
2018-02-23 00:36:30,0.00095090,99.58000000
2018-02-23 00:36:30,0.00095090,5.57000000
2018-02-23 00:36:33,0.00095090,118.77000000
2018-02-23 00:36:33,0.00095090,142.79000000
2018-02-23 00:36:33,0.00094910,4.91000000
2018-02-23 00:36:33,0.00094900,80.75000000
2018-02-23 00:36:33,0.00094900,0.12000000
2018-02-23 00:36:39,0.00094930,1.33000000
2018-02-23 00:36:40,0.00094930,1.69000000
2018-02-23 00:36:43,0.00095070,2.60000000
2018-02-23 00:36:46,0.00095070,0.42000000
2018-02-23 00:36:46,0.00095090,25.36000000
2018-02-23 00:36:46,0.00095090,5.48000000
2018-02-23 00:36:46,0.00095010,80.78000000
2018-02-23 00:36:47,0.00095100,25.71000000
2018-02-23 00:36:47,0.00095100,10.14000000
2018-02-23 00:36:47,0.00095100,10.17000000
2018-02-23 00:36:47,0.00095100,10.18000000
2018-02-23 00:36:47,0.00095100,10.14000000
2018-02-23 00:36:48,0.00095100,21.36000000
2018-02-23 00:36:48,0.00095070,4.88000000
2018-02-23 00:36:48,0.00095070,0.01000000
2018-02-23 00:36:50,0.00095100,15.35000000
2018-02-23 00:36:52,0.00095070,110.02000000
2018-02-23 00:36:52,0.00095070,13.44000000
2018-02-23 00:36:53,0.00095070,15.13000000
2018-02-23 00:36:55,0.00095070,34.87000000
2018-02-23 00:36:55,0.00095100,50.06000000
2018-02-23 00:36:55,0.00095130,28.18000000
2018-02-23 00:36:55,0.00095140,301.72000000
2018-02-23 00:36:55,0.00095150,168.91000000
2018-02-23 00:36:55,0.00095070,31.53000000
2018-02-23 00:36:56,0.00095070,8.76000000
2018-02-23 00:36:56,0.00095070,2.83000000
2018-02-23 00:37:01,0.00095100,2.00000000
2018-02-23 00:37:01,0.00095100,8.00000000
2018-02-23 00:37:01,0.00095130,21.02000000
2018-02-23 00:37:01,0.00095150,89.72000000
2018-02-23 00:37:06,0.00095130,25.77000000
2018-02-23 00:37:07,0.00095110,299.26000000
2018-02-23 00:37:10,0.00095130,74.23000000
2018-02-23 00:37:12,0.00095150,19.42000000
2018-02-23 00:37:12,0.00095160,56.59000000
2018-02-23 00:37:12,0.00095150,17.50000000
2018-02-23 00:37:12,0.00095160,12.07000000
2018-02-23 00:37:15,0.00095150,1001.34000000
2018-02-23 00:37:15,0.00095150,25.75000000
2018-02-23 00:37:15,0.00095150,25.75000000
2018-02-23 00:37:15,0.00095150,25.76000000
2018-02-23 00:37:16,0.00095130,2.62000000
2018-02-23 00:37:19,0.00095150,4.21000000
2018-02-23 00:37:20,0.00095130,353.77000000
2018-02-23 00:37:20,0.00095100,7.84000000
