DATE,PRICE,VOLUME
2018-02-25 08:00:01,0.00121150,9.28000000
2018-02-25 08:00:02,0.00121090,728.11000000
2018-02-25 08:00:03,0.00121040,17.79000000
2018-02-25 08:00:04,0.00121040,0.02000000
2018-02-25 08:00:04,0.00121040,23.46000000
2018-02-25 08:00:04,0.00121040,24.78000000
2018-02-25 08:00:05,0.00121040,6.58000000
2018-02-25 08:00:05,0.00121040,1.31000000
2018-02-25 08:00:06,0.00121140,8.25000000
2018-02-25 08:00:06,0.00121150,4.25000000
2018-02-25 08:00:06,0.00121160,4.12000000
2018-02-25 08:00:06,0.00121160,86.68000000
2018-02-25 08:00:06,0.00121160,24.76000000
2018-02-25 08:00:06,0.00121160,24.76000000
2018-02-25 08:00:06,0.00121160,24.76000000
2018-02-25 08:00:06,0.00121160,24.76000000
2018-02-25 08:00:06,0.00121160,24.76000000
2018-02-25 08:00:06,0.00121160,24.76000000
2018-02-25 08:00:07,0.00121160,1.21000000
2018-02-25 08:00:07,0.00121160,0.91000000
2018-02-25 08:00:07,0.00121160,4.95000000
2018-02-25 08:00:09,0.00121300,6.01000000
2018-02-25 08:00:09,0.00121160,16.31000000
2018-02-25 08:00:13,0.00121270,2.33000000
2018-02-25 08:00:13,0.00121280,17.22000000
2018-02-25 08:00:13,0.00121330,85.94000000
2018-02-25 08:00:13,0.00121160,5.65000000
2018-02-25 08:00:15,0.00121160,45.71000000
2018-02-25 08:00:16,0.00121170,362.90000000
2018-02-25 08:00:16,0.00121200,3.99000000
2018-02-25 08:00:20,0.00121200,44.35000000
2018-02-25 08:00:20,0.00121330,30.83000000
2018-02-25 08:00:23,0.00121200,20.78000000
2018-02-25 08:00:23,0.00121160,198.49000000
2018-02-25 08:00:23,0.00121120,13.28000000
2018-02-25 08:00:23,0.00121040,23.92000000
2018-02-25 08:00:23,0.00121370,11.24000000
2018-02-25 08:00:23,0.00121380,1.42000000
2018-02-25 08:00:25,0.00121380,20.52000000
2018-02-25 08:00:25,0.00121380,5.35000000
2018-02-25 08:00:25,0.00121380,66.93000000
2018-02-25 08:00:25,0.00121380,1.00000000
2018-02-25 08:00:27,0.00121380,51.45000000
2018-02-25 08:00:27,0.00121380,12.33000000
2018-02-25 08:00:28,0.00121380,8.98000000
2018-02-25 08:00:28,0.00121380,24.71000000
2018-02-25 08:00:28,0.00121380,16.89000000
2018-02-25 08:00:28,0.00121380,16.89000000
2018-02-25 08:00:28,0.00121380,512.11000000
2018-02-25 08:00:30,0.00121380,5.06000000
2018-02-25 08:00:32,0.00121380,1.00000000
2018-02-25 08:00:33,0.00121280,762.56000000
2018-02-25 08:00:34,0.00121380,21.92000000
2018-02-25 08:00:35,0.00121440,1.82000000
2018-02-25 08:00:37,0.00121210,82.50000000
2018-02-25 08:00:37,0.00121200,167.50000000
2018-02-25 08:00:37,0.00121440,43.00000000
2018-02-25 08:00:40,0.00121430,0.33000000
2018-02-25 08:00:43,0.00121380,1.00000000
2018-02-25 08:00:43,0.00121380,7.01000000
2018-02-25 08:00:48,0.00121380,2.83000000
2018-02-25 08:00:48,0.00121200,5.85000000
2018-02-25 08:00:51,0.00121200,1.27000000
2018-02-25 08:00:52,0.00121280,82.17000000
2018-02-25 08:00:52,0.00121290,315.19000000
2018-02-25 08:00:56,0.00121290,0.41000000
2018-02-25 08:01:03,0.00121200,24.75000000
2018-02-25 08:01:03,0.00121200,105.28000000
2018-02-25 08:01:04,0.00121240,32.15000000
2018-02-25 08:01:06,0.00121280,0.05000000
2018-02-25 08:01:08,0.00121280,9.69000000
2018-02-25 08:01:08,0.00121290,21.21000000
2018-02-25 08:01:11,0.00121200,56.07000000
2018-02-25 08:01:16,0.00121220,431.04000000
2018-02-25 08:01:17,0.00121260,1.57000000
2018-02-25 08:01:24,0.00121260,36.84000000
2018-02-25 08:01:24,0.00121270,97.64000000
2018-02-25 08:01:24,0.00121280,12.39000000
2018-02-25 08:01:24,0.00121290,50.33000000
2018-02-25 08:01:32,0.00121200,2.40000000
2018-02-25 08:01:32,0.00121060,6.01000000
2018-02-25 08:01:32,0.00121050,66.72000000
2018-02-25 08:01:32,0.00121040,173.49000000
2018-02-25 08:01:32,0.00121040,1.00000000
2018-02-25 08:01:32,0.00121040,0.38000000
2018-02-25 08:01:32,0.00121260,8.35000000
2018-02-25 08:01:33,0.00121260,2.64000000
2018-02-25 08:01:35,0.00121220,65.84000000
2018-02-25 08:01:38,0.00121260,15.24000000
2018-02-25 08:01:38,0.00121270,6.01000000
2018-02-25 08:01:38,0.00121290,10.22000000
2018-02-25 08:01:40,0.00121290,0.95000000
2018-02-25 08:01:44,0.00121440,55.94000000
2018-02-25 08:01:49,0.00121440,178.17000000
2018-02-25 08:01:49,0.00121440,180.58000000
2018-02-25 08:01:50,0.00121480,2.66000000
2018-02-25 08:01:50,0.00121380,2.84000000
2018-02-25 08:01:50,0.00121380,462.66000000
2018-02-25 08:01:51,0.00121380,2.84000000
2018-02-25 08:01:51,0.00121480,81.91000000
2018-02-25 08:01:52,0.00121480,24.72000000
2018-02-25 08:01:59,0.00121290,0.53000000
2018-02-25 08:02:04,0.00121290,44.61000000
2018-02-25 08:02:06,0.00121290,7.25000000
2018-02-25 08:02:07,0.00121270,100.29000000
2018-02-25 08:02:07,0.00121290,100.80000000
2018-02-25 08:02:07,0.00121290,2.69000000
2018-02-25 08:02:10,0.00121290,41.22000000
2018-02-25 08:02:11,0.00121290,65.77000000
2018-02-25 08:02:11,0.00121290,109.65000000
2018-02-25 08:02:13,0.00121290,214.61000000
2018-02-25 08:02:13,0.00121480,6.56000000
2018-02-25 08:02:13,0.00121500,103.85000000
2018-02-25 08:02:13,0.00121510,0.91000000
2018-02-25 08:02:13,0.00121630,1.08000000
2018-02-25 08:02:13,0.00121680,41.51000000
2018-02-25 08:02:13,0.00121730,6.00000000
2018-02-25 08:02:13,0.00121810,3.74000000
2018-02-25 08:02:13,0.00121840,3.74000000
2018-02-25 08:02:13,0.00121860,3.75000000
2018-02-25 08:02:13,0.00121900,3.74000000
2018-02-25 08:02:13,0.00121970,58.31000000
2018-02-25 08:02:13,0.00121970,1.74000000
2018-02-25 08:02:13,0.00121960,20.00000000
2018-02-25 08:02:13,0.00121970,95.44000000
2018-02-25 08:02:13,0.00121970,1.74000000
2018-02-25 08:02:13,0.00121350,1.74000000
2018-02-25 08:02:16,0.00121970,7.56000000
2018-02-25 08:02:18,0.00121540,80.62000000
2018-02-25 08:02:18,0.00121530,16.45000000
2018-02-25 08:02:18,0.00121510,40.00000000
2018-02-25 08:02:18,0.00121500,33.25000000
2018-02-25 08:02:18,0.00121490,5.62000000
2018-02-25 08:02:19,0.00121470,8.99000000
2018-02-25 08:02:19,0.00121470,54.86000000
2018-02-25 08:02:20,0.00121470,10.03000000
2018-02-25 08:02:22,0.00121470,28.48000000
2018-02-25 08:02:22,0.00121480,21.13000000
2018-02-25 08:02:22,0.00121750,5.62000000
2018-02-25 08:02:22,0.00121960,8.99000000
2018-02-25 08:02:22,0.00121970,40.52000000
2018-02-25 08:02:22,0.00121440,8.23000000
2018-02-25 08:02:22,0.00121390,3.00000000
2018-02-25 08:02:23,0.00121310,1.80000000
2018-02-25 08:02:26,0.00121740,499.95000000
2018-02-25 08:02:29,0.00121590,42.03000000
2018-02-25 08:02:30,0.00121610,40.23000000
2018-02-25 08:02:30,0.00121600,35.00000000
2018-02-25 08:02:31,0.00121740,18.51000000
2018-02-25 08:02:32,0.00121880,82.26000000
2018-02-25 08:02:32,0.00121890,35.00000000
2018-02-25 08:02:32,0.00121970,47.54000000
2018-02-25 08:02:32,0.00121980,70.18000000
2018-02-25 08:02:33,0.00121870,2.30000000
2018-02-25 08:02:33,0.00121870,14.15000000
2018-02-25 08:02:33,0.00121980,44.21000000
2018-02-25 08:02:33,0.00121750,0.54000000
2018-02-25 08:02:34,0.00121740,2.75000000
2018-02-25 08:02:34,0.00121720,16.43000000
2018-02-25 08:02:34,0.00121970,14.60000000
2018-02-25 08:02:35,0.00121970,0.86000000
2018-02-25 08:02:35,0.00121980,227.14000000
2018-02-25 08:02:36,0.00121970,4.87000000
2018-02-25 08:02:39,0.00121980,22.66000000
2018-02-25 08:02:39,0.00121990,3.95000000
2018-02-25 08:02:39,0.00121760,4.87000000
2018-02-25 08:02:39,0.00121750,82.13000000
2018-02-25 08:02:39,0.00121960,0.95000000
2018-02-25 08:02:40,0.00121960,363.99000000
2018-02-25 08:02:40,0.00121960,136.09000000
2018-02-25 08:02:41,0.00121960,51.32000000
2018-02-25 08:02:41,0.00121960,31.35000000
2018-02-25 08:02:41,0.00121970,103.40000000
2018-02-25 08:02:42,0.00121970,31.35000000
2018-02-25 08:02:42,0.00121990,62.52000000
2018-02-25 08:02:43,0.00121990,8.87000000
2018-02-25 08:02:43,0.00121970,5.27000000
2018-02-25 08:02:44,0.00121750,5.00000000
2018-02-25 08:02:45,0.00121750,10.00000000
2018-02-25 08:02:46,0.00121980,8.03000000
2018-02-25 08:02:46,0.00121980,6.97000000
2018-02-25 08:02:46,0.00121990,3.03000000
2018-02-25 08:02:46,0.00121990,72.67000000
2018-02-25 08:02:47,0.00121970,111.02000000
2018-02-25 08:02:47,0.00121740,27.29000000
2018-02-25 08:02:52,0.00121740,5.00000000
2018-02-25 08:02:52,0.00121850,534.40000000
2018-02-25 08:02:53,0.00121740,4.25000000
2018-02-25 08:02:53,0.00121970,5.00000000
2018-02-25 08:02:57,0.00121740,62.96000000
2018-02-25 08:02:59,0.00121740,2.12000000
2018-02-25 08:03:02,0.00121910,1.60000000
2018-02-25 08:03:02,0.00121970,0.40000000
2018-02-25 08:03:07,0.00121840,169.20000000
2018-02-25 08:03:09,0.00121740,12.99000000
2018-02-25 08:03:14,0.00121960,2.87000000
2018-02-25 08:03:14,0.00121840,0.94000000
2018-02-25 08:03:14,0.00121740,65.10000000
2018-02-25 08:03:14,0.00121740,22.96000000
2018-02-25 08:03:17,0.00121620,2.73000000
2018-02-25 08:03:19,0.00121530,9.17000000
2018-02-25 08:03:19,0.00121530,3.00000000
2018-02-25 08:03:22,0.00121620,0.68000000
2018-02-25 08:03:22,0.00121740,83.97000000
2018-02-25 08:03:25,0.00121740,4.11000000
2018-02-25 08:03:25,0.00121630,568.86000000
2018-02-25 08:03:28,0.00121540,518.19000000
2018-02-25 08:03:28,0.00121740,90.08000000
2018-02-25 08:03:28,0.00121740,24.20000000
2018-02-25 08:03:29,0.00121740,9.18000000
2018-02-25 08:03:30,0.00121740,24.77000000
2018-02-25 08:03:37,0.00121740,1.57000000
2018-02-25 08:03:37,0.00121740,8.24000000
2018-02-25 08:03:37,0.00121740,8.64000000
2018-02-25 08:03:39,0.00121640,203.65000000
2018-02-25 08:03:44,0.00121560,24.61000000
2018-02-25 08:03:44,0.00121550,112.70000000
2018-02-25 08:03:44,0.00121540,381.24000000
2018-02-25 08:03:44,0.00121530,73.32000000
2018-02-25 08:03:44,0.00121520,30.00000000
2018-02-25 08:03:44,0.00121500,99.78000000
2018-02-25 08:03:44,0.00121490,16.46000000
2018-02-25 08:03:44,0.00121300,1.15000000
2018-02-25 08:03:51,0.00121430,82.42000000
2018-02-25 08:03:51,0.00121420,35.00000000
2018-02-25 08:03:51,0.00121320,52.72000000
2018-02-25 08:03:51,0.00121300,17.12000000
2018-02-25 08:03:51,0.00121290,137.92000000
2018-02-25 08:03:51,0.00121250,15.54000000
2018-02-25 08:03:51,0.00121230,30.00000000
2018-02-25 08:03:51,0.00121190,34.97000000
2018-02-25 08:03:51,0.00121120,6.03000000
2018-02-25 08:03:51,0.00121030,87.88000000
2018-02-25 08:03:51,0.00121020,167.37000000
2018-02-25 08:03:51,0.00121010,1.10000000
2018-02-25 08:03:51,0.00121000,480.93000000
2018-02-25 08:03:51,0.00121000,38.50000000
2018-02-25 08:03:51,0.00121000,38.50000000
2018-02-25 08:03:51,0.00121000,38.55000000
2018-02-25 08:03:51,0.00121000,38.50000000
2018-02-25 08:03:51,0.00121000,2.56000000
2018-02-25 08:03:51,0.00121000,50.00000000
2018-02-25 08:03:51,0.00121000,2.56000000
2018-02-25 08:03:51,0.00121000,25.00000000
2018-02-25 08:03:51,0.00121000,16.82000000
2018-02-25 08:03:51,0.00121000,1.00000000
2018-02-25 08:03:51,0.00121000,121.07000000
2018-02-25 08:03:51,0.00120990,1.65000000
2018-02-25 08:03:51,0.00120990,80.77000000
2018-02-25 08:03:51,0.00121000,21.66000000
2018-02-25 08:03:52,0.00120970,50.00000000
2018-02-25 08:03:57,0.00121480,602.54000000
2018-02-25 08:04:04,0.00121330,4.66000000
2018-02-25 08:04:05,0.00121300,20.00000000
2018-02-25 08:04:05,0.00121300,30.00000000
2018-02-25 08:04:10,0.00121310,237.34000000
2018-02-25 08:04:10,0.00121320,2.06000000
2018-02-25 08:04:10,0.00121320,12.45000000
2018-02-25 08:04:13,0.00121310,4.64000000
2018-02-25 08:04:14,0.00121300,4.48000000
2018-02-25 08:04:17,0.00121300,32.87000000
2018-02-25 08:04:17,0.00121320,15.85000000
2018-02-25 08:04:17,0.00121330,23.24000000
2018-02-25 08:04:22,0.00121400,6.11000000
2018-02-25 08:04:22,0.00121540,7.27000000
2018-02-25 08:04:25,0.00121400,1.47000000
2018-02-25 08:04:25,0.00121540,2.96000000
2018-02-25 08:04:29,0.00121540,34.28000000
2018-02-25 08:04:31,0.00121340,77.83000000
2018-02-25 08:04:31,0.00121300,44.86000000
2018-02-25 08:04:31,0.00121000,509.06000000
2018-02-25 08:04:31,0.00120950,49.25000000
2018-02-25 08:04:31,0.00120800,32.36000000
2018-02-25 08:04:31,0.00120750,1.08000000
2018-02-25 08:04:31,0.00120630,8.29000000
2018-02-25 08:04:31,0.00120590,9.03000000
2018-02-25 08:04:31,0.00120580,41.11000000
2018-02-25 08:04:31,0.00120560,12.44000000
2018-02-25 08:04:31,0.00120520,0.91000000
2018-02-25 08:04:31,0.00120510,18.10000000
2018-02-25 08:04:31,0.00120550,1.00000000
2018-02-25 08:04:31,0.00120550,1.00000000
2018-02-25 08:04:31,0.00120550,50.81000000
2018-02-25 08:04:31,0.00121060,637.00000000
2018-02-25 08:04:31,0.00121530,20.58000000
2018-02-25 08:04:31,0.00121540,170.89000000
2018-02-25 08:04:34,0.00121330,12.33000000
2018-02-25 08:04:34,0.00121330,72.59000000
2018-02-25 08:04:35,0.00121620,40.43000000
2018-02-25 08:04:35,0.00121630,64.25000000
2018-02-25 08:04:35,0.00121640,21.53000000
2018-02-25 08:04:35,0.00121730,20.48000000
2018-02-25 08:04:35,0.00121740,56.79000000
2018-02-25 08:04:35,0.00121900,65.82000000
2018-02-25 08:04:35,0.00121950,133.89000000
2018-02-25 08:04:35,0.00121960,81.77000000
2018-02-25 08:04:35,0.00121970,53.04000000
2018-02-25 08:04:36,0.00121400,29.14000000
2018-02-25 08:04:36,0.00121400,32.35000000
2018-02-25 08:04:37,0.00121960,2.05000000
2018-02-25 08:04:38,0.00121960,2.05000000
2018-02-25 08:04:38,0.00121460,2.45000000
2018-02-25 08:04:40,0.00121470,8.29000000
2018-02-25 08:04:41,0.00121470,0.91000000
2018-02-25 08:04:41,0.00121560,3.69000000
2018-02-25 08:04:41,0.00121560,1.80000000
2018-02-25 08:04:42,0.00121560,2.06000000
2018-02-25 08:04:42,0.00121550,5.10000000
2018-02-25 08:04:45,0.00121560,56.39000000
2018-02-25 08:04:47,0.00121600,6.00000000
2018-02-25 08:04:48,0.00121530,271.79000000
2018-02-25 08:04:48,0.00121480,8.32000000
2018-02-25 08:04:49,0.00121480,35.25000000
2018-02-25 08:04:50,0.00121480,38.21000000
2018-02-25 08:04:51,0.00121480,8.23000000
2018-02-25 08:04:52,0.00121480,1.44000000
2018-02-25 08:04:54,0.00121300,2.96000000
2018-02-25 08:05:01,0.00121480,50.00000000
2018-02-25 08:05:01,0.00121350,7.93000000
2018-02-25 08:05:04,0.00121480,114.79000000
2018-02-25 08:05:06,0.00121310,6.07000000
2018-02-25 08:05:08,0.00121350,4.01000000
2018-02-25 08:05:08,0.00121480,4.72000000
2018-02-25 08:05:09,0.00121380,671.45000000
2018-02-25 08:05:13,0.00121480,259.99000000
2018-02-25 08:05:13,0.00121480,1.59000000
2018-02-25 08:05:16,0.00121500,10.90000000
2018-02-25 08:05:20,0.00121480,21.33000000
2018-02-25 08:05:21,0.00121480,19.32000000
2018-02-25 08:05:23,0.00121480,11.18000000
2018-02-25 08:05:23,0.00121310,38.77000000
2018-02-25 08:05:25,0.00121310,6.80000000
2018-02-25 08:05:25,0.00121300,48.69000000
2018-02-25 08:05:25,0.00121230,86.96000000
2018-02-25 08:05:25,0.00121060,34.17000000
2018-02-25 08:05:25,0.00121030,6.03000000
2018-02-25 08:05:25,0.00121000,67.52000000
2018-02-25 08:05:25,0.00121450,13.67000000
2018-02-25 08:05:25,0.00121490,11.24000000
2018-02-25 08:05:28,0.00121100,12.44000000
2018-02-25 08:05:31,0.00121280,113.18000000
2018-02-25 08:05:32,0.00121280,592.72000000
2018-02-25 08:05:32,0.00121280,16.12000000
2018-02-25 08:05:33,0.00121420,2.47000000
2018-02-25 08:05:35,0.00121420,3.13000000
2018-02-25 08:05:37,0.00121280,97.06000000
2018-02-25 08:05:37,0.00121250,9.69000000
2018-02-25 08:05:37,0.00121110,34.12000000
2018-02-25 08:05:37,0.00121100,1.00000000
2018-02-25 08:05:37,0.00121090,6.84000000
2018-02-25 08:05:37,0.00121100,1.00000000
2018-02-25 08:05:37,0.00121090,8.75000000
2018-02-25 08:05:37,0.00121000,65.40000000
2018-02-25 08:05:37,0.00120900,1.71000000
2018-02-25 08:05:37,0.00120810,41.02000000
2018-02-25 08:05:37,0.00121100,609.30000000
2018-02-25 08:05:37,0.00121100,110.55000000
2018-02-25 08:05:38,0.00121090,16.49000000
2018-02-25 08:05:40,0.00121390,2.45000000
2018-02-25 08:05:44,0.00121400,14.21000000
2018-02-25 08:05:44,0.00121420,35.84000000
2018-02-25 08:05:46,0.00121170,82.74000000
2018-02-25 08:05:46,0.00121160,16.50000000
2018-02-25 08:05:46,0.00121140,11.24000000
2018-02-25 08:05:46,0.00121100,34.13000000
2018-02-25 08:05:46,0.00121090,16.13000000
2018-02-25 08:05:47,0.00121090,0.89000000
2018-02-25 08:05:47,0.00121090,0.89000000
2018-02-25 08:05:47,0.00121090,62.00000000
2018-02-25 08:05:47,0.00121090,2.26000000
2018-02-25 08:05:47,0.00121090,0.02000000
2018-02-25 08:05:48,0.00121040,340.70000000
2018-02-25 08:05:53,0.00121090,0.55000000
2018-02-25 08:05:53,0.00121090,30.12000000
2018-02-25 08:05:53,0.00121000,24.69000000
2018-02-25 08:05:56,0.00121000,14.84000000
2018-02-25 08:05:56,0.00121000,6.62000000
2018-02-25 08:05:56,0.00121000,107.27000000
2018-02-25 08:05:58,0.00121000,142.56000000
2018-02-25 08:05:58,0.00121000,163.63000000
2018-02-25 08:06:00,0.00120950,740.36000000
2018-02-25 08:06:01,0.00121000,6.29000000
2018-02-25 08:06:01,0.00121000,248.64000000
2018-02-25 08:06:01,0.00121000,62.00000000
2018-02-25 08:06:03,0.00121000,10.00000000
2018-02-25 08:06:03,0.00121000,24.75000000
2018-02-25 08:06:03,0.00121000,4.62000000
2018-02-25 08:06:06,0.00121000,6.61000000
2018-02-25 08:06:12,0.00121000,11.61000000
2018-02-25 08:06:12,0.00121000,89.19000000
2018-02-25 08:06:15,0.00121000,21.50000000
2018-02-25 08:06:16,0.00120950,375.15000000
2018-02-25 08:06:23,0.00120910,15.33000000
2018-02-25 08:06:24,0.00120910,1.00000000
2018-02-25 08:06:26,0.00121000,240.68000000
2018-02-25 08:06:27,0.00120910,17.42000000
2018-02-25 08:06:27,0.00121000,84.00000000
2018-02-25 08:06:28,0.00120910,14.85000000
2018-02-25 08:06:31,0.00120910,15.18000000
2018-02-25 08:06:31,0.00120910,0.93000000
2018-02-25 08:06:31,0.00121000,68.89000000
2018-02-25 08:06:34,0.00121010,16.41000000
2018-02-25 08:06:34,0.00121010,66.21000000
2018-02-25 08:06:34,0.00121000,42.98000000
2018-02-25 08:06:35,0.00121230,82.62000000
2018-02-25 08:06:35,0.00121240,6.02000000
2018-02-25 08:06:35,0.00121250,16.50000000
2018-02-25 08:06:35,0.00121280,101.16000000
2018-02-25 08:06:35,0.00121390,41.82000000
2018-02-25 08:06:35,0.00121460,7.88000000
2018-02-25 08:06:36,0.00121020,82.63000000
2018-02-25 08:06:36,0.00121010,167.50000000
2018-02-25 08:06:36,0.00121000,210.78000000
2018-02-25 08:06:36,0.00120910,77.67000000
2018-02-25 08:06:37,0.00121170,9.95000000
2018-02-25 08:06:40,0.00121170,8.26000000
2018-02-25 08:06:41,0.00121100,20.00000000
2018-02-25 08:06:46,0.00121100,9.06000000
2018-02-25 08:06:46,0.00121100,35.00000000
2018-02-25 08:06:46,0.00121110,74.37000000
2018-02-25 08:06:48,0.00121240,82.71000000
2018-02-25 08:06:48,0.00121240,24.74000000
2018-02-25 08:06:48,0.00121240,24.74000000
2018-02-25 08:06:48,0.00121240,10.16000000
2018-02-25 08:06:57,0.00121260,16.86000000
2018-02-25 08:06:57,0.00121270,1.42000000
2018-02-25 08:06:57,0.00121340,23.87000000
2018-02-25 08:06:57,0.00121460,21.03000000
2018-02-25 08:06:59,0.00121340,408.84000000
2018-02-25 08:06:59,0.00121460,11.25000000
2018-02-25 08:06:59,0.00121490,4.47000000
2018-02-25 08:07:01,0.00121490,3.92000000
2018-02-25 08:07:02,0.00121490,5.00000000
2018-02-25 08:07:03,0.00121490,0.99000000
2018-02-25 08:07:03,0.00121490,8.24000000
2018-02-25 08:07:05,0.00121490,0.24000000
2018-02-25 08:07:05,0.00121490,8.23000000
2018-02-25 08:07:08,0.00121240,2.41000000
2018-02-25 08:07:12,0.00121350,43.64000000
2018-02-25 08:07:26,0.00121300,10.50000000
2018-02-25 08:07:27,0.00121340,66.57000000
2018-02-25 08:07:28,0.00121340,376.72000000
2018-02-25 08:07:33,0.00121340,2.62000000
2018-02-25 08:07:34,0.00121340,10.32000000
2018-02-25 08:07:39,0.00121390,2.00000000
2018-02-25 08:07:39,0.00121390,16.80000000
2018-02-25 08:07:39,0.00121400,65.57000000
2018-02-25 08:07:40,0.00121340,35.40000000
2018-02-25 08:07:40,0.00121390,4.73000000
2018-02-25 08:07:41,0.00121370,78.09000000
2018-02-25 08:07:53,0.00121380,6.84000000
2018-02-25 08:07:53,0.00121380,126.12000000
2018-02-25 08:07:53,0.00121380,18.27000000
2018-02-25 08:07:56,0.00121350,30.31000000
2018-02-25 08:07:56,0.00121340,11.55000000
2018-02-25 08:07:56,0.00121380,18.81000000
2018-02-25 08:07:56,0.00121340,16.41000000
2018-02-25 08:07:56,0.00121300,47.65000000
2018-02-25 08:07:58,0.00121370,477.75000000
2018-02-25 08:07:58,0.00121410,9.29000000
2018-02-25 08:08:00,0.00121340,49.95000000
2018-02-25 08:08:02,0.00121340,12.21000000
2018-02-25 08:08:07,0.00121300,45.28000000
2018-02-25 08:08:07,0.00121280,12.51000000
2018-02-25 08:08:10,0.00121240,156.37000000
2018-02-25 08:08:11,0.00121210,16.50000000
2018-02-25 08:08:11,0.00121190,10.00000000
2018-02-25 08:08:13,0.00121170,112.54000000
2018-02-25 08:08:14,0.00121240,112.39000000
2018-02-25 08:08:16,0.00121240,71.59000000
2018-02-25 08:08:18,0.00121190,16.17000000
2018-02-25 08:08:18,0.00121110,3.22000000
2018-02-25 08:08:18,0.00121110,64.88000000
2018-02-25 08:08:18,0.00121010,12.54000000
2018-02-25 08:08:18,0.00121000,403.95000000
2018-02-25 08:08:20,0.00121010,82.60000000
2018-02-25 08:08:20,0.00121000,992.89000000
2018-02-25 08:08:20,0.00120950,3.30000000
2018-02-25 08:08:20,0.00120910,0.98000000
2018-02-25 08:08:20,0.00120990,82.60000000
2018-02-25 08:08:23,0.00121000,17.85000000
2018-02-25 08:08:24,0.00121000,16.28000000
2018-02-25 08:08:28,0.00121000,241.98000000
2018-02-25 08:08:28,0.00120990,107.31000000
2018-02-25 08:08:28,0.00120870,86.00000000
2018-02-25 08:08:28,0.00120840,5.40000000
2018-02-25 08:08:28,0.00120830,3.89000000
2018-02-25 08:08:28,0.00120820,3.61000000
2018-02-25 08:08:28,0.00120810,23.30000000
2018-02-25 08:08:28,0.00120800,37.06000000
2018-02-25 08:08:31,0.00120790,100.63000000
2018-02-25 08:08:32,0.00120840,2.90000000
2018-02-25 08:08:33,0.00120990,26.85000000
2018-02-25 08:08:33,0.00120810,4.13000000
2018-02-25 08:08:33,0.00120800,3.82000000
2018-02-25 08:08:34,0.00120990,26.87000000
2018-02-25 08:08:34,0.00120870,65.05000000
2018-02-25 08:08:34,0.00120870,43.71000000
2018-02-25 08:08:34,0.00120870,24.78000000
2018-02-25 08:08:34,0.00120870,24.78000000
2018-02-25 08:08:34,0.00120870,353.88000000
2018-02-25 08:08:34,0.00120870,8.13000000
2018-02-25 08:08:34,0.00120870,150.19000000
2018-02-25 08:08:38,0.00120900,1.64000000
2018-02-25 08:08:39,0.00120760,100.86000000
2018-02-25 08:08:40,0.00120750,0.97000000
2018-02-25 08:08:40,0.00120750,19.67000000
2018-02-25 08:08:40,0.00120650,82.87000000
2018-02-25 08:08:40,0.00120640,183.33000000
2018-02-25 08:08:40,0.00120900,48.36000000
2018-02-25 08:08:41,0.00120650,36.00000000
2018-02-25 08:08:41,0.00120630,112.61000000
2018-02-25 08:08:41,0.00120610,14.72000000
2018-02-25 08:08:41,0.00120500,292.51000000
2018-02-25 08:08:41,0.00120500,361.36000000
2018-02-25 08:08:43,0.00120900,12.63000000
2018-02-25 08:08:43,0.00120500,12.44000000
2018-02-25 08:08:43,0.00120500,275.76000000
2018-02-25 08:08:46,0.00120710,24.81000000
2018-02-25 08:08:47,0.00120710,3.53000000
2018-02-25 08:08:47,0.00120710,118.66000000
2018-02-25 08:08:47,0.00120710,28.34000000
2018-02-25 08:08:47,0.00120700,24.81000000
2018-02-25 08:08:47,0.00120700,24.81000000
2018-02-25 08:08:47,0.00120700,4.91000000
2018-02-25 08:08:47,0.00120880,40.99000000
2018-02-25 08:08:53,0.00120700,21.81000000
2018-02-25 08:08:55,0.00120690,2.07000000
2018-02-25 08:08:55,0.00120560,100.00000000
2018-02-25 08:08:56,0.00120560,259.54000000
2018-02-25 08:08:56,0.00120560,6.56000000
2018-02-25 08:08:57,0.00120560,2.07000000
2018-02-25 08:08:57,0.00120560,91.37000000
2018-02-25 08:08:57,0.00120700,49.38000000
2018-02-25 08:08:57,0.00120700,5.00000000
2018-02-25 08:08:59,0.00120690,1.80000000
2018-02-25 08:08:59,0.00120680,0.99000000
2018-02-25 08:09:01,0.00120670,30.14000000
2018-02-25 08:09:02,0.00120540,8.81000000
2018-02-25 08:09:03,0.00120680,5.01000000
2018-02-25 08:09:04,0.00120500,4.71000000
2018-02-25 08:09:04,0.00120680,25.74000000
2018-02-25 08:09:04,0.00120700,2.44000000
2018-02-25 08:09:04,0.00120510,4.14000000
2018-02-25 08:09:04,0.00120500,8.38000000
2018-02-25 08:09:04,0.00120500,30.63000000
2018-02-25 08:09:04,0.00120500,90.71000000
2018-02-25 08:09:05,0.00120500,2.15000000
2018-02-25 08:09:05,0.00120450,10.00000000
2018-02-25 08:09:05,0.00120420,48.24000000
2018-02-25 08:09:06,0.00120500,5.00000000
2018-02-25 08:09:06,0.00120460,4.15000000
2018-02-25 08:09:06,0.00120450,4.15000000
2018-02-25 08:09:07,0.00120420,2.04000000
2018-02-25 08:09:07,0.00120450,296.13000000
2018-02-25 08:09:08,0.00120500,4.10000000
2018-02-25 08:09:08,0.00120460,4.15000000
2018-02-25 08:09:08,0.00120500,2.02000000
2018-02-25 08:09:09,0.00120500,24.86000000
2018-02-25 08:09:09,0.00120500,24.86000000
2018-02-25 08:09:09,0.00120500,24.86000000
2018-02-25 08:09:09,0.00120500,24.86000000
2018-02-25 08:09:09,0.00120500,24.86000000
2018-02-25 08:09:09,0.00120500,19.55000000
2018-02-25 08:09:09,0.00120420,19.55000000
2018-02-25 08:09:11,0.00120410,2.30000000
2018-02-25 08:09:11,0.00120410,1.85000000
2018-02-25 08:09:11,0.00120360,15.23000000
2018-02-25 08:09:11,0.00120340,4.15000000
2018-02-25 08:09:11,0.00120290,10.82000000
2018-02-25 08:09:11,0.00120270,2.74000000
2018-02-25 08:09:11,0.00120240,3.33000000
2018-02-25 08:09:11,0.00120200,10.04000000
2018-02-25 08:09:13,0.00120490,2.20000000
2018-02-25 08:09:13,0.00120410,26.14000000
2018-02-25 08:09:15,0.00120210,51.25000000
2018-02-25 08:09:19,0.00120440,36.64000000
2018-02-25 08:09:19,0.00120230,8.42000000
2018-02-25 08:09:19,0.00120200,88.68000000
2018-02-25 08:09:19,0.00120190,80.98000000
2018-02-25 08:09:21,0.00120190,88.05000000
2018-02-25 08:09:21,0.00120170,9.99000000
2018-02-25 08:09:21,0.00120160,2.50000000
2018-02-25 08:09:21,0.00120100,10.48000000
2018-02-25 08:09:23,0.00120130,12.48000000
2018-02-25 08:09:23,0.00120100,8.37000000
2018-02-25 08:09:23,0.00120060,4.24000000
2018-02-25 08:09:23,0.00120050,79.81000000
2018-02-25 08:09:23,0.00120240,1.57000000
2018-02-25 08:09:23,0.00120240,127.24000000
2018-02-25 08:09:23,0.00120180,14.61000000
2018-02-25 08:09:23,0.00120190,53.08000000
2018-02-25 08:09:23,0.00120190,58.74000000
2018-02-25 08:09:24,0.00120050,52.97000000
2018-02-25 08:09:24,0.00120010,214.75000000
2018-02-25 08:09:24,0.00120000,2017.47000000
2018-02-25 08:09:24,0.00120000,237.31000000
2018-02-25 08:09:24,0.00120020,9.99000000
2018-02-25 08:09:24,0.00120000,130.26000000
2018-02-25 08:09:26,0.00120100,8.80000000
2018-02-25 08:09:26,0.00120030,6.54000000
2018-02-25 08:09:26,0.00120000,198.04000000
2018-02-25 08:09:26,0.00119950,98.83000000
2018-02-25 08:09:26,0.00119950,80.75000000
2018-02-25 08:09:26,0.00119930,2.00000000
2018-02-25 08:09:26,0.00119900,7.33000000
2018-02-25 08:09:27,0.00119970,8.33000000
2018-02-25 08:09:27,0.00119960,32.24000000
2018-02-25 08:09:27,0.00119970,172.14000000
2018-02-25 08:09:27,0.00120100,2.33000000
2018-02-25 08:09:29,0.00119930,5.93000000
2018-02-25 08:09:29,0.00119920,4.16000000
2018-02-25 08:09:29,0.00119900,34.32000000
2018-02-25 08:09:29,0.00119860,23.24000000
2018-02-25 08:09:30,0.00120050,3.75000000
2018-02-25 08:09:30,0.00119860,1.79000000
2018-02-25 08:09:30,0.00119840,8.34000000
2018-02-25 08:09:31,0.00119870,12.51000000
2018-02-25 08:09:31,0.00119800,12.35000000
2018-02-25 08:09:31,0.00119780,42.54000000
2018-02-25 08:09:32,0.00119800,25.00000000
2018-02-25 08:09:32,0.00119800,25.00000000
2018-02-25 08:09:32,0.00119800,1.20000000
2018-02-25 08:09:33,0.00120000,5.71000000
2018-02-25 08:09:33,0.00120000,15.68000000
2018-02-25 08:09:33,0.00119740,83.49000000
2018-02-25 08:09:33,0.00119740,157.19000000
2018-02-25 08:09:34,0.00119890,13.43000000
2018-02-25 08:09:35,0.00119890,6.20000000
2018-02-25 08:09:36,0.00119730,105.24000000
2018-02-25 08:09:37,0.00119890,1.05000000
2018-02-25 08:09:37,0.00119890,1.05000000
2018-02-25 08:09:39,0.00119730,36.50000000
2018-02-25 08:09:39,0.00119890,1.66000000
2018-02-25 08:09:39,0.00119890,5.00000000
2018-02-25 08:09:39,0.00119800,25.00000000
2018-02-25 08:09:39,0.00119800,8.14000000
2018-02-25 08:09:39,0.00119800,7.74000000
2018-02-25 08:09:39,0.00119800,270.65000000
2018-02-25 08:09:40,0.00119880,15.28000000
2018-02-25 08:09:42,0.00119880,4.17000000
2018-02-25 08:09:44,0.00119880,3.28000000
2018-02-25 08:09:44,0.00119880,1.02000000
2018-02-25 08:09:44,0.00119880,4.24000000
2018-02-25 08:09:44,0.00119860,271.23000000
2018-02-25 08:09:45,0.00119860,25.00000000
2018-02-25 08:09:46,0.00119860,2.50000000
2018-02-25 08:09:46,0.00119860,15.50000000
2018-02-25 08:09:48,0.00119800,40.88000000
2018-02-25 08:09:48,0.00119730,47.79000000
2018-02-25 08:09:48,0.00119730,26.88000000
2018-02-25 08:09:48,0.00119700,22.18000000
2018-02-25 08:09:48,0.00119600,17.00000000
2018-02-25 08:09:48,0.00119580,12.54000000
2018-02-25 08:09:48,0.00119570,402.61000000
2018-02-25 08:09:48,0.00119500,198.47000000
2018-02-25 08:09:48,0.00119500,119.58000000
2018-02-25 08:09:49,0.00119730,16.12000000
2018-02-25 08:09:50,0.00119800,1.47000000
2018-02-25 08:09:51,0.00119840,14.14000000
2018-02-25 08:09:51,0.00119520,8.23000000
2018-02-25 08:09:52,0.00119830,13.20000000
2018-02-25 08:09:53,0.00119670,144.56000000
2018-02-25 08:09:53,0.00119530,35.00000000
2018-02-25 08:09:53,0.00119500,6.35000000
2018-02-25 08:09:53,0.00119820,12.97000000
2018-02-25 08:09:53,0.00119830,3.30000000
2018-02-25 08:09:53,0.00119840,11.93000000
2018-02-25 08:09:53,0.00119860,6.55000000
2018-02-25 08:09:54,0.00119520,171.61000000
2018-02-25 08:09:54,0.00119520,4.82000000
2018-02-25 08:09:54,0.00119520,4.02000000
2018-02-25 08:09:54,0.00119520,4.02000000
2018-02-25 08:09:54,0.00119520,6.82000000
2018-02-25 08:09:54,0.00119520,4.82000000
2018-02-25 08:09:54,0.00119520,5.65000000
2018-02-25 08:09:54,0.00119520,6.83000000
2018-02-25 08:09:54,0.00119520,5.66000000
2018-02-25 08:09:54,0.00119520,2.46000000
2018-02-25 08:09:54,0.00119520,5.35000000
2018-02-25 08:09:54,0.00119370,4.40000000
2018-02-25 08:09:55,0.00119480,9.60000000
2018-02-25 08:09:55,0.00119470,8.31000000
2018-02-25 08:09:55,0.00119470,2.08000000
2018-02-25 08:09:55,0.00119480,7.28000000
2018-02-25 08:09:55,0.00119480,1.82000000
2018-02-25 08:09:55,0.00119520,202.08000000
2018-02-25 08:09:55,0.00119520,25.25000000
2018-02-25 08:09:55,0.00119520,65.00000000
2018-02-25 08:09:56,0.00119520,0.13000000
2018-02-25 08:09:57,0.00119450,2.12000000
2018-02-25 08:09:57,0.00119390,15.65000000
2018-02-25 08:09:58,0.00119500,2.58000000
2018-02-25 08:09:58,0.00119520,29.57000000
2018-02-25 08:09:59,0.00119520,7.00000000
2018-02-25 08:10:01,0.00119520,1.80000000
2018-02-25 08:10:03,0.00119520,306.06000000
2018-02-25 08:10:04,0.00119400,16.36000000
2018-02-25 08:10:05,0.00119520,2.08000000
2018-02-25 08:10:05,0.00119520,22.69000000
2018-02-25 08:10:05,0.00119520,25.00000000
2018-02-25 08:10:05,0.00119520,25.00000000
2018-02-25 08:10:05,0.00119520,1.00000000
2018-02-25 08:10:05,0.00119520,4.00000000
2018-02-25 08:10:05,0.00119520,2.09000000
2018-02-25 08:10:06,0.00119520,1.26000000
2018-02-25 08:10:06,0.00119520,3.68000000
2018-02-25 08:10:07,0.00119400,10.00000000
2018-02-25 08:10:08,0.00119400,1.11000000
2018-02-25 08:10:08,0.00119520,3.07000000
2018-02-25 08:10:09,0.00119340,1.35000000
2018-02-25 08:10:09,0.00119330,5.93000000
2018-02-25 08:10:09,0.00119320,51.50000000
2018-02-25 08:10:09,0.00119520,2.09000000
2018-02-25 08:10:10,0.00119400,8.37000000
2018-02-25 08:10:11,0.00119390,35.00000000
2018-02-25 08:10:11,0.00119400,5.02000000
2018-02-25 08:10:12,0.00119410,327.29000000
2018-02-25 08:10:13,0.00119510,50.85000000
2018-02-25 08:10:13,0.00119510,10.07000000
2018-02-25 08:10:14,0.00119490,2.63000000
2018-02-25 08:10:15,0.00119400,3.36000000
2018-02-25 08:10:15,0.00119340,12.20000000
2018-02-25 08:10:17,0.00119400,1.01000000
2018-02-25 08:10:19,0.00119400,63.30000000
2018-02-25 08:10:19,0.00119400,43.30000000
2018-02-25 08:10:21,0.00119340,2.66000000
2018-02-25 08:10:21,0.00119330,15.45000000
2018-02-25 08:10:23,0.00119330,39.55000000
2018-02-25 08:10:23,0.00119320,0.50000000
2018-02-25 08:10:23,0.00119250,1.89000000
2018-02-25 08:10:23,0.00119220,3.76000000
2018-02-25 08:10:23,0.00119160,16.78000000
2018-02-25 08:10:23,0.00119140,5.19000000
2018-02-25 08:10:23,0.00119050,7.28000000
2018-02-25 08:10:23,0.00119020,25.76000000
2018-02-25 08:10:23,0.00119000,517.11000000
2018-02-25 08:10:23,0.00119000,30.28000000
2018-02-25 08:10:24,0.00119020,15.34000000
2018-02-25 08:10:26,0.00119380,8.38000000
2018-02-25 08:10:28,0.00119090,2.00000000
2018-02-25 08:10:29,0.00119090,14.56000000
2018-02-25 08:10:29,0.00119090,34.33000000
2018-02-25 08:10:29,0.00119090,81.62000000
2018-02-25 08:10:30,0.00119090,397.15000000
2018-02-25 08:10:31,0.00119170,125.28000000
2018-02-25 08:10:31,0.00119170,25.13000000
2018-02-25 08:10:31,0.00119170,9.91000000
2018-02-25 08:10:31,0.00119170,150.41000000
2018-02-25 08:10:31,0.00119100,349.19000000
2018-02-25 08:10:35,0.00119030,84.01000000
2018-02-25 08:10:35,0.00119000,496.23000000
2018-02-25 08:10:35,0.00119000,1.00000000
2018-02-25 08:10:35,0.00119000,24.45000000
2018-02-25 08:10:35,0.00119000,20.32000000
2018-02-25 08:10:35,0.00119000,20.32000000
2018-02-25 08:10:36,0.00118990,53.20000000
2018-02-25 08:10:36,0.00118990,1.68000000
2018-02-25 08:10:37,0.00118990,3.02000000
2018-02-25 08:10:38,0.00118970,20.05000000
2018-02-25 08:10:38,0.00118950,3.13000000
2018-02-25 08:10:38,0.00118820,5.71000000
2018-02-25 08:10:38,0.00118820,24.60000000
2018-02-25 08:10:38,0.00118750,10.00000000
2018-02-25 08:10:38,0.00118640,1.00000000
2018-02-25 08:10:38,0.00118590,12.05000000
2018-02-25 08:10:38,0.00118580,5.11000000
2018-02-25 08:10:38,0.00118560,0.28000000
2018-02-25 08:10:39,0.00118990,3.92000000
2018-02-25 08:10:40,0.00118990,7.36000000
2018-02-25 08:10:41,0.00118970,3.41000000
2018-02-25 08:10:41,0.00118630,0.85000000
2018-02-25 08:10:41,0.00118620,8.42000000
2018-02-25 08:10:41,0.00118600,4.21000000
2018-02-25 08:10:41,0.00118580,70.01000000
2018-02-25 08:10:41,0.00118570,89.75000000
2018-02-25 08:10:41,0.00118560,1.95000000
2018-02-25 08:10:42,0.00118660,4.21000000
2018-02-25 08:10:42,0.00118650,105.56000000
2018-02-25 08:10:42,0.00118650,20.80000000
2018-02-25 08:10:43,0.00118650,20.87000000
2018-02-25 08:10:44,0.00118690,15.36000000
2018-02-25 08:10:44,0.00118680,4.17000000
2018-02-25 08:10:44,0.00118650,41.44000000
2018-02-25 08:10:44,0.00118630,1.00000000
2018-02-25 08:10:44,0.00118630,3.15000000
2018-02-25 08:10:44,0.00118630,7.27000000
2018-02-25 08:10:44,0.00118640,45.27000000
2018-02-25 08:10:44,0.00118640,25.22000000
2018-02-25 08:10:44,0.00118640,31.67000000
2018-02-25 08:10:44,0.00118640,37.99000000
2018-02-25 08:10:44,0.00118640,7.00000000
2018-02-25 08:10:44,0.00118640,1.64000000
2018-02-25 08:10:44,0.00118640,1.64000000
2018-02-25 08:10:45,0.00118640,16.27000000
2018-02-25 08:10:45,0.00118640,78.03000000
2018-02-25 08:10:45,0.00118650,2.26000000
2018-02-25 08:10:47,0.00118710,25.27000000
2018-02-25 08:10:47,0.00118710,28.12000000
2018-02-25 08:10:47,0.00118710,25.27000000
2018-02-25 08:10:47,0.00118710,5.63000000
2018-02-25 08:10:47,0.00118700,25.27000000
2018-02-25 08:10:47,0.00118820,107.01000000
2018-02-25 08:10:47,0.00118820,236.03000000
2018-02-25 08:10:48,0.00118700,37.99000000
2018-02-25 08:10:48,0.00118700,25.27000000
2018-02-25 08:10:48,0.00118700,25.27000000
2018-02-25 08:10:48,0.00118700,25.27000000
2018-02-25 08:10:48,0.00118700,25.27000000
2018-02-25 08:10:48,0.00118700,56.41000000
2018-02-25 08:10:48,0.00118700,25.27000000
2018-02-25 08:10:48,0.00118700,25.27000000
2018-02-25 08:10:48,0.00118700,23.99000000
2018-02-25 08:10:48,0.00118700,2.42000000
2018-02-25 08:10:49,0.00118790,25.21000000
2018-02-25 08:10:49,0.00118790,6.56000000
2018-02-25 08:10:50,0.00118790,52.52000000
2018-02-25 08:10:50,0.00118800,12.44000000
2018-02-25 08:10:50,0.00118820,83.45000000
2018-02-25 08:10:50,0.00118820,23.56000000
2018-02-25 08:10:51,0.00118710,52.95000000
2018-02-25 08:10:51,0.00118710,31.27000000
2018-02-25 08:10:51,0.00118700,10.47000000
2018-02-25 08:10:51,0.00118630,15.98000000
2018-02-25 08:10:51,0.00118620,39.98000000
2018-02-25 08:10:52,0.00118820,6.17000000
2018-02-25 08:10:52,0.00118700,57.32000000
2018-02-25 08:10:52,0.00118710,14.17000000
2018-02-25 08:10:52,0.00118710,57.32000000
2018-02-25 08:10:53,0.00118930,29.86000000
2018-02-25 08:10:53,0.00118930,2.09000000
2018-02-25 08:10:53,0.00118900,9.32000000
2018-02-25 08:10:53,0.00118900,0.90000000
2018-02-25 08:10:54,0.00118810,42.05000000
2018-02-25 08:10:54,0.00118820,67.23000000
2018-02-25 08:10:54,0.00118820,228.29000000
2018-02-25 08:10:54,0.00118820,309.80000000
2018-02-25 08:10:54,0.00118820,95.68000000
2018-02-25 08:10:55,0.00118890,12.22000000
2018-02-25 08:10:55,0.00118910,21.66000000
2018-02-25 08:10:55,0.00118930,9.01000000
2018-02-25 08:10:55,0.00118940,8.40000000
2018-02-25 08:10:55,0.00118950,84.77000000
2018-02-25 08:10:55,0.00118970,36.54000000
2018-02-25 08:10:55,0.00119000,238.91000000
2018-02-25 08:10:55,0.00119000,4.24000000
2018-02-25 08:10:55,0.00119000,25.21000000
2018-02-25 08:10:55,0.00119000,25.21000000
2018-02-25 08:10:55,0.00119000,25.21000000
2018-02-25 08:10:55,0.00119000,7.48000000
2018-02-25 08:10:55,0.00119000,10.49000000
2018-02-25 08:10:55,0.00119090,86.00000000
2018-02-25 08:10:55,0.00119100,69.71000000
2018-02-25 08:10:55,0.00119180,6.13000000
2018-02-25 08:10:55,0.00119300,43.03000000
2018-02-25 08:10:55,0.00119310,1.19000000
2018-02-25 08:10:55,0.00119400,40.29000000
2018-02-25 08:10:55,0.00119000,25.21000000
2018-02-25 08:10:55,0.00119400,76.00000000
2018-02-25 08:10:55,0.00119000,6.46000000
2018-02-25 08:10:56,0.00119000,9.06000000
2018-02-25 08:10:56,0.00119010,7.00000000
2018-02-25 08:10:56,0.00119390,60.36000000
2018-02-25 08:10:56,0.00119400,19.79000000
2018-02-25 08:10:56,0.00119400,2.47000000
2018-02-25 08:10:56,0.00119400,2.09000000
2018-02-25 08:10:57,0.00119400,2.09000000
2018-02-25 08:10:57,0.00119400,9.99000000
2018-02-25 08:10:57,0.00119400,2.51000000
2018-02-25 08:10:58,0.00119400,2.42000000
2018-02-25 08:10:58,0.00119060,39.94000000
2018-02-25 08:10:58,0.00119400,0.97000000
2018-02-25 08:10:58,0.00119400,2.06000000
2018-02-25 08:10:58,0.00119400,75.96000000
2018-02-25 08:10:58,0.00119400,2.09000000
2018-02-25 08:10:59,0.00119400,33.09000000
2018-02-25 08:10:59,0.00119400,4.05000000
2018-02-25 08:10:59,0.00119100,33.28000000
2018-02-25 08:10:59,0.00119400,1.64000000
2018-02-25 08:10:59,0.00119400,13.39000000
2018-02-25 08:11:00,0.00119400,2.09000000
2018-02-25 08:11:00,0.00119400,1.80000000
2018-02-25 08:11:00,0.00119400,1.38000000
2018-02-25 08:11:00,0.00119400,3.04000000
2018-02-25 08:11:00,0.00119400,4.19000000
2018-02-25 08:11:00,0.00119400,2.51000000
2018-02-25 08:11:00,0.00119400,2.02000000
2018-02-25 08:11:00,0.00119400,8.94000000
2018-02-25 08:11:00,0.00119400,1.80000000
2018-02-25 08:11:00,0.00119400,2.83000000
2018-02-25 08:11:00,0.00119400,2.09000000
2018-02-25 08:11:00,0.00119400,2.09000000
2018-02-25 08:11:00,0.00119400,1.01000000
2018-02-25 08:11:01,0.00119400,1.84000000
2018-02-25 08:11:01,0.00119130,1.50000000
2018-02-25 08:11:01,0.00119130,15.28000000
2018-02-25 08:11:01,0.00119120,37.05000000
2018-02-25 08:11:01,0.00119110,22.48000000
2018-02-25 08:11:01,0.00119050,2.59000000
2018-02-25 08:11:01,0.00119020,43.10000000
2018-02-25 08:11:01,0.00119400,4.71000000
2018-02-25 08:11:01,0.00119400,4.70000000
2018-02-25 08:11:01,0.00119400,788.79000000
2018-02-25 08:11:01,0.00119450,3.41000000
2018-02-25 08:11:01,0.00119510,12.35000000
2018-02-25 08:11:01,0.00119520,216.40000000
2018-02-25 08:11:01,0.00119820,4.28000000
2018-02-25 08:11:01,0.00119890,5.00000000
2018-02-25 08:11:01,0.00119890,9.88000000
2018-02-25 08:11:01,0.00119890,9.88000000
2018-02-25 08:11:01,0.00119890,9.88000000
2018-02-25 08:11:01,0.00119890,9.82000000
2018-02-25 08:11:01,0.00119890,20.97000000
2018-02-25 08:11:01,0.00119300,117.27000000
2018-02-25 08:11:01,0.00119310,1.42000000
2018-02-25 08:11:01,0.00119360,22.48000000
2018-02-25 08:11:01,0.00119400,4.21000000
2018-02-25 08:11:01,0.00119400,8.42000000
2018-02-25 08:11:01,0.00119400,8.42000000
2018-02-25 08:11:02,0.00119400,2.67000000
2018-02-25 08:11:02,0.00119400,3.63000000
2018-02-25 08:11:02,0.00119430,1.00000000
2018-02-25 08:11:03,0.00119430,10.00000000
2018-02-25 08:11:03,0.00119840,2.67000000
2018-02-25 08:11:03,0.00119830,6.67000000
2018-02-25 08:11:03,0.00119830,0.90000000
2018-02-25 08:11:03,0.00119440,8.57000000
2018-02-25 08:11:03,0.00119480,110.67000000
2018-02-25 08:11:04,0.00119470,11.00000000
2018-02-25 08:11:04,0.00119480,1.26000000
2018-02-25 08:11:04,0.00119430,176.07000000
2018-02-25 08:11:04,0.00119480,4.88000000
2018-02-25 08:11:04,0.00119470,3.63000000
2018-02-25 08:11:04,0.00119470,4.94000000
2018-02-25 08:11:05,0.00119480,26.23000000
2018-02-25 08:11:05,0.00119480,2.50000000
2018-02-25 08:11:05,0.00119480,1.98000000
2018-02-25 08:11:05,0.00119480,24.94000000
2018-02-25 08:11:05,0.00119480,8.09000000
2018-02-25 08:11:06,0.00119400,112.86000000
2018-02-25 08:11:06,0.00119470,2.09000000
2018-02-25 08:11:06,0.00119400,319.64000000
2018-02-25 08:11:06,0.00119470,0.88000000
2018-02-25 08:11:07,0.00119470,2.51000000
2018-02-25 08:11:07,0.00119470,2.88000000
2018-02-25 08:11:08,0.00119400,800.28000000
2018-02-25 08:11:08,0.00119470,2.09000000
2018-02-25 08:11:08,0.00119470,0.95000000
2018-02-25 08:11:08,0.00119470,3.42000000
2018-02-25 08:11:08,0.00119470,12.88000000
2018-02-25 08:11:09,0.00119470,11.75000000
2018-02-25 08:11:09,0.00119480,1.00000000
2018-02-25 08:11:10,0.00119480,263.25000000
2018-02-25 08:11:10,0.00119830,9.21000000
2018-02-25 08:11:10,0.00119840,5.36000000
2018-02-25 08:11:10,0.00119850,108.87000000
2018-02-25 08:11:11,0.00119510,64.11000000
2018-02-25 08:11:11,0.00119840,8.37000000
2018-02-25 08:11:11,0.00119840,1.67000000
2018-02-25 08:11:12,0.00119530,16.73000000
2018-02-25 08:11:12,0.00119530,2.85000000
2018-02-25 08:11:13,0.00119520,16.73000000
2018-02-25 08:11:13,0.00119500,233.16000000
2018-02-25 08:11:13,0.00119500,92.19000000
2018-02-25 08:11:13,0.00119500,92.16000000
2018-02-25 08:11:13,0.00119510,25.10000000
2018-02-25 08:11:14,0.00119510,0.95000000
2018-02-25 08:11:14,0.00119790,28.45000000
2018-02-25 08:11:15,0.00119760,55.24000000
2018-02-25 08:11:15,0.00119770,16.73000000
2018-02-25 08:11:15,0.00119800,24.16000000
2018-02-25 08:11:16,0.00119800,1.29000000
2018-02-25 08:11:16,0.00119810,4.19000000
2018-02-25 08:11:16,0.00119820,26.58000000
2018-02-25 08:11:16,0.00119750,2.25000000
2018-02-25 08:11:17,0.00119750,6.90000000
2018-02-25 08:11:17,0.00119760,8.59000000
2018-02-25 08:11:17,0.00119760,4.15000000
2018-02-25 08:11:21,0.00119770,9.10000000
2018-02-25 08:11:21,0.00119800,114.92000000
2018-02-25 08:11:22,0.00119760,5.41000000
2018-02-25 08:11:22,0.00119790,2.67000000
2018-02-25 08:11:23,0.00119760,37.33000000
2018-02-25 08:11:25,0.00119780,2.19000000
2018-02-25 08:11:25,0.00119780,11.29000000
2018-02-25 08:11:25,0.00119790,14.23000000
2018-02-25 08:11:25,0.00119800,16.48000000
2018-02-25 08:11:26,0.00119770,21.00000000
2018-02-25 08:11:27,0.00119760,22.82000000
2018-02-25 08:11:28,0.00119770,5.72000000
2018-02-25 08:11:30,0.00119800,8.08000000
2018-02-25 08:11:31,0.00119800,12.67000000
2018-02-25 08:11:33,0.00119770,8.93000000
2018-02-25 08:11:33,0.00119770,54.64000000
2018-02-25 08:11:33,0.00119790,22.54000000
2018-02-25 08:11:33,0.00119800,361.94000000
2018-02-25 08:11:37,0.00119810,2.07000000
2018-02-25 08:11:37,0.00119810,7.20000000
2018-02-25 08:11:39,0.00119810,9.35000000
2018-02-25 08:11:39,0.00119810,4.21000000
2018-02-25 08:11:39,0.00119800,175.73000000
2018-02-25 08:11:40,0.00119800,21.98000000
2018-02-25 08:11:41,0.00119820,61.00000000
2018-02-25 08:11:42,0.00119800,24.71000000
2018-02-25 08:11:42,0.00119800,468.46000000
2018-02-25 08:11:44,0.00119800,24.71000000
2018-02-25 08:11:44,0.00119820,14.92000000
2018-02-25 08:11:44,0.00119900,9.19000000
2018-02-25 08:11:44,0.00119980,14.19000000
2018-02-25 08:11:44,0.00120000,346.51000000
2018-02-25 08:11:47,0.00119820,1.34000000
2018-02-25 08:11:47,0.00119990,64.36000000
2018-02-25 08:11:50,0.00119900,24.08000000
2018-02-25 08:11:50,0.00119980,9.28000000
2018-02-25 08:11:50,0.00119980,1.85000000
2018-02-25 08:11:50,0.00119900,0.77000000
2018-02-25 08:11:51,0.00119820,11.13000000
2018-02-25 08:11:51,0.00119820,2.09000000
2018-02-25 08:11:51,0.00119820,35.44000000
2018-02-25 08:11:51,0.00119800,53.48000000
2018-02-25 08:11:53,0.00119660,83.56000000
2018-02-25 08:11:53,0.00119650,16.71000000
2018-02-25 08:11:55,0.00119630,23.90000000
2018-02-25 08:11:58,0.00119620,3.51000000
2018-02-25 08:11:58,0.00119620,2.09000000
2018-02-25 08:11:59,0.00119600,14.72000000
2018-02-25 08:11:59,0.00119620,14.48000000
2018-02-25 08:12:04,0.00119600,74.38000000
2018-02-25 08:12:04,0.00119540,85.58000000
2018-02-25 08:12:08,0.00119620,1.76000000
2018-02-25 08:12:08,0.00119620,0.05000000
2018-02-25 08:12:08,0.00119600,2.03000000
2018-02-25 08:12:09,0.00119600,2.53000000
2018-02-25 08:12:09,0.00119600,1.94000000
2018-02-25 08:12:09,0.00119560,207.22000000
2018-02-25 08:12:10,0.00119600,3.18000000
2018-02-25 08:12:10,0.00119540,43.29000000
2018-02-25 08:12:11,0.00119600,22.96000000
2018-02-25 08:12:11,0.00119600,6.52000000
2018-02-25 08:12:12,0.00119540,4.05000000
2018-02-25 08:12:12,0.00119530,22.51000000
2018-02-25 08:12:12,0.00119540,5.33000000
2018-02-25 08:12:16,0.00119540,41.33000000
2018-02-25 08:12:16,0.00119610,7.43000000
2018-02-25 08:12:17,0.00119620,2.16000000
2018-02-25 08:12:22,0.00119620,0.54000000
2018-02-25 08:12:25,0.00119620,2.46000000
2018-02-25 08:12:25,0.00119620,3.37000000
2018-02-25 08:12:25,0.00119620,19.76000000
2018-02-25 08:12:26,0.00119620,2.09000000
2018-02-25 08:12:26,0.00119620,2.05000000
2018-02-25 08:12:26,0.00119620,6.69000000
2018-02-25 08:12:27,0.00119610,10.70000000
2018-02-25 08:12:28,0.00119610,34.00000000
2018-02-25 08:12:28,0.00119550,57.02000000
2018-02-25 08:12:28,0.00119540,18.91000000
2018-02-25 08:12:28,0.00119520,6.00000000
2018-02-25 08:12:28,0.00119500,131.25000000
2018-02-25 08:12:28,0.00119480,30.00000000
2018-02-25 08:12:28,0.00119470,231.48000000
2018-02-25 08:12:28,0.00119300,106.45000000
2018-02-25 08:12:28,0.00119260,37.91000000
2018-02-25 08:12:28,0.00119100,312.61000000
2018-02-25 08:12:28,0.00119050,16.98000000
2018-02-25 08:12:28,0.00119620,143.11000000
2018-02-25 08:12:31,0.00119630,1.09000000
2018-02-25 08:12:32,0.00119620,42.80000000
2018-02-25 08:12:34,0.00119620,109.90000000
2018-02-25 08:12:35,0.00119620,86.32000000
2018-02-25 08:12:35,0.00119620,184.00000000
2018-02-25 08:12:37,0.00119580,222.97000000
2018-02-25 08:12:38,0.00119620,157.10000000
2018-02-25 08:12:41,0.00119630,8.36000000
2018-02-25 08:12:44,0.00119630,40.53000000
2018-02-25 08:12:48,0.00119630,4.26000000
2018-02-25 08:12:48,0.00119800,3.54000000
2018-02-25 08:12:50,0.00119800,10.52000000
2018-02-25 08:12:50,0.00119840,1.00000000
2018-02-25 08:12:50,0.00119840,10.08000000
2018-02-25 08:12:50,0.00119840,5.63000000
2018-02-25 08:12:50,0.00119880,3.45000000
2018-02-25 08:12:50,0.00119640,10.08000000
2018-02-25 08:12:52,0.00119760,56.00000000
2018-02-25 08:12:55,0.00119650,14.79000000
2018-02-25 08:12:55,0.00119880,8.34000000
2018-02-25 08:12:56,0.00119880,10.69000000
2018-02-25 08:12:57,0.00119700,10.40000000
2018-02-25 08:13:03,0.00119860,14.79000000
2018-02-25 08:13:03,0.00119870,10.08000000
2018-02-25 08:13:03,0.00119890,3.34000000
2018-02-25 08:13:06,0.00119890,10.08000000
2018-02-25 08:13:08,0.00119890,442.50000000
2018-02-25 08:13:08,0.00119700,1367.22000000
2018-02-25 08:13:08,0.00119650,19.03000000
2018-02-25 08:13:08,0.00119640,16.71000000
2018-02-25 08:13:08,0.00119630,55.18000000
2018-02-25 08:13:08,0.00119620,43.85000000
2018-02-25 08:13:08,0.00119560,164.29000000
2018-02-25 08:13:08,0.00119550,1.70000000
2018-02-25 08:13:08,0.00119500,11.32000000
2018-02-25 08:13:08,0.00119490,20.00000000
2018-02-25 08:13:10,0.00119580,16.71000000
2018-02-25 08:13:10,0.00119590,45.05000000
2018-02-25 08:13:10,0.00119560,4.18000000
2018-02-25 08:13:13,0.00119590,2.09000000
2018-02-25 08:13:13,0.00119380,66.47000000
2018-02-25 08:13:14,0.00119390,158.47000000
2018-02-25 08:13:14,0.00119390,18.30000000
2018-02-25 08:13:15,0.00119590,16.00000000
2018-02-25 08:13:16,0.00119500,5.33000000
2018-02-25 08:13:16,0.00119410,4.18000000
2018-02-25 08:13:16,0.00119390,8.68000000
2018-02-25 08:13:17,0.00119500,37.81000000
2018-02-25 08:13:19,0.00119380,8.35000000
2018-02-25 08:13:20,0.00119480,1.69000000
2018-02-25 08:13:20,0.00119350,4.18000000
2018-02-25 08:13:20,0.00119340,16.75000000
2018-02-25 08:13:21,0.00119220,9.74000000
2018-02-25 08:13:21,0.00119210,1.00000000
2018-02-25 08:13:21,0.00119190,9.46000000
2018-02-25 08:13:21,0.00119350,2.54000000
2018-02-25 08:13:21,0.00119350,16.42000000
2018-02-25 08:13:22,0.00119220,8.38000000
2018-02-25 08:13:23,0.00119230,10.46000000
2018-02-25 08:13:23,0.00119280,2.09000000
2018-02-25 08:13:23,0.00119280,69.66000000
2018-02-25 08:13:24,0.00119350,14.78000000
2018-02-25 08:13:24,0.00119280,2.09000000
2018-02-25 08:13:25,0.00119350,15.59000000
2018-02-25 08:13:25,0.00119200,12.07000000
2018-02-25 08:13:25,0.00119350,10.00000000
2018-02-25 08:13:26,0.00119350,5.03000000
2018-02-25 08:13:26,0.00119350,246.15000000
2018-02-25 08:13:26,0.00119390,413.89000000
2018-02-25 08:13:26,0.00119440,16.75000000
2018-02-25 08:13:26,0.00119480,333.21000000
2018-02-25 08:13:27,0.00119480,55.78000000
2018-02-25 08:13:27,0.00119480,55.75000000
2018-02-25 08:13:27,0.00119480,7.56000000
2018-02-25 08:13:28,0.00119500,18.48000000
2018-02-25 08:13:29,0.00119690,10.00000000
2018-02-25 08:13:30,0.00119300,5.03000000
2018-02-25 08:13:31,0.00119500,7.51000000
2018-02-25 08:13:32,0.00119490,2.00000000
2018-02-25 08:13:32,0.00119490,3.03000000
2018-02-25 08:13:32,0.00119500,8.96000000
2018-02-25 08:13:33,0.00119500,2.09000000
2018-02-25 08:13:33,0.00119500,293.12000000
2018-02-25 08:13:33,0.00119510,10.00000000
2018-02-25 08:13:33,0.00119500,11.05000000
2018-02-25 08:13:34,0.00119310,12.40000000
2018-02-25 08:13:35,0.00119480,2.02000000
2018-02-25 08:13:36,0.00119300,15.48000000
2018-02-25 08:13:36,0.00119480,10.00000000
2018-02-25 08:13:37,0.00119480,93.89000000
2018-02-25 08:13:37,0.00119480,53.08000000
2018-02-25 08:13:37,0.00119540,12.40000000
2018-02-25 08:13:37,0.00119700,10.39000000
2018-02-25 08:13:39,0.00119440,41.73000000
2018-02-25 08:13:40,0.00119360,10.16000000
2018-02-25 08:13:41,0.00119680,20.00000000
2018-02-25 08:13:41,0.00119690,21.64000000
2018-02-25 08:13:41,0.00119700,22.92000000
2018-02-25 08:13:41,0.00119890,17.44000000
2018-02-25 08:13:42,0.00119590,10.00000000
2018-02-25 08:13:43,0.00119590,0.16000000
2018-02-25 08:13:43,0.00119600,1.00000000
2018-02-25 08:13:44,0.00119900,10.00000000
2018-02-25 08:13:45,0.00119660,8.38000000
2018-02-25 08:13:45,0.00119660,50.70000000
2018-02-25 08:13:45,0.00119660,195.40000000
2018-02-25 08:13:46,0.00119660,10.00000000
2018-02-25 08:13:47,0.00119660,20.00000000
2018-02-25 08:13:47,0.00119590,7.79000000
2018-02-25 08:13:48,0.00119660,10.00000000
2018-02-25 08:13:48,0.00119590,1.56000000
2018-02-25 08:13:51,0.00119590,5.01000000
2018-02-25 08:13:51,0.00119620,1.00000000
2018-02-25 08:13:51,0.00119590,1.00000000
2018-02-25 08:13:52,0.00119590,1.00000000
2018-02-25 08:13:54,0.00119590,19.67000000
2018-02-25 08:13:54,0.00119480,115.88000000
2018-02-25 08:13:54,0.00119470,1.67000000
2018-02-25 08:13:54,0.00119440,16.74000000
2018-02-25 08:13:54,0.00119390,341.20000000
2018-02-25 08:13:54,0.00119380,23.91000000
2018-02-25 08:13:54,0.00119310,168.26000000
2018-02-25 08:13:54,0.00119300,65.85000000
2018-02-25 08:13:54,0.00119320,50.00000000
2018-02-25 08:13:54,0.00119320,33.79000000
2018-02-25 08:13:54,0.00119220,11.56000000
2018-02-25 08:13:54,0.00119620,2.00000000
2018-02-25 08:13:55,0.00119610,10.00000000
2018-02-25 08:13:55,0.00119200,20.00000000
2018-02-25 08:13:56,0.00119580,3.34000000
2018-02-25 08:13:57,0.00119550,10.00000000
2018-02-25 08:13:58,0.00119440,20.00000000
2018-02-25 08:13:58,0.00119440,6.50000000
2018-02-25 08:13:58,0.00119440,3.50000000
2018-02-25 08:13:59,0.00119530,60.69000000
2018-02-25 08:14:00,0.00119530,3.10000000
2018-02-25 08:14:00,0.00119580,6.90000000
2018-02-25 08:14:00,0.00119240,4.19000000
2018-02-25 08:14:00,0.00119230,7.27000000
2018-02-25 08:14:00,0.00119220,1.29000000
2018-02-25 08:14:00,0.00119210,27.57000000
2018-02-25 08:14:00,0.00119270,50.00000000
2018-02-25 08:14:02,0.00119550,10.00000000
2018-02-25 08:14:03,0.00119510,10.00000000
2018-02-25 08:14:03,0.00119500,2.00000000
2018-02-25 08:14:03,0.00119250,38.00000000
2018-02-25 08:14:06,0.00119520,10.00000000
2018-02-25 08:14:06,0.00119250,50.00000000
2018-02-25 08:14:06,0.00119370,36.25000000
2018-02-25 08:14:06,0.00119380,51.26000000
2018-02-25 08:14:07,0.00119250,107.00000000
2018-02-25 08:14:08,0.00119250,9.90000000
2018-02-25 08:14:08,0.00119190,11.57000000
2018-02-25 08:14:08,0.00119160,28.53000000
2018-02-25 08:14:11,0.00119180,2.09000000
2018-02-25 08:14:12,0.00119180,2.10000000
2018-02-25 08:14:12,0.00119160,31.55000000
2018-02-25 08:14:12,0.00119150,16.35000000
2018-02-25 08:14:12,0.00119380,10.00000000
2018-02-25 08:14:14,0.00119370,1.29000000
2018-02-25 08:14:14,0.00119380,15.46000000
2018-02-25 08:14:15,0.00119150,76.46000000
2018-02-25 08:14:15,0.00119050,37.59000000
2018-02-25 08:14:17,0.00119250,19.51000000
2018-02-25 08:14:17,0.00119150,9.00000000
2018-02-25 08:14:17,0.00119150,9.00000000
2018-02-25 08:14:18,0.00119150,10.20000000
2018-02-25 08:14:18,0.00119150,10.19000000
2018-02-25 08:14:18,0.00119150,10.18000000
2018-02-25 08:14:18,0.00119150,4.31000000
2018-02-25 08:14:18,0.00119150,8.50000000
2018-02-25 08:14:18,0.00119150,8.50000000
2018-02-25 08:14:18,0.00119150,10.18000000
2018-02-25 08:14:18,0.00119050,10.19000000
2018-02-25 08:14:18,0.00119050,129.76000000
2018-02-25 08:14:18,0.00119020,167.15000000
2018-02-25 08:14:18,0.00119010,15.40000000
2018-02-25 08:14:18,0.00119000,1128.97000000
2018-02-25 08:14:20,0.00119000,140.45000000
2018-02-25 08:14:20,0.00119000,1.00000000
2018-02-25 08:14:20,0.00119000,1.00000000
2018-02-25 08:14:20,0.00119000,4.15000000
2018-02-25 08:14:20,0.00119000,3.46000000
2018-02-25 08:14:20,0.00119000,3.46000000
2018-02-25 08:14:20,0.00119000,4.15000000
2018-02-25 08:14:20,0.00119000,4.20000000
2018-02-25 08:14:20,0.00118810,30.00000000
2018-02-25 08:14:20,0.00118790,10.52000000
2018-02-25 08:14:20,0.00118640,0.48000000
2018-02-25 08:14:22,0.00118820,13.22000000
2018-02-25 08:14:22,0.00118820,13.24000000
2018-02-25 08:14:22,0.00118820,243.77000000
2018-02-25 08:14:24,0.00118980,8.40000000
2018-02-25 08:14:27,0.00118830,10.18000000
2018-02-25 08:14:27,0.00118830,1.00000000
2018-02-25 08:14:32,0.00118830,55.50000000
2018-02-25 08:14:32,0.00118970,14.03000000
2018-02-25 08:14:34,0.00118830,56.58000000
2018-02-25 08:14:35,0.00118830,48.12000000
2018-02-25 08:14:35,0.00118830,120.00000000
2018-02-25 08:14:36,0.00118960,10.52000000
2018-02-25 08:14:36,0.00118970,11.48000000
2018-02-25 08:14:37,0.00118830,29.64000000
2018-02-25 08:14:38,0.00118830,3.12000000
2018-02-25 08:14:39,0.00118830,60.94000000
2018-02-25 08:14:39,0.00118830,2.42000000
2018-02-25 08:14:41,0.00118830,123.83000000
2018-02-25 08:14:41,0.00118820,26.46000000
2018-02-25 08:14:41,0.00118740,13.13000000
2018-02-25 08:14:41,0.00118670,114.89000000
2018-02-25 08:14:41,0.00118830,8.40000000
2018-02-25 08:14:42,0.00118740,103.26000000
2018-02-25 08:14:43,0.00118830,4.21000000
2018-02-25 08:14:43,0.00118670,92.00000000
2018-02-25 08:14:43,0.00118670,97.57000000
2018-02-25 08:14:43,0.00118640,329.52000000
2018-02-25 08:14:43,0.00118570,59.03000000
2018-02-25 08:14:43,0.00118560,13.45000000
2018-02-25 08:14:43,0.00118510,80.43000000
2018-02-25 08:14:45,0.00118560,84.34000000
2018-02-25 08:14:45,0.00118550,12.65000000
2018-02-25 08:14:45,0.00118530,35.00000000
2018-02-25 08:14:45,0.00118510,11.00000000
2018-02-25 08:14:45,0.00118500,27.71000000
2018-02-25 08:14:46,0.00118510,55.00000000
2018-02-25 08:14:46,0.00118500,35.45000000
2018-02-25 08:14:46,0.00118550,2.02000000
2018-02-25 08:14:46,0.00118500,56.67000000
2018-02-25 08:14:46,0.00118790,10.00000000
2018-02-25 08:14:46,0.00118790,41.21000000
2018-02-25 08:14:48,0.00118760,1.01000000
2018-02-25 08:14:48,0.00118540,19.69000000
2018-02-25 08:14:50,0.00118730,7.47000000
2018-02-25 08:14:50,0.00118730,10.00000000
2018-02-25 08:14:51,0.00118710,6.30000000
2018-02-25 08:14:52,0.00118550,4.21000000
2018-02-25 08:14:52,0.00118540,147.59000000
2018-02-25 08:14:52,0.00118500,103.78000000
2018-02-25 08:14:53,0.00118690,3.88000000
2018-02-25 08:14:53,0.00118690,5.48000000
2018-02-25 08:14:53,0.00118700,4.52000000
2018-02-25 08:14:55,0.00118630,285.98000000
2018-02-25 08:14:56,0.00118530,2.20000000
2018-02-25 08:14:56,0.00118520,84.34000000
2018-02-25 08:14:56,0.00118510,5.00000000
2018-02-25 08:14:56,0.00118500,100.15000000
2018-02-25 08:14:57,0.00118510,5.00000000
2018-02-25 08:14:57,0.00118500,18.28000000
2018-02-25 08:14:57,0.00118760,10.00000000
2018-02-25 08:14:58,0.00118730,4.21000000
2018-02-25 08:14:58,0.00118500,15.24000000
2018-02-25 08:14:59,0.00118680,16.84000000
2018-02-25 08:14:59,0.00118630,25.21000000
2018-02-25 08:14:59,0.00118630,8.59000000
2018-02-25 08:14:59,0.00118630,30.11000000
2018-02-25 08:14:59,0.00118500,0.79000000
2018-02-25 08:14:59,0.00118620,27.39000000
2018-02-25 08:14:59,0.00118500,13.94000000
2018-02-25 08:15:01,0.00118680,29.47000000
2018-02-25 08:15:01,0.00118690,7.03000000
2018-02-25 08:15:01,0.00118710,152.29000000
2018-02-25 08:15:03,0.00118540,84.34000000
2018-02-25 08:15:03,0.00118530,73.96000000
2018-02-25 08:15:04,0.00118880,41.92000000
2018-02-25 08:15:04,0.00118530,7.36000000
2018-02-25 08:15:05,0.00118860,1.77000000
2018-02-25 08:15:06,0.00118830,19.97000000
2018-02-25 08:15:06,0.00118830,2.55000000
2018-02-25 08:15:06,0.00118830,4.66000000
2018-02-25 08:15:07,0.00118810,2.27000000
2018-02-25 08:15:07,0.00118810,12.97000000
2018-02-25 08:15:07,0.00118820,13.21000000
2018-02-25 08:15:08,0.00118840,7.37000000
2018-02-25 08:15:08,0.00118870,73.95000000
2018-02-25 08:15:09,0.00118620,16.86000000
2018-02-25 08:15:09,0.00118600,10.00000000
2018-02-25 08:15:09,0.00118560,4.36000000
2018-02-25 08:15:09,0.00118970,250.74000000
2018-02-25 08:15:09,0.00118970,141.08000000
2018-02-25 08:15:09,0.00118980,56.83000000
2018-02-25 08:15:09,0.00119000,33.35000000
2018-02-25 08:15:09,0.00119000,104.82000000
2018-02-25 08:15:09,0.00119030,6.13000000
2018-02-25 08:15:10,0.00118900,84.26000000
2018-02-25 08:15:10,0.00118890,34.40000000
2018-02-25 08:15:10,0.00119150,30.98000000
2018-02-25 08:15:13,0.00119110,10.00000000
2018-02-25 08:15:14,0.00119110,56.43000000
2018-02-25 08:15:14,0.00119110,2.52000000
2018-02-25 08:15:14,0.00119110,5.90000000
2018-02-25 08:15:14,0.00119110,9.41000000
2018-02-25 08:15:14,0.00119120,16.86000000
2018-02-25 08:15:15,0.00119140,10.00000000
2018-02-25 08:15:15,0.00118900,1.25000000
2018-02-25 08:15:18,0.00119370,10.00000000
2018-02-25 08:15:20,0.00119110,9.33000000
2018-02-25 08:15:20,0.00119110,14.08000000
2018-02-25 08:15:23,0.00119060,65.23000000
2018-02-25 08:15:24,0.00119070,0.87000000
2018-02-25 08:15:24,0.00119110,72.51000000
2018-02-25 08:15:25,0.00119350,9.05000000
2018-02-25 08:15:26,0.00119090,27.41000000
2018-02-25 08:15:29,0.00119020,44.61000000
2018-02-25 08:15:29,0.00119010,16.80000000
2018-02-25 08:15:29,0.00119000,187.56000000
2018-02-25 08:15:31,0.00119090,301.38000000
2018-02-25 08:15:32,0.00119080,57.43000000
2018-02-25 08:15:32,0.00119300,40.05000000
2018-02-25 08:15:33,0.00119280,4.56000000
2018-02-25 08:15:33,0.00119290,5.44000000
2018-02-25 08:15:33,0.00119050,84.07000000
2018-02-25 08:15:33,0.00119040,5.62000000
2018-02-25 08:15:33,0.00119020,1.00000000
2018-02-25 08:15:33,0.00118910,99.68000000
2018-02-25 08:15:33,0.00118900,56.04000000
2018-02-25 08:15:33,0.00118890,114.26000000
2018-02-25 08:15:33,0.00118760,10.57000000
2018-02-25 08:15:33,0.00118680,46.23000000
2018-02-25 08:15:34,0.00119260,10.00000000
2018-02-25 08:15:35,0.00119240,10.00000000
2018-02-25 08:15:35,0.00119000,140.67000000
2018-02-25 08:15:37,0.00119180,6.33000000
2018-02-25 08:15:37,0.00119180,6.33000000
2018-02-25 08:15:37,0.00119180,7.41000000
2018-02-25 08:15:37,0.00119000,6.33000000
2018-02-25 08:15:37,0.00119000,58.75000000
2018-02-25 08:15:38,0.00119180,5.12000000
2018-02-25 08:15:39,0.00119180,28.12000000
2018-02-25 08:15:40,0.00118870,5.13000000
2018-02-25 08:15:45,0.00118980,10.76000000
2018-02-25 08:15:45,0.00118990,123.65000000
2018-02-25 08:15:46,0.00118990,10.76000000
2018-02-25 08:15:46,0.00118980,88.81000000
2018-02-25 08:15:51,0.00119000,9.53000000
2018-02-25 08:15:53,0.00119100,2.10000000
2018-02-25 08:15:53,0.00119100,2.10000000
2018-02-25 08:15:54,0.00119000,7.17000000
2018-02-25 08:15:55,0.00119000,2.24000000
2018-02-25 08:15:56,0.00118860,5.06000000
2018-02-25 08:16:00,0.00118920,317.14000000
2018-02-25 08:16:01,0.00118870,9.60000000
2018-02-25 08:16:01,0.00118860,17.05000000
2018-02-25 08:16:01,0.00118860,30.00000000
2018-02-25 08:16:01,0.00118990,10.57000000
2018-02-25 08:16:01,0.00119000,35.95000000
2018-02-25 08:16:03,0.00118860,11.21000000
2018-02-25 08:16:04,0.00119090,11.36000000
2018-02-25 08:16:04,0.00119100,0.57000000
2018-02-25 08:16:05,0.00119000,2.10000000
2018-02-25 08:16:06,0.00119000,1.34000000
2018-02-25 08:16:06,0.00119000,21.83000000
2018-02-25 08:16:07,0.00119200,1.00000000
2018-02-25 08:16:08,0.00119200,2.27000000
2018-02-25 08:16:08,0.00119090,304.13000000
2018-02-25 08:16:08,0.00119050,16.79000000
2018-02-25 08:16:08,0.00119000,223.51000000
2018-02-25 08:16:08,0.00118870,13.45000000
2018-02-25 08:16:10,0.00119290,5.62000000
2018-02-25 08:16:10,0.00119340,16.86000000
2018-02-25 08:16:10,0.00119350,13.80000000
2018-02-25 08:16:10,0.00119370,15.00000000
2018-02-25 08:16:10,0.00119380,10.79000000
2018-02-25 08:16:10,0.00119400,13.95000000
2018-02-25 08:16:10,0.00119470,3.17000000
2018-02-25 08:16:10,0.00119490,14.32000000
2018-02-25 08:16:10,0.00119500,146.14000000
2018-02-25 08:16:10,0.00119660,12.35000000
2018-02-25 08:16:11,0.00119010,5.09000000
2018-02-25 08:16:16,0.00119350,2.17000000
2018-02-25 08:16:16,0.00119350,147.99000000
2018-02-25 08:16:17,0.00119350,2.17000000
2018-02-25 08:16:19,0.00119160,47.91000000
2018-02-25 08:16:19,0.00119550,1.84000000
2018-02-25 08:16:23,0.00119530,4.65000000
2018-02-25 08:16:24,0.00119530,6.27000000
2018-02-25 08:16:25,0.00119530,5.86000000
2018-02-25 08:16:26,0.00119530,2.09000000
2018-02-25 08:16:27,0.00119530,1.17000000
2018-02-25 08:16:28,0.00119350,41.06000000
2018-02-25 08:16:29,0.00119460,332.89000000
2018-02-25 08:16:29,0.00119310,2.10000000
2018-02-25 08:16:31,0.00119330,16.76000000
2018-02-25 08:16:31,0.00119310,9.14000000
2018-02-25 08:16:31,0.00119250,60.67000000
2018-02-25 08:16:31,0.00119250,68.91000000
2018-02-25 08:16:32,0.00119270,58.76000000
2018-02-25 08:16:32,0.00119270,2.94000000
2018-02-25 08:16:33,0.00119260,35.00000000
2018-02-25 08:16:33,0.00119250,120.15000000
2018-02-25 08:16:33,0.00119250,69.09000000
2018-02-25 08:16:33,0.00119250,9.16000000
2018-02-25 08:16:35,0.00119350,81.57000000
2018-02-25 08:16:37,0.00119400,10.24000000
2018-02-25 08:16:37,0.00119400,113.51000000
2018-02-25 08:16:41,0.00119420,25.10000000
2018-02-25 08:16:42,0.00119410,8.36000000
2018-02-25 08:16:43,0.00119390,3.50000000
2018-02-25 08:16:46,0.00119280,165.92000000
2018-02-25 08:16:47,0.00119350,1.67000000
2018-02-25 08:16:47,0.00119200,82.45000000
2018-02-25 08:16:48,0.00119350,11.78000000
2018-02-25 08:16:48,0.00119380,8.14000000
2018-02-25 08:16:50,0.00119360,4.95000000
2018-02-25 08:16:51,0.00119340,3.71000000
2018-02-25 08:16:51,0.00119340,1.65000000
2018-02-25 08:16:52,0.00119250,74.74000000
2018-02-25 08:16:52,0.00119200,5.34000000
2018-02-25 08:16:52,0.00119200,1.00000000
2018-02-25 08:16:52,0.00119190,4.36000000
2018-02-25 08:16:52,0.00119200,25.12000000
2018-02-25 08:16:52,0.00119200,78.38000000
2018-02-25 08:16:52,0.00119190,1.00000000
2018-02-25 08:16:52,0.00119200,64.20000000
2018-02-25 08:16:55,0.00119360,13.58000000
2018-02-25 08:16:56,0.00119190,1.39000000
2018-02-25 08:16:56,0.00119420,1.41000000
2018-02-25 08:16:57,0.00119300,348.64000000
2018-02-25 08:17:00,0.00119400,3.37000000
2018-02-25 08:17:00,0.00119410,5.57000000
2018-02-25 08:17:01,0.00119300,19.48000000
2018-02-25 08:17:01,0.00119400,16.16000000
2018-02-25 08:17:01,0.00119410,16.76000000
2018-02-25 08:17:01,0.00119480,6.20000000
2018-02-25 08:17:01,0.00119550,13.62000000
2018-02-25 08:17:02,0.00119190,113.89000000
2018-02-25 08:17:06,0.00119310,32.56000000
2018-02-25 08:17:07,0.00119200,95.00000000
2018-02-25 08:17:08,0.00119230,171.84000000
2018-02-25 08:17:09,0.00119220,52.71000000
2018-02-25 08:17:09,0.00119230,9.83000000
2018-02-25 08:17:09,0.00119280,16.43000000
2018-02-25 08:17:13,0.00119380,0.01000000
2018-02-25 08:17:13,0.00119380,28.36000000
2018-02-25 08:17:16,0.00119380,1.01000000
2018-02-25 08:17:18,0.00119380,0.13000000
2018-02-25 08:17:22,0.00119380,245.00000000
2018-02-25 08:17:22,0.00119380,12.85000000
2018-02-25 08:17:23,0.00119300,14.70000000
2018-02-25 08:17:24,0.00119380,6.28000000
2018-02-25 08:17:29,0.00119240,18.64000000
2018-02-25 08:17:30,0.00119380,1.84000000
2018-02-25 08:17:32,0.00119380,4.77000000
2018-02-25 08:17:32,0.00119240,34.17000000
2018-02-25 08:17:32,0.00119230,49.66000000
2018-02-25 08:17:33,0.00119380,8.38000000
2018-02-25 08:17:33,0.00119380,5.03000000
2018-02-25 08:17:34,0.00119380,1.84000000
2018-02-25 08:17:45,0.00119250,47.07000000
2018-02-25 08:17:45,0.00119370,9.00000000
2018-02-25 08:17:45,0.00119380,482.25000000
2018-02-25 08:17:45,0.00119380,1.00000000
2018-02-25 08:17:45,0.00119380,74.64000000
2018-02-25 08:17:45,0.00119380,25.12000000
2018-02-25 08:17:45,0.00119380,25.12000000
2018-02-25 08:17:46,0.00119380,3.38000000
2018-02-25 08:17:46,0.00119380,31.53000000
2018-02-25 08:17:47,0.00119380,25.12000000
2018-02-25 08:17:49,0.00119400,4.61000000
2018-02-25 08:17:49,0.00119380,37.92000000
2018-02-25 08:17:50,0.00119380,17.82000000
2018-02-25 08:17:50,0.00119380,15.95000000
2018-02-25 08:17:50,0.00119400,4.19000000
2018-02-25 08:17:52,0.00119400,1.72000000
2018-02-25 08:17:55,0.00119380,50.00000000
2018-02-25 08:17:55,0.00119380,7.91000000
2018-02-25 08:17:56,0.00119380,1.01000000
2018-02-25 08:17:57,0.00119380,5.51000000
2018-02-25 08:18:01,0.00119380,58.14000000
2018-02-25 08:18:01,0.00119380,29.84000000
2018-02-25 08:18:02,0.00119390,30.10000000
2018-02-25 08:18:02,0.00119380,2.24000000
2018-02-25 08:18:03,0.00119380,2.34000000
2018-02-25 08:18:03,0.00119380,7.85000000
2018-02-25 08:18:04,0.00119380,1.74000000
2018-02-25 08:18:07,0.00119380,9.09000000
2018-02-25 08:18:09,0.00119400,48.64000000
2018-02-25 08:18:11,0.00119400,52.15000000
2018-02-25 08:18:13,0.00119380,12.63000000
2018-02-25 08:18:13,0.00119380,12.68000000
2018-02-25 08:18:13,0.00119380,39.57000000
2018-02-25 08:18:13,0.00119250,25.31000000
2018-02-25 08:18:13,0.00119250,12.68000000
2018-02-25 08:18:13,0.00119250,25.00000000
2018-02-25 08:18:13,0.00119250,64.41000000
2018-02-25 08:18:13,0.00119250,25.12000000
2018-02-25 08:18:14,0.00119380,39.76000000
2018-02-25 08:18:14,0.00119380,63.08000000
2018-02-25 08:18:14,0.00119400,20.04000000
2018-02-25 08:18:16,0.00119380,1.14000000
2018-02-25 08:18:16,0.00119330,15.15000000
2018-02-25 08:18:17,0.00119380,88.18000000
2018-02-25 08:18:17,0.00119400,53.11000000
2018-02-25 08:18:18,0.00119360,56.08000000
2018-02-25 08:18:18,0.00119360,103.52000000
2018-02-25 08:18:18,0.00119360,53.22000000
2018-02-25 08:18:19,0.00119360,1.00000000
2018-02-25 08:18:19,0.00119360,42.13000000
2018-02-25 08:18:19,0.00119360,25.13000000
2018-02-25 08:18:19,0.00119400,108.18000000
2018-02-25 08:18:19,0.00119400,40.90000000
2018-02-25 08:18:21,0.00119400,37.56000000
2018-02-25 08:18:25,0.00119400,17.79000000
2018-02-25 08:18:27,0.00119450,3.09000000
2018-02-25 08:18:28,0.00119400,49.22000000
2018-02-25 08:18:29,0.00119360,91.34000000
2018-02-25 08:18:29,0.00119330,67.72000000
2018-02-25 08:18:29,0.00119260,157.59000000
2018-02-25 08:18:30,0.00119320,45.85000000
2018-02-25 08:18:32,0.00119360,21.52000000
2018-02-25 08:18:32,0.00119260,60.02000000
2018-02-25 08:18:34,0.00119400,88.72000000
2018-02-25 08:18:35,0.00119320,26.21000000
2018-02-25 08:18:40,0.00119320,33.71000000
2018-02-25 08:18:40,0.00119360,4.65000000
2018-02-25 08:18:40,0.00119390,25.89000000
2018-02-25 08:18:40,0.00119400,129.07000000
2018-02-25 08:18:40,0.00119400,234.90000000
2018-02-25 08:18:40,0.00119400,247.76000000
2018-02-25 08:18:40,0.00119400,8.86000000
2018-02-25 08:18:41,0.00119360,36.62000000
2018-02-25 08:18:41,0.00119360,23.38000000
2018-02-25 08:18:42,0.00119400,1.13000000
2018-02-25 08:18:46,0.00119410,228.57000000
2018-02-25 08:18:50,0.00119410,62.70000000
2018-02-25 08:18:53,0.00119410,15.00000000
2018-02-25 08:18:55,0.00119410,67.28000000
2018-02-25 08:18:55,0.00119500,89.14000000
2018-02-25 08:18:56,0.00119500,3.98000000
2018-02-25 08:18:56,0.00119500,63.45000000
2018-02-25 08:18:57,0.00119500,3.78000000
2018-02-25 08:18:57,0.00119510,61.60000000
2018-02-25 08:18:58,0.00119530,3.38000000
2018-02-25 08:18:58,0.00119550,48.95000000
2018-02-25 08:18:58,0.00119560,11.24000000
2018-02-25 08:18:58,0.00119590,12.10000000
2018-02-25 08:18:58,0.00119600,204.40000000
2018-02-25 08:18:58,0.00119660,6.73000000
2018-02-25 08:18:58,0.00119700,14.32000000
2018-02-25 08:18:58,0.00119740,9.19000000
2018-02-25 08:18:58,0.00119900,72.41000000
2018-02-25 08:18:58,0.00119920,405.58000000
2018-02-25 08:18:58,0.00119980,44.19000000
2018-02-25 08:18:58,0.00119990,69.12000000
2018-02-25 08:18:58,0.00120000,481.59000000
2018-02-25 08:18:58,0.00120000,1.70000000
2018-02-25 08:18:58,0.00120000,156.47000000
2018-02-25 08:18:58,0.00120000,2355.23000000
2018-02-25 08:18:58,0.00120000,12.40000000
2018-02-25 08:18:58,0.00120060,7.08000000
2018-02-25 08:18:58,0.00120090,9.52000000
2018-02-25 08:18:58,0.00120220,3.33000000
2018-02-25 08:18:58,0.00120230,6.32000000
2018-02-25 08:18:58,0.00120240,128.81000000
2018-02-25 08:18:58,0.00120320,9.18000000
2018-02-25 08:18:58,0.00120000,12.10000000
2018-02-25 08:18:58,0.00120000,34.74000000
2018-02-25 08:18:58,0.00120000,25.84000000
2018-02-25 08:18:58,0.00120010,1.48000000
2018-02-25 08:18:59,0.00120010,4.36000000
2018-02-25 08:18:59,0.00120020,16.66000000
2018-02-25 08:18:59,0.00120010,36.42000000
2018-02-25 08:18:59,0.00120000,1235.92000000
2018-02-25 08:18:59,0.00120400,1.00000000
2018-02-25 08:18:59,0.00120400,6.56000000
2018-02-25 08:19:00,0.00120270,1.42000000
2018-02-25 08:19:00,0.00120290,1.00000000
2018-02-25 08:19:01,0.00120070,3.88000000
2018-02-25 08:19:01,0.00120100,2.89000000
2018-02-25 08:19:01,0.00120100,1.64000000
2018-02-25 08:19:01,0.00120100,24.97000000
2018-02-25 08:19:01,0.00120100,4.30000000
2018-02-25 08:19:02,0.00120100,10.00000000
2018-02-25 08:19:02,0.00120100,24.97000000
2018-02-25 08:19:02,0.00120100,9.58000000
2018-02-25 08:19:03,0.00120110,9.57000000
2018-02-25 08:19:03,0.00120050,4.34000000
2018-02-25 08:19:03,0.00120040,0.66000000
2018-02-25 08:19:04,0.00120300,5.65000000
2018-02-25 08:19:04,0.00120300,0.19000000
2018-02-25 08:19:04,0.00120310,1.42000000
2018-02-25 08:19:04,0.00120420,16.66000000
2018-02-25 08:19:04,0.00120430,11.05000000
2018-02-25 08:19:04,0.00120440,4.03000000
2018-02-25 08:19:04,0.00120440,3.24000000
2018-02-25 08:19:04,0.00120440,1.57000000
2018-02-25 08:19:04,0.00120440,1.00000000
2018-02-25 08:19:05,0.00120440,70.47000000
2018-02-25 08:19:05,0.00120440,3.58000000
2018-02-25 08:19:05,0.00120440,35.00000000
2018-02-25 08:19:05,0.00120440,2.63000000
2018-02-25 08:19:05,0.00120440,4.28000000
2018-02-25 08:19:05,0.00120440,24.90000000
2018-02-25 08:19:06,0.00120440,7.61000000
2018-02-25 08:19:06,0.00120440,4.28000000
2018-02-25 08:19:06,0.00120440,130.08000000
2018-02-25 08:19:07,0.00120440,27.05000000
2018-02-25 08:19:07,0.00120500,4.60000000
2018-02-25 08:19:08,0.00120500,8.30000000
2018-02-25 08:19:08,0.00120440,18.00000000
2018-02-25 08:19:08,0.00120440,2.27000000
2018-02-25 08:19:09,0.00120440,26.13000000
2018-02-25 08:19:09,0.00120440,10.42000000
2018-02-25 08:19:09,0.00120500,3.32000000
2018-02-25 08:19:11,0.00120440,5.00000000
2018-02-25 08:19:11,0.00120500,1.66000000
2018-02-25 08:19:12,0.00120500,7.47000000
2018-02-25 08:19:12,0.00120100,24.94000000
2018-02-25 08:19:12,0.00120100,7.05000000
2018-02-25 08:19:12,0.00120100,118.01000000
2018-02-25 08:19:13,0.00120500,6.87000000
2018-02-25 08:19:13,0.00120550,2.00000000
2018-02-25 08:19:13,0.00120570,2.04000000
2018-02-25 08:19:14,0.00120500,1.73000000
2018-02-25 08:19:14,0.00120520,24.89000000
2018-02-25 08:19:14,0.00120520,219.44000000
2018-02-25 08:19:15,0.00120500,1.99000000
2018-02-25 08:19:16,0.00120500,59.85000000
2018-02-25 08:19:16,0.00120100,8.32000000
2018-02-25 08:19:16,0.00120080,16.65000000
2018-02-25 08:19:16,0.00120070,83.12000000
2018-02-25 08:19:16,0.00120000,163.23000000
2018-02-25 08:19:17,0.00120010,5.61000000
2018-02-25 08:19:18,0.00120490,23.57000000
2018-02-25 08:19:18,0.00120500,19.15000000
2018-02-25 08:19:18,0.00120510,83.12000000
2018-02-25 08:19:18,0.00120520,24.89000000
2018-02-25 08:19:18,0.00120560,20.00000000
2018-02-25 08:19:20,0.00120520,1.01000000
2018-02-25 08:19:20,0.00120520,15.68000000
2018-02-25 08:19:21,0.00120520,28.22000000
2018-02-25 08:19:23,0.00120520,11.04000000
2018-02-25 08:19:23,0.00120520,141.15000000
2018-02-25 08:19:23,0.00120550,5.61000000
2018-02-25 08:19:25,0.00120550,89.05000000
2018-02-25 08:19:25,0.00120530,2.00000000
2018-02-25 08:19:25,0.00120520,162.60000000
2018-02-25 08:19:27,0.00120520,732.33000000
2018-02-25 08:19:27,0.00120520,40.86000000
2018-02-25 08:19:27,0.00120500,28.74000000
2018-02-25 08:19:29,0.00120580,13.79000000
2018-02-25 08:19:29,0.00120590,2.43000000
2018-02-25 08:19:29,0.00120600,7.91000000
2018-02-25 08:19:30,0.00120680,10.31000000
2018-02-25 08:19:30,0.00120700,22.48000000
2018-02-25 08:19:30,0.00120730,5.33000000
2018-02-25 08:19:30,0.00120770,41.73000000
2018-02-25 08:19:30,0.00120600,57.26000000
2018-02-25 08:19:30,0.00120520,439.50000000
2018-02-25 08:19:31,0.00120770,20.21000000
2018-02-25 08:19:31,0.00120800,274.44000000
2018-02-25 08:19:32,0.00120660,77.35000000
2018-02-25 08:19:32,0.00120800,55.56000000
2018-02-25 08:19:35,0.00120800,66.15000000
2018-02-25 08:19:36,0.00120800,5.00000000
2018-02-25 08:19:36,0.00120800,9.05000000
2018-02-25 08:19:36,0.00120850,10.29000000
2018-02-25 08:19:37,0.00120890,3.33000000
2018-02-25 08:19:37,0.00120900,3.07000000
2018-02-25 08:19:37,0.00120910,2.71000000
2018-02-25 08:19:38,0.00120850,98.84000000
2018-02-25 08:19:39,0.00120910,6.00000000
2018-02-25 08:19:42,0.00120850,2.76000000
2018-02-25 08:19:42,0.00120850,216.44000000
2018-02-25 08:19:42,0.00120800,280.33000000
2018-02-25 08:19:44,0.00120910,6.77000000
2018-02-25 08:19:45,0.00120800,1.41000000
2018-02-25 08:19:45,0.00120910,0.84000000
2018-02-25 08:19:46,0.00120910,0.45000000
2018-02-25 08:19:47,0.00120970,3.50000000
2018-02-25 08:19:47,0.00121000,33.30000000
2018-02-25 08:19:47,0.00121020,0.88000000
2018-02-25 08:19:47,0.00121040,13.10000000
2018-02-25 08:19:47,0.00121110,9.34000000
2018-02-25 08:19:47,0.00121200,11.25000000
2018-02-25 08:19:47,0.00121380,370.93000000
2018-02-25 08:19:47,0.00121380,5.40000000
2018-02-25 08:19:47,0.00121380,2.66000000
2018-02-25 08:19:47,0.00120860,82.73000000
2018-02-25 08:19:47,0.00120850,19.54000000
2018-02-25 08:19:50,0.00121120,260.08000000
2018-02-25 08:19:51,0.00120950,8.34000000
2018-02-25 08:19:51,0.00121300,8.27000000
2018-02-25 08:19:52,0.00121300,52.96000000
2018-02-25 08:19:52,0.00121000,15.98000000
2018-02-25 08:19:53,0.00121000,2.09000000
2018-02-25 08:19:54,0.00121280,6.02000000
2018-02-25 08:19:55,0.00121190,1.53000000
2018-02-25 08:19:58,0.00121190,13.95000000
2018-02-25 08:19:58,0.00121200,0.94000000
2018-02-25 08:19:59,0.00121010,8.32000000
2018-02-25 08:20:00,0.00121180,4.13000000
2018-02-25 08:20:00,0.00121200,25.87000000
2018-02-25 08:20:03,0.00121040,1.24000000
2018-02-25 08:20:03,0.00121040,0.70000000
2018-02-25 08:20:03,0.00121200,56.23000000
2018-02-25 08:20:03,0.00121200,24.75000000
2018-02-25 08:20:03,0.00121200,18.44000000
2018-02-25 08:20:03,0.00121200,3.89000000
2018-02-25 08:20:03,0.00121020,3.89000000
2018-02-25 08:20:04,0.00121250,8.18000000
2018-02-25 08:20:04,0.00121290,8.34000000
2018-02-25 08:20:04,0.00121300,48.00000000
2018-02-25 08:20:04,0.00121300,35.48000000
2018-02-25 08:20:04,0.00121030,96.01000000
2018-02-25 08:20:04,0.00121020,3.99000000
2018-02-25 08:20:05,0.00121200,4.17000000
2018-02-25 08:20:05,0.00121200,34.51000000
2018-02-25 08:20:06,0.00121310,2.06000000
2018-02-25 08:20:07,0.00121220,22.74000000
2018-02-25 08:20:07,0.00121200,12.26000000
2018-02-25 08:20:08,0.00121250,93.11000000
2018-02-25 08:20:10,0.00121200,3.75000000
2018-02-25 08:20:10,0.00121310,13.30000000
2018-02-25 08:20:10,0.00121350,88.00000000
2018-02-25 08:20:10,0.00121350,1.00000000
2018-02-25 08:20:10,0.00121350,76.95000000
2018-02-25 08:20:10,0.00121350,24.72000000
2018-02-25 08:20:10,0.00121350,290.38000000
2018-02-25 08:20:11,0.00121200,24.72000000
2018-02-25 08:20:12,0.00121200,76.71000000
2018-02-25 08:20:12,0.00121200,0.99000000
2018-02-25 08:20:12,0.00121200,13.82000000
2018-02-25 08:20:12,0.00121200,7.20000000
2018-02-25 08:20:12,0.00121200,4.26000000
2018-02-25 08:20:13,0.00121200,101.85000000
2018-02-25 08:20:13,0.00121120,16.51000000
2018-02-25 08:20:13,0.00121020,50.98000000
2018-02-25 08:20:14,0.00121020,13.12000000
2018-02-25 08:20:14,0.00121200,91.93000000
2018-02-25 08:20:14,0.00121200,457.32000000
2018-02-25 08:20:14,0.00121350,37.04000000
2018-02-25 08:20:14,0.00121040,18.53000000
2018-02-25 08:20:14,0.00121030,44.08000000
2018-02-25 08:20:14,0.00121010,16.11000000
2018-02-25 08:20:14,0.00121000,258.72000000
2018-02-25 08:20:15,0.00121250,9.95000000
2018-02-25 08:20:15,0.00121000,149.48000000
2018-02-25 08:20:15,0.00120910,4.00000000
2018-02-25 08:20:15,0.00120850,353.14000000
2018-02-25 08:20:15,0.00120850,99.22000000
2018-02-25 08:20:15,0.00120800,83.41000000
2018-02-25 08:20:15,0.00120800,67.23000000
2018-02-25 08:20:15,0.00121240,14.18000000
2018-02-25 08:20:17,0.00120820,1.01000000
2018-02-25 08:20:17,0.00120820,4.18000000
2018-02-25 08:20:17,0.00120820,100.00000000
2018-02-25 08:20:17,0.00120820,4.77000000
2018-02-25 08:20:17,0.00121130,68.45000000
2018-02-25 08:20:17,0.00121140,35.00000000
2018-02-25 08:20:17,0.00121160,16.51000000
2018-02-25 08:20:17,0.00121180,2.38000000
2018-02-25 08:20:18,0.00120820,16.83000000
2018-02-25 08:20:18,0.00120820,6.28000000
2018-02-25 08:20:18,0.00121120,9.08000000
2018-02-25 08:20:18,0.00121180,39.94000000
2018-02-25 08:20:19,0.00120850,3.02000000
2018-02-25 08:20:19,0.00120850,2.09000000
2018-02-25 08:20:20,0.00120850,1.76000000
2018-02-25 08:20:20,0.00120850,8.39000000
2018-02-25 08:20:20,0.00120850,2.09000000
2018-02-25 08:20:20,0.00120850,1.77000000
2018-02-25 08:20:20,0.00120850,5.02000000
2018-02-25 08:20:21,0.00120840,1.68000000
2018-02-25 08:20:21,0.00120840,2.51000000
2018-02-25 08:20:21,0.00120840,1.42000000
2018-02-25 08:20:23,0.00120980,3.60000000
2018-02-25 08:20:24,0.00120810,16.00000000
2018-02-25 08:20:25,0.00120980,1.82000000
2018-02-25 08:20:25,0.00120980,6.20000000
2018-02-25 08:20:25,0.00120980,3.48000000
2018-02-25 08:20:25,0.00120980,2.90000000
2018-02-25 08:20:25,0.00120980,2.90000000
2018-02-25 08:20:25,0.00120880,275.48000000
2018-02-25 08:20:26,0.00120800,2.09000000
2018-02-25 08:20:26,0.00120980,3.24000000
2018-02-25 08:20:26,0.00120990,67.47000000
2018-02-25 08:20:28,0.00120800,2.51000000
2018-02-25 08:20:28,0.00120850,24.79000000
2018-02-25 08:20:28,0.00120850,45.14000000
2018-02-25 08:20:29,0.00120800,3.64000000
2018-02-25 08:20:31,0.00120820,3.52000000
2018-02-25 08:20:31,0.00120730,12.37000000
2018-02-25 08:20:31,0.00120570,75.96000000
2018-02-25 08:20:31,0.00120540,8.15000000
2018-02-25 08:20:31,0.00120970,0.99000000
2018-02-25 08:20:33,0.00120850,1.24000000
2018-02-25 08:20:35,0.00120830,24.79000000
2018-02-25 08:20:35,0.00120830,90.27000000
2018-02-25 08:20:35,0.00120770,9.00000000
2018-02-25 08:20:35,0.00120770,3.68000000
2018-02-25 08:20:36,0.00120900,1.65000000
2018-02-25 08:20:36,0.00120770,4.19000000
2018-02-25 08:20:37,0.00120830,24.79000000
2018-02-25 08:20:37,0.00120830,24.79000000
2018-02-25 08:20:37,0.00120830,58.93000000
2018-02-25 08:20:37,0.00120830,8.09000000
2018-02-25 08:20:37,0.00120830,41.49000000
2018-02-25 08:20:37,0.00120760,16.56000000
2018-02-25 08:20:37,0.00120700,91.76000000
2018-02-25 08:20:37,0.00120700,91.76000000
2018-02-25 08:20:37,0.00120700,24.79000000
2018-02-25 08:20:37,0.00120700,9.42000000
2018-02-25 08:20:37,0.00120700,24.79000000
2018-02-25 08:20:38,0.00120900,4.14000000
2018-02-25 08:20:41,0.00120700,10.60000000
2018-02-25 08:20:41,0.00120750,2.07000000
2018-02-25 08:20:41,0.00120700,4.74000000
2018-02-25 08:20:42,0.00120750,2.15000000
2018-02-25 08:20:42,0.00120700,2.09000000
2018-02-25 08:20:43,0.00120700,6.27000000
2018-02-25 08:20:43,0.00120700,4.02000000
2018-02-25 08:20:43,0.00120700,30.04000000
2018-02-25 08:20:44,0.00120540,1.28000000
2018-02-25 08:20:45,0.00120700,8.28000000
2018-02-25 08:20:45,0.00120700,5.15000000
2018-02-25 08:20:50,0.00120610,291.23000000
2018-02-25 08:20:51,0.00120690,11.14000000
2018-02-25 08:20:51,0.00120690,4.14000000
2018-02-25 08:20:52,0.00120540,24.73000000
2018-02-25 08:20:52,0.00120500,9.00000000
2018-02-25 08:20:52,0.00120320,4.20000000
2018-02-25 08:20:52,0.00120080,36.99000000
2018-02-25 08:20:52,0.00120070,20.00000000
2018-02-25 08:20:52,0.00120000,105.08000000
2018-02-25 08:20:52,0.00120400,10.68000000
2018-02-25 08:20:52,0.00120400,10.68000000
2018-02-25 08:20:52,0.00120400,10.68000000
2018-02-25 08:20:52,0.00120400,10.67000000
2018-02-25 08:20:52,0.00120400,10.68000000
2018-02-25 08:20:52,0.00120400,15.81000000
2018-02-25 08:20:52,0.00120400,5.13000000
2018-02-25 08:20:52,0.00120400,5.13000000
2018-02-25 08:20:52,0.00120400,1.04000000
2018-02-25 08:20:52,0.00120010,5.13000000
2018-02-25 08:20:53,0.00120010,15.81000000
2018-02-25 08:20:53,0.00120020,42.59000000
2018-02-25 08:20:53,0.00120390,6.46000000
2018-02-25 08:20:53,0.00120060,8.32000000
2018-02-25 08:20:53,0.00120030,2.35000000
2018-02-25 08:20:54,0.00120390,10.10000000
2018-02-25 08:20:54,0.00120380,9.90000000
2018-02-25 08:20:55,0.00120100,10.68000000
2018-02-25 08:20:55,0.00120100,49.32000000
2018-02-25 08:20:55,0.00120070,28.00000000
2018-02-25 08:20:55,0.00120020,35.71000000
2018-02-25 08:20:55,0.00120000,245.04000000
2018-02-25 08:20:55,0.00120370,2.08000000
2018-02-25 08:20:56,0.00120130,8.32000000
2018-02-25 08:20:56,0.00120120,16.65000000
2018-02-25 08:20:56,0.00120110,18.59000000
2018-02-25 08:20:56,0.00120100,4.16000000
2018-02-25 08:20:56,0.00120000,91.14000000
2018-02-25 08:20:56,0.00120120,9.61000000
2018-02-25 08:20:58,0.00120140,12.48000000
2018-02-25 08:20:58,0.00120130,3.37000000
2018-02-25 08:20:58,0.00120000,28.44000000
2018-02-25 08:20:58,0.00119990,161.58000000
2018-02-25 08:20:59,0.00119990,83.29000000
2018-02-25 08:20:59,0.00120000,100.00000000
2018-02-25 08:20:59,0.00120100,12.75000000
2018-02-25 08:21:00,0.00120040,12.66000000
2018-02-25 08:21:00,0.00120280,22.16000000
2018-02-25 08:21:00,0.00120320,39.92000000
2018-02-25 08:21:02,0.00120330,2.31000000
2018-02-25 08:21:03,0.00120340,40.69000000
2018-02-25 08:21:03,0.00120350,36.71000000
2018-02-25 08:21:06,0.00120380,4.74000000
2018-02-25 08:21:06,0.00120380,4.25000000
2018-02-25 08:21:06,0.00120100,6.33000000
2018-02-25 08:21:06,0.00120100,64.27000000
2018-02-25 08:21:06,0.00120090,16.65000000
2018-02-25 08:21:06,0.00120080,4.12000000
2018-02-25 08:21:06,0.00120040,63.36000000
2018-02-25 08:21:07,0.00120000,124.26000000
2018-02-25 08:21:07,0.00119990,83.26000000
2018-02-25 08:21:07,0.00120000,2.07000000
2018-02-25 08:21:07,0.00120000,418.95000000
2018-02-25 08:21:07,0.00120000,498.79000000
2018-02-25 08:21:08,0.00120230,6.68000000
2018-02-25 08:21:08,0.00120230,31.67000000
2018-02-25 08:21:09,0.00120230,85.91000000
2018-02-25 08:21:10,0.00120390,16.65000000
2018-02-25 08:21:10,0.00120400,81.31000000
2018-02-25 08:21:10,0.00120600,58.64000000
2018-02-25 08:21:11,0.00120400,44.39000000
2018-02-25 08:21:11,0.00120680,20.00000000
2018-02-25 08:21:11,0.00120690,8.13000000
2018-02-25 08:21:12,0.00120700,10.03000000
2018-02-25 08:21:12,0.00120140,4.53000000
2018-02-25 08:21:12,0.00120700,10.05000000
2018-02-25 08:21:14,0.00120210,9.42000000
2018-02-25 08:21:15,0.00120770,4.53000000
2018-02-25 08:21:15,0.00120780,0.02000000
2018-02-25 08:21:15,0.00120700,10.02000000
2018-02-25 08:21:15,0.00120780,1.66000000
2018-02-25 08:21:15,0.00120700,0.02000000
2018-02-25 08:21:16,0.00120700,0.81000000
2018-02-25 08:21:16,0.00120700,22.57000000
2018-02-25 08:21:17,0.00120340,20.00000000
2018-02-25 08:21:17,0.00120330,2.57000000
2018-02-25 08:21:18,0.00120500,306.98000000
2018-02-25 08:21:18,0.00120490,11.99000000
2018-02-25 08:21:18,0.00120500,43.77000000
2018-02-25 08:21:20,0.00120380,10.00000000
2018-02-25 08:21:21,0.00120420,5.00000000
2018-02-25 08:21:21,0.00120680,18.81000000
2018-02-25 08:21:21,0.00120760,19.68000000
2018-02-25 08:21:21,0.00120450,8.85000000
2018-02-25 08:21:21,0.00120450,24.90000000
2018-02-25 08:21:21,0.00120460,4.45000000
2018-02-25 08:21:21,0.00120470,16.60000000
2018-02-25 08:21:21,0.00120460,56.50000000
2018-02-25 08:21:21,0.00120460,5.34000000
2018-02-25 08:21:22,0.00120460,7.98000000
2018-02-25 08:21:23,0.00120300,9.46000000
2018-02-25 08:21:25,0.00120720,19.90000000
2018-02-25 08:21:26,0.00120500,24.89000000
2018-02-25 08:21:26,0.00120500,11.36000000
2018-02-25 08:21:26,0.00120500,4.08000000
2018-02-25 08:21:27,0.00120500,7.51000000
2018-02-25 08:21:28,0.00120500,9.46000000
2018-02-25 08:21:29,0.00120500,0.73000000
2018-02-25 08:21:30,0.00120500,41.97000000
2018-02-25 08:21:30,0.00120490,68.15000000
2018-02-25 08:21:30,0.00120500,15.06000000
2018-02-25 08:21:30,0.00120600,18.00000000
2018-02-25 08:21:30,0.00120600,8.32000000
2018-02-25 08:21:30,0.00120600,30.48000000
2018-02-25 08:21:30,0.00120360,20.58000000
2018-02-25 08:21:36,0.00120430,1.00000000
2018-02-25 08:21:36,0.00120490,20.58000000
2018-02-25 08:21:37,0.00120490,1.66000000
2018-02-25 08:21:37,0.00120490,1.00000000
2018-02-25 08:21:37,0.00120490,0.72000000
2018-02-25 08:21:38,0.00120490,4.12000000
2018-02-25 08:21:40,0.00120500,32.99000000
2018-02-25 08:21:40,0.00120520,0.09000000
2018-02-25 08:21:40,0.00120520,5.76000000
2018-02-25 08:21:40,0.00120520,14.99000000
2018-02-25 08:21:40,0.00120520,94.92000000
2018-02-25 08:21:41,0.00120520,8.32000000
2018-02-25 08:21:41,0.00120520,15.00000000
2018-02-25 08:21:41,0.00120580,4.00000000
2018-02-25 08:21:41,0.00120590,16.60000000
2018-02-25 08:21:42,0.00120540,322.74000000
2018-02-25 08:21:43,0.00120520,38.09000000
2018-02-25 08:21:43,0.00120520,3.22000000
2018-02-25 08:21:45,0.00120600,109.53000000
2018-02-25 08:21:45,0.00120580,15.65000000
2018-02-25 08:21:45,0.00120520,212.94000000
2018-02-25 08:21:45,0.00120520,15.85000000
2018-02-25 08:21:46,0.00120600,5.22000000
2018-02-25 08:21:48,0.00120510,3.00000000
2018-02-25 08:21:49,0.00120530,11.44000000
2018-02-25 08:21:50,0.00120530,19.66000000
2018-02-25 08:21:50,0.00120530,48.86000000
2018-02-25 08:21:50,0.00120520,1.00000000
2018-02-25 08:21:50,0.00120500,16.59000000
2018-02-25 08:21:50,0.00120490,83.40000000
2018-02-25 08:21:57,0.00120510,37.41000000
2018-02-25 08:21:57,0.00120490,2.07000000
2018-02-25 08:21:57,0.00120510,5.13000000
2018-02-25 08:21:58,0.00120500,8.93000000
2018-02-25 08:21:58,0.00120500,146.83000000
2018-02-25 08:21:58,0.00120490,40.42000000
2018-02-25 08:22:00,0.00120500,5.12000000
2018-02-25 08:22:04,0.00120500,3.81000000
2018-02-25 08:22:07,0.00120500,5.48000000
2018-02-25 08:22:08,0.00120500,0.22000000
2018-02-25 08:22:10,0.00120510,338.49000000
2018-02-25 08:22:12,0.00120500,32.00000000
2018-02-25 08:22:15,0.00120510,0.11000000
2018-02-25 08:22:15,0.00120510,17.05000000
2018-02-25 08:22:15,0.00120500,31.95000000
2018-02-25 08:22:16,0.00120500,34.58000000
2018-02-25 08:22:17,0.00120520,26.12000000
2018-02-25 08:22:17,0.00120530,173.88000000
2018-02-25 08:22:18,0.00120500,100.00000000
2018-02-25 08:22:20,0.00120530,9.19000000
2018-02-25 08:22:21,0.00120500,1.00000000
2018-02-25 08:22:22,0.00120500,65.89000000
2018-02-25 08:22:22,0.00120530,10.16000000
2018-02-25 08:22:22,0.00120530,7.58000000
2018-02-25 08:22:22,0.00120530,6.04000000
2018-02-25 08:22:22,0.00120540,14.41000000
2018-02-25 08:22:23,0.00120540,24.88000000
2018-02-25 08:22:23,0.00120540,43.64000000
2018-02-25 08:22:23,0.00120530,49.94000000
2018-02-25 08:22:24,0.00120520,40.79000000
2018-02-25 08:22:25,0.00120520,42.14000000
2018-02-25 08:22:25,0.00120530,48.40000000
2018-02-25 08:22:29,0.00120500,54.07000000
2018-02-25 08:22:30,0.00120500,109.42000000
2018-02-25 08:22:31,0.00120510,171.52000000
2018-02-25 08:22:32,0.00120500,132.82000000
2018-02-25 08:22:33,0.00120500,34.12000000
2018-02-25 08:22:33,0.00120490,32.03000000
2018-02-25 08:22:34,0.00120530,11.83000000
2018-02-25 08:22:36,0.00120490,1.68000000
2018-02-25 08:22:36,0.00120530,5.79000000
2018-02-25 08:22:37,0.00120490,1.90000000
2018-02-25 08:22:37,0.00120490,21.35000000
2018-02-25 08:22:40,0.00120490,0.02000000
2018-02-25 08:22:40,0.00120500,9.99000000
2018-02-25 08:22:42,0.00120530,139.66000000
2018-02-25 08:22:42,0.00120700,1.00000000
2018-02-25 08:22:42,0.00120770,6.37000000
2018-02-25 08:22:42,0.00120770,71.79000000
2018-02-25 08:22:42,0.00120770,8.14000000
2018-02-25 08:22:45,0.00120750,100.00000000
2018-02-25 08:22:47,0.00120630,5.94000000
2018-02-25 08:22:48,0.00120620,1.55000000
2018-02-25 08:22:48,0.00120620,4.39000000
2018-02-25 08:22:48,0.00120630,5.94000000
2018-02-25 08:22:52,0.00120530,5.75000000
2018-02-25 08:22:53,0.00120740,5.22000000
2018-02-25 08:22:53,0.00120750,65.37000000
2018-02-25 08:22:53,0.00120760,5.76000000
2018-02-25 08:22:53,0.00120760,22.50000000
2018-02-25 08:22:55,0.00120530,8.62000000
2018-02-25 08:23:02,0.00120750,201.95000000
2018-02-25 08:23:02,0.00120760,8.73000000
2018-02-25 08:23:02,0.00120770,60.51000000
2018-02-25 08:23:03,0.00120780,186.92000000
2018-02-25 08:23:03,0.00120770,24.84000000
2018-02-25 08:23:04,0.00120770,115.07000000
2018-02-25 08:23:05,0.00120770,24.84000000
2018-02-25 08:23:05,0.00120770,24.84000000
2018-02-25 08:23:05,0.00120770,24.84000000
2018-02-25 08:23:05,0.00120770,6.86000000
2018-02-25 08:23:05,0.00120540,13.00000000
2018-02-25 08:23:06,0.00120770,1.00000000
2018-02-25 08:23:09,0.00120530,23.92000000
2018-02-25 08:23:09,0.00120760,13.00000000
2018-02-25 08:23:09,0.00120770,799.51000000
2018-02-25 08:23:11,0.00120740,80.50000000
2018-02-25 08:23:12,0.00120740,12.84000000
2018-02-25 08:23:12,0.00120740,106.66000000
2018-02-25 08:23:12,0.00120760,13.06000000
2018-02-25 08:23:13,0.00120770,1.68000000
2018-02-25 08:23:13,0.00120770,16.96000000
2018-02-25 08:23:14,0.00120770,192.17000000
2018-02-25 08:23:14,0.00120740,119.50000000
2018-02-25 08:23:14,0.00120530,18.49000000
2018-02-25 08:23:14,0.00120510,0.24000000
2018-02-25 08:23:14,0.00120500,31.77000000
2018-02-25 08:23:16,0.00120510,10.00000000
2018-02-25 08:23:17,0.00120530,15.00000000
2018-02-25 08:23:17,0.00120770,163.94000000
2018-02-25 08:23:19,0.00120530,5.00000000
2018-02-25 08:23:19,0.00120530,1.84000000
2018-02-25 08:23:19,0.00120640,2.00000000
2018-02-25 08:23:19,0.00120640,17.95000000
2018-02-25 08:23:19,0.00120640,2.00000000
2018-02-25 08:23:21,0.00120500,54.75000000
2018-02-25 08:23:21,0.00120490,41.60000000
2018-02-25 08:23:21,0.00120490,3.56000000
2018-02-25 08:23:23,0.00120630,29.84000000
2018-02-25 08:23:23,0.00120760,3.20000000
2018-02-25 08:23:25,0.00120500,82.98000000
2018-02-25 08:23:25,0.00120750,12.81000000
2018-02-25 08:23:25,0.00120490,24.75000000
2018-02-25 08:23:27,0.00120500,6.12000000
2018-02-25 08:23:27,0.00120550,2.46000000
2018-02-25 08:23:27,0.00120630,2.07000000
2018-02-25 08:23:29,0.00120630,0.43000000
2018-02-25 08:23:32,0.00120630,2.29000000
2018-02-25 08:23:32,0.00120630,2.02000000
2018-02-25 08:23:35,0.00120580,63.36000000
2018-02-25 08:23:35,0.00120590,139.31000000
2018-02-25 08:23:36,0.00120560,5.00000000
2018-02-25 08:23:38,0.00120590,63.36000000
2018-02-25 08:23:39,0.00120560,164.61000000
2018-02-25 08:23:39,0.00120550,97.83000000
2018-02-25 08:23:39,0.00120500,15.53000000
2018-02-25 08:23:39,0.00120490,53.53000000
2018-02-25 08:23:39,0.00120460,83.49000000
2018-02-25 08:23:45,0.00120560,32.49000000
2018-02-25 08:23:49,0.00120560,257.71000000
2018-02-25 08:23:52,0.00120520,35.70000000
2018-02-25 08:23:56,0.00120560,3.24000000
2018-02-25 08:23:57,0.00120520,1.75000000
2018-02-25 08:23:59,0.00120520,14.22000000
2018-02-25 08:23:59,0.00120560,11.22000000
2018-02-25 08:24:00,0.00120560,215.36000000
2018-02-25 08:24:03,0.00120560,2.76000000
2018-02-25 08:24:04,0.00120570,90.74000000
2018-02-25 08:24:04,0.00120560,67.73000000
2018-02-25 08:24:04,0.00120520,127.27000000
2018-02-25 08:24:04,0.00120500,8.68000000
2018-02-25 08:24:04,0.00120490,30.58000000
2018-02-25 08:24:04,0.00120640,0.83000000
2018-02-25 08:24:04,0.00120560,45.54000000
2018-02-25 08:24:11,0.00120590,218.42000000
2018-02-25 08:24:15,0.00120620,17.88000000
2018-02-25 08:24:15,0.00120560,6.75000000
2018-02-25 08:24:19,0.00120560,21.84000000
2018-02-25 08:24:20,0.00120560,48.21000000
2018-02-25 08:24:20,0.00120500,107.26000000
2018-02-25 08:24:21,0.00120490,112.31000000
2018-02-25 08:24:21,0.00120470,5.14000000
2018-02-25 08:24:21,0.00120460,76.14000000
2018-02-25 08:24:21,0.00120460,66.44000000
2018-02-25 08:24:23,0.00120470,51.45000000
2018-02-25 08:24:26,0.00120460,67.05000000
2018-02-25 08:24:26,0.00120460,90.13000000
2018-02-25 08:24:27,0.00120400,9.87000000
2018-02-25 08:24:27,0.00120500,181.52000000
2018-02-25 08:24:27,0.00120350,2.07000000
2018-02-25 08:24:30,0.00120490,253.66000000
2018-02-25 08:24:30,0.00120500,320.66000000
2018-02-25 08:24:32,0.00120500,410.09000000
2018-02-25 08:24:35,0.00120500,34.09000000
2018-02-25 08:24:35,0.00120500,20.00000000
2018-02-25 08:24:35,0.00120500,290.86000000
2018-02-25 08:24:35,0.00120500,60.43000000
2018-02-25 08:24:36,0.00120500,163.25000000
2018-02-25 08:24:41,0.00120640,10.11000000
2018-02-25 08:24:42,0.00120500,565.13000000
2018-02-25 08:24:42,0.00120500,130.97000000
2018-02-25 08:24:42,0.00120560,103.20000000
2018-02-25 08:24:42,0.00120560,93.50000000
2018-02-25 08:24:44,0.00120500,10.99000000
2018-02-25 08:24:45,0.00120560,37.47000000
2018-02-25 08:24:45,0.00120640,15.37000000
2018-02-25 08:24:46,0.00120700,2.00000000
2018-02-25 08:24:49,0.00120700,56.65000000
2018-02-25 08:24:51,0.00120640,1.47000000
2018-02-25 08:24:53,0.00120640,1.54000000
2018-02-25 08:24:54,0.00120640,1.74000000
2018-02-25 08:24:54,0.00120700,2.36000000
2018-02-25 08:24:59,0.00120690,26.03000000
2018-02-25 08:25:02,0.00120570,67.20000000
2018-02-25 08:25:02,0.00120690,1.74000000
2018-02-25 08:25:03,0.00120690,71.31000000
2018-02-25 08:25:05,0.00120640,25.00000000
2018-02-25 08:25:05,0.00120640,55.97000000
2018-02-25 08:25:05,0.00120690,40.01000000
2018-02-25 08:25:09,0.00120700,21.91000000
2018-02-25 08:25:09,0.00120700,2.07000000
2018-02-25 08:25:10,0.00120690,1.26000000
2018-02-25 08:25:11,0.00120690,10.99000000
2018-02-25 08:25:11,0.00120700,0.83000000
2018-02-25 08:25:15,0.00120700,1.22000000
2018-02-25 08:25:15,0.00120700,163.25000000
2018-02-25 08:25:16,0.00120700,0.97000000
2018-02-25 08:25:21,0.00120730,249.93000000
2018-02-25 08:25:22,0.00120700,24.97000000
2018-02-25 08:25:23,0.00120770,4.16000000
2018-02-25 08:25:27,0.00120770,29.63000000
2018-02-25 08:25:27,0.00120800,1.67000000
2018-02-25 08:25:27,0.00120900,80.77000000
2018-02-25 08:25:27,0.00120980,42.33000000
2018-02-25 08:25:27,0.00120990,11.83000000
2018-02-25 08:25:27,0.00121000,474.92000000
2018-02-25 08:25:27,0.00121000,20.00000000
2018-02-25 08:25:27,0.00121000,205.87000000
2018-02-25 08:25:27,0.00121000,113.70000000
2018-02-25 08:25:32,0.00121100,1.42000000
2018-02-25 08:25:36,0.00121130,380.93000000
2018-02-25 08:25:40,0.00121180,29.97000000
2018-02-25 08:25:47,0.00121230,26.57000000
2018-02-25 08:25:47,0.00121240,2.00000000
2018-02-25 08:25:47,0.00121360,12.44000000
2018-02-25 08:25:47,0.00121370,118.83000000
2018-02-25 08:25:47,0.00121400,77.29000000
2018-02-25 08:25:47,0.00121500,127.25000000
2018-02-25 08:25:47,0.00121500,3.16000000
2018-02-25 08:25:48,0.00121190,4.21000000
2018-02-25 08:25:49,0.00121230,8.39000000
2018-02-25 08:25:51,0.00121390,921.28000000
2018-02-25 08:25:53,0.00121300,2.09000000
2018-02-25 08:25:55,0.00121300,6.69000000
2018-02-25 08:25:55,0.00121300,73.92000000
2018-02-25 08:25:55,0.00121280,0.83000000
2018-02-25 08:25:55,0.00121260,1.44000000
2018-02-25 08:25:56,0.00121270,1.00000000
2018-02-25 08:25:56,0.00121260,15.05000000
2018-02-25 08:25:57,0.00121290,12.60000000
2018-02-25 08:25:57,0.00121300,188.53000000
2018-02-25 08:25:57,0.00121200,150.26000000
2018-02-25 08:25:57,0.00121190,70.84000000
2018-02-25 08:25:58,0.00121250,29.32000000
2018-02-25 08:25:58,0.00121250,108.85000000
2018-02-25 08:26:00,0.00121250,2.06000000
2018-02-25 08:26:01,0.00121250,0.26000000
2018-02-25 08:26:01,0.00121030,37.00000000
2018-02-25 08:26:01,0.00121020,80.00000000
2018-02-25 08:26:01,0.00121000,2879.47000000
2018-02-25 08:26:01,0.00121000,1.00000000
2018-02-25 08:26:01,0.00121000,0.99000000
2018-02-25 08:26:01,0.00121000,1.00000000
2018-02-25 08:26:01,0.00121000,1.00000000
2018-02-25 08:26:01,0.00121000,4.74000000
2018-02-25 08:26:01,0.00121000,4.74000000
2018-02-25 08:26:01,0.00121000,3.95000000
2018-02-25 08:26:01,0.00120830,1.00000000
2018-02-25 08:26:01,0.00121000,4.73000000
2018-02-25 08:26:01,0.00121000,5.26000000
2018-02-25 08:26:01,0.00121000,9.56000000
2018-02-25 08:26:01,0.00121000,4.74000000
2018-02-25 08:26:01,0.00120830,2.00000000
2018-02-25 08:26:01,0.00120730,3.64000000
2018-02-25 08:26:04,0.00120760,21.58000000
2018-02-25 08:26:06,0.00120850,427.51000000
2018-02-25 08:26:10,0.00120730,7.07000000
2018-02-25 08:26:10,0.00120710,37.01000000
2018-02-25 08:26:10,0.00120690,21.58000000
2018-02-25 08:26:10,0.00120700,13.22000000
2018-02-25 08:26:11,0.00120690,12.42000000
2018-02-25 08:26:13,0.00120490,9.09000000
2018-02-25 08:26:13,0.00120470,3.77000000
2018-02-25 08:26:13,0.00120470,12.24000000
2018-02-25 08:26:14,0.00120500,588.34000000
2018-02-25 08:26:17,0.00120690,15.00000000
2018-02-25 08:26:18,0.00120590,967.86000000
2018-02-25 08:26:22,0.00120520,4.14000000
2018-02-25 08:26:22,0.00120510,155.25000000
2018-02-25 08:26:22,0.00120510,19.46000000
2018-02-25 08:26:22,0.00120510,11.37000000
2018-02-25 08:26:22,0.00120570,65.47000000
2018-02-25 08:26:23,0.00120520,4.14000000
2018-02-25 08:26:23,0.00120500,123.68000000
2018-02-25 08:26:25,0.00120570,448.86000000
2018-02-25 08:26:25,0.00120570,3.86000000
2018-02-25 08:26:28,0.00120570,4.02000000
2018-02-25 08:26:28,0.00120520,1.08000000
2018-02-25 08:26:28,0.00120500,33.30000000
2018-02-25 08:26:31,0.00120510,4.14000000
2018-02-25 08:26:31,0.00120500,508.93000000
2018-02-25 08:26:33,0.00120570,115.33000000
2018-02-25 08:26:34,0.00120530,7.32000000
2018-02-25 08:26:36,0.00120540,474.09000000
2018-02-25 08:26:36,0.00120570,11.00000000
2018-02-25 08:26:36,0.00120570,204.63000000
2018-02-25 08:26:37,0.00120530,19.84000000
2018-02-25 08:26:38,0.00120570,173.01000000
2018-02-25 08:26:38,0.00120680,6.63000000
2018-02-25 08:26:38,0.00120690,198.00000000
2018-02-25 08:26:38,0.00120980,25.72000000
2018-02-25 08:26:38,0.00121000,503.37000000
2018-02-25 08:26:46,0.00120700,9.10000000
2018-02-25 08:26:46,0.00120980,2.75000000
2018-02-25 08:26:51,0.00120740,17.52000000
2018-02-25 08:26:52,0.00120740,56.31000000
2018-02-25 08:26:52,0.00120730,16.56000000
2018-02-25 08:26:52,0.00120700,92.98000000
2018-02-25 08:26:54,0.00120710,6.98000000
2018-02-25 08:26:54,0.00120710,1.40000000
2018-02-25 08:26:54,0.00120820,82.93000000
2018-02-25 08:26:54,0.00120830,931.51000000
2018-02-25 08:26:55,0.00120800,14.09000000
2018-02-25 08:26:56,0.00120800,3.01000000
2018-02-25 08:26:57,0.00120800,3.77000000
2018-02-25 08:26:58,0.00120800,9.09000000
2018-02-25 08:26:58,0.00120800,9.04000000
2018-02-25 08:26:59,0.00120830,82.93000000
2018-02-25 08:26:59,0.00120950,9.28000000
2018-02-25 08:26:59,0.00120960,8.61000000
2018-02-25 08:26:59,0.00120980,75.14000000
2018-02-25 08:26:59,0.00120800,2.98000000
2018-02-25 08:27:02,0.00120800,59.33000000
2018-02-25 08:27:02,0.00120980,125.72000000
2018-02-25 08:27:02,0.00121000,103.05000000
2018-02-25 08:27:02,0.00121040,24.94000000
2018-02-25 08:27:02,0.00121140,26.29000000
2018-02-25 08:27:11,0.00121010,520.67000000
2018-02-25 08:27:14,0.00120900,82.70000000
2018-02-25 08:27:14,0.00120890,16.54000000
2018-02-25 08:27:14,0.00120800,0.94000000
2018-02-25 08:27:16,0.00120810,3.90000000
2018-02-25 08:27:20,0.00120910,10.24000000
2018-02-25 08:27:25,0.00120970,82.70000000
2018-02-25 08:27:25,0.00121000,26.82000000
2018-02-25 08:27:25,0.00121120,16.54000000
