DATE,PRICE,VOLUME
2018-03-01 14:00:00,0.00152270,43.96000000
2018-03-01 14:00:00,0.00152300,256.04000000
2018-03-01 14:00:00,0.00152300,91.60000000
2018-03-01 14:00:00,0.00152330,8.34000000
2018-03-01 14:00:01,0.00152370,0.01000000
2018-03-01 14:00:01,0.00152300,14.75000000
2018-03-01 14:00:01,0.00152300,47.20000000
2018-03-01 14:00:01,0.00152300,141.53000000
2018-03-01 14:00:02,0.00152300,2.07000000
2018-03-01 14:00:02,0.00152370,2.37000000
2018-03-01 14:00:02,0.00152380,4.59000000
2018-03-01 14:00:02,0.00152390,68.81000000
2018-03-01 14:00:02,0.00152400,145.97000000
2018-03-01 14:00:02,0.00152400,5.05000000
2018-03-01 14:00:02,0.00152400,0.01000000
2018-03-01 14:00:03,0.00152410,1.52000000
2018-03-01 14:00:03,0.00152400,68.92000000
2018-03-01 14:00:04,0.00152330,0.01000000
2018-03-01 14:00:05,0.00152300,1.33000000
2018-03-01 14:00:06,0.00152330,14.12000000
2018-03-01 14:00:08,0.00152330,50.00000000
2018-03-01 14:00:08,0.00152330,866.95000000
2018-03-01 14:00:08,0.00152410,128.66000000
2018-03-01 14:00:08,0.00152400,1.92000000
2018-03-01 14:00:09,0.00152400,1.45000000
2018-03-01 14:00:09,0.00152400,1.67000000
2018-03-01 14:00:09,0.00152400,3.74000000
2018-03-01 14:00:09,0.00152400,0.01000000
2018-03-01 14:00:09,0.00152400,104.83000000
2018-03-01 14:00:09,0.00152330,193.52000000
2018-03-01 14:00:09,0.00152300,2.72000000
2018-03-01 14:00:10,0.00152300,255.22000000
2018-03-01 14:00:10,0.00152270,1.69000000
2018-03-01 14:00:10,0.00152270,1.39000000
2018-03-01 14:00:10,0.00152170,0.30000000
2018-03-01 14:00:10,0.00152400,0.01000000
2018-03-01 14:00:10,0.00152400,14.74000000
2018-03-01 14:00:10,0.00152410,73.60000000
2018-03-01 14:00:10,0.00152170,5.03000000
2018-03-01 14:00:11,0.00152330,216.01000000
2018-03-01 14:00:11,0.00152170,49.73000000
2018-03-01 14:00:11,0.00152160,268.76000000
2018-03-01 14:00:11,0.00152410,0.23000000
2018-03-01 14:00:12,0.00152400,55.06000000
2018-03-01 14:00:12,0.00152400,1.69000000
2018-03-01 14:00:12,0.00152400,110.86000000
2018-03-01 14:00:13,0.00152400,3.41000000
2018-03-01 14:00:13,0.00152160,1.59000000
2018-03-01 14:00:13,0.00152410,56.04000000
2018-03-01 14:00:14,0.00152170,23.52000000
2018-03-01 14:00:14,0.00152170,1.99000000
2018-03-01 14:00:14,0.00152270,6.60000000
2018-03-01 14:00:14,0.00152390,12.09000000
2018-03-01 14:00:14,0.00152390,16.08000000
2018-03-01 14:00:15,0.00152390,18.67000000
2018-03-01 14:00:15,0.00152160,3.30000000
2018-03-01 14:00:15,0.00152170,1.36000000
2018-03-01 14:00:16,0.00152160,1.66000000
2018-03-01 14:00:16,0.00152390,1.87000000
2018-03-01 14:00:16,0.00152390,280.77000000
2018-03-01 14:00:16,0.00152400,1008.71000000
2018-03-01 14:00:16,0.00152410,1360.52000000
2018-03-01 14:00:16,0.00152410,629.39000000
2018-03-01 14:00:16,0.00152160,5.03000000
2018-03-01 14:00:17,0.00152160,17.89000000
2018-03-01 14:00:17,0.00152160,3.39000000
2018-03-01 14:00:17,0.00152410,9.84000000
2018-03-01 14:00:17,0.00152160,388.96000000
2018-03-01 14:00:17,0.00152160,7.28000000
2018-03-01 14:00:17,0.00152410,1.82000000
2018-03-01 14:00:18,0.00152170,54.73000000
2018-03-01 14:00:18,0.00152160,49.49000000
2018-03-01 14:00:18,0.00152160,4.62000000
2018-03-01 14:00:18,0.00152160,0.80000000
2018-03-01 14:00:19,0.00152410,26.80000000
2018-03-01 14:00:19,0.00152400,54.73000000
2018-03-01 14:00:19,0.00152410,797.21000000
2018-03-01 14:00:19,0.00152170,6.05000000
2018-03-01 14:00:19,0.00152410,9.52000000
2018-03-01 14:00:19,0.00152170,2.00000000
2018-03-01 14:00:20,0.00152160,3.26000000
2018-03-01 14:00:20,0.00152410,7.72000000
2018-03-01 14:00:20,0.00152160,6.67000000
2018-03-01 14:00:21,0.00152400,6.91000000
2018-03-01 14:00:21,0.00152170,2.95000000
2018-03-01 14:00:21,0.00152400,31.56000000
2018-03-01 14:00:21,0.00152400,1.40000000
2018-03-01 14:00:22,0.00152400,2.20000000
2018-03-01 14:00:22,0.00152410,24.06000000
2018-03-01 14:00:22,0.00152410,1.44000000
2018-03-01 14:00:22,0.00152350,0.14000000
2018-03-01 14:00:24,0.00152350,44.64000000
2018-03-01 14:00:24,0.00152400,2.95000000
2018-03-01 14:00:24,0.00152410,6.80000000
2018-03-01 14:00:24,0.00152460,232.23000000
2018-03-01 14:00:24,0.00152400,1.06000000
2018-03-01 14:00:25,0.00152420,50.02000000
2018-03-01 14:00:26,0.00152400,87.67000000
2018-03-01 14:00:26,0.00152400,0.99000000
2018-03-01 14:00:27,0.00152400,39.03000000
2018-03-01 14:00:28,0.00152400,5.29000000
2018-03-01 14:00:28,0.00152410,6.05000000
2018-03-01 14:00:28,0.00152460,76.34000000
2018-03-01 14:00:29,0.00152400,6.62000000
2018-03-01 14:00:29,0.00152460,27.36000000
2018-03-01 14:00:29,0.00152400,156.43000000
2018-03-01 14:00:29,0.00152400,78.75000000
2018-03-01 14:00:30,0.00152400,4.44000000
2018-03-01 14:00:31,0.00152400,1.65000000
2018-03-01 14:00:31,0.00152400,1.06000000
2018-03-01 14:00:31,0.00152400,1.06000000
2018-03-01 14:00:31,0.00152460,38.38000000
2018-03-01 14:00:32,0.00152400,1.06000000
2018-03-01 14:00:32,0.00152400,38.35000000
2018-03-01 14:00:32,0.00152400,0.98000000
2018-03-01 14:00:32,0.00152350,0.12000000
2018-03-01 14:00:33,0.00152380,5.49000000
2018-03-01 14:00:33,0.00152400,0.12000000
2018-03-01 14:00:33,0.00152460,1558.07000000
2018-03-01 14:00:33,0.00152460,79.06000000
2018-03-01 14:00:33,0.00152400,49.50000000
2018-03-01 14:00:33,0.00152400,0.01000000
2018-03-01 14:00:35,0.00152400,66.21000000
2018-03-01 14:00:35,0.00152460,572.21000000
2018-03-01 14:00:36,0.00152400,1.36000000
2018-03-01 14:00:36,0.00152460,81.65000000
2018-03-01 14:00:36,0.00152400,32.72000000
2018-03-01 14:00:36,0.00152460,8.77000000
2018-03-01 14:00:36,0.00152400,6.00000000
2018-03-01 14:00:36,0.00152400,1.06000000
2018-03-01 14:00:36,0.00152460,91.67000000
2018-03-01 14:00:37,0.00152460,326.42000000
2018-03-01 14:00:37,0.00152460,125.20000000
2018-03-01 14:00:37,0.00152400,1.06000000
2018-03-01 14:00:37,0.00152460,53.33000000
2018-03-01 14:00:37,0.00152400,1.33000000
2018-03-01 14:00:37,0.00152400,1.19000000
2018-03-01 14:00:37,0.00152460,109.08000000
2018-03-01 14:00:38,0.00152460,30.00000000
2018-03-01 14:00:39,0.00152460,15.43000000
2018-03-01 14:00:39,0.00152420,130.00000000
2018-03-01 14:00:39,0.00152420,254.79000000
2018-03-01 14:00:39,0.00152460,94.52000000
2018-03-01 14:00:39,0.00152480,38.83000000
2018-03-01 14:00:39,0.00152490,1.00000000
2018-03-01 14:00:39,0.00152500,299.65000000
2018-03-01 14:00:39,0.00152500,120.28000000
2018-03-01 14:00:39,0.00152500,31.17000000
2018-03-01 14:00:40,0.00152500,203.98000000
2018-03-01 14:00:41,0.00152460,6.17000000
2018-03-01 14:00:42,0.00152460,19.57000000
2018-03-01 14:00:42,0.00152460,30.00000000
2018-03-01 14:00:42,0.00152500,89.61000000
2018-03-01 14:00:42,0.00152460,2.25000000
2018-03-01 14:00:42,0.00152460,24.82000000
2018-03-01 14:00:43,0.00152500,251.19000000
2018-03-01 14:00:43,0.00152500,4.54000000
2018-03-01 14:00:45,0.00152530,7.40000000
2018-03-01 14:00:45,0.00152550,6.70000000
2018-03-01 14:00:45,0.00152560,3.00000000
2018-03-01 14:00:45,0.00152590,14.75000000
2018-03-01 14:00:45,0.00152600,3.35000000
2018-03-01 14:00:45,0.00152610,4.77000000
2018-03-01 14:00:46,0.00152590,1.47000000
2018-03-01 14:00:46,0.00152640,11.96000000
2018-03-01 14:00:46,0.00152590,1.63000000
2018-03-01 14:00:46,0.00152590,50.00000000
2018-03-01 14:00:47,0.00152590,12.97000000
2018-03-01 14:00:49,0.00152590,0.01000000
2018-03-01 14:00:50,0.00152590,10.40000000
2018-03-01 14:00:50,0.00152640,0.01000000
2018-03-01 14:00:51,0.00152640,3.03000000
2018-03-01 14:00:51,0.00152640,24.60000000
2018-03-01 14:00:52,0.00152650,11.59000000
2018-03-01 14:00:53,0.00152650,9.17000000
2018-03-01 14:00:53,0.00152660,1.07000000
2018-03-01 14:00:53,0.00152640,0.92000000
2018-03-01 14:00:53,0.00152640,2.68000000
2018-03-01 14:00:54,0.00152660,0.06000000
2018-03-01 14:00:54,0.00152690,4.32000000
2018-03-01 14:00:54,0.00152700,223.62000000
2018-03-01 14:00:54,0.00152720,3.23000000
2018-03-01 14:00:55,0.00152640,125.85000000
2018-03-01 14:00:56,0.00152640,90.38000000
2018-03-01 14:00:56,0.00152640,3.32000000
2018-03-01 14:00:56,0.00152650,2.75000000
2018-03-01 14:00:58,0.00152710,1.62000000
2018-03-01 14:00:58,0.00152710,46.88000000
2018-03-01 14:00:58,0.00152710,101.99000000
2018-03-01 14:00:58,0.00152710,1.16000000
2018-03-01 14:00:58,0.00152710,1.05000000
2018-03-01 14:00:58,0.00152710,1.05000000
2018-03-01 14:00:58,0.00152710,5.11000000
2018-03-01 14:00:59,0.00152710,78.59000000
2018-03-01 14:00:59,0.00152710,59.78000000
2018-03-01 14:00:59,0.00152710,0.02000000
2018-03-01 14:00:59,0.00152700,526.85000000
2018-03-01 14:00:59,0.00152650,253.80000000
2018-03-01 14:00:59,0.00152640,92.79000000
2018-03-01 14:00:59,0.00152600,742.40000000
2018-03-01 14:00:59,0.00152590,171.87000000
2018-03-01 14:01:00,0.00152500,1.00000000
2018-03-01 14:01:00,0.00152720,26.77000000
2018-03-01 14:01:00,0.00152730,9.38000000
2018-03-01 14:01:00,0.00152750,2.88000000
2018-03-01 14:01:00,0.00152760,4.99000000
2018-03-01 14:01:00,0.00152800,37.89000000
2018-03-01 14:01:01,0.00152800,1.83000000
2018-03-01 14:01:01,0.00152810,69.26000000
2018-03-01 14:01:01,0.00152810,12.32000000
2018-03-01 14:01:01,0.00152810,40.76000000
2018-03-01 14:01:02,0.00152720,8.50000000
2018-03-01 14:01:02,0.00152830,0.70000000
2018-03-01 14:01:02,0.00152850,5.07000000
2018-03-01 14:01:02,0.00152890,8.88000000
2018-03-01 14:01:02,0.00152720,34.72000000
2018-03-01 14:01:02,0.00152710,168.92000000
2018-03-01 14:01:03,0.00152600,0.01000000
2018-03-01 14:01:03,0.00152600,57.41000000
2018-03-01 14:01:03,0.00152600,40.87000000
2018-03-01 14:01:03,0.00152590,9.13000000
2018-03-01 14:01:03,0.00152590,23.72000000
2018-03-01 14:01:04,0.00152880,0.01000000
2018-03-01 14:01:05,0.00152600,2.12000000
2018-03-01 14:01:05,0.00152590,12.54000000
2018-03-01 14:01:05,0.00152880,2.99000000
2018-03-01 14:01:05,0.00152890,5.52000000
2018-03-01 14:01:06,0.00152890,1.52000000
2018-03-01 14:01:07,0.00152640,1.02000000
2018-03-01 14:01:07,0.00152600,3.29000000
2018-03-01 14:01:07,0.00152880,0.05000000
2018-03-01 14:01:08,0.00152610,6.03000000
2018-03-01 14:01:08,0.00152600,0.45000000
2018-03-01 14:01:08,0.00152880,45.44000000
2018-03-01 14:01:08,0.00152600,50.13000000
2018-03-01 14:01:08,0.00152570,19.66000000
2018-03-01 14:01:08,0.00152540,54.76000000
2018-03-01 14:01:08,0.00152510,3.00000000
2018-03-01 14:01:08,0.00152500,160.07000000
2018-03-01 14:01:09,0.00152520,0.49000000
2018-03-01 14:01:09,0.00152680,2.32000000
2018-03-01 14:01:09,0.00152680,411.33000000
2018-03-01 14:01:10,0.00152600,0.49000000
2018-03-01 14:01:11,0.00152600,1.98000000
2018-03-01 14:01:11,0.00152600,14.27000000
2018-03-01 14:01:11,0.00152600,100.64000000
2018-03-01 14:01:12,0.00152590,9.05000000
2018-03-01 14:01:12,0.00152500,174.26000000
2018-03-01 14:01:12,0.00152590,2.43000000
2018-03-01 14:01:13,0.00152500,410.93000000
2018-03-01 14:01:14,0.00152590,2.69000000
2018-03-01 14:01:14,0.00152500,108.97000000
2018-03-01 14:01:15,0.00152500,326.42000000
2018-03-01 14:01:15,0.00152500,85.96000000
2018-03-01 14:01:15,0.00152590,40.59000000
2018-03-01 14:01:15,0.00152600,18.64000000
2018-03-01 14:01:15,0.00152420,130.00000000
2018-03-01 14:01:15,0.00152400,548.41000000
2018-03-01 14:01:15,0.00152400,1.16000000
2018-03-01 14:01:15,0.00152400,19.19000000
2018-03-01 14:01:16,0.00152400,1.24000000
2018-03-01 14:01:16,0.00152400,20.76000000
2018-03-01 14:01:16,0.00152400,12.49000000
2018-03-01 14:01:17,0.00152400,2.62000000
2018-03-01 14:01:17,0.00152260,1.99000000
2018-03-01 14:01:17,0.00152260,0.80000000
2018-03-01 14:01:17,0.00152400,20.34000000
2018-03-01 14:01:17,0.00152400,20.37000000
2018-03-01 14:01:17,0.00152260,0.73000000
2018-03-01 14:01:17,0.00152260,3.61000000
2018-03-01 14:01:17,0.00152170,0.99000000
2018-03-01 14:01:17,0.00152160,4.15000000
2018-03-01 14:01:17,0.00152130,3.40000000
2018-03-01 14:01:17,0.00152120,54.73000000
2018-03-01 14:01:17,0.00152110,33.02000000
2018-03-01 14:01:17,0.00152110,156.37000000
2018-03-01 14:01:17,0.00152400,6.54000000
2018-03-01 14:01:17,0.00152400,26.24000000
2018-03-01 14:01:17,0.00152400,6.54000000
2018-03-01 14:01:17,0.00152400,61.26000000
2018-03-01 14:01:17,0.00152270,3.11000000
2018-03-01 14:01:18,0.00152390,11.92000000
2018-03-01 14:01:18,0.00152110,4.81000000
2018-03-01 14:01:18,0.00152110,8.77000000
2018-03-01 14:01:18,0.00152110,3.30000000
2018-03-01 14:01:19,0.00152120,1.47000000
2018-03-01 14:01:19,0.00152120,2.55000000
2018-03-01 14:01:19,0.00152120,1.47000000
2018-03-01 14:01:19,0.00152120,1.66000000
2018-03-01 14:01:19,0.00152110,1.70000000
2018-03-01 14:01:19,0.00152130,1.00000000
2018-03-01 14:01:19,0.00152130,2.28000000
2018-03-01 14:01:19,0.00152110,9.31000000
2018-03-01 14:01:20,0.00152110,3.30000000
2018-03-01 14:01:20,0.00152110,6.08000000
2018-03-01 14:01:20,0.00152110,3.32000000
2018-03-01 14:01:20,0.00152110,0.99000000
2018-03-01 14:01:20,0.00152300,30.00000000
2018-03-01 14:01:20,0.00152300,90.74000000
2018-03-01 14:01:20,0.00152110,6.62000000
2018-03-01 14:01:21,0.00152110,10.92000000
2018-03-01 14:01:21,0.00152290,10.00000000
2018-03-01 14:01:21,0.00152110,2.02000000
2018-03-01 14:01:21,0.00152110,2.67000000
2018-03-01 14:01:21,0.00152290,1.03000000
2018-03-01 14:01:21,0.00152290,31.78000000
2018-03-01 14:01:21,0.00152300,43.22000000
2018-03-01 14:01:21,0.00152110,156.46000000
2018-03-01 14:01:22,0.00152110,1.67000000
2018-03-01 14:01:22,0.00152110,3.99000000
2018-03-01 14:01:22,0.00152110,88.94000000
2018-03-01 14:01:22,0.00152100,31.92000000
2018-03-01 14:01:22,0.00152010,1.97000000
2018-03-01 14:01:22,0.00152000,201.74000000
2018-03-01 14:01:22,0.00152000,21.93000000
2018-03-01 14:01:22,0.00152290,7.15000000
2018-03-01 14:01:22,0.00152300,26.20000000
2018-03-01 14:01:23,0.00152110,2.00000000
2018-03-01 14:01:23,0.00152110,1.33000000
2018-03-01 14:01:23,0.00152000,64.16000000
2018-03-01 14:01:23,0.00152010,65.76000000
2018-03-01 14:01:23,0.00152000,234.24000000
2018-03-01 14:01:23,0.00152300,82.16000000
2018-03-01 14:01:23,0.00152010,0.99000000
2018-03-01 14:01:25,0.00152020,9.06000000
2018-03-01 14:01:26,0.00152020,45.71000000
2018-03-01 14:01:26,0.00152010,7.87000000
2018-03-01 14:01:26,0.00152000,189.85000000
2018-03-01 14:01:26,0.00152110,1.66000000
2018-03-01 14:01:26,0.00152020,1.00000000
2018-03-01 14:01:27,0.00152010,63.86000000
2018-03-01 14:01:27,0.00152000,279.58000000
2018-03-01 14:01:27,0.00152090,14.85000000
2018-03-01 14:01:27,0.00152090,1.97000000
2018-03-01 14:01:27,0.00152090,90.92000000
2018-03-01 14:01:27,0.00152090,16.82000000
2018-03-01 14:01:27,0.00152000,14.43000000
2018-03-01 14:01:28,0.00151990,17.08000000
2018-03-01 14:01:28,0.00151880,4.75000000
2018-03-01 14:01:29,0.00151990,4.00000000
2018-03-01 14:01:29,0.00151890,0.73000000
2018-03-01 14:01:29,0.00151880,1.27000000
2018-03-01 14:01:29,0.00151880,45.67000000
2018-03-01 14:01:29,0.00151990,20.70000000
2018-03-01 14:01:29,0.00151880,3.21000000
2018-03-01 14:01:30,0.00151880,0.67000000
2018-03-01 14:01:31,0.00151880,4.67000000
2018-03-01 14:01:31,0.00151890,1.17000000
2018-03-01 14:01:31,0.00151880,1.37000000
2018-03-01 14:01:32,0.00151860,2.96000000
2018-03-01 14:01:32,0.00151880,7.27000000
2018-03-01 14:01:32,0.00151850,10.25000000
2018-03-01 14:01:32,0.00151850,16.80000000
2018-03-01 14:01:33,0.00151870,5.99000000
2018-03-01 14:01:33,0.00151900,146.13000000
2018-03-01 14:01:33,0.00151880,1.67000000
2018-03-01 14:01:33,0.00151900,3.07000000
2018-03-01 14:01:34,0.00151880,2.48000000
2018-03-01 14:01:34,0.00151880,3.36000000
2018-03-01 14:01:34,0.00151880,2.18000000
2018-03-01 14:01:34,0.00151880,3.66000000
2018-03-01 14:01:34,0.00151880,12.00000000
2018-03-01 14:01:35,0.00151880,1.00000000
2018-03-01 14:01:35,0.00151880,3.30000000
2018-03-01 14:01:35,0.00151880,1.81000000
2018-03-01 14:01:35,0.00151880,46.70000000
2018-03-01 14:01:35,0.00151850,66.43000000
2018-03-01 14:01:36,0.00151850,5.22000000
2018-03-01 14:01:36,0.00151850,34.17000000
2018-03-01 14:01:37,0.00151850,8.33000000
2018-03-01 14:01:37,0.00151880,16.00000000
2018-03-01 14:01:38,0.00151850,0.73000000
2018-03-01 14:01:38,0.00151850,1.06000000
2018-03-01 14:01:38,0.00151850,1.06000000
2018-03-01 14:01:40,0.00151850,1.41000000
2018-03-01 14:01:40,0.00151850,137.65000000
2018-03-01 14:01:40,0.00151850,92.28000000
2018-03-01 14:01:40,0.00151880,11.21000000
2018-03-01 14:01:40,0.00151820,8.00000000
2018-03-01 14:01:40,0.00151820,434.51000000
2018-03-01 14:01:40,0.00151780,60.47000000
2018-03-01 14:01:40,0.00151770,131.68000000
2018-03-01 14:01:41,0.00151640,1.32000000
2018-03-01 14:01:41,0.00151810,0.66000000
2018-03-01 14:01:42,0.00151810,2.74000000
2018-03-01 14:01:42,0.00151820,8.00000000
2018-03-01 14:01:42,0.00151880,10.11000000
2018-03-01 14:01:43,0.00151770,12.00000000
2018-03-01 14:01:44,0.00151850,0.81000000
2018-03-01 14:01:44,0.00151850,32.70000000
2018-03-01 14:01:45,0.00151850,5.91000000
2018-03-01 14:01:46,0.00151850,15.20000000
2018-03-01 14:01:46,0.00151850,1.48000000
2018-03-01 14:01:46,0.00151880,6.24000000
2018-03-01 14:01:46,0.00151880,21.91000000
2018-03-01 14:01:46,0.00151850,158.55000000
2018-03-01 14:01:46,0.00151850,0.81000000
2018-03-01 14:01:47,0.00151850,3.18000000
2018-03-01 14:01:48,0.00151850,12.73000000
2018-03-01 14:01:48,0.00151850,3.38000000
2018-03-01 14:01:49,0.00151850,3.16000000
2018-03-01 14:01:49,0.00151800,18.26000000
2018-03-01 14:01:49,0.00151770,0.48000000
2018-03-01 14:01:50,0.00151800,5.91000000
2018-03-01 14:01:50,0.00151880,39.69000000
2018-03-01 14:01:50,0.00151900,137.64000000
2018-03-01 14:01:51,0.00151900,15.70000000
2018-03-01 14:01:51,0.00151900,53.69000000
2018-03-01 14:01:52,0.00151900,21.31000000
2018-03-01 14:01:52,0.00151900,11.92000000
2018-03-01 14:01:52,0.00151900,12.11000000
2018-03-01 14:01:52,0.00152000,822.11000000
2018-03-01 14:01:52,0.00152000,1.11000000
2018-03-01 14:01:52,0.00152000,904.34000000
2018-03-01 14:01:52,0.00152010,2.35000000
2018-03-01 14:01:52,0.00152070,81.85000000
2018-03-01 14:01:52,0.00152000,2.90000000
2018-03-01 14:01:53,0.00152010,1.66000000
2018-03-01 14:01:53,0.00152010,1.47000000
2018-03-01 14:01:53,0.00152320,19.66000000
2018-03-01 14:01:53,0.00152330,10.97000000
2018-03-01 14:01:53,0.00152400,117.86000000
2018-03-01 14:01:53,0.00152010,1.00000000
2018-03-01 14:01:54,0.00152010,2.82000000
2018-03-01 14:01:54,0.00152020,1.86000000
2018-03-01 14:01:54,0.00152020,8.44000000
2018-03-01 14:01:54,0.00152000,4.78000000
2018-03-01 14:01:54,0.00152390,3.00000000
2018-03-01 14:01:54,0.00152400,22.00000000
2018-03-01 14:01:54,0.00152040,2.04000000
2018-03-01 14:01:55,0.00152050,1.84000000
2018-03-01 14:01:55,0.00152070,61.67000000
2018-03-01 14:01:55,0.00152060,19.72000000
2018-03-01 14:01:55,0.00152040,52.81000000
2018-03-01 14:01:55,0.00152000,185.86000000
2018-03-01 14:01:55,0.00152000,8.48000000
2018-03-01 14:01:56,0.00152000,6.72000000
2018-03-01 14:01:56,0.00152000,49.98000000
2018-03-01 14:01:56,0.00152010,1.54000000
2018-03-01 14:01:57,0.00152000,70.46000000
2018-03-01 14:01:59,0.00151900,7.49000000
2018-03-01 14:01:59,0.00151900,6.00000000
2018-03-01 14:01:59,0.00152000,321.49000000
2018-03-01 14:02:01,0.00152000,6.00000000
2018-03-01 14:02:02,0.00152000,58.25000000
2018-03-01 14:02:03,0.00152000,32.80000000
2018-03-01 14:02:03,0.00152010,12.09000000
2018-03-01 14:02:03,0.00152360,32.89000000
2018-03-01 14:02:04,0.00152030,43.72000000
2018-03-01 14:02:06,0.00152030,22.04000000
2018-03-01 14:02:06,0.00152010,25.12000000
2018-03-01 14:02:06,0.00152000,65.76000000
2018-03-01 14:02:07,0.00152010,24.65000000
2018-03-01 14:02:09,0.00152000,6.00000000
2018-03-01 14:02:09,0.00152000,1.52000000
2018-03-01 14:02:10,0.00152000,18.49000000
2018-03-01 14:02:10,0.00152000,0.61000000
2018-03-01 14:02:10,0.00152000,9.44000000
2018-03-01 14:02:11,0.00151920,0.66000000
2018-03-01 14:02:11,0.00151910,0.34000000
2018-03-01 14:02:11,0.00151950,470.73000000
2018-03-01 14:02:11,0.00152000,218.56000000
2018-03-01 14:02:11,0.00152000,109.81000000
2018-03-01 14:02:13,0.00152000,15.76000000
2018-03-01 14:02:13,0.00152000,2.83000000
2018-03-01 14:02:13,0.00152000,17.28000000
2018-03-01 14:02:13,0.00152010,3.55000000
2018-03-01 14:02:14,0.00151990,1.00000000
2018-03-01 14:02:14,0.00151990,43.89000000
2018-03-01 14:02:16,0.00152010,13.87000000
2018-03-01 14:02:16,0.00152000,5.00000000
2018-03-01 14:02:17,0.00152000,1.06000000
2018-03-01 14:02:18,0.00152010,10.40000000
2018-03-01 14:02:18,0.00152000,5.28000000
2018-03-01 14:02:19,0.00152010,288.82000000
2018-03-01 14:02:19,0.00152010,1282.08000000
2018-03-01 14:02:20,0.00152010,555.15000000
2018-03-01 14:02:21,0.00152010,33.53000000
2018-03-01 14:02:22,0.00152010,22.99000000
2018-03-01 14:02:23,0.00152250,3.00000000
2018-03-01 14:02:24,0.00152240,7.30000000
2018-03-01 14:02:24,0.00152250,2.97000000
2018-03-01 14:02:24,0.00152270,2.86000000
2018-03-01 14:02:24,0.00152310,19.72000000
2018-03-01 14:02:24,0.00152360,67.15000000
2018-03-01 14:02:25,0.00152310,7.80000000
2018-03-01 14:02:27,0.00152250,34.60000000
2018-03-01 14:02:28,0.00152260,7.09000000
2018-03-01 14:02:30,0.00152260,7.07000000
2018-03-01 14:02:30,0.00152360,43.85000000
2018-03-01 14:02:30,0.00152390,0.70000000
2018-03-01 14:02:30,0.00152390,28.38000000
2018-03-01 14:02:31,0.00152250,36.94000000
2018-03-01 14:02:31,0.00152400,34.05000000
2018-03-01 14:02:32,0.00152400,5.92000000
2018-03-01 14:02:32,0.00152320,125.17000000
2018-03-01 14:02:32,0.00152320,39.64000000
2018-03-01 14:02:32,0.00152400,280.45000000
2018-03-01 14:02:32,0.00152320,125.17000000
2018-03-01 14:02:32,0.00152400,317.42000000
2018-03-01 14:02:35,0.00152400,31.02000000
2018-03-01 14:02:35,0.00152400,15.59000000
2018-03-01 14:02:36,0.00152400,12.71000000
2018-03-01 14:02:38,0.00152400,246.99000000
2018-03-01 14:02:38,0.00152400,40.14000000
2018-03-01 14:02:38,0.00152250,15.03000000
2018-03-01 14:02:39,0.00152400,593.77000000
2018-03-01 14:02:40,0.00152400,12.24000000
2018-03-01 14:02:41,0.00152400,3.75000000
2018-03-01 14:02:41,0.00152400,5.99000000
2018-03-01 14:02:42,0.00152400,39.04000000
2018-03-01 14:02:42,0.00152410,81.22000000
2018-03-01 14:02:42,0.00152580,2.74000000
2018-03-01 14:02:42,0.00152600,137.08000000
2018-03-01 14:02:42,0.00152620,2.96000000
2018-03-01 14:02:42,0.00152630,56.00000000
2018-03-01 14:02:42,0.00152400,19.60000000
2018-03-01 14:02:42,0.00152630,5.99000000
2018-03-01 14:02:42,0.00152400,1.60000000
2018-03-01 14:02:44,0.00152580,9.40000000
2018-03-01 14:02:45,0.00152490,499.58000000
2018-03-01 14:02:45,0.00152410,31.76000000
2018-03-01 14:02:47,0.00152410,13.76000000
2018-03-01 14:02:48,0.00152590,1.11000000
2018-03-01 14:02:48,0.00152630,4.20000000
2018-03-01 14:02:49,0.00152630,5.83000000
2018-03-01 14:02:49,0.00152410,9.16000000
2018-03-01 14:02:50,0.00152400,1.28000000
2018-03-01 14:02:50,0.00152590,0.93000000
2018-03-01 14:02:50,0.00152590,0.18000000
2018-03-01 14:02:51,0.00152410,2.39000000
2018-03-01 14:02:51,0.00152410,4.64000000
2018-03-01 14:02:52,0.00152620,10.45000000
2018-03-01 14:02:52,0.00152410,319.21000000
2018-03-01 14:02:54,0.00152620,0.71000000
2018-03-01 14:02:55,0.00152410,3.19000000
2018-03-01 14:02:57,0.00152590,56.41000000
2018-03-01 14:02:57,0.00152410,13.70000000
2018-03-01 14:02:59,0.00152620,6.00000000
2018-03-01 14:03:02,0.00152620,1.92000000
2018-03-01 14:03:03,0.00152620,69.62000000
2018-03-01 14:03:04,0.00152620,28.61000000
2018-03-01 14:03:05,0.00152540,193.67000000
2018-03-01 14:03:06,0.00152620,9.90000000
2018-03-01 14:03:07,0.00152620,0.69000000
2018-03-01 14:03:07,0.00152620,61.92000000
2018-03-01 14:03:07,0.00152620,110.15000000
2018-03-01 14:03:07,0.00152620,168.93000000
2018-03-01 14:03:07,0.00152620,175.32000000
2018-03-01 14:03:08,0.00152470,0.80000000
2018-03-01 14:03:08,0.00152460,6.19000000
2018-03-01 14:03:10,0.00152610,114.69000000
2018-03-01 14:03:10,0.00152620,10.31000000
2018-03-01 14:03:10,0.00152630,31.81000000
2018-03-01 14:03:10,0.00152680,2.32000000
2018-03-01 14:03:10,0.00152740,3.04000000
2018-03-01 14:03:12,0.00152740,149.88000000
2018-03-01 14:03:12,0.00152750,23.20000000
2018-03-01 14:03:12,0.00152750,2.60000000
2018-03-01 14:03:12,0.00152740,15.35000000
2018-03-01 14:03:12,0.00152750,1.52000000
2018-03-01 14:03:14,0.00152730,1.37000000
2018-03-01 14:03:14,0.00152740,8.63000000
2018-03-01 14:03:15,0.00152740,160.88000000
2018-03-01 14:03:15,0.00152740,34.37000000
2018-03-01 14:03:16,0.00152740,140.18000000
2018-03-01 14:03:16,0.00152740,111.00000000
2018-03-01 14:03:16,0.00152740,84.25000000
2018-03-01 14:03:16,0.00152620,213.77000000
2018-03-01 14:03:17,0.00152600,528.44000000
2018-03-01 14:03:17,0.00152680,2.24000000
2018-03-01 14:03:20,0.00152620,63.83000000
2018-03-01 14:03:20,0.00152600,33.78000000
2018-03-01 14:03:21,0.00152480,1.75000000
2018-03-01 14:03:21,0.00152480,64.60000000
2018-03-01 14:03:22,0.00152600,3.49000000
2018-03-01 14:03:22,0.00152600,15.89000000
2018-03-01 14:03:22,0.00152530,4.18000000
2018-03-01 14:03:22,0.00152530,40.00000000
2018-03-01 14:03:23,0.00152530,2.64000000
2018-03-01 14:03:23,0.00152600,3.92000000
2018-03-01 14:03:23,0.00152600,107.38000000
2018-03-01 14:03:23,0.00152530,21.54000000
2018-03-01 14:03:25,0.00152600,1.05000000
2018-03-01 14:03:27,0.00152600,1.82000000
2018-03-01 14:03:28,0.00152600,250.28000000
2018-03-01 14:03:28,0.00152600,7.58000000
2018-03-01 14:03:29,0.00152550,0.73000000
2018-03-01 14:03:29,0.00152540,87.61000000
2018-03-01 14:03:31,0.00152620,7.74000000
2018-03-01 14:03:31,0.00152620,4.98000000
2018-03-01 14:03:34,0.00152600,99.55000000
2018-03-01 14:03:36,0.00152540,44.42000000
2018-03-01 14:03:36,0.00152530,96.58000000
2018-03-01 14:03:37,0.00152560,222.53000000
2018-03-01 14:03:37,0.00152540,14.60000000
2018-03-01 14:03:38,0.00152540,62.64000000
2018-03-01 14:03:38,0.00152600,4.35000000
2018-03-01 14:03:40,0.00152540,86.81000000
2018-03-01 14:03:40,0.00152530,83.51000000
2018-03-01 14:03:40,0.00152480,16.84000000
2018-03-01 14:03:40,0.00152470,130.26000000
2018-03-01 14:03:40,0.00152600,2.00000000
2018-03-01 14:03:40,0.00152600,6.13000000
2018-03-01 14:03:40,0.00152470,3.14000000
2018-03-01 14:03:41,0.00152530,54.93000000
2018-03-01 14:03:41,0.00152590,9.06000000
2018-03-01 14:03:42,0.00152550,32.78000000
2018-03-01 14:03:42,0.00152540,6.06000000
2018-03-01 14:03:42,0.00152540,2.00000000
2018-03-01 14:03:43,0.00152540,1.94000000
2018-03-01 14:03:43,0.00152430,0.01000000
2018-03-01 14:03:44,0.00152500,216.86000000
2018-03-01 14:03:44,0.00152430,0.99000000
2018-03-01 14:03:44,0.00152500,2.64000000
2018-03-01 14:03:45,0.00152430,3.28000000
2018-03-01 14:03:45,0.00152500,0.65000000
2018-03-01 14:03:46,0.00152430,29.62000000
2018-03-01 14:03:46,0.00152420,22.00000000
2018-03-01 14:03:46,0.00152410,48.28000000
2018-03-01 14:03:47,0.00152410,66.63000000
2018-03-01 14:03:47,0.00152490,25.59000000
2018-03-01 14:03:48,0.00152410,89.21000000
2018-03-01 14:03:48,0.00152410,1.05000000
2018-03-01 14:03:48,0.00152310,54.60000000
2018-03-01 14:03:48,0.00152300,330.00000000
2018-03-01 14:03:48,0.00152300,34.18000000
2018-03-01 14:03:49,0.00152300,3.82000000
2018-03-01 14:03:49,0.00152300,48.92000000
2018-03-01 14:03:50,0.00152230,557.30000000
2018-03-01 14:03:50,0.00152300,174.16000000
2018-03-01 14:03:51,0.00152190,3.28000000
2018-03-01 14:03:51,0.00152180,2.96000000
2018-03-01 14:03:52,0.00152290,7.13000000
2018-03-01 14:03:52,0.00152300,9.27000000
2018-03-01 14:03:53,0.00152280,77.03000000
2018-03-01 14:03:55,0.00152120,5.16000000
2018-03-01 14:03:55,0.00152110,6.56000000
2018-03-01 14:03:55,0.00152090,8.38000000
2018-03-01 14:03:55,0.00152080,1.10000000
2018-03-01 14:03:55,0.00152030,112.64000000
2018-03-01 14:03:55,0.00152020,12.95000000
2018-03-01 14:03:55,0.00152010,9.83000000
2018-03-01 14:03:56,0.00152300,23.15000000
2018-03-01 14:03:57,0.00152300,8.41000000
2018-03-01 14:03:57,0.00152300,12.04000000
2018-03-01 14:03:57,0.00152010,11.73000000
2018-03-01 14:03:58,0.00152010,111.92000000
2018-03-01 14:03:58,0.00152000,52.64000000
2018-03-01 14:03:58,0.00152000,30.00000000
2018-03-01 14:03:58,0.00152020,7.21000000
2018-03-01 14:03:58,0.00152010,1.11000000
2018-03-01 14:03:59,0.00152010,12.71000000
2018-03-01 14:03:59,0.00152000,56.85000000
2018-03-01 14:03:59,0.00152010,121.63000000
2018-03-01 14:04:00,0.00152290,7.21000000
2018-03-01 14:04:00,0.00152300,192.79000000
2018-03-01 14:04:01,0.00152020,14.60000000
2018-03-01 14:04:02,0.00152290,7.23000000
2018-03-01 14:04:02,0.00152300,605.18000000
2018-03-01 14:04:02,0.00152300,14.70000000
2018-03-01 14:04:03,0.00152030,1.00000000
2018-03-01 14:04:03,0.00152030,6.24000000
2018-03-01 14:04:03,0.00152020,54.64000000
2018-03-01 14:04:04,0.00152020,4.10000000
2018-03-01 14:04:04,0.00152010,9.64000000
2018-03-01 14:04:04,0.00152000,46.83000000
2018-03-01 14:04:05,0.00152000,34.02000000
2018-03-01 14:04:06,0.00152140,251.39000000
2018-03-01 14:04:07,0.00152000,1.00000000
2018-03-01 14:04:07,0.00152020,166.52000000
2018-03-01 14:04:08,0.00152290,7.24000000
2018-03-01 14:04:08,0.00152300,35.23000000
2018-03-01 14:04:08,0.00152010,65.74000000
2018-03-01 14:04:08,0.00152000,24.47000000
2018-03-01 14:04:08,0.00152000,235.73000000
2018-03-01 14:04:08,0.00152000,5.80000000
2018-03-01 14:04:09,0.00152010,1.00000000
2018-03-01 14:04:09,0.00152280,0.08000000
2018-03-01 14:04:09,0.00152020,3.28000000
2018-03-01 14:04:09,0.00152010,6.25000000
2018-03-01 14:04:09,0.00152000,309.68000000
2018-03-01 14:04:10,0.00152280,1.16000000
2018-03-01 14:04:12,0.00152040,18.09000000
2018-03-01 14:04:12,0.00152020,2.95000000
2018-03-01 14:04:14,0.00152220,16.54000000
2018-03-01 14:04:15,0.00152020,6.33000000
2018-03-01 14:04:15,0.00152020,1.11000000
2018-03-01 14:04:15,0.00152010,47.96000000
2018-03-01 14:04:16,0.00152010,4.60000000
2018-03-01 14:04:16,0.00152020,15.69000000
2018-03-01 14:04:16,0.00152020,7.25000000
2018-03-01 14:04:17,0.00152250,10.60000000
2018-03-01 14:04:19,0.00152200,6.68000000
2018-03-01 14:04:19,0.00152250,108.04000000
2018-03-01 14:04:19,0.00152250,10.00000000
2018-03-01 14:04:20,0.00152250,11.74000000
2018-03-01 14:04:20,0.00152250,1.16000000
2018-03-01 14:04:23,0.00152250,112.51000000
2018-03-01 14:04:24,0.00152250,64.16000000
2018-03-01 14:04:25,0.00152280,6.79000000
2018-03-01 14:04:25,0.00152280,26.04000000
2018-03-01 14:04:26,0.00152280,11.94000000
2018-03-01 14:04:26,0.00152280,125.13000000
2018-03-01 14:04:26,0.00152290,6.30000000
2018-03-01 14:04:26,0.00152290,6.98000000
2018-03-01 14:04:26,0.00152290,20.00000000
2018-03-01 14:04:26,0.00152290,6.97000000
2018-03-01 14:04:26,0.00152290,20.00000000
2018-03-01 14:04:26,0.00152290,9.07000000
2018-03-01 14:04:26,0.00152260,1.80000000
2018-03-01 14:04:26,0.00152260,584.36000000
2018-03-01 14:04:26,0.00152290,92.85000000
2018-03-01 14:04:27,0.00152300,375.20000000
2018-03-01 14:04:27,0.00152280,24.76000000
2018-03-01 14:04:28,0.00152390,54.60000000
2018-03-01 14:04:28,0.00152400,8.00000000
2018-03-01 14:04:28,0.00152300,5.92000000
2018-03-01 14:04:29,0.00152310,2.96000000
2018-03-01 14:04:29,0.00152300,126.91000000
2018-03-01 14:04:30,0.00152300,6.76000000
2018-03-01 14:04:31,0.00152400,19.14000000
2018-03-01 14:04:31,0.00152300,5.69000000
2018-03-01 14:04:32,0.00152300,50.29000000
2018-03-01 14:04:33,0.00152300,2.96000000
2018-03-01 14:04:33,0.00152300,27.71000000
2018-03-01 14:04:35,0.00152300,2.48000000
2018-03-01 14:04:39,0.00152490,8.00000000
2018-03-01 14:04:39,0.00152490,6.65000000
2018-03-01 14:04:39,0.00152490,21.91000000
2018-03-01 14:04:40,0.00152490,1.53000000
2018-03-01 14:04:41,0.00152490,10.00000000
2018-03-01 14:04:41,0.00152390,280.25000000
2018-03-01 14:04:45,0.00152490,5.19000000
2018-03-01 14:04:48,0.00152500,41.41000000
2018-03-01 14:04:49,0.00152500,2.68000000
2018-03-01 14:04:50,0.00152500,40.27000000
2018-03-01 14:04:51,0.00152500,4.52000000
2018-03-01 14:04:52,0.00152500,10.64000000
2018-03-01 14:04:52,0.00152500,1.26000000
2018-03-01 14:04:53,0.00152500,45.05000000
2018-03-01 14:04:54,0.00152500,102.11000000
2018-03-01 14:04:54,0.00152500,112.90000000
2018-03-01 14:04:54,0.00152490,43.46000000
2018-03-01 14:04:55,0.00152440,614.38000000
2018-03-01 14:04:58,0.00152490,352.19000000
2018-03-01 14:04:58,0.00152500,349.54000000
2018-03-01 14:04:59,0.00152390,21.10000000
2018-03-01 14:05:00,0.00152390,14.28000000
2018-03-01 14:05:00,0.00152500,151.57000000
2018-03-01 14:05:02,0.00152500,89.91000000
2018-03-01 14:05:02,0.00152400,33.31000000
2018-03-01 14:05:04,0.00152400,3.00000000
2018-03-01 14:05:07,0.00152440,4.59000000
2018-03-01 14:05:07,0.00152400,68.46000000
2018-03-01 14:05:07,0.00152390,50.80000000
2018-03-01 14:05:08,0.00152390,0.46000000
2018-03-01 14:05:10,0.00152400,1.00000000
2018-03-01 14:05:10,0.00152400,1.01000000
2018-03-01 14:05:16,0.00152420,3.71000000
2018-03-01 14:05:17,0.00152390,44.93000000
2018-03-01 14:05:17,0.00152390,16.52000000
2018-03-01 14:05:18,0.00152390,92.83000000
2018-03-01 14:05:18,0.00152390,1.16000000
2018-03-01 14:05:19,0.00152390,1.26000000
2018-03-01 14:05:20,0.00152390,9.28000000
2018-03-01 14:05:20,0.00152390,83.72000000
2018-03-01 14:05:20,0.00152390,4.00000000
2018-03-01 14:05:21,0.00152390,6.54000000
2018-03-01 14:05:21,0.00152390,6.54000000
2018-03-01 14:05:21,0.00152390,43.77000000
2018-03-01 14:05:21,0.00152390,6.54000000
2018-03-01 14:05:21,0.00152390,3.96000000
2018-03-01 14:05:21,0.00152390,3.96000000
2018-03-01 14:05:21,0.00152390,3.97000000
2018-03-01 14:05:21,0.00152390,3.96000000
2018-03-01 14:05:21,0.00152390,2.32000000
2018-03-01 14:05:22,0.00152420,161.72000000
2018-03-01 14:05:22,0.00152320,3.96000000
2018-03-01 14:05:22,0.00152320,2.00000000
2018-03-01 14:05:23,0.00152320,110.39000000
2018-03-01 14:05:24,0.00152320,251.45000000
2018-03-01 14:05:24,0.00152320,3.00000000
2018-03-01 14:05:25,0.00152320,1.40000000
2018-03-01 14:05:26,0.00152410,1.38000000
2018-03-01 14:05:26,0.00152420,340.31000000
2018-03-01 14:05:26,0.00152420,1.38000000
2018-03-01 14:05:26,0.00152440,60.90000000
2018-03-01 14:05:26,0.00152450,33.32000000
2018-03-01 14:05:27,0.00152320,44.74000000
2018-03-01 14:05:29,0.00152400,1.16000000
2018-03-01 14:05:29,0.00152400,4.33000000
2018-03-01 14:05:30,0.00152400,0.81000000
2018-03-01 14:05:30,0.00152400,11.96000000
2018-03-01 14:05:31,0.00152400,4.40000000
2018-03-01 14:05:32,0.00152490,47.55000000
2018-03-01 14:05:32,0.00152490,47.00000000
2018-03-01 14:05:32,0.00152330,1.86000000
2018-03-01 14:05:33,0.00152480,36.68000000
2018-03-01 14:05:33,0.00152480,32.07000000
2018-03-01 14:05:35,0.00152400,17.15000000
2018-03-01 14:05:37,0.00152480,80.56000000
2018-03-01 14:05:37,0.00152490,66.40000000
2018-03-01 14:05:38,0.00152490,0.01000000
2018-03-01 14:05:38,0.00152500,3.32000000
2018-03-01 14:05:40,0.00152500,1.16000000
2018-03-01 14:05:40,0.00152500,6.37000000
2018-03-01 14:05:40,0.00152500,35.00000000
2018-03-01 14:05:40,0.00152500,359.05000000
2018-03-01 14:05:41,0.00152490,22.69000000
2018-03-01 14:05:41,0.00152500,5.31000000
2018-03-01 14:05:42,0.00152400,4.36000000
2018-03-01 14:05:43,0.00152500,15.20000000
2018-03-01 14:05:43,0.00152530,16.80000000
2018-03-01 14:05:43,0.00152500,20.68000000
2018-03-01 14:05:45,0.00152530,8.00000000
2018-03-01 14:05:46,0.00152500,25.85000000
2018-03-01 14:05:46,0.00152530,2.00000000
2018-03-01 14:05:47,0.00152500,125.00000000
2018-03-01 14:05:47,0.00152500,81.62000000
2018-03-01 14:05:47,0.00152490,4.04000000
2018-03-01 14:05:47,0.00152490,127.34000000
2018-03-01 14:05:47,0.00152530,115.71000000
2018-03-01 14:05:47,0.00152400,1.40000000
2018-03-01 14:05:48,0.00152500,40.00000000
2018-03-01 14:05:48,0.00152500,96.13000000
2018-03-01 14:05:49,0.00152440,337.33000000
2018-03-01 14:05:50,0.00152400,15.00000000
2018-03-01 14:05:52,0.00152400,13.49000000
2018-03-01 14:05:53,0.00152490,2.05000000
2018-03-01 14:05:54,0.00152490,0.68000000
2018-03-01 14:05:54,0.00152500,0.54000000
2018-03-01 14:05:58,0.00152490,8.62000000
2018-03-01 14:05:58,0.00152400,14.66000000
2018-03-01 14:06:00,0.00152400,26.37000000
2018-03-01 14:06:01,0.00152490,25.37000000
2018-03-01 14:06:05,0.00152490,139.84000000
2018-03-01 14:06:05,0.00152490,1.48000000
2018-03-01 14:06:05,0.00152490,6.23000000
2018-03-01 14:06:05,0.00152490,0.69000000
2018-03-01 14:06:07,0.00152410,175.62000000
2018-03-01 14:06:10,0.00152410,50.83000000
2018-03-01 14:06:10,0.00152410,13.37000000
2018-03-01 14:06:10,0.00152400,64.71000000
2018-03-01 14:06:10,0.00152330,20.57000000
2018-03-01 14:06:10,0.00152320,148.02000000
2018-03-01 14:06:10,0.00152320,31.42000000
2018-03-01 14:06:10,0.00152320,233.66000000
2018-03-01 14:06:10,0.00152320,13.66000000
2018-03-01 14:06:10,0.00152440,1.22000000
2018-03-01 14:06:15,0.00152410,32.46000000
2018-03-01 14:06:18,0.00152310,10.35000000
2018-03-01 14:06:18,0.00152300,31.06000000
2018-03-01 14:06:19,0.00152410,128.10000000
2018-03-01 14:06:22,0.00152410,2.54000000
2018-03-01 14:06:22,0.00152300,11.82000000
2018-03-01 14:06:23,0.00152410,23.69000000
2018-03-01 14:06:23,0.00152410,26.89000000
2018-03-01 14:06:24,0.00152300,22.90000000
2018-03-01 14:06:24,0.00152260,1.80000000
2018-03-01 14:06:24,0.00152030,20.35000000
2018-03-01 14:06:25,0.00152380,20.00000000
2018-03-01 14:06:25,0.00152390,20.35000000
2018-03-01 14:06:25,0.00152410,305.97000000
2018-03-01 14:06:26,0.00152440,20.00000000
2018-03-01 14:06:27,0.00152410,309.89000000
2018-03-01 14:06:27,0.00152090,0.87000000
2018-03-01 14:06:27,0.00152050,4.31000000
2018-03-01 14:06:27,0.00152030,54.89000000
2018-03-01 14:06:27,0.00152020,209.18000000
2018-03-01 14:06:27,0.00152010,107.22000000
2018-03-01 14:06:27,0.00152440,4.00000000
2018-03-01 14:06:27,0.00152440,4.00000000
2018-03-01 14:06:27,0.00152440,2.20000000
2018-03-01 14:06:27,0.00152430,4.00000000
2018-03-01 14:06:28,0.00152410,16.00000000
2018-03-01 14:06:30,0.00152410,2.34000000
2018-03-01 14:06:30,0.00152420,36.00000000
2018-03-01 14:06:30,0.00152410,3.13000000
2018-03-01 14:06:32,0.00152300,3.21000000
2018-03-01 14:06:33,0.00152310,0.04000000
2018-03-01 14:06:34,0.00152310,16.45000000
2018-03-01 14:06:34,0.00152300,3.15000000
2018-03-01 14:06:35,0.00152300,42.68000000
2018-03-01 14:06:35,0.00152300,3.15000000
2018-03-01 14:06:35,0.00152310,2.40000000
2018-03-01 14:06:35,0.00152410,1.15000000
2018-03-01 14:06:37,0.00152400,5.55000000
2018-03-01 14:06:37,0.00152410,0.88000000
2018-03-01 14:06:38,0.00152310,20.00000000
2018-03-01 14:06:38,0.00152300,6.11000000
2018-03-01 14:06:38,0.00152050,19.73000000
2018-03-01 14:06:38,0.00152020,64.11000000
2018-03-01 14:06:38,0.00152010,575.78000000
2018-03-01 14:06:39,0.00152310,15.33000000
2018-03-01 14:06:41,0.00152300,54.89000000
2018-03-01 14:06:41,0.00152310,75.43000000
2018-03-01 14:06:43,0.00152310,60.04000000
2018-03-01 14:06:43,0.00152310,2.99000000
2018-03-01 14:06:44,0.00152030,7.08000000
2018-03-01 14:06:44,0.00152020,54.78000000
2018-03-01 14:06:44,0.00152010,89.95000000
2018-03-01 14:06:44,0.00152000,167.64000000
2018-03-01 14:06:44,0.00151930,3.39000000
2018-03-01 14:06:44,0.00151900,21.10000000
2018-03-01 14:06:44,0.00151770,17.79000000
2018-03-01 14:06:44,0.00151720,71.39000000
2018-03-01 14:06:45,0.00152050,3.16000000
2018-03-01 14:06:45,0.00152010,3.58000000
2018-03-01 14:06:45,0.00152280,3.63000000
2018-03-01 14:06:45,0.00152140,6.00000000
2018-03-01 14:06:45,0.00152140,54.28000000
2018-03-01 14:06:46,0.00152140,6.00000000
2018-03-01 14:06:47,0.00152030,1.22000000
2018-03-01 14:06:47,0.00152030,2.34000000
2018-03-01 14:06:48,0.00152010,124.12000000
2018-03-01 14:06:48,0.00151980,6.47000000
2018-03-01 14:06:48,0.00151780,3.29000000
2018-03-01 14:06:48,0.00151720,1278.41000000
2018-03-01 14:06:49,0.00152020,80.88000000
2018-03-01 14:06:49,0.00151800,7.00000000
2018-03-01 14:06:49,0.00151740,20.00000000
2018-03-01 14:06:49,0.00151720,133.88000000
2018-03-01 14:06:49,0.00151700,3.00000000
2018-03-01 14:06:50,0.00151700,5.26000000
2018-03-01 14:06:50,0.00151700,5.26000000
2018-03-01 14:06:50,0.00151700,5.26000000
2018-03-01 14:06:50,0.00151700,5.26000000
2018-03-01 14:06:50,0.00151700,1.27000000
2018-03-01 14:06:50,0.00151700,1.27000000
2018-03-01 14:06:50,0.00151700,10.00000000
2018-03-01 14:06:50,0.00151700,2.62000000
2018-03-01 14:06:50,0.00151700,17.85000000
2018-03-01 14:06:50,0.00151700,3.29000000
2018-03-01 14:06:50,0.00151690,20.00000000
2018-03-01 14:06:50,0.00151700,1.06000000
2018-03-01 14:06:50,0.00151690,18.13000000
2018-03-01 14:06:50,0.00151610,12.79000000
2018-03-01 14:06:50,0.00151600,1840.07000000
2018-03-01 14:06:50,0.00151600,30.92000000
2018-03-01 14:06:50,0.00151570,28.00000000
2018-03-01 14:06:50,0.00151550,5.00000000
2018-03-01 14:06:50,0.00151520,176.55000000
2018-03-01 14:06:50,0.00151500,346.18000000
2018-03-01 14:06:50,0.00151500,33.89000000
2018-03-01 14:06:50,0.00151620,500.61000000
2018-03-01 14:06:50,0.00151620,6.58000000
2018-03-01 14:06:51,0.00151500,6.58000000
2018-03-01 14:06:51,0.00151500,8.46000000
2018-03-01 14:06:52,0.00151520,1.34000000
2018-03-01 14:06:53,0.00151520,1.41000000
2018-03-01 14:06:53,0.00151500,334.18000000
2018-03-01 14:06:53,0.00151490,27.13000000
2018-03-01 14:06:53,0.00151500,3.08000000
2018-03-01 14:06:53,0.00151500,3.97000000
2018-03-01 14:06:53,0.00151620,2.20000000
2018-03-01 14:06:53,0.00151620,5.32000000
2018-03-01 14:06:54,0.00151620,1.04000000
2018-03-01 14:06:54,0.00151440,3.30000000
2018-03-01 14:06:54,0.00151420,1.32000000
2018-03-01 14:06:54,0.00151410,1.19000000
2018-03-01 14:06:54,0.00151400,2.81000000
2018-03-01 14:06:54,0.00151500,8.68000000
2018-03-01 14:06:54,0.00151500,3.74000000
2018-03-01 14:06:54,0.00151500,3.73000000
2018-03-01 14:06:54,0.00151500,25.00000000
2018-03-01 14:06:55,0.00151410,3.30000000
2018-03-01 14:06:56,0.00151400,27.97000000
2018-03-01 14:06:57,0.00151230,20.00000000
2018-03-01 14:06:57,0.00151200,252.98000000
2018-03-01 14:06:57,0.00151350,395.05000000
2018-03-01 14:06:58,0.00151500,26.98000000
2018-03-01 14:06:58,0.00151400,1.49000000
2018-03-01 14:06:59,0.00151400,5.50000000
2018-03-01 14:06:59,0.00151500,96.80000000
2018-03-01 14:07:01,0.00151500,0.11000000
2018-03-01 14:07:01,0.00151500,32.68000000
2018-03-01 14:07:01,0.00151210,6.72000000
2018-03-01 14:07:02,0.00151210,1.67000000
2018-03-01 14:07:02,0.00151210,6.75000000
2018-03-01 14:07:02,0.00151210,51.94000000
2018-03-01 14:07:02,0.00151200,43.44000000
2018-03-01 14:07:03,0.00151200,6.72000000
2018-03-01 14:07:03,0.00151210,4.74000000
2018-03-01 14:07:03,0.00151210,5.02000000
2018-03-01 14:07:03,0.00151210,29.12000000
2018-03-01 14:07:03,0.00151200,30.86000000
2018-03-01 14:07:03,0.00151190,0.37000000
2018-03-01 14:07:03,0.00151190,4.07000000
2018-03-01 14:07:03,0.00151170,109.98000000
2018-03-01 14:07:03,0.00151170,13.77000000
2018-03-01 14:07:03,0.00151170,239.14000000
2018-03-01 14:07:04,0.00151110,1.99000000
2018-03-01 14:07:04,0.00151200,2.68000000
2018-03-01 14:07:04,0.00151200,2.68000000
2018-03-01 14:07:04,0.00151200,5.28000000
2018-03-01 14:07:05,0.00151070,5.84000000
2018-03-01 14:07:05,0.00151030,41.45000000
2018-03-01 14:07:05,0.00151180,0.99000000
2018-03-01 14:07:06,0.00151180,23.60000000
2018-03-01 14:07:06,0.00151190,5.00000000
2018-03-01 14:07:06,0.00151200,14.17000000
2018-03-01 14:07:06,0.00151030,6.52000000
2018-03-01 14:07:09,0.00151030,19.07000000
2018-03-01 14:07:09,0.00151010,9.53000000
2018-03-01 14:07:09,0.00151190,6.84000000
2018-03-01 14:07:09,0.00151200,27.96000000
2018-03-01 14:07:09,0.00151200,178.00000000
2018-03-01 14:07:09,0.00151200,1.34000000
2018-03-01 14:07:09,0.00151210,0.01000000
2018-03-01 14:07:10,0.00151200,3.00000000
2018-03-01 14:07:10,0.00151200,3.73000000
2018-03-01 14:07:10,0.00151200,37.65000000
2018-03-01 14:07:10,0.00151490,7.96000000
2018-03-01 14:07:11,0.00151200,6.61000000
2018-03-01 14:07:11,0.00151200,6.61000000
2018-03-01 14:07:11,0.00151200,6.61000000
2018-03-01 14:07:11,0.00151200,91.02000000
2018-03-01 14:07:11,0.00151200,216.01000000
2018-03-01 14:07:12,0.00151200,3.29000000
2018-03-01 14:07:12,0.00151200,1.13000000
2018-03-01 14:07:12,0.00151200,6.74000000
2018-03-01 14:07:13,0.00151200,1.86000000
2018-03-01 14:07:13,0.00151200,9.99000000
2018-03-01 14:07:13,0.00151200,9.76000000
2018-03-01 14:07:13,0.00151010,26.67000000
2018-03-01 14:07:13,0.00151000,948.01000000
2018-03-01 14:07:13,0.00151000,9.51000000
2018-03-01 14:07:13,0.00150950,4.00000000
2018-03-01 14:07:13,0.00150950,4.78000000
2018-03-01 14:07:13,0.00150950,11.36000000
2018-03-01 14:07:13,0.00150950,1.00000000
2018-03-01 14:07:13,0.00150950,2.05000000
2018-03-01 14:07:13,0.00150950,161.02000000
2018-03-01 14:07:14,0.00150930,8.29000000
2018-03-01 14:07:14,0.00150950,495.11000000
2018-03-01 14:07:14,0.00150880,2.65000000
2018-03-01 14:07:14,0.00150950,206.01000000
2018-03-01 14:07:15,0.00150950,1.99000000
2018-03-01 14:07:15,0.00150950,25.11000000
2018-03-01 14:07:17,0.00150950,202.89000000
2018-03-01 14:07:18,0.00150800,3.00000000
2018-03-01 14:07:18,0.00150780,23.22000000
2018-03-01 14:07:18,0.00150770,32.95000000
2018-03-01 14:07:18,0.00150770,6.20000000
2018-03-01 14:07:19,0.00150850,1.91000000
2018-03-01 14:07:19,0.00150850,87.23000000
2018-03-01 14:07:19,0.00150850,1.00000000
2018-03-01 14:07:20,0.00150950,9.29000000
2018-03-01 14:07:21,0.00150860,0.91000000
2018-03-01 14:07:21,0.00150850,0.42000000
2018-03-01 14:07:23,0.00150860,15.00000000
2018-03-01 14:07:23,0.00150950,460.03000000
2018-03-01 14:07:24,0.00150900,4.44000000
2018-03-01 14:07:26,0.00150850,0.49000000
2018-03-01 14:07:26,0.00150800,8.55000000
2018-03-01 14:07:27,0.00150800,128.10000000
2018-03-01 14:07:27,0.00150800,163.35000000
2018-03-01 14:07:27,0.00150780,39.42000000
2018-03-01 14:07:27,0.00150770,352.85000000
2018-03-01 14:07:27,0.00150760,30.69000000
2018-03-01 14:07:27,0.00150700,2.45000000
2018-03-01 14:07:27,0.00150650,59.09000000
2018-03-01 14:07:28,0.00150650,275.12000000
2018-03-01 14:07:28,0.00150640,9.96000000
2018-03-01 14:07:28,0.00150590,1.99000000
2018-03-01 14:07:28,0.00150500,125.92000000
2018-03-01 14:07:28,0.00150470,3.99000000
2018-03-01 14:07:28,0.00150460,117.60000000
2018-03-01 14:07:28,0.00150440,3.32000000
2018-03-01 14:07:28,0.00150430,0.74000000
2018-03-01 14:07:28,0.00150410,0.67000000
2018-03-01 14:07:28,0.00150400,88.83000000
2018-03-01 14:07:28,0.00150380,0.74000000
2018-03-01 14:07:28,0.00150350,3.67000000
2018-03-01 14:07:28,0.00150330,6.65000000
2018-03-01 14:07:28,0.00150210,35.73000000
2018-03-01 14:07:28,0.00150860,29.31000000
2018-03-01 14:07:28,0.00150860,26.80000000
2018-03-01 14:07:28,0.00150860,6.62000000
2018-03-01 14:07:29,0.00150310,66.56000000
2018-03-01 14:07:29,0.00150300,7.00000000
2018-03-01 14:07:29,0.00150210,1.27000000
2018-03-01 14:07:29,0.00150190,24.62000000
2018-03-01 14:07:31,0.00150540,152.40000000
2018-03-01 14:07:32,0.00150770,0.02000000
2018-03-01 14:07:32,0.00150650,24.88000000
2018-03-01 14:07:32,0.00150310,11.79000000
2018-03-01 14:07:32,0.00150190,212.46000000
2018-03-01 14:07:32,0.00150180,3.46000000
2018-03-01 14:07:32,0.00150120,10.34000000
2018-03-01 14:07:32,0.00150020,429.66000000
2018-03-01 14:07:32,0.00150690,7.00000000
2018-03-01 14:07:33,0.00150690,8.00000000
2018-03-01 14:07:33,0.00150690,10.67000000
2018-03-01 14:07:33,0.00150650,36.69000000
2018-03-01 14:07:33,0.00150670,13.31000000
2018-03-01 14:07:33,0.00150670,27.56000000
2018-03-01 14:07:33,0.00150680,19.73000000
2018-03-01 14:07:34,0.00150680,7.08000000
2018-03-01 14:07:34,0.00150700,7.00000000
2018-03-01 14:07:35,0.00150400,7.00000000
2018-03-01 14:07:35,0.00150330,20.97000000
2018-03-01 14:07:36,0.00150330,45.64000000
2018-03-01 14:07:36,0.00150320,27.04000000
2018-03-01 14:07:36,0.00150310,323.11000000
2018-03-01 14:07:36,0.00150200,204.29000000
2018-03-01 14:07:37,0.00150500,6.63000000
2018-03-01 14:07:37,0.00150500,1.28000000
2018-03-01 14:07:37,0.00150500,6.63000000
2018-03-01 14:07:37,0.00150500,1.28000000
2018-03-01 14:07:37,0.00150500,52.57000000
2018-03-01 14:07:37,0.00150200,218.84000000
2018-03-01 14:07:37,0.00150490,66.61000000
2018-03-01 14:07:37,0.00150500,144.74000000
2018-03-01 14:07:38,0.00150600,7.00000000
2018-03-01 14:07:39,0.00150680,7.09000000
2018-03-01 14:07:39,0.00150690,3.25000000
2018-03-01 14:07:39,0.00150840,1.47000000
2018-03-01 14:07:40,0.00150650,21.00000000
2018-03-01 14:07:40,0.00150650,35.76000000
2018-03-01 14:07:41,0.00150650,6.50000000
2018-03-01 14:07:41,0.00150530,1.79000000
2018-03-01 14:07:42,0.00150540,2.40000000
2018-03-01 14:07:42,0.00150530,18.13000000
2018-03-01 14:07:42,0.00150500,7.00000000
2018-03-01 14:07:42,0.00150310,442.33000000
2018-03-01 14:07:42,0.00150200,157.43000000
2018-03-01 14:07:42,0.00150020,224.80000000
2018-03-01 14:07:42,0.00150600,0.68000000
2018-03-01 14:07:43,0.00150640,3.00000000
2018-03-01 14:07:43,0.00150650,5.84000000
2018-03-01 14:07:43,0.00150840,24.36000000
2018-03-01 14:07:43,0.00150600,7.00000000
2018-03-01 14:07:43,0.00150600,13.72000000
2018-03-01 14:07:43,0.00150050,24.95000000
2018-03-01 14:07:44,0.00150790,18.63000000
2018-03-01 14:07:45,0.00150320,66.64000000
2018-03-01 14:07:45,0.00150310,166.78000000
2018-03-01 14:07:45,0.00150600,24.95000000
2018-03-01 14:07:48,0.00150400,13.19000000
2018-03-01 14:07:48,0.00150500,16.64000000
2018-03-01 14:07:49,0.00150400,3.22000000
2018-03-01 14:07:49,0.00150400,7.85000000
2018-03-01 14:07:50,0.00150500,17.87000000
2018-03-01 14:07:50,0.00150500,0.75000000
2018-03-01 14:07:50,0.00150440,404.96000000
2018-03-01 14:07:51,0.00150430,14.67000000
2018-03-01 14:07:52,0.00150430,16.71000000
2018-03-01 14:07:52,0.00150440,23.69000000
2018-03-01 14:07:52,0.00150500,29.37000000
2018-03-01 14:07:52,0.00150510,6.60000000
2018-03-01 14:07:52,0.00150530,40.00000000
2018-03-01 14:07:52,0.00150600,70.12000000
2018-03-01 14:07:52,0.00150770,1.29000000
2018-03-01 14:07:53,0.00150770,24.45000000
2018-03-01 14:07:53,0.00150770,17.00000000
2018-03-01 14:07:53,0.00150770,73.44000000
2018-03-01 14:07:57,0.00150790,1.36000000
2018-03-01 14:07:57,0.00150800,1370.49000000
2018-03-01 14:07:57,0.00150800,5.75000000
2018-03-01 14:07:57,0.00150840,19.97000000
2018-03-01 14:07:57,0.00150850,150.00000000
2018-03-01 14:07:57,0.00150860,2388.24000000
2018-03-01 14:07:57,0.00150950,22.36000000
2018-03-01 14:07:57,0.00151000,139.02000000
2018-03-01 14:07:58,0.00150700,0.68000000
2018-03-01 14:07:59,0.00150720,4.85000000
2018-03-01 14:08:00,0.00150810,66.35000000
2018-03-01 14:08:00,0.00150800,7.00000000
2018-03-01 14:08:00,0.00150720,22.32000000
2018-03-01 14:08:00,0.00150600,490.54000000
2018-03-01 14:08:00,0.00150410,0.90000000
2018-03-01 14:08:00,0.00150590,1.23000000
2018-03-01 14:08:01,0.00150590,65.12000000
2018-03-01 14:08:01,0.00150600,609.09000000
2018-03-01 14:08:01,0.00151100,7.00000000
2018-03-01 14:08:01,0.00151200,280.09000000
2018-03-01 14:08:01,0.00151190,0.11000000
2018-03-01 14:08:03,0.00151190,7.47000000
2018-03-01 14:08:04,0.00151000,9.00000000
2018-03-01 14:08:04,0.00151000,6.62000000
2018-03-01 14:08:05,0.00151000,6.62000000
2018-03-01 14:08:05,0.00151000,13.09000000
2018-03-01 14:08:05,0.00151000,14.16000000
2018-03-01 14:08:06,0.00151000,16.82000000
2018-03-01 14:08:06,0.00151190,8.82000000
2018-03-01 14:08:06,0.00151100,1.29000000
2018-03-01 14:08:07,0.00151140,174.17000000
2018-03-01 14:08:07,0.00151190,1.12000000
2018-03-01 14:08:09,0.00151190,9.65000000
2018-03-01 14:08:09,0.00151200,7.00000000
2018-03-01 14:08:09,0.00151290,51.15000000
2018-03-01 14:08:09,0.00151400,58.41000000
2018-03-01 14:08:09,0.00151200,1.18000000
2018-03-01 14:08:09,0.00151100,1.81000000
2018-03-01 14:08:10,0.00151400,14.50000000
2018-03-01 14:08:10,0.00151110,73.47000000
2018-03-01 14:08:10,0.00151100,20.65000000
2018-03-01 14:08:11,0.00151100,16.64000000
2018-03-01 14:08:11,0.00151390,30.78000000
2018-03-01 14:08:11,0.00151380,4.31000000
2018-03-01 14:08:12,0.00151110,0.81000000
2018-03-01 14:08:13,0.00151370,4.81000000
2018-03-01 14:08:13,0.00151110,25.00000000
2018-03-01 14:08:15,0.00151330,21.21000000
2018-03-01 14:08:17,0.00151110,13.11000000
2018-03-01 14:08:18,0.00151310,9.33000000
2018-03-01 14:08:18,0.00151320,3.03000000
2018-03-01 14:08:18,0.00151330,147.13000000
2018-03-01 14:08:20,0.00151350,2.60000000
2018-03-01 14:08:20,0.00151330,6.75000000
2018-03-01 14:08:20,0.00151330,100.00000000
2018-03-01 14:08:20,0.00151330,943.34000000
2018-03-01 14:08:20,0.00151330,462.18000000
2018-03-01 14:08:21,0.00151330,33.89000000
2018-03-01 14:08:21,0.00151220,392.84000000
2018-03-01 14:08:21,0.00151340,10.27000000
2018-03-01 14:08:21,0.00151340,5.48000000
2018-03-01 14:08:21,0.00151220,33.89000000
2018-03-01 14:08:22,0.00151330,5.00000000
2018-03-01 14:08:26,0.00151120,3.62000000
2018-03-01 14:08:26,0.00151110,32.63000000
2018-03-01 14:08:26,0.00151100,0.99000000
2018-03-01 14:08:26,0.00151090,19.85000000
2018-03-01 14:08:26,0.00151000,99.37000000
2018-03-01 14:08:26,0.00150770,9.54000000
2018-03-01 14:08:27,0.00151010,9.50000000
2018-03-01 14:08:27,0.00151310,6.31000000
2018-03-01 14:08:34,0.00151110,17.69000000
2018-03-01 14:08:34,0.00151000,25.00000000
2018-03-01 14:08:35,0.00150910,5.87000000
2018-03-01 14:08:36,0.00150920,1.23000000
2018-03-01 14:08:36,0.00150950,9.50000000
2018-03-01 14:08:36,0.00151000,0.02000000
2018-03-01 14:08:36,0.00151050,195.95000000
2018-03-01 14:08:36,0.00151000,23.05000000
2018-03-01 14:08:37,0.00151110,4.14000000
2018-03-01 14:08:37,0.00151110,13.74000000
2018-03-01 14:08:38,0.00151110,25.53000000
2018-03-01 14:08:40,0.00151000,513.87000000
2018-03-01 14:08:42,0.00151000,42.36000000
2018-03-01 14:08:44,0.00151000,2.00000000
2018-03-01 14:08:44,0.00150910,0.54000000
2018-03-01 14:08:44,0.00150770,0.46000000
2018-03-01 14:08:44,0.00151000,5.10000000
2018-03-01 14:08:45,0.00150990,5.60000000
2018-03-01 14:08:46,0.00150990,32.49000000
2018-03-01 14:08:47,0.00150770,0.76000000
2018-03-01 14:08:47,0.00150910,1.23000000
2018-03-01 14:08:50,0.00150910,316.57000000
2018-03-01 14:08:51,0.00150900,0.83000000
2018-03-01 14:08:51,0.00150910,0.40000000
2018-03-01 14:08:52,0.00150780,3.31000000
2018-03-01 14:08:52,0.00150770,107.00000000
2018-03-01 14:08:54,0.00150780,2.00000000
2018-03-01 14:08:55,0.00150910,1.86000000
2018-03-01 14:08:56,0.00150840,448.51000000
2018-03-01 14:09:00,0.00150840,3.83000000
2018-03-01 14:09:03,0.00150840,13.48000000
2018-03-01 14:09:04,0.00150840,14.30000000
2018-03-01 14:09:04,0.00150840,1.00000000
2018-03-01 14:09:04,0.00150900,3.98000000
2018-03-01 14:09:05,0.00150900,5.55000000
2018-03-01 14:09:05,0.00150910,18.82000000
2018-03-01 14:09:06,0.00150840,5.00000000
2018-03-01 14:09:09,0.00150840,4.10000000
2018-03-01 14:09:10,0.00150840,15.02000000
2018-03-01 14:09:12,0.00150910,343.81000000
2018-03-01 14:09:12,0.00150910,114.92000000
2018-03-01 14:09:12,0.00150910,343.81000000
2018-03-01 14:09:12,0.00150910,37.58000000
2018-03-01 14:09:13,0.00150910,217.72000000
2018-03-01 14:09:15,0.00150910,111.62000000
2018-03-01 14:09:17,0.00150910,111.72000000
2018-03-01 14:09:21,0.00150850,5.00000000
2018-03-01 14:09:21,0.00150840,38.98000000
2018-03-01 14:09:23,0.00150990,2.30000000
2018-03-01 14:09:25,0.00150840,100.48000000
2018-03-01 14:09:25,0.00150840,423.70000000
2018-03-01 14:09:26,0.00150840,100.48000000
2018-03-01 14:09:26,0.00150910,5.00000000
2018-03-01 14:09:26,0.00150990,341.51000000
2018-03-01 14:09:27,0.00150990,1.18000000
2018-03-01 14:09:28,0.00151000,45.19000000
2018-03-01 14:09:31,0.00150990,551.83000000
2018-03-01 14:09:32,0.00151000,14.91000000
2018-03-01 14:09:32,0.00151010,93.92000000
2018-03-01 14:09:32,0.00151100,472.52000000
2018-03-01 14:09:33,0.00151100,1.64000000
2018-03-01 14:09:35,0.00151100,10.94000000
2018-03-01 14:09:35,0.00151110,36.59000000
2018-03-01 14:09:36,0.00151190,18.92000000
2018-03-01 14:09:36,0.00151200,89.26000000
2018-03-01 14:09:37,0.00151110,4.11000000
2018-03-01 14:09:39,0.00151200,73.74000000
2018-03-01 14:09:39,0.00151310,18.54000000
2018-03-01 14:09:40,0.00151310,131.97000000
2018-03-01 14:09:41,0.00151400,333.00000000
2018-03-01 14:09:41,0.00151500,138.99000000
2018-03-01 14:09:41,0.00151520,6.50000000
2018-03-01 14:09:41,0.00151400,60.09000000
2018-03-01 14:09:41,0.00151530,1.13000000
2018-03-01 14:09:43,0.00151340,12.14000000
2018-03-01 14:09:43,0.00151640,1.99000000
2018-03-01 14:09:43,0.00151680,6.65000000
2018-03-01 14:09:43,0.00151700,9.94000000
2018-03-01 14:09:43,0.00151770,1.99000000
2018-03-01 14:09:43,0.00151790,3.32000000
2018-03-01 14:09:43,0.00151820,1.11000000
2018-03-01 14:09:45,0.00151820,2.88000000
2018-03-01 14:09:45,0.00151840,3.32000000
2018-03-01 14:09:45,0.00151850,5.26000000
2018-03-01 14:09:45,0.00151900,88.54000000
2018-03-01 14:09:47,0.00151530,9.11000000
2018-03-01 14:09:48,0.00151720,239.49000000
2018-03-01 14:09:49,0.00151710,0.28000000
2018-03-01 14:09:49,0.00151710,20.97000000
2018-03-01 14:09:49,0.00151900,22.92000000
2018-03-01 14:09:51,0.00151900,10.99000000
2018-03-01 14:09:51,0.00151900,24.22000000
2018-03-01 14:09:52,0.00151900,2.94000000
2018-03-01 14:09:52,0.00151530,6.83000000
2018-03-01 14:09:53,0.00151900,2.75000000
2018-03-01 14:09:54,0.00151870,7.50000000
2018-03-01 14:09:54,0.00151900,103.73000000
2018-03-01 14:09:54,0.00151900,39.83000000
2018-03-01 14:09:54,0.00151900,11.46000000
2018-03-01 14:09:55,0.00151900,0.42000000
2018-03-01 14:09:59,0.00151620,7.26000000
2018-03-01 14:09:59,0.00151590,19.79000000
2018-03-01 14:09:59,0.00151510,110.96000000
2018-03-01 14:09:59,0.00151790,6.83000000
2018-03-01 14:09:59,0.00151800,58.77000000
2018-03-01 14:09:59,0.00151900,201.43000000
2018-03-01 14:10:01,0.00151890,27.05000000
2018-03-01 14:10:01,0.00151900,22.95000000
2018-03-01 14:10:02,0.00151560,1.43000000
2018-03-01 14:10:02,0.00151900,39.18000000
2018-03-01 14:10:04,0.00151890,15.86000000
2018-03-01 14:10:04,0.00151900,176.14000000
2018-03-01 14:10:05,0.00151890,1.43000000
2018-03-01 14:10:05,0.00151900,5.17000000
2018-03-01 14:10:06,0.00151900,33.47000000
2018-03-01 14:10:07,0.00151750,8.22000000
2018-03-01 14:10:07,0.00151900,2.58000000
2018-03-01 14:10:07,0.00151900,135.18000000
2018-03-01 14:10:08,0.00151800,3.72000000
2018-03-01 14:10:09,0.00151900,2.00000000
2018-03-01 14:10:12,0.00151630,7.27000000
2018-03-01 14:10:12,0.00151620,60.64000000
2018-03-01 14:10:14,0.00151890,62.52000000
2018-03-01 14:10:14,0.00151900,61.78000000
2018-03-01 14:10:14,0.00151900,25.62000000
2018-03-01 14:10:15,0.00151800,16.00000000
2018-03-01 14:10:15,0.00151800,21.32000000
2018-03-01 14:10:15,0.00151800,4.50000000
2018-03-01 14:10:15,0.00151890,1.30000000
2018-03-01 14:10:15,0.00151890,5.71000000
2018-03-01 14:10:15,0.00151900,10.00000000
2018-03-01 14:10:16,0.00151890,3.75000000
2018-03-01 14:10:17,0.00151890,0.01000000
2018-03-01 14:10:17,0.00151800,4.58000000
2018-03-01 14:10:19,0.00151840,260.78000000
2018-03-01 14:10:21,0.00151800,145.13000000
2018-03-01 14:10:22,0.00151800,10.25000000
2018-03-01 14:10:22,0.00151800,4.25000000
2018-03-01 14:10:23,0.00151800,1.06000000
2018-03-01 14:10:24,0.00151800,12.95000000
2018-03-01 14:10:24,0.00151680,4.02000000
2018-03-01 14:10:24,0.00151650,4.38000000
2018-03-01 14:10:24,0.00151620,54.89000000
2018-03-01 14:10:24,0.00151610,100.42000000
2018-03-01 14:10:24,0.00151600,2836.29000000
2018-03-01 14:10:24,0.00151600,163.71000000
2018-03-01 14:10:24,0.00151580,19.79000000
2018-03-01 14:10:24,0.00151510,1.78000000
2018-03-01 14:10:24,0.00151500,25.30000000
2018-03-01 14:10:25,0.00151790,19.79000000
2018-03-01 14:10:25,0.00151800,466.20000000
2018-03-01 14:10:25,0.00151840,205.80000000
2018-03-01 14:10:25,0.00151890,43.05000000
2018-03-01 14:10:25,0.00151900,52.66000000
2018-03-01 14:10:25,0.00151940,12.58000000
2018-03-01 14:10:25,0.00152000,195.72000000
2018-03-01 14:10:25,0.00152000,3196.45000000
2018-03-01 14:10:25,0.00152000,2.46000000
2018-03-01 14:10:25,0.00152000,6.57000000
2018-03-01 14:10:25,0.00152000,1798.72000000
2018-03-01 14:10:27,0.00151430,6.57000000
2018-03-01 14:10:27,0.00151990,38.23000000
2018-03-01 14:10:27,0.00151450,59.47000000
2018-03-01 14:10:27,0.00151440,19.80000000
2018-03-01 14:10:27,0.00151420,20.63000000
2018-03-01 14:10:28,0.00151500,7.00000000
2018-03-01 14:10:28,0.00151420,310.11000000
2018-03-01 14:10:28,0.00151410,5.48000000
2018-03-01 14:10:28,0.00151410,7.34000000
2018-03-01 14:10:28,0.00151410,53.22000000
2018-03-01 14:10:28,0.00151420,13.63000000
2018-03-01 14:10:29,0.00151350,7.00000000
2018-03-01 14:10:30,0.00151800,2.00000000
2018-03-01 14:10:30,0.00151500,0.63000000
2018-03-01 14:10:31,0.00151640,7.00000000
2018-03-01 14:10:31,0.00151650,22.99000000
2018-03-01 14:10:32,0.00151360,10.25000000
2018-03-01 14:10:34,0.00151360,143.15000000
2018-03-01 14:10:34,0.00151340,1.98000000
2018-03-01 14:10:34,0.00151330,670.84000000
2018-03-01 14:10:34,0.00151310,1195.21000000
2018-03-01 14:10:35,0.00151360,15.97000000
2018-03-01 14:10:36,0.00151360,1.96000000
2018-03-01 14:10:36,0.00151360,1.96000000
2018-03-01 14:10:36,0.00151360,1.81000000
2018-03-01 14:10:38,0.00151320,26.77000000
2018-03-01 14:10:39,0.00151320,10.71000000
2018-03-01 14:10:41,0.00151320,31.63000000
2018-03-01 14:10:41,0.00151200,28.51000000
2018-03-01 14:10:42,0.00151200,0.29000000
2018-03-01 14:10:42,0.00151300,7.00000000
2018-03-01 14:10:42,0.00151210,3.00000000
2018-03-01 14:10:42,0.00151200,231.55000000
2018-03-01 14:10:42,0.00151200,374.67000000
2018-03-01 14:10:43,0.00151200,7.00000000
2018-03-01 14:10:43,0.00151060,1.99000000
2018-03-01 14:10:43,0.00151000,14.65000000
2018-03-01 14:10:47,0.00151000,45.56000000
2018-03-01 14:10:49,0.00150960,153.40000000
2018-03-01 14:10:49,0.00150970,53.68000000
2018-03-01 14:10:49,0.00150970,3.31000000
2018-03-01 14:10:50,0.00150970,1.23000000
2018-03-01 14:10:51,0.00150950,7.86000000
2018-03-01 14:10:52,0.00150960,3.00000000
2018-03-01 14:10:52,0.00150970,1.62000000
2018-03-01 14:10:54,0.00150960,1.12000000
2018-03-01 14:10:54,0.00150950,45.91000000
2018-03-01 14:10:54,0.00150950,1.13000000
2018-03-01 14:10:55,0.00150950,9.62000000
2018-03-01 14:10:57,0.00150950,2.82000000
2018-03-01 14:10:57,0.00150900,0.68000000
2018-03-01 14:10:58,0.00150890,1.00000000
2018-03-01 14:10:59,0.00150840,45.28000000
2018-03-01 14:10:59,0.00150780,0.87000000
2018-03-01 14:11:00,0.00150840,6.98000000
2018-03-01 14:11:01,0.00150890,158.69000000
2018-03-01 14:11:01,0.00150890,169.93000000
2018-03-01 14:11:01,0.00150900,145.29000000
2018-03-01 14:11:01,0.00150950,269.99000000
2018-03-01 14:11:02,0.00151280,3.00000000
2018-03-01 14:11:02,0.00151290,7.34000000
2018-03-01 14:11:02,0.00151300,73.82000000
2018-03-01 14:11:02,0.00151320,5.18000000
2018-03-01 14:11:02,0.00151640,1.98000000
2018-03-01 14:11:02,0.00151650,7.00000000
2018-03-01 14:11:02,0.00151790,16.66000000
2018-03-01 14:11:02,0.00151800,34.35000000
2018-03-01 14:11:02,0.00151980,27.00000000
2018-03-01 14:11:02,0.00151990,3.70000000
2018-03-01 14:11:02,0.00152000,50.39000000
2018-03-01 14:11:02,0.00152110,30.85000000
2018-03-01 14:11:04,0.00151450,51.77000000
2018-03-01 14:11:04,0.00151200,2.64000000
2018-03-01 14:11:04,0.00150950,66.27000000
2018-03-01 14:11:04,0.00150940,66.27000000
2018-03-01 14:11:04,0.00150950,3.83000000
2018-03-01 14:11:04,0.00151970,7.00000000
2018-03-01 14:11:05,0.00150940,50.00000000
2018-03-01 14:11:05,0.00150940,50.00000000
2018-03-01 14:11:05,0.00150940,28.26000000
2018-03-01 14:11:05,0.00150950,1.12000000
2018-03-01 14:11:08,0.00151930,1.44000000
2018-03-01 14:11:10,0.00151100,7.00000000
2018-03-01 14:11:10,0.00151070,4.46000000
2018-03-01 14:11:13,0.00151790,19.80000000
2018-03-01 14:11:13,0.00151800,7.00000000
2018-03-01 14:11:13,0.00151890,20.21000000
2018-03-01 14:11:13,0.00151970,66.14000000
2018-03-01 14:11:13,0.00151990,17.29000000
2018-03-01 14:11:16,0.00151250,35.14000000
2018-03-01 14:11:16,0.00151990,29.55000000
2018-03-01 14:11:18,0.00151500,7.00000000
2018-03-01 14:11:18,0.00151370,6.62000000
2018-03-01 14:11:18,0.00151370,25.00000000
2018-03-01 14:11:18,0.00151370,21.68000000
2018-03-01 14:11:23,0.00151450,2.60000000
2018-03-01 14:11:23,0.00151800,0.52000000
2018-03-01 14:11:26,0.00151620,5.58000000
2018-03-01 14:11:26,0.00151620,298.75000000
2018-03-01 14:11:28,0.00151450,6.48000000
2018-03-01 14:11:28,0.00151450,95.50000000
2018-03-01 14:11:28,0.00151460,1.07000000
2018-03-01 14:11:33,0.00151620,5.58000000
2018-03-01 14:11:33,0.00151770,4.42000000
2018-03-01 14:11:40,0.00151510,3.00000000
2018-03-01 14:11:40,0.00151490,1.23000000
2018-03-01 14:11:41,0.00151770,1.99000000
2018-03-01 14:11:41,0.00151770,6.58000000
2018-03-01 14:11:41,0.00151770,5.62000000
2018-03-01 14:11:42,0.00151490,5.62000000
2018-03-01 14:11:46,0.00151590,73.54000000
2018-03-01 14:11:46,0.00151710,1.07000000
2018-03-01 14:11:46,0.00151720,0.92000000
2018-03-01 14:11:46,0.00151770,26.20000000
2018-03-01 14:11:46,0.00151800,79.09000000
2018-03-01 14:11:47,0.00151510,7.33000000
2018-03-01 14:11:47,0.00151490,6.93000000
2018-03-01 14:11:48,0.00151800,63.86000000
2018-03-01 14:11:49,0.00151770,129.21000000
2018-03-01 14:11:49,0.00151770,2.24000000
2018-03-01 14:11:49,0.00151770,3.13000000
2018-03-01 14:11:50,0.00151790,7.33000000
2018-03-01 14:11:50,0.00151800,69.45000000
2018-03-01 14:11:50,0.00151510,3.13000000
2018-03-01 14:11:51,0.00151520,7.08000000
2018-03-01 14:11:51,0.00151510,18.92000000
2018-03-01 14:11:52,0.00151770,1.07000000
2018-03-01 14:11:52,0.00151780,3.13000000
2018-03-01 14:11:52,0.00151790,10.59000000
2018-03-01 14:11:52,0.00151790,68.05000000
2018-03-01 14:11:52,0.00151800,0.67000000
2018-03-01 14:11:53,0.00151510,1.27000000
2018-03-01 14:11:53,0.00151500,12.95000000
2018-03-01 14:11:53,0.00151490,6.97000000
2018-03-01 14:11:54,0.00151490,2.11000000
2018-03-01 14:11:55,0.00151510,19.60000000
2018-03-01 14:11:57,0.00151620,6.59000000
2018-03-01 14:11:57,0.00151500,218.82000000
2018-03-01 14:11:57,0.00151490,9.65000000
2018-03-01 14:11:57,0.00151460,190.70000000
2018-03-01 14:11:58,0.00151690,2.75000000
2018-03-01 14:11:58,0.00151790,7.08000000
2018-03-01 14:11:58,0.00151790,0.18000000
2018-03-01 14:11:59,0.00151650,326.10000000
2018-03-01 14:12:02,0.00151790,9.84000000
2018-03-01 14:12:03,0.00151790,9.99000000
2018-03-01 14:12:08,0.00151510,372.32000000
2018-03-01 14:12:08,0.00151500,2000.00000000
2018-03-01 14:12:08,0.00151460,387.16000000
2018-03-01 14:12:08,0.00151450,511.02000000
2018-03-01 14:12:08,0.00151370,0.75000000
2018-03-01 14:12:08,0.00151230,82.30000000
2018-03-01 14:12:09,0.00151700,4.89000000
2018-03-01 14:12:09,0.00151700,0.66000000
2018-03-01 14:12:12,0.00151350,6.00000000
2018-03-01 14:12:13,0.00151510,95.31000000
2018-03-01 14:12:15,0.00151460,10.46000000
2018-03-01 14:12:18,0.00151590,1.20000000
2018-03-01 14:12:22,0.00151570,3.14000000
2018-03-01 14:12:23,0.00151470,3.00000000
2018-03-01 14:12:23,0.00151460,5.19000000
2018-03-01 14:12:24,0.00151470,3.02000000
2018-03-01 14:12:25,0.00151470,1.66000000
2018-03-01 14:12:26,0.00151470,0.47000000
2018-03-01 14:12:26,0.00151460,9.19000000
2018-03-01 14:12:26,0.00151230,16.35000000
2018-03-01 14:12:27,0.00151480,3.00000000
2018-03-01 14:12:27,0.00151500,2.00000000
2018-03-01 14:12:28,0.00151360,347.87000000
2018-03-01 14:12:32,0.00151480,13.76000000
2018-03-01 14:12:40,0.00151360,9.30000000
2018-03-01 14:12:40,0.00151470,22.66000000
2018-03-01 14:12:40,0.00151480,3.09000000
2018-03-01 14:12:41,0.00151480,47.46000000
2018-03-01 14:12:42,0.00151590,53.63000000
2018-03-01 14:12:43,0.00151530,117.08000000
2018-03-01 14:12:45,0.00151480,69.62000000
2018-03-01 14:12:47,0.00151480,5.27000000
2018-03-01 14:12:49,0.00151480,2.05000000
2018-03-01 14:12:51,0.00151480,172.06000000
2018-03-01 14:12:55,0.00151500,46.06000000
2018-03-01 14:12:55,0.00151480,964.34000000
2018-03-01 14:12:57,0.00151340,369.16000000
2018-03-01 14:12:58,0.00151400,1.24000000
2018-03-01 14:13:00,0.00151400,31.51000000
2018-03-01 14:13:00,0.00151400,7.21000000
2018-03-01 14:13:01,0.00151300,3.34000000
2018-03-01 14:13:01,0.00151400,317.10000000
2018-03-01 14:13:01,0.00151480,90.13000000
2018-03-01 14:13:02,0.00151400,14.25000000
2018-03-01 14:13:02,0.00151480,3.10000000
2018-03-01 14:13:02,0.00151500,0.22000000
2018-03-01 14:13:04,0.00151470,35.03000000
2018-03-01 14:13:05,0.00151470,223.00000000
2018-03-01 14:13:06,0.00151400,3.91000000
2018-03-01 14:13:06,0.00151300,245.48000000
2018-03-01 14:13:07,0.00151470,4.41000000
2018-03-01 14:13:08,0.00151400,1.31000000
2018-03-01 14:13:10,0.00151300,21.15000000
2018-03-01 14:13:10,0.00151300,463.58000000
2018-03-01 14:13:10,0.00151260,54.11000000
2018-03-01 14:13:10,0.00151250,204.00000000
2018-03-01 14:13:10,0.00151240,77.68000000
2018-03-01 14:13:10,0.00151230,229.29000000
2018-03-01 14:13:10,0.00151220,481.83000000
2018-03-01 14:13:10,0.00151220,1028.66000000
2018-03-01 14:13:13,0.00151200,5.01000000
2018-03-01 14:13:13,0.00151200,133.36000000
2018-03-01 14:13:13,0.00151300,24.19000000
2018-03-01 14:13:13,0.00151200,5.01000000
2018-03-01 14:13:13,0.00151300,5.02000000
2018-03-01 14:13:15,0.00151100,10.77000000
2018-03-01 14:13:15,0.00151110,23.60000000
2018-03-01 14:13:15,0.00151110,5.01000000
2018-03-01 14:13:15,0.00151090,24.05000000
2018-03-01 14:13:16,0.00151100,6.52000000
2018-03-01 14:13:17,0.00151110,4.27000000
2018-03-01 14:13:17,0.00151020,11.18000000
2018-03-01 14:13:17,0.00151000,167.46000000
2018-03-01 14:13:18,0.00151000,6.75000000
2018-03-01 14:13:18,0.00151000,5.00000000
2018-03-01 14:13:18,0.00151000,1.84000000
2018-03-01 14:13:19,0.00151000,12.11000000
2018-03-01 14:13:20,0.00151000,5.01000000
2018-03-01 14:13:20,0.00150950,20.05000000
2018-03-01 14:13:20,0.00150910,10.80000000
2018-03-01 14:13:20,0.00150800,4.26000000
2018-03-01 14:13:21,0.00150800,4.31000000
2018-03-01 14:13:21,0.00151000,5.01000000
2018-03-01 14:13:22,0.00150900,88.83000000
2018-03-01 14:13:22,0.00150900,1.07000000
2018-03-01 14:13:23,0.00150900,5.01000000
2018-03-01 14:13:24,0.00150800,11.11000000
2018-03-01 14:13:24,0.00150780,73.63000000
2018-03-01 14:13:24,0.00150670,3.21000000
2018-03-01 14:13:24,0.00150640,249.93000000
2018-03-01 14:13:24,0.00150600,175.02000000
2018-03-01 14:13:24,0.00150800,81.26000000
2018-03-01 14:13:24,0.00150800,0.14000000
2018-03-01 14:13:25,0.00150800,49.95000000
2018-03-01 14:13:27,0.00150630,7.39000000
2018-03-01 14:13:27,0.00150620,11.29000000
2018-03-01 14:13:27,0.00150610,6.50000000
2018-03-01 14:13:27,0.00150600,2.82000000
2018-03-01 14:13:30,0.00150600,9.83000000
2018-03-01 14:13:32,0.00150740,390.93000000
2018-03-01 14:13:32,0.00150600,24.85000000
2018-03-01 14:13:35,0.00150890,11.59000000
2018-03-01 14:13:35,0.00150900,15.24000000
2018-03-01 14:13:36,0.00150620,4.04000000
2018-03-01 14:13:37,0.00150610,7.20000000
2018-03-01 14:13:37,0.00150600,4.00000000
2018-03-01 14:13:37,0.00150600,37.38000000
2018-03-01 14:13:37,0.00150500,59.93000000
2018-03-01 14:13:37,0.00150480,10.08000000
2018-03-01 14:13:37,0.00150450,267.56000000
2018-03-01 14:13:37,0.00150500,11.09000000
2018-03-01 14:13:37,0.00150500,0.02000000
2018-03-01 14:13:39,0.00150530,66.44000000
2018-03-01 14:13:39,0.00150520,4.22000000
2018-03-01 14:13:39,0.00150510,3.00000000
2018-03-01 14:13:39,0.00150450,201.51000000
2018-03-01 14:13:40,0.00150510,6.63000000
2018-03-01 14:13:40,0.00150510,42.89000000
2018-03-01 14:13:41,0.00150500,3.00000000
2018-03-01 14:13:42,0.00150690,66.43000000
2018-03-01 14:13:42,0.00150690,0.01000000
2018-03-01 14:13:42,0.00150700,3.00000000
2018-03-01 14:13:44,0.00150680,4.04000000
2018-03-01 14:13:46,0.00150870,1.34000000
2018-03-01 14:13:46,0.00150870,8.83000000
2018-03-01 14:13:47,0.00150550,1.00000000
2018-03-01 14:13:47,0.00150700,160.14000000
2018-03-01 14:13:48,0.00150870,0.99000000
2018-03-01 14:13:48,0.00150700,0.76000000
2018-03-01 14:13:49,0.00150870,4.32000000
2018-03-01 14:13:49,0.00150870,4.32000000
2018-03-01 14:13:49,0.00150880,3.07000000
2018-03-01 14:13:49,0.00150700,87.50000000
2018-03-01 14:13:50,0.00150880,18.18000000
2018-03-01 14:13:50,0.00150990,4.22000000
2018-03-01 14:13:50,0.00151000,10.20000000
2018-03-01 14:13:51,0.00150710,22.92000000
2018-03-01 14:13:55,0.00150750,61.29000000
2018-03-01 14:13:55,0.00150750,11.32000000
2018-03-01 14:13:56,0.00150750,12.63000000
2018-03-01 14:14:01,0.00150760,23.92000000
2018-03-01 14:14:01,0.00150770,1.19000000
2018-03-01 14:14:06,0.00150800,1.02000000
2018-03-01 14:14:06,0.00150750,1.02000000
2018-03-01 14:14:06,0.00150750,22.30000000
2018-03-01 14:14:06,0.00150800,1.02000000
2018-03-01 14:14:07,0.00150870,3.32000000
2018-03-01 14:14:07,0.00150950,3.27000000
2018-03-01 14:14:07,0.00150840,412.70000000
2018-03-01 14:14:08,0.00150750,85.80000000
2018-03-01 14:14:08,0.00150710,13.98000000
2018-03-01 14:14:08,0.00150700,71.88000000
2018-03-01 14:14:08,0.00150600,21.57000000
2018-03-01 14:14:08,0.00150570,7.83000000
2018-03-01 14:14:10,0.00150750,124.05000000
2018-03-01 14:14:11,0.00150630,66.37000000
2018-03-01 14:14:11,0.00150620,14.46000000
2018-03-01 14:14:11,0.00150620,5.45000000
2018-03-01 14:14:11,0.00150570,60.92000000
2018-03-01 14:14:12,0.00150570,117.12000000
2018-03-01 14:14:12,0.00150740,66.37000000
2018-03-01 14:14:12,0.00150750,99.50000000
2018-03-01 14:14:13,0.00150640,50.26000000
2018-03-01 14:14:13,0.00150640,5.52000000
2018-03-01 14:14:15,0.00150740,55.78000000
2018-03-01 14:14:15,0.00150750,6.94000000
2018-03-01 14:14:16,0.00150730,3.00000000
2018-03-01 14:14:17,0.00150660,3.00000000
2018-03-01 14:14:17,0.00150600,9.57000000
2018-03-01 14:14:17,0.00150720,5.32000000
2018-03-01 14:14:17,0.00150740,82.92000000
2018-03-01 14:14:17,0.00150750,89.52000000
2018-03-01 14:14:18,0.00150750,3.32000000
2018-03-01 14:14:18,0.00150750,151.46000000
2018-03-01 14:14:18,0.00150700,15.80000000
2018-03-01 14:14:18,0.00150700,3.00000000
2018-03-01 14:14:19,0.00150800,46.25000000
2018-03-01 14:14:20,0.00150900,0.47000000
2018-03-01 14:14:21,0.00150870,34.32000000
2018-03-01 14:14:21,0.00150870,3.14000000
2018-03-01 14:14:21,0.00150870,26.81000000
2018-03-01 14:14:21,0.00150870,11.16000000
2018-03-01 14:14:22,0.00150870,21.85000000
2018-03-01 14:14:22,0.00150880,181.92000000
2018-03-01 14:14:22,0.00150870,49.50000000
2018-03-01 14:14:22,0.00150900,1.77000000
2018-03-01 14:14:25,0.00150870,15.52000000
2018-03-01 14:14:26,0.00150900,0.72000000
2018-03-01 14:14:26,0.00150870,0.78000000
2018-03-01 14:14:27,0.00150870,7.19000000
2018-03-01 14:14:27,0.00150900,3.66000000
2018-03-01 14:14:29,0.00150900,4.65000000
2018-03-01 14:14:29,0.00150900,19.43000000
2018-03-01 14:14:29,0.00150900,29.19000000
2018-03-01 14:14:30,0.00150870,625.37000000
2018-03-01 14:14:31,0.00150860,0.20000000
2018-03-01 14:14:32,0.00150870,5.33000000
2018-03-01 14:14:33,0.00150870,0.10000000
2018-03-01 14:14:33,0.00150870,18.06000000
2018-03-01 14:14:36,0.00150890,0.05000000
2018-03-01 14:14:40,0.00150890,0.01000000
2018-03-01 14:14:41,0.00150900,60.46000000
2018-03-01 14:14:41,0.00151000,75.68000000
2018-03-01 14:14:43,0.00151100,28.32000000
2018-03-01 14:14:47,0.00151000,19.98000000
2018-03-01 14:14:47,0.00151000,18.61000000
2018-03-01 14:14:48,0.00151100,0.73000000
2018-03-01 14:14:49,0.00151100,19.68000000
2018-03-01 14:14:52,0.00151190,203.69000000
2018-03-01 14:14:53,0.00151100,1.82000000
2018-03-01 14:14:55,0.00151100,116.51000000
2018-03-01 14:14:55,0.00151000,37.09000000
2018-03-01 14:14:55,0.00150890,12.33000000
2018-03-01 14:14:55,0.00150860,18.10000000
2018-03-01 14:14:55,0.00150750,15.77000000
2018-03-01 14:15:04,0.00150980,7.11000000
2018-03-01 14:15:04,0.00150960,3.00000000
2018-03-01 14:15:04,0.00150870,9.00000000
2018-03-01 14:15:04,0.00150760,55.89000000
2018-03-01 14:15:05,0.00151080,0.01000000
2018-03-01 14:15:06,0.00151080,6.52000000
2018-03-01 14:15:06,0.00150770,66.28000000
2018-03-01 14:15:06,0.00150760,18.14000000
2018-03-01 14:15:06,0.00150750,1482.41000000
2018-03-01 14:15:06,0.00150700,262.08000000
2018-03-01 14:15:06,0.00150700,6.61000000
2018-03-01 14:15:06,0.00150700,3.35000000
2018-03-01 14:15:06,0.00150700,10.08000000
2018-03-01 14:15:06,0.00150700,65.12000000
2018-03-01 14:15:07,0.00150900,0.82000000
2018-03-01 14:15:09,0.00150900,0.58000000
2018-03-01 14:15:10,0.00151000,5.00000000
2018-03-01 14:15:10,0.00151000,64.48000000
2018-03-01 14:15:11,0.00151000,1.34000000
2018-03-01 14:15:11,0.00151040,2.17000000
2018-03-01 14:15:11,0.00151010,456.25000000
2018-03-01 14:15:13,0.00151020,64.11000000
2018-03-01 14:15:13,0.00151030,2.17000000
2018-03-01 14:15:15,0.00151000,9.96000000
2018-03-01 14:15:17,0.00151030,0.83000000
2018-03-01 14:15:19,0.00151030,6.62000000
2018-03-01 14:15:19,0.00151030,8.82000000
2018-03-01 14:15:19,0.00151000,3.56000000
2018-03-01 14:15:20,0.00151000,1.34000000
2018-03-01 14:15:27,0.00151040,225.46000000
2018-03-01 14:15:27,0.00151000,40.48000000
2018-03-01 14:15:29,0.00151000,20.00000000
2018-03-01 14:15:32,0.00151000,1925.71000000
2018-03-01 14:15:34,0.00151000,18.64000000
2018-03-01 14:15:35,0.00151000,122.10000000
2018-03-01 14:15:37,0.00150900,4.29000000
2018-03-01 14:15:39,0.00150820,477.54000000
2018-03-01 14:15:39,0.00150750,136.67000000
2018-03-01 14:15:40,0.00150680,62.54000000
2018-03-01 14:15:42,0.00150750,11.78000000
2018-03-01 14:15:42,0.00150750,0.86000000
2018-03-01 14:15:42,0.00150750,75.85000000
2018-03-01 14:15:43,0.00150680,14.18000000
2018-03-01 14:15:43,0.00150680,127.70000000
2018-03-01 14:15:44,0.00150680,2.00000000
2018-03-01 14:15:46,0.00150750,12.34000000
2018-03-01 14:15:46,0.00150690,8.93000000
2018-03-01 14:15:46,0.00150990,1.95000000
2018-03-01 14:15:46,0.00151000,23.05000000
2018-03-01 14:15:47,0.00150990,0.73000000
2018-03-01 14:15:49,0.00150990,8.20000000
2018-03-01 14:15:49,0.00151000,5.27000000
2018-03-01 14:15:49,0.00151000,13.04000000
2018-03-01 14:15:56,0.00150990,7.00000000
2018-03-01 14:15:56,0.00151000,1152.27000000
2018-03-01 14:15:56,0.00151000,1671.87000000
2018-03-01 14:15:56,0.00151030,8.53000000
2018-03-01 14:15:56,0.00151050,19.91000000
2018-03-01 14:15:56,0.00151100,776.30000000
2018-03-01 14:15:59,0.00151110,246.75000000
2018-03-01 14:16:00,0.00151000,12.95000000
2018-03-01 14:16:00,0.00150950,11.67000000
2018-03-01 14:16:00,0.00150950,3.00000000
2018-03-01 14:16:00,0.00150950,7.25000000
2018-03-01 14:16:02,0.00150950,13.48000000
2018-03-01 14:16:06,0.00150760,51.97000000
2018-03-01 14:16:08,0.00150940,43.37000000
2018-03-01 14:16:08,0.00150760,10.95000000
2018-03-01 14:16:08,0.00150940,7.33000000
2018-03-01 14:16:09,0.00150940,47.15000000
2018-03-01 14:16:09,0.00150990,17.78000000
2018-03-01 14:16:12,0.00150940,18.92000000
2018-03-01 14:16:12,0.00150770,124.10000000
2018-03-01 14:16:16,0.00150980,2.13000000
2018-03-01 14:16:16,0.00150870,15.96000000
2018-03-01 14:16:20,0.00150770,1.76000000
2018-03-01 14:16:24,0.00150770,113.45000000
2018-03-01 14:16:25,0.00150760,7.25000000
2018-03-01 14:16:27,0.00150770,8.03000000
2018-03-01 14:16:27,0.00150770,2.00000000
2018-03-01 14:16:29,0.00150770,31.94000000
2018-03-01 14:16:30,0.00150750,5.00000000
2018-03-01 14:16:31,0.00150770,1.12000000
2018-03-01 14:16:32,0.00150750,55.26000000
2018-03-01 14:16:33,0.00150760,91.85000000
2018-03-01 14:16:33,0.00150760,176.67000000
2018-03-01 14:16:36,0.00150760,91.85000000
2018-03-01 14:16:36,0.00150750,49.42000000
2018-03-01 14:16:36,0.00150770,77.42000000
2018-03-01 14:16:37,0.00150770,2.32000000
2018-03-01 14:16:37,0.00150770,155.55000000
2018-03-01 14:16:38,0.00150800,3.00000000
2018-03-01 14:16:42,0.00150940,6.05000000
2018-03-01 14:16:42,0.00150800,37.00000000
2018-03-01 14:16:43,0.00150800,5.00000000
2018-03-01 14:16:44,0.00150800,9.07000000
2018-03-01 14:16:45,0.00150800,81.40000000
2018-03-01 14:16:45,0.00150800,17.96000000
2018-03-01 14:16:46,0.00150800,3.00000000
2018-03-01 14:16:46,0.00150780,34.05000000
2018-03-01 14:16:46,0.00150780,3.68000000
2018-03-01 14:16:46,0.00150800,2.03000000
2018-03-01 14:16:47,0.00150800,45.38000000
2018-03-01 14:16:47,0.00150940,28.96000000
2018-03-01 14:16:47,0.00150990,56.02000000
2018-03-01 14:16:47,0.00151000,323.27000000
2018-03-01 14:16:47,0.00151070,39.76000000
2018-03-01 14:16:47,0.00151260,8.00000000
2018-03-01 14:16:47,0.00151270,362.89000000
2018-03-01 14:16:47,0.00151270,7.64000000
2018-03-01 14:16:47,0.00151270,11.76000000
2018-03-01 14:16:47,0.00151270,1185.91000000
2018-03-01 14:16:48,0.00150910,9.08000000
2018-03-01 14:16:59,0.00151090,2.06000000
2018-03-01 14:16:59,0.00151090,0.25000000
2018-03-01 14:17:00,0.00151090,0.20000000
2018-03-01 14:17:04,0.00151000,90.94000000
2018-03-01 14:17:04,0.00150960,19.87000000
2018-03-01 14:17:04,0.00150920,6.26000000
2018-03-01 14:17:05,0.00150920,24.00000000
2018-03-01 14:17:07,0.00150920,40.93000000
2018-03-01 14:17:08,0.00151000,290.29000000
2018-03-01 14:17:18,0.00150990,6.57000000
2018-03-01 14:17:18,0.00151000,32.25000000
2018-03-01 14:17:19,0.00151000,7.75000000
2018-03-01 14:17:19,0.00151090,2.90000000
2018-03-01 14:17:21,0.00151030,1.32000000
2018-03-01 14:17:22,0.00151000,3.13000000
2018-03-01 14:17:22,0.00150920,24.04000000
2018-03-01 14:17:25,0.00150970,59.51000000
2018-03-01 14:17:29,0.00150990,0.54000000
2018-03-01 14:17:32,0.00150990,49.46000000
2018-03-01 14:17:34,0.00150990,1.13000000
2018-03-01 14:17:35,0.00150990,35.13000000
2018-03-01 14:17:37,0.00150920,0.01000000
2018-03-01 14:17:37,0.00150990,16.49000000
2018-03-01 14:17:39,0.00150990,6.63000000
2018-03-01 14:17:39,0.00150990,34.00000000
2018-03-01 14:17:39,0.00150990,20.44000000
2018-03-01 14:17:43,0.00150990,31.20000000
2018-03-01 14:17:47,0.00150990,21.71000000
2018-03-01 14:17:48,0.00150990,10.00000000
2018-03-01 14:17:49,0.00150990,21.85000000
2018-03-01 14:17:50,0.00150990,0.22000000
2018-03-01 14:18:01,0.00150920,3.89000000
2018-03-01 14:18:03,0.00150950,81.28000000
2018-03-01 14:18:03,0.00150990,35.37000000
2018-03-01 14:18:08,0.00150990,13.02000000
2018-03-01 14:18:16,0.00150990,68.66000000
2018-03-01 14:18:16,0.00150990,12.03000000
2018-03-01 14:18:16,0.00150920,199.24000000
2018-03-01 14:18:16,0.00150920,8.52000000
2018-03-01 14:18:17,0.00150920,35.00000000
2018-03-01 14:18:19,0.00150950,333.84000000
2018-03-01 14:18:19,0.00151000,0.24000000
2018-03-01 14:18:21,0.00150920,4.69000000
2018-03-01 14:18:23,0.00150990,4.61000000
2018-03-01 14:18:23,0.00150920,161.51000000
2018-03-01 14:18:28,0.00151000,6.43000000
2018-03-01 14:18:28,0.00151030,16.17000000
2018-03-01 14:18:28,0.00151080,32.54000000
2018-03-01 14:18:28,0.00151090,439.21000000
2018-03-01 14:18:28,0.00151090,1448.95000000
2018-03-01 14:18:28,0.00151090,5.54000000
2018-03-01 14:18:29,0.00151090,15.50000000
2018-03-01 14:18:33,0.00151130,102.57000000
2018-03-01 14:18:34,0.00151090,5.00000000
2018-03-01 14:18:38,0.00151190,6.61000000
2018-03-01 14:18:49,0.00151090,2030.66000000
2018-03-01 14:18:49,0.00151060,10.54000000
2018-03-01 14:18:49,0.00150990,40.14000000
2018-03-01 14:18:53,0.00151090,1.06000000
2018-03-01 14:18:54,0.00151100,2.49000000
2018-03-01 14:18:54,0.00151190,39.22000000
2018-03-01 14:18:54,0.00151200,47.10000000
2018-03-01 14:18:54,0.00151250,17.50000000
2018-03-01 14:18:54,0.00151360,6.50000000
2018-03-01 14:18:54,0.00151390,87.19000000
2018-03-01 14:18:55,0.00151100,43.53000000
2018-03-01 14:18:57,0.00151100,18.65000000
2018-03-01 14:18:59,0.00151390,0.20000000
2018-03-01 14:19:01,0.00151390,3.00000000
2018-03-01 14:19:01,0.00151100,1.06000000
2018-03-01 14:19:02,0.00151100,1.06000000
2018-03-01 14:19:02,0.00151240,124.34000000
2018-03-01 14:19:02,0.00151100,0.83000000
2018-03-01 14:19:03,0.00151090,56.58000000
2018-03-01 14:19:06,0.00151010,9.06000000
2018-03-01 14:19:06,0.00151100,0.94000000
2018-03-01 14:19:08,0.00151100,0.83000000
2018-03-01 14:19:09,0.00151100,13.00000000
2018-03-01 14:19:10,0.00151090,9.08000000
2018-03-01 14:19:10,0.00151090,9.60000000
2018-03-01 14:19:10,0.00151090,31.87000000
2018-03-01 14:19:10,0.00151100,123.41000000
2018-03-01 14:19:11,0.00151090,1.00000000
2018-03-01 14:19:13,0.00151100,8.03000000
2018-03-01 14:19:13,0.00151090,10.09000000
2018-03-01 14:19:14,0.00151090,5.46000000
2018-03-01 14:19:15,0.00151090,31.53000000
2018-03-01 14:19:18,0.00151090,23.00000000
2018-03-01 14:19:21,0.00151090,122.86000000
2018-03-01 14:19:21,0.00151090,24.75000000
2018-03-01 14:19:22,0.00151100,120.38000000
2018-03-01 14:19:22,0.00150990,35.51000000
2018-03-01 14:19:22,0.00150920,7.49000000
2018-03-01 14:19:23,0.00151100,2.00000000
2018-03-01 14:19:24,0.00151090,7.54000000
2018-03-01 14:19:25,0.00150930,8.25000000
2018-03-01 14:19:28,0.00150930,23.00000000
2018-03-01 14:19:30,0.00150930,6.79000000
2018-03-01 14:19:31,0.00150990,146.11000000
2018-03-01 14:19:31,0.00150930,44.00000000
2018-03-01 14:19:39,0.00150930,8.60000000
2018-03-01 14:19:39,0.00150920,2.16000000
2018-03-01 14:19:40,0.00150930,74.75000000
2018-03-01 14:19:41,0.00150930,147.42000000
2018-03-01 14:19:41,0.00150930,279.45000000
2018-03-01 14:19:41,0.00150930,94.44000000
2018-03-01 14:19:46,0.00150940,103.48000000
2018-03-01 14:19:46,0.00150920,3.69000000
2018-03-01 14:19:46,0.00150860,2.82000000
2018-03-01 14:19:46,0.00150850,12.30000000
2018-03-01 14:19:46,0.00150930,139.47000000
2018-03-01 14:19:48,0.00151080,4.26000000
2018-03-01 14:19:49,0.00151080,1.41000000
2018-03-01 14:19:52,0.00150850,9.74000000
2018-03-01 14:19:52,0.00151000,4.00000000
2018-03-01 14:19:52,0.00150950,394.67000000
2018-03-01 14:19:54,0.00150950,4.00000000
2018-03-01 14:19:54,0.00150850,10.44000000
2018-03-01 14:19:54,0.00150930,20.83000000
2018-03-01 14:19:58,0.00150920,0.83000000
2018-03-01 14:19:58,0.00150930,28.17000000
2018-03-01 14:19:59,0.00150930,2.99000000
2018-03-01 14:20:02,0.00150930,110.13000000
2018-03-01 14:20:02,0.00150930,51.59000000
2018-03-01 14:20:10,0.00150880,10.04000000
2018-03-01 14:20:10,0.00150860,2.96000000
2018-03-01 14:20:11,0.00150870,115.20000000
2018-03-01 14:20:11,0.00150870,52.68000000
2018-03-01 14:20:13,0.00150900,2.36000000
2018-03-01 14:20:13,0.00150910,2.59000000
2018-03-01 14:20:20,0.00150930,2.01000000
2018-03-01 14:20:21,0.00150900,2.72000000
2018-03-01 14:20:21,0.00150900,15.89000000
2018-03-01 14:20:24,0.00150880,420.45000000
2018-03-01 14:20:26,0.00150870,55.95000000
2018-03-01 14:20:27,0.00150900,18.72000000
2018-03-01 14:20:30,0.00150870,16.92000000
2018-03-01 14:20:33,0.00150900,44.46000000
2018-03-01 14:20:34,0.00150900,2.00000000
2018-03-01 14:20:34,0.00150900,39.61000000
2018-03-01 14:20:35,0.00150900,10.00000000
2018-03-01 14:20:35,0.00150900,5.81000000
2018-03-01 14:20:38,0.00150900,126.00000000
2018-03-01 14:20:41,0.00150980,0.21000000
2018-03-01 14:20:41,0.00150930,189.66000000
2018-03-01 14:20:43,0.00150930,0.86000000
2018-03-01 14:20:43,0.00150900,398.57000000
2018-03-01 14:20:43,0.00150880,3.33000000
2018-03-01 14:20:46,0.00150880,24.15000000
2018-03-01 14:20:47,0.00150880,1.11000000
2018-03-01 14:20:48,0.00150900,1.00000000
2018-03-01 14:20:49,0.00150880,28.66000000
2018-03-01 14:20:53,0.00150900,9.96000000
2018-03-01 14:20:53,0.00150900,6.62000000
2018-03-01 14:20:54,0.00150900,5.29000000
2018-03-01 14:20:54,0.00150980,194.71000000
2018-03-01 14:20:54,0.00150980,1.00000000
2018-03-01 14:20:55,0.00150900,1.23000000
2018-03-01 14:20:55,0.00150880,6.57000000
2018-03-01 14:20:56,0.00150880,27.77000000
2018-03-01 14:20:57,0.00150890,442.22000000
2018-03-01 14:20:58,0.00150900,2.83000000
2018-03-01 14:20:59,0.00150900,6.67000000
2018-03-01 14:21:00,0.00150900,1.42000000
2018-03-01 14:21:02,0.00150900,0.16000000
2018-03-01 14:21:02,0.00150900,0.23000000
2018-03-01 14:21:05,0.00150890,42.25000000
2018-03-01 14:21:05,0.00150880,28.75000000
2018-03-01 14:21:06,0.00150900,25.33000000
2018-03-01 14:21:07,0.00150900,24.41000000
2018-03-01 14:21:10,0.00150890,2.10000000
2018-03-01 14:21:10,0.00150900,1183.56000000
2018-03-01 14:21:10,0.00150980,160.20000000
2018-03-01 14:21:11,0.00150880,169.16000000
2018-03-01 14:21:11,0.00150870,19.38000000
2018-03-01 14:21:17,0.00151060,24.20000000
2018-03-01 14:21:18,0.00150930,211.43000000
2018-03-01 14:21:20,0.00150900,50.00000000
2018-03-01 14:21:20,0.00150870,131.66000000
2018-03-01 14:21:22,0.00151000,25.58000000
2018-03-01 14:21:24,0.00151000,28.42000000
2018-03-01 14:21:29,0.00151050,6.62000000
2018-03-01 14:21:33,0.00151050,1.66000000
2018-03-01 14:21:34,0.00151050,6.60000000
2018-03-01 14:21:35,0.00151020,463.51000000
2018-03-01 14:21:36,0.00151050,37.55000000
2018-03-01 14:21:37,0.00151050,27.09000000
2018-03-01 14:21:37,0.00151060,263.93000000
2018-03-01 14:21:38,0.00151000,40.31000000
2018-03-01 14:21:40,0.00151060,7.50000000
2018-03-01 14:21:42,0.00151050,80.24000000
2018-03-01 14:21:42,0.00151060,133.42000000
2018-03-01 14:21:42,0.00151070,467.33000000
2018-03-01 14:21:42,0.00151080,158.04000000
2018-03-01 14:21:42,0.00151100,274.33000000
2018-03-01 14:21:42,0.00151100,72.74000000
2018-03-01 14:21:42,0.00151140,666.54000000
2018-03-01 14:21:42,0.00151170,19.87000000
2018-03-01 14:21:42,0.00151290,2.18000000
2018-03-01 14:21:42,0.00151290,12.00000000
2018-03-01 14:21:45,0.00151100,13.70000000
2018-03-01 14:21:45,0.00151000,963.69000000
2018-03-01 14:21:45,0.00150980,19.87000000
2018-03-01 14:21:45,0.00150870,202.74000000
2018-03-01 14:21:47,0.00151270,1.88000000
2018-03-01 14:21:56,0.00151180,232.72000000
2018-03-01 14:22:00,0.00151240,0.99000000
2018-03-01 14:22:00,0.00151270,19.87000000
2018-03-01 14:22:00,0.00151280,0.83000000
2018-03-01 14:22:00,0.00151290,48.57000000
2018-03-01 14:22:00,0.00151330,48.72000000
2018-03-01 14:22:00,0.00151370,60.00000000
2018-03-01 14:22:00,0.00151380,119.05000000
2018-03-01 14:22:00,0.00151390,20.51000000
2018-03-01 14:22:00,0.00151470,20.17000000
2018-03-01 14:22:00,0.00151500,99.90000000
2018-03-01 14:22:00,0.00151500,59.48000000
2018-03-01 14:22:00,0.00151500,23.40000000
2018-03-01 14:22:00,0.00151500,17.01000000
2018-03-01 14:22:00,0.00151500,1246.78000000
2018-03-01 14:22:07,0.00151200,72.11000000
2018-03-01 14:22:08,0.00151190,4.74000000
2018-03-01 14:22:09,0.00151200,6.38000000
2018-03-01 14:22:11,0.00151270,3.26000000
2018-03-01 14:22:13,0.00151200,12.99000000
2018-03-01 14:22:13,0.00151180,1994.59000000
2018-03-01 14:22:13,0.00151180,12.99000000
2018-03-01 14:22:13,0.00151100,23.29000000
2018-03-01 14:22:15,0.00151000,35.00000000
2018-03-01 14:22:16,0.00151270,9.81000000
2018-03-01 14:22:16,0.00151290,575.01000000
2018-03-01 14:22:20,0.00151290,1.03000000
2018-03-01 14:22:21,0.00151390,254.49000000
2018-03-01 14:22:21,0.00151500,29.58000000
2018-03-01 14:22:25,0.00151500,24.80000000
2018-03-01 14:22:27,0.00151500,44.67000000
2018-03-01 14:22:27,0.00151510,90.17000000
2018-03-01 14:22:27,0.00151520,32.54000000
2018-03-01 14:22:27,0.00151530,4.00000000
2018-03-01 14:22:27,0.00151590,107.60000000
2018-03-01 14:22:28,0.00151590,50.00000000
2018-03-01 14:22:29,0.00151590,1551.94000000
2018-03-01 14:22:29,0.00151590,8119.08000000
2018-03-01 14:22:29,0.00151310,107.51000000
2018-03-01 14:22:29,0.00151300,649.68000000
2018-03-01 14:22:29,0.00151290,2414.15000000
2018-03-01 14:22:32,0.00151590,5.00000000
2018-03-01 14:22:32,0.00151600,8.01000000
2018-03-01 14:22:32,0.00151590,7.55000000
2018-03-01 14:22:33,0.00151600,2.75000000
2018-03-01 14:22:35,0.00151510,48.10000000
2018-03-01 14:22:37,0.00151590,2.46000000
2018-03-01 14:22:37,0.00151600,0.77000000
2018-03-01 14:22:37,0.00151600,31.11000000
2018-03-01 14:22:38,0.00151310,2.41000000
2018-03-01 14:22:38,0.00151510,10.66000000
2018-03-01 14:22:38,0.00151500,6.71000000
2018-03-01 14:22:39,0.00151590,2.41000000
2018-03-01 14:22:39,0.00151600,4.18000000
2018-03-01 14:22:39,0.00151600,0.80000000
2018-03-01 14:22:41,0.00151600,0.20000000
2018-03-01 14:22:43,0.00151400,23.70000000
2018-03-01 14:22:44,0.00151500,2.63000000
2018-03-01 14:22:47,0.00151500,9.32000000
2018-03-01 14:22:54,0.00151340,8.76000000
2018-03-01 14:22:57,0.00151400,5.00000000
2018-03-01 14:22:57,0.00151440,276.26000000
2018-03-01 14:22:58,0.00151400,6.92000000
2018-03-01 14:22:59,0.00151400,5.00000000
2018-03-01 14:23:02,0.00151400,24.66000000
2018-03-01 14:23:04,0.00151400,8.88000000
2018-03-01 14:23:05,0.00151440,50.00000000
2018-03-01 14:23:05,0.00151500,15.00000000
2018-03-01 14:23:12,0.00151400,74.03000000
2018-03-01 14:23:13,0.00151400,56.24000000
2018-03-01 14:23:13,0.00151400,31.24000000
2018-03-01 14:23:13,0.00151400,50.84000000
2018-03-01 14:23:14,0.00151400,2.46000000
2018-03-01 14:23:15,0.00151400,39.76000000
2018-03-01 14:23:16,0.00151390,0.68000000
2018-03-01 14:23:17,0.00151290,45.48000000
2018-03-01 14:23:17,0.00151390,4.03000000
2018-03-01 14:23:17,0.00151400,16.64000000
2018-03-01 14:23:17,0.00151400,109.85000000
2018-03-01 14:23:18,0.00151400,10.00000000
2018-03-01 14:23:24,0.00151400,4.97000000
2018-03-01 14:23:24,0.00151400,3.26000000
2018-03-01 14:23:28,0.00151220,0.20000000
2018-03-01 14:23:28,0.00151300,298.04000000
2018-03-01 14:23:30,0.00151390,1.33000000
2018-03-01 14:23:35,0.00151390,0.83000000
2018-03-01 14:23:36,0.00151220,5.52000000
2018-03-01 14:23:37,0.00151370,39.39000000
2018-03-01 14:23:39,0.00151230,3.30000000
2018-03-01 14:23:39,0.00151220,38.39000000
2018-03-01 14:23:39,0.00151220,19.19000000
2018-03-01 14:23:40,0.00151210,105.25000000
2018-03-01 14:23:41,0.00151210,5.93000000
2018-03-01 14:23:41,0.00151210,58.28000000
2018-03-01 14:23:41,0.00151200,1044.61000000
2018-03-01 14:23:42,0.00151200,122.91000000
2018-03-01 14:23:44,0.00151220,5.00000000
2018-03-01 14:23:44,0.00151110,67.25000000
2018-03-01 14:23:45,0.00151220,0.01000000
2018-03-01 14:23:45,0.00151350,13.03000000
2018-03-01 14:23:46,0.00151210,6.04000000
2018-03-01 14:23:46,0.00151210,13.38000000
2018-03-01 14:23:47,0.00151340,0.76000000
2018-03-01 14:23:47,0.00151340,1.80000000
2018-03-01 14:23:48,0.00151070,3.30000000
2018-03-01 14:23:48,0.00151060,0.70000000
2018-03-01 14:23:49,0.00151060,7.31000000
2018-03-01 14:23:49,0.00151040,5.29000000
2018-03-01 14:23:49,0.00151020,84.07000000
2018-03-01 14:23:49,0.00151020,17.47000000
2018-03-01 14:23:49,0.00151020,0.68000000
2018-03-01 14:23:53,0.00151340,4.42000000
2018-03-01 14:23:55,0.00151280,361.11000000
2018-03-01 14:23:57,0.00151340,5.85000000
2018-03-01 14:24:10,0.00151270,155.31000000
2018-03-01 14:24:12,0.00151230,7.35000000
2018-03-01 14:24:12,0.00151200,9.06000000
2018-03-01 14:24:12,0.00151020,31.43000000
2018-03-01 14:24:12,0.00151000,13.48000000
2018-03-01 14:24:13,0.00151020,0.42000000
2018-03-01 14:24:13,0.00151320,18.12000000
2018-03-01 14:24:13,0.00151330,5.00000000
2018-03-01 14:24:14,0.00151340,146.49000000
2018-03-01 14:24:14,0.00151340,189.32000000
2018-03-01 14:24:14,0.00151350,50.22000000
2018-03-01 14:24:14,0.00151370,50.61000000
2018-03-01 14:24:14,0.00151390,39.44000000
2018-03-01 14:24:14,0.00151400,141.15000000
2018-03-01 14:24:15,0.00151400,208.12000000
2018-03-01 14:24:15,0.00151300,10.00000000
2018-03-01 14:24:17,0.00151490,10.00000000
2018-03-01 14:24:17,0.00151500,40.00000000
2018-03-01 14:24:20,0.00151500,275.17000000
2018-03-01 14:24:21,0.00151500,25.36000000
2018-03-01 14:24:21,0.00151590,58.41000000
2018-03-01 14:24:21,0.00151600,97.52000000
2018-03-01 14:24:21,0.00151270,20.00000000
2018-03-01 14:24:21,0.00151260,2.34000000
2018-03-01 14:24:22,0.00151270,66.06000000
2018-03-01 14:24:22,0.00151260,2.18000000
2018-03-01 14:24:22,0.00151200,18.10000000
2018-03-01 14:24:23,0.00151480,50.00000000
2018-03-01 14:24:23,0.00151480,16.48000000
2018-03-01 14:24:23,0.00151490,5.00000000
2018-03-01 14:24:25,0.00151590,0.69000000
2018-03-01 14:24:25,0.00151590,17.41000000
2018-03-01 14:24:25,0.00151600,131.78000000
2018-03-01 14:24:28,0.00151600,10.00000000
2018-03-01 14:24:29,0.00151450,380.53000000
2018-03-01 14:24:30,0.00151500,2.40000000
2018-03-01 14:24:30,0.00151600,4.32000000
2018-03-01 14:24:37,0.00151390,2.60000000
2018-03-01 14:24:46,0.00151440,174.73000000
2018-03-01 14:24:48,0.00151500,59.20000000
2018-03-01 14:24:49,0.00151450,35.06000000
2018-03-01 14:24:49,0.00151440,2.43000000
2018-03-01 14:24:55,0.00151500,4.50000000
2018-03-01 14:24:55,0.00151390,3.00000000
2018-03-01 14:24:55,0.00151390,1.00000000
2018-03-01 14:24:56,0.00151500,5.84000000
2018-03-01 14:24:57,0.00151390,82.60000000
2018-03-01 14:25:00,0.00151390,2.35000000
2018-03-01 14:25:00,0.00151330,0.56000000
2018-03-01 14:25:01,0.00151390,1.65000000
2018-03-01 14:25:02,0.00151490,154.00000000
2018-03-01 14:25:02,0.00151500,238.22000000
2018-03-01 14:25:03,0.00151500,74.00000000
2018-03-01 14:25:03,0.00151500,16.44000000
2018-03-01 14:25:05,0.00151500,25.00000000
2018-03-01 14:25:09,0.00151450,11.00000000
2018-03-01 14:25:10,0.00151500,194.85000000
2018-03-01 14:25:11,0.00151450,0.18000000
2018-03-01 14:25:12,0.00151500,130.38000000
2018-03-01 14:25:12,0.00151450,151.89000000
2018-03-01 14:25:12,0.00151410,9.88000000
2018-03-01 14:25:12,0.00151390,14.73000000
2018-03-01 14:25:12,0.00151330,5.27000000
2018-03-01 14:25:14,0.00151330,29.59000000
2018-03-01 14:25:14,0.00151230,3.94000000
2018-03-01 14:25:14,0.00151190,27.69000000
2018-03-01 14:25:14,0.00151080,55.38000000
2018-03-01 14:25:14,0.00151070,249.32000000
2018-03-01 14:25:14,0.00151500,441.02000000
2018-03-01 14:25:14,0.00151500,55.38000000
2018-03-01 14:25:15,0.00151500,3.62000000
2018-03-01 14:25:16,0.00151500,79.85000000
2018-03-01 14:25:16,0.00151500,30.00000000
2018-03-01 14:25:18,0.00151540,194.14000000
2018-03-01 14:25:19,0.00151500,334.02000000
2018-03-01 14:25:22,0.00151540,1.00000000
2018-03-01 14:25:23,0.00151600,63.06000000
2018-03-01 14:25:25,0.00151540,0.49000000
2018-03-01 14:25:25,0.00151390,15.77000000
2018-03-01 14:25:27,0.00151590,5.39000000
2018-03-01 14:25:31,0.00151590,4.50000000
2018-03-01 14:25:32,0.00151400,55.20000000
2018-03-01 14:25:32,0.00151490,419.36000000
2018-03-01 14:25:33,0.00151400,25.35000000
2018-03-01 14:25:35,0.00151580,0.23000000
2018-03-01 14:25:35,0.00151580,47.20000000
2018-03-01 14:25:36,0.00151580,6.59000000
2018-03-01 14:25:37,0.00151580,1.18000000
2018-03-01 14:25:37,0.00151590,7.60000000
2018-03-01 14:25:40,0.00151590,45.74000000
2018-03-01 14:25:42,0.00151550,28.58000000
2018-03-01 14:25:42,0.00151420,3.28000000
2018-03-01 14:25:42,0.00151410,55.20000000
2018-03-01 14:25:42,0.00151400,82.56000000
2018-03-01 14:25:48,0.00151400,31.86000000
2018-03-01 14:25:48,0.00151390,102.27000000
2018-03-01 14:25:48,0.00151590,354.27000000
2018-03-01 14:25:48,0.00151590,0.69000000
2018-03-01 14:25:49,0.00151590,12.49000000
2018-03-01 14:25:49,0.00151590,34.32000000
2018-03-01 14:25:49,0.00151450,0.70000000
2018-03-01 14:25:54,0.00151500,6.27000000
2018-03-01 14:25:54,0.00151450,39.98000000
2018-03-01 14:25:57,0.00151450,1.20000000
2018-03-01 14:25:59,0.00151450,1.28000000
2018-03-01 14:25:59,0.00151450,3.31000000
2018-03-01 14:25:59,0.00151450,2.00000000
2018-03-01 14:25:59,0.00151450,2.00000000
2018-03-01 14:26:02,0.00151510,7.33000000
2018-03-01 14:26:09,0.00151590,4.07000000
2018-03-01 14:26:10,0.00151460,0.09000000
2018-03-01 14:26:16,0.00151510,14.00000000
2018-03-01 14:26:16,0.00151580,0.55000000
2018-03-01 14:26:19,0.00151580,4.45000000
2018-03-01 14:26:19,0.00151590,10.63000000
2018-03-01 14:26:20,0.00151590,8.05000000
2018-03-01 14:26:21,0.00151540,232.54000000
2018-03-01 14:26:21,0.00151580,40.95000000
2018-03-01 14:26:21,0.00151590,68.32000000
2018-03-01 14:26:21,0.00151590,2.90000000
2018-03-01 14:26:22,0.00151590,5.02000000
2018-03-01 14:26:23,0.00151590,12.56000000
2018-03-01 14:26:23,0.00151600,7.82000000
2018-03-01 14:26:26,0.00151590,10.00000000
2018-03-01 14:26:28,0.00151600,5.00000000
2018-03-01 14:26:32,0.00151600,39.11000000
2018-03-01 14:26:32,0.00151600,9.82000000
2018-03-01 14:26:32,0.00151600,153.04000000
2018-03-01 14:26:33,0.00151610,3.60000000
2018-03-01 14:26:33,0.00151650,2.99000000
2018-03-01 14:26:35,0.00151610,7.00000000
2018-03-01 14:26:37,0.00151650,10.93000000
2018-03-01 14:26:38,0.00151650,24.11000000
2018-03-01 14:26:38,0.00151650,42.31000000
2018-03-01 14:26:39,0.00151650,48.31000000
2018-03-01 14:26:39,0.00151610,53.90000000
2018-03-01 14:26:40,0.00151610,16.16000000
2018-03-01 14:26:40,0.00151600,186.01000000
2018-03-01 14:26:40,0.00151600,214.46000000
2018-03-01 14:26:40,0.00151590,15.50000000
2018-03-01 14:26:40,0.00151590,157.88000000
2018-03-01 14:26:40,0.00151590,58.13000000
2018-03-01 14:26:40,0.00151690,55.76000000
2018-03-01 14:26:40,0.00151700,169.19000000
2018-03-01 14:26:41,0.00151610,26.74000000
2018-03-01 14:26:42,0.00151650,5.00000000
2018-03-01 14:26:44,0.00151650,16.00000000
2018-03-01 14:26:45,0.00151650,35.41000000
2018-03-01 14:26:45,0.00151650,3.14000000
2018-03-01 14:26:47,0.00151620,15.06000000
2018-03-01 14:26:47,0.00151640,3.19000000
2018-03-01 14:26:47,0.00151620,54.95000000
2018-03-01 14:26:50,0.00151630,5.02000000
2018-03-01 14:26:51,0.00151650,9.07000000
2018-03-01 14:26:53,0.00151630,38.70000000
2018-03-01 14:26:55,0.00151630,18.27000000
2018-03-01 14:26:55,0.00151600,143.88000000
2018-03-01 14:26:55,0.00151590,1.64000000
2018-03-01 14:26:55,0.00151590,75.26000000
