DATE,PRICE,VOLUME
2018-02-27 01:00:01,0.00136920,54.49000000
2018-02-27 01:00:02,0.00136990,21.52000000
2018-02-27 01:00:06,0.00136950,2.41000000
2018-02-27 01:00:06,0.00136860,1.00000000
2018-02-27 01:00:06,0.00136830,11.06000000
2018-02-27 01:00:07,0.00136830,5.43000000
2018-02-27 01:00:07,0.00136920,63.34000000
2018-02-27 01:00:07,0.00136990,45.75000000
2018-02-27 01:00:08,0.00136950,1.00000000
2018-02-27 01:00:08,0.00136830,4.42000000
2018-02-27 01:00:16,0.00136950,1.91000000
2018-02-27 01:00:16,0.00136990,16.70000000
2018-02-27 01:00:17,0.00136960,182.38000000
2018-02-27 01:00:18,0.00136950,21.50000000
2018-02-27 01:00:27,0.00136950,8.43000000
2018-02-27 01:00:27,0.00136900,68.49000000
2018-02-27 01:00:27,0.00136840,35.37000000
2018-02-27 01:00:27,0.00136830,245.17000000
2018-02-27 01:00:27,0.00136710,1.00000000
2018-02-27 01:00:27,0.00136700,18.02000000
2018-02-27 01:00:27,0.00136670,1.00000000
2018-02-27 01:00:27,0.00136660,100.00000000
2018-02-27 01:00:27,0.00136630,41.05000000
2018-02-27 01:00:27,0.00136620,113.33000000
2018-02-27 01:00:27,0.00136500,550.10000000
2018-02-27 01:00:29,0.00136970,5.69000000
2018-02-27 01:00:31,0.00136960,5.69000000
2018-02-27 01:00:31,0.00136950,24.56000000
2018-02-27 01:00:32,0.00136950,116.96000000
2018-02-27 01:00:32,0.00136620,1.74000000
2018-02-27 01:00:32,0.00136980,0.18000000
2018-02-27 01:00:33,0.00136950,0.97000000
2018-02-27 01:00:35,0.00136950,0.84000000
2018-02-27 01:00:35,0.00136680,3.65000000
2018-02-27 01:00:35,0.00136500,85.77000000
2018-02-27 01:00:37,0.00136970,3.65000000
2018-02-27 01:00:37,0.00136980,5.77000000
2018-02-27 01:00:37,0.00136900,65.29000000
2018-02-27 01:00:44,0.00136980,1.75000000
2018-02-27 01:00:46,0.00136850,50.80000000
2018-02-27 01:00:48,0.00136980,32.27000000
2018-02-27 01:00:52,0.00136850,0.97000000
2018-02-27 01:00:52,0.00136640,9.03000000
2018-02-27 01:00:54,0.00136900,193.43000000
2018-02-27 01:01:00,0.00136850,24.69000000
2018-02-27 01:01:00,0.00136850,17.48000000
2018-02-27 01:01:06,0.00136850,9.41000000
2018-02-27 01:01:11,0.00136610,162.02000000
2018-02-27 01:01:12,0.00136840,9.03000000
2018-02-27 01:01:12,0.00136850,5.07000000
2018-02-27 01:01:15,0.00136720,76.34000000
2018-02-27 01:01:15,0.00136840,8.00000000
2018-02-27 01:01:17,0.00136840,14.63000000
2018-02-27 01:01:20,0.00136640,41.24000000
2018-02-27 01:01:21,0.00136840,45.80000000
2018-02-27 01:01:21,0.00136850,32.82000000
2018-02-27 01:01:21,0.00136950,18.08000000
2018-02-27 01:01:22,0.00136950,10.00000000
2018-02-27 01:01:23,0.00136640,317.51000000
2018-02-27 01:01:26,0.00136800,1.39000000
2018-02-27 01:01:34,0.00136710,204.48000000
2018-02-27 01:01:35,0.00136800,2.91000000
2018-02-27 01:01:46,0.00136660,2.40000000
2018-02-27 01:01:46,0.00136800,0.04000000
2018-02-27 01:01:47,0.00136800,181.51000000
2018-02-27 01:01:49,0.00136660,1.25000000
2018-02-27 01:01:49,0.00136650,3.65000000
2018-02-27 01:01:49,0.00136640,5.10000000
2018-02-27 01:01:51,0.00136740,87.38000000
2018-02-27 01:02:00,0.00136700,1.68000000
2018-02-27 01:02:00,0.00136640,11.19000000
2018-02-27 01:02:04,0.00136800,2.19000000
2018-02-27 01:02:06,0.00136640,0.29000000
2018-02-27 01:02:06,0.00136580,1.00000000
2018-02-27 01:02:06,0.00136570,1.00000000
2018-02-27 01:02:06,0.00136560,7.34000000
2018-02-27 01:02:06,0.00136550,7.10000000
2018-02-27 01:02:06,0.00136550,108.90000000
2018-02-27 01:02:06,0.00136540,1.00000000
2018-02-27 01:02:06,0.00136530,2.00000000
2018-02-27 01:02:06,0.00136520,1.00000000
2018-02-27 01:02:06,0.00136510,62.25000000
2018-02-27 01:02:06,0.00136500,54.44000000
2018-02-27 01:02:07,0.00136500,7.48000000
2018-02-27 01:02:12,0.00136500,4.37000000
2018-02-27 01:02:12,0.00136390,15.34000000
2018-02-27 01:02:12,0.00136360,59.56000000
2018-02-27 01:02:12,0.00136330,5.94000000
2018-02-27 01:02:12,0.00136310,20.76000000
2018-02-27 01:02:12,0.00136290,3.27000000
2018-02-27 01:02:12,0.00136270,1.47000000
2018-02-27 01:02:12,0.00136220,0.81000000
2018-02-27 01:02:12,0.00136210,5.00000000
2018-02-27 01:02:12,0.00136200,147.93000000
2018-02-27 01:02:12,0.00136190,50.34000000
2018-02-27 01:02:12,0.00136150,12.35000000
2018-02-27 01:02:12,0.00136140,10.95000000
2018-02-27 01:02:12,0.00136130,8.94000000
2018-02-27 01:02:12,0.00136110,63.50000000
2018-02-27 01:02:13,0.00136300,215.52000000
2018-02-27 01:02:13,0.00136500,2.20000000
2018-02-27 01:02:14,0.00136500,1.35000000
2018-02-27 01:02:17,0.00136310,36.63000000
2018-02-27 01:02:17,0.00136200,5.22000000
2018-02-27 01:02:19,0.00136200,14.35000000
2018-02-27 01:02:19,0.00136170,86.49000000
2018-02-27 01:02:19,0.00136120,12.00000000
2018-02-27 01:02:19,0.00136110,12.27000000
2018-02-27 01:02:19,0.00136490,9.50000000
2018-02-27 01:02:19,0.00136110,1.89000000
2018-02-27 01:02:23,0.00136230,3.67000000
2018-02-27 01:02:23,0.00136200,19.18000000
2018-02-27 01:02:23,0.00136200,46.03000000
2018-02-27 01:02:23,0.00136200,13.28000000
2018-02-27 01:02:23,0.00136120,18.47000000
2018-02-27 01:02:23,0.00136500,5.01000000
2018-02-27 01:02:23,0.00136130,35.34000000
2018-02-27 01:02:23,0.00136120,28.10000000
2018-02-27 01:02:25,0.00136130,8.00000000
2018-02-27 01:02:26,0.00136300,98.43000000
2018-02-27 01:02:27,0.00136330,169.71000000
2018-02-27 01:02:27,0.00136300,2.79000000
2018-02-27 01:02:28,0.00136310,8.00000000
2018-02-27 01:02:28,0.00136320,35.34000000
2018-02-27 01:02:28,0.00136300,95.64000000
2018-02-27 01:02:28,0.00136120,22.15000000
2018-02-27 01:02:28,0.00136110,91.87000000
2018-02-27 01:02:28,0.00136300,20.00000000
2018-02-27 01:02:28,0.00136110,15.82000000
2018-02-27 01:02:29,0.00136480,3.66000000
2018-02-27 01:02:29,0.00136490,10.26000000
2018-02-27 01:02:34,0.00136160,35.34000000
2018-02-27 01:02:34,0.00136150,124.27000000
2018-02-27 01:02:34,0.00136110,57.22000000
2018-02-27 01:02:34,0.00136100,611.07000000
2018-02-27 01:02:34,0.00136050,26.01000000
2018-02-27 01:02:34,0.00136050,7.00000000
2018-02-27 01:02:35,0.00136300,220.79000000
2018-02-27 01:02:36,0.00136300,5.01000000
2018-02-27 01:02:36,0.00136290,5.01000000
2018-02-27 01:02:37,0.00136290,5.01000000
2018-02-27 01:02:37,0.00136290,5.01000000
2018-02-27 01:02:37,0.00136290,3.40000000
2018-02-27 01:02:37,0.00136290,5.01000000
2018-02-27 01:02:38,0.00136290,3.57000000
2018-02-27 01:02:38,0.00136290,8.33000000
2018-02-27 01:02:38,0.00136300,72.64000000
2018-02-27 01:02:38,0.00136300,80.97000000
2018-02-27 01:02:38,0.00136290,8.00000000
2018-02-27 01:02:38,0.00136190,36.68000000
2018-02-27 01:02:38,0.00136150,19.76000000
2018-02-27 01:02:38,0.00136300,6.94000000
2018-02-27 01:02:42,0.00136290,3.83000000
2018-02-27 01:02:42,0.00136290,220.79000000
2018-02-27 01:02:42,0.00136290,5.01000000
2018-02-27 01:02:42,0.00136290,10.00000000
2018-02-27 01:02:42,0.00136290,5.01000000
2018-02-27 01:02:42,0.00136290,5.01000000
2018-02-27 01:02:43,0.00136290,5.01000000
2018-02-27 01:02:43,0.00136290,5.01000000
2018-02-27 01:02:44,0.00136290,27.70000000
2018-02-27 01:02:44,0.00136290,5.01000000
2018-02-27 01:02:44,0.00136290,5.01000000
2018-02-27 01:02:45,0.00136290,5.01000000
2018-02-27 01:02:45,0.00136290,3.24000000
2018-02-27 01:02:45,0.00136290,3.24000000
2018-02-27 01:02:45,0.00136190,13.70000000
2018-02-27 01:02:46,0.00136290,2.27000000
2018-02-27 01:02:46,0.00136290,4.31000000
2018-02-27 01:02:46,0.00136290,1.29000000
2018-02-27 01:02:46,0.00136290,20.49000000
2018-02-27 01:02:46,0.00136300,1.15000000
2018-02-27 01:02:47,0.00136190,33.43000000
2018-02-27 01:02:47,0.00136150,47.60000000
2018-02-27 01:02:47,0.00136110,6.90000000
2018-02-27 01:02:47,0.00136050,337.72000000
2018-02-27 01:02:47,0.00136020,2.21000000
2018-02-27 01:02:47,0.00136010,131.17000000
2018-02-27 01:02:48,0.00136290,2.05000000
2018-02-27 01:02:48,0.00136290,6.38000000
2018-02-27 01:02:50,0.00136280,3.50000000
2018-02-27 01:02:51,0.00136280,3.44000000
2018-02-27 01:02:51,0.00136290,1.56000000
2018-02-27 01:02:51,0.00136290,1.40000000
2018-02-27 01:02:52,0.00136290,0.56000000
2018-02-27 01:02:52,0.00136290,0.08000000
2018-02-27 01:02:52,0.00136290,0.22000000
2018-02-27 01:02:53,0.00136010,30.00000000
2018-02-27 01:02:53,0.00136200,9.63000000
2018-02-27 01:02:53,0.00136200,65.33000000
2018-02-27 01:02:53,0.00136200,10.45000000
2018-02-27 01:02:53,0.00136200,44.38000000
2018-02-27 01:02:53,0.00136290,118.94000000
2018-02-27 01:02:53,0.00136290,26.13000000
2018-02-27 01:02:54,0.00136140,61.18000000
2018-02-27 01:02:54,0.00136140,48.30000000
2018-02-27 01:02:55,0.00136010,88.83000000
2018-02-27 01:02:56,0.00136010,82.89000000
2018-02-27 01:02:56,0.00136000,317.52000000
2018-02-27 01:02:57,0.00136140,61.18000000
2018-02-27 01:02:58,0.00136200,0.89000000
2018-02-27 01:02:58,0.00136200,0.89000000
2018-02-27 01:02:59,0.00136200,28.22000000
2018-02-27 01:02:59,0.00136010,119.00000000
2018-02-27 01:02:59,0.00136000,60.93000000
2018-02-27 01:02:59,0.00136000,2.26000000
2018-02-27 01:03:00,0.00136290,3.61000000
2018-02-27 01:03:00,0.00136290,7.20000000
2018-02-27 01:03:01,0.00136000,843.30000000
2018-02-27 01:03:04,0.00136290,0.71000000
2018-02-27 01:03:05,0.00136000,265.23000000
2018-02-27 01:03:05,0.00136280,0.02000000
2018-02-27 01:03:06,0.00136000,101.89000000
2018-02-27 01:03:07,0.00136130,237.62000000
2018-02-27 01:03:09,0.00136000,200.11000000
2018-02-27 01:03:10,0.00136000,40.00000000
2018-02-27 01:03:11,0.00136000,20.36000000
2018-02-27 01:03:11,0.00136000,66.51000000
2018-02-27 01:03:11,0.00136000,172.22000000
2018-02-27 01:03:13,0.00136000,2.82000000
2018-02-27 01:03:14,0.00136000,259.15000000
2018-02-27 01:03:16,0.00136020,2.32000000
2018-02-27 01:03:16,0.00136000,2.13000000
2018-02-27 01:03:16,0.00136000,55.48000000
2018-02-27 01:03:16,0.00136000,0.01000000
2018-02-27 01:03:19,0.00136000,1.14000000
2018-02-27 01:03:20,0.00136120,120.28000000
2018-02-27 01:03:27,0.00136010,87.62000000
2018-02-27 01:03:27,0.00136000,16.17000000
2018-02-27 01:03:27,0.00136000,249.04000000
2018-02-27 01:03:27,0.00136000,112.61000000
2018-02-27 01:03:28,0.00136000,170.06000000
2018-02-27 01:03:28,0.00135950,2.68000000
2018-02-27 01:03:28,0.00135950,0.24000000
2018-02-27 01:03:28,0.00135940,1.60000000
2018-02-27 01:03:28,0.00135910,3.66000000
2018-02-27 01:03:28,0.00135900,2.50000000
2018-02-27 01:03:30,0.00136000,15.52000000
2018-02-27 01:03:31,0.00136000,0.42000000
2018-02-27 01:03:31,0.00136250,6.91000000
2018-02-27 01:03:31,0.00136010,1.60000000
2018-02-27 01:03:32,0.00135950,5.37000000
2018-02-27 01:03:32,0.00136010,10.94000000
2018-02-27 01:03:34,0.00136000,71.00000000
2018-02-27 01:03:34,0.00135920,40.00000000
2018-02-27 01:03:34,0.00135910,14.00000000
2018-02-27 01:03:35,0.00135950,222.67000000
2018-02-27 01:03:36,0.00135920,3.67000000
2018-02-27 01:03:36,0.00135860,21.52000000
2018-02-27 01:03:36,0.00135850,14.81000000
2018-02-27 01:03:41,0.00135920,4.31000000
2018-02-27 01:03:41,0.00135910,35.52000000
2018-02-27 01:03:41,0.00136250,37.18000000
2018-02-27 01:03:41,0.00136260,78.56000000
2018-02-27 01:03:45,0.00136000,0.94000000
2018-02-27 01:03:45,0.00135910,56.99000000
2018-02-27 01:03:46,0.00136200,3.33000000
2018-02-27 01:03:47,0.00135910,54.74000000
2018-02-27 01:03:47,0.00135910,30.41000000
2018-02-27 01:03:50,0.00135910,7.57000000
2018-02-27 01:03:50,0.00136050,3.10000000
2018-02-27 01:03:50,0.00136050,60.90000000
2018-02-27 01:03:50,0.00135910,20.35000000
2018-02-27 01:03:51,0.00135910,49.93000000
2018-02-27 01:03:52,0.00135910,96.18000000
2018-02-27 01:03:52,0.00135850,15.41000000
2018-02-27 01:03:52,0.00135840,3.65000000
2018-02-27 01:03:52,0.00135810,5.05000000
2018-02-27 01:03:55,0.00135850,15.85000000
2018-02-27 01:03:55,0.00135850,0.02000000
2018-02-27 01:03:57,0.00135850,15.85000000
2018-02-27 01:03:57,0.00135810,4.28000000
2018-02-27 01:03:57,0.00135810,28.44000000
2018-02-27 01:03:57,0.00135800,33.70000000
2018-02-27 01:04:00,0.00135990,6.16000000
2018-02-27 01:04:01,0.00135990,0.01000000
2018-02-27 01:04:01,0.00136000,27.43000000
2018-02-27 01:04:02,0.00136000,5.04000000
2018-02-27 01:04:03,0.00135850,4.64000000
2018-02-27 01:04:03,0.00135800,144.41000000
2018-02-27 01:04:05,0.00135800,65.53000000
2018-02-27 01:04:05,0.00135780,2.95000000
2018-02-27 01:04:05,0.00135760,0.74000000
2018-02-27 01:04:05,0.00135890,239.85000000
2018-02-27 01:04:07,0.00135800,68.65000000
2018-02-27 01:04:07,0.00136000,2.20000000
2018-02-27 01:04:15,0.00135760,6.63000000
2018-02-27 01:04:15,0.00135710,13.36000000
2018-02-27 01:04:15,0.00135700,8.29000000
2018-02-27 01:04:15,0.00135690,75.79000000
2018-02-27 01:04:15,0.00135650,3.68000000
2018-02-27 01:04:15,0.00135610,31.87000000
2018-02-27 01:04:15,0.00135600,235.72000000
2018-02-27 01:04:18,0.00135990,2.20000000
2018-02-27 01:04:24,0.00135870,79.16000000
2018-02-27 01:04:24,0.00135770,16.66000000
2018-02-27 01:04:27,0.00135770,61.71000000
2018-02-27 01:04:27,0.00135600,42.89000000
2018-02-27 01:04:27,0.00135590,15.15000000
2018-02-27 01:04:27,0.00135970,0.92000000
2018-02-27 01:04:31,0.00135650,27.18000000
2018-02-27 01:04:35,0.00135760,255.01000000
2018-02-27 01:04:37,0.00135650,23.73000000
2018-02-27 01:04:37,0.00135890,2.94000000
2018-02-27 01:04:39,0.00135650,53.74000000
2018-02-27 01:04:39,0.00135610,12.00000000
2018-02-27 01:04:39,0.00135590,35.28000000
2018-02-27 01:04:39,0.00135550,197.87000000
2018-02-27 01:04:42,0.00135900,10.59000000
2018-02-27 01:04:42,0.00135980,4.98000000
2018-02-27 01:04:43,0.00135770,2.31000000
2018-02-27 01:04:44,0.00135770,1.79000000
2018-02-27 01:04:44,0.00135770,87.79000000
2018-02-27 01:04:45,0.00135770,6.08000000
2018-02-27 01:04:45,0.00135770,6.13000000
2018-02-27 01:04:45,0.00135770,5.11000000
2018-02-27 01:04:45,0.00135770,5.11000000
2018-02-27 01:04:45,0.00135770,6.13000000
2018-02-27 01:04:45,0.00135770,6.13000000
2018-02-27 01:04:45,0.00135770,1.21000000
2018-02-27 01:04:45,0.00135770,14.40000000
2018-02-27 01:04:46,0.00135760,31.77000000
2018-02-27 01:04:47,0.00135760,0.41000000
2018-02-27 01:04:47,0.00135770,42.17000000
2018-02-27 01:04:50,0.00135740,94.32000000
2018-02-27 01:04:51,0.00135610,1.76000000
2018-02-27 01:04:53,0.00135610,1.42000000
2018-02-27 01:04:53,0.00135890,15.95000000
2018-02-27 01:04:56,0.00135610,2.00000000
2018-02-27 01:04:58,0.00135660,11.11000000
2018-02-27 01:05:01,0.00135770,4.84000000
2018-02-27 01:05:02,0.00135770,173.42000000
2018-02-27 01:05:02,0.00135660,88.89000000
2018-02-27 01:05:02,0.00135610,18.39000000
2018-02-27 01:05:02,0.00135600,4.26000000
2018-02-27 01:05:02,0.00135880,2.94000000
2018-02-27 01:05:04,0.00135880,2.17000000
2018-02-27 01:05:04,0.00135890,82.83000000
2018-02-27 01:05:04,0.00135600,2.64000000
2018-02-27 01:05:04,0.00135890,234.94000000
2018-02-27 01:05:04,0.00135660,13.76000000
2018-02-27 01:05:07,0.00135890,23.80000000
2018-02-27 01:05:07,0.00135990,58.72000000
2018-02-27 01:05:07,0.00136000,41.76000000
2018-02-27 01:05:10,0.00135820,270.17000000
2018-02-27 01:05:10,0.00135660,20.92000000
2018-02-27 01:05:10,0.00135660,14.08000000
2018-02-27 01:05:11,0.00135990,1.27000000
2018-02-27 01:05:16,0.00135990,18.73000000
2018-02-27 01:05:16,0.00136000,74.70000000
2018-02-27 01:05:16,0.00136000,9.86000000
2018-02-27 01:05:16,0.00136010,27.00000000
2018-02-27 01:05:16,0.00136050,3.10000000
2018-02-27 01:05:16,0.00136200,59.38000000
2018-02-27 01:05:17,0.00135700,30.08000000
2018-02-27 01:05:17,0.00135670,5.00000000
2018-02-27 01:05:18,0.00136190,1.62000000
2018-02-27 01:05:19,0.00136190,18.38000000
2018-02-27 01:05:19,0.00136200,20.66000000
2018-02-27 01:05:21,0.00136150,44.35000000
2018-02-27 01:05:24,0.00136150,55.65000000
2018-02-27 01:05:24,0.00136200,67.41000000
2018-02-27 01:05:25,0.00136200,1.47000000
2018-02-27 01:05:25,0.00136190,5.95000000
2018-02-27 01:05:25,0.00136190,1.00000000
2018-02-27 01:05:25,0.00136200,192.26000000
2018-02-27 01:05:25,0.00136210,20.00000000
2018-02-27 01:05:25,0.00136200,37.92000000
2018-02-27 01:05:26,0.00136200,85.55000000
2018-02-27 01:05:26,0.00136240,109.14000000
2018-02-27 01:05:27,0.00136200,3.68000000
2018-02-27 01:05:27,0.00136290,18.41000000
2018-02-27 01:05:27,0.00136200,50.00000000
2018-02-27 01:05:27,0.00136300,72.14000000
2018-02-27 01:05:27,0.00136430,7.13000000
2018-02-27 01:05:30,0.00136250,5.00000000
2018-02-27 01:05:31,0.00136400,60.13000000
2018-02-27 01:05:31,0.00136430,1.67000000
2018-02-27 01:05:31,0.00136510,30.34000000
2018-02-27 01:05:32,0.00136430,5.00000000
2018-02-27 01:05:32,0.00136430,6.38000000
2018-02-27 01:05:33,0.00136430,56.89000000
2018-02-27 01:05:34,0.00136510,29.00000000
2018-02-27 01:05:34,0.00136310,63.41000000
2018-02-27 01:05:34,0.00136300,21.42000000
2018-02-27 01:05:34,0.00136250,100.49000000
2018-02-27 01:05:35,0.00136510,0.65000000
2018-02-27 01:05:35,0.00136430,4.24000000
2018-02-27 01:05:36,0.00136430,268.52000000
2018-02-27 01:05:36,0.00136250,1.12000000
2018-02-27 01:05:36,0.00136510,20.98000000
2018-02-27 01:05:36,0.00136600,12.95000000
2018-02-27 01:05:36,0.00136950,35.17000000
2018-02-27 01:05:38,0.00136940,0.21000000
2018-02-27 01:05:40,0.00136940,7.30000000
2018-02-27 01:05:40,0.00136940,12.94000000
2018-02-27 01:05:40,0.00136940,10.47000000
2018-02-27 01:05:41,0.00136940,21.49000000
2018-02-27 01:05:42,0.00136940,19.25000000
2018-02-27 01:05:42,0.00136940,61.38000000
2018-02-27 01:05:42,0.00136360,40.00000000
2018-02-27 01:05:42,0.00136350,9.00000000
2018-02-27 01:05:42,0.00136350,7.30000000
2018-02-27 01:05:43,0.00136930,176.50000000
2018-02-27 01:05:43,0.00136940,23.95000000
2018-02-27 01:05:43,0.00136950,137.49000000
2018-02-27 01:05:43,0.00136390,3.47000000
2018-02-27 01:05:44,0.00136410,5.00000000
2018-02-27 01:05:44,0.00136410,75.00000000
2018-02-27 01:05:44,0.00136400,9.33000000
2018-02-27 01:05:44,0.00136390,49.10000000
2018-02-27 01:05:44,0.00136390,61.92000000
2018-02-27 01:05:44,0.00136380,13.08000000
2018-02-27 01:05:45,0.00136940,12.89000000
2018-02-27 01:05:46,0.00136400,5.00000000
2018-02-27 01:05:46,0.00136880,1.62000000
2018-02-27 01:05:46,0.00136630,284.99000000
2018-02-27 01:05:46,0.00136870,1.62000000
2018-02-27 01:05:47,0.00136860,18.50000000
2018-02-27 01:05:48,0.00136860,13.08000000
2018-02-27 01:05:48,0.00136870,2.12000000
2018-02-27 01:05:48,0.00136410,1.01000000
2018-02-27 01:05:48,0.00136880,5.72000000
2018-02-27 01:05:48,0.00136940,9.33000000
2018-02-27 01:05:48,0.00136950,10.05000000
2018-02-27 01:05:48,0.00136970,5.54000000
2018-02-27 01:05:48,0.00137000,5.20000000
2018-02-27 01:05:50,0.00136420,2.69000000
2018-02-27 01:05:50,0.00136850,47.66000000
2018-02-27 01:05:51,0.00136850,13.73000000
2018-02-27 01:05:51,0.00136970,1.00000000
2018-02-27 01:05:51,0.00136960,3.00000000
2018-02-27 01:05:52,0.00136470,1.50000000
2018-02-27 01:05:53,0.00136910,2.19000000
2018-02-27 01:05:53,0.00136480,0.71000000
2018-02-27 01:05:55,0.00136480,2.69000000
2018-02-27 01:05:55,0.00136880,51.59000000
2018-02-27 01:05:56,0.00136480,4.24000000
2018-02-27 01:05:58,0.00136860,2.92000000
2018-02-27 01:05:58,0.00136490,2.94000000
2018-02-27 01:05:58,0.00136390,2.06000000
2018-02-27 01:05:59,0.00136860,1.62000000
2018-02-27 01:06:00,0.00136420,2.69000000
2018-02-27 01:06:00,0.00136840,18.75000000
2018-02-27 01:06:00,0.00136850,10.27000000
2018-02-27 01:06:00,0.00136860,117.09000000
2018-02-27 01:06:01,0.00136860,3.33000000
2018-02-27 01:06:02,0.00136490,5.00000000
2018-02-27 01:06:03,0.00136830,0.80000000
2018-02-27 01:06:04,0.00136490,5.00000000
2018-02-27 01:06:06,0.00136510,2.69000000
2018-02-27 01:06:07,0.00136660,124.30000000
2018-02-27 01:06:07,0.00136510,4.62000000
2018-02-27 01:06:07,0.00136500,5.00000000
2018-02-27 01:06:07,0.00136490,11.83000000
2018-02-27 01:06:08,0.00136480,108.00000000
2018-02-27 01:06:08,0.00136490,0.02000000
2018-02-27 01:06:08,0.00136820,38.70000000
2018-02-27 01:06:09,0.00136480,3.52000000
2018-02-27 01:06:10,0.00136480,1.10000000
2018-02-27 01:06:12,0.00136500,1.10000000
2018-02-27 01:06:13,0.00136810,3.68000000
2018-02-27 01:06:13,0.00136820,11.76000000
2018-02-27 01:06:13,0.00136870,5.00000000
2018-02-27 01:06:13,0.00136880,8.69000000
2018-02-27 01:06:14,0.00136810,3.65000000
2018-02-27 01:06:14,0.00136510,4.92000000
2018-02-27 01:06:15,0.00136510,35.37000000
2018-02-27 01:06:15,0.00136500,27.93000000
2018-02-27 01:06:15,0.00136480,42.70000000
2018-02-27 01:06:15,0.00136880,7.30000000
2018-02-27 01:06:17,0.00136860,43.64000000
2018-02-27 01:06:22,0.00136820,7.28000000
2018-02-27 01:06:27,0.00136650,300.15000000
2018-02-27 01:06:32,0.00136640,13.67000000
2018-02-27 01:06:32,0.00136650,6.99000000
2018-02-27 01:06:32,0.00136700,62.70000000
2018-02-27 01:06:36,0.00136650,20.00000000
2018-02-27 01:06:39,0.00136860,124.50000000
2018-02-27 01:06:47,0.00136740,139.46000000
2018-02-27 01:06:47,0.00136800,21.40000000
2018-02-27 01:06:48,0.00136790,4.53000000
2018-02-27 01:06:49,0.00136650,22.48000000
2018-02-27 01:06:55,0.00136650,50.21000000
2018-02-27 01:06:58,0.00136650,141.55000000
2018-02-27 01:06:59,0.00136690,315.31000000
2018-02-27 01:07:02,0.00136740,25.00000000
2018-02-27 01:07:04,0.00136800,15.00000000
2018-02-27 01:07:10,0.00136800,13.60000000
2018-02-27 01:07:10,0.00136860,2.71000000
2018-02-27 01:07:10,0.00136880,30.14000000
2018-02-27 01:07:10,0.00136970,34.96000000
2018-02-27 01:07:12,0.00136800,2.92000000
2018-02-27 01:07:12,0.00136970,7.47000000
2018-02-27 01:07:12,0.00137000,17.26000000
2018-02-27 01:07:12,0.00137060,205.27000000
2018-02-27 01:07:12,0.00137090,504.71000000
2018-02-27 01:07:17,0.00137100,75.14000000
2018-02-27 01:07:17,0.00137100,103.60000000
2018-02-27 01:07:17,0.00137000,300.52000000
2018-02-27 01:07:17,0.00137000,3.37000000
2018-02-27 01:07:17,0.00137000,543.64000000
2018-02-27 01:07:19,0.00137030,154.62000000
2018-02-27 01:07:19,0.00137240,20.00000000
2018-02-27 01:07:19,0.00137240,2.45000000
2018-02-27 01:07:20,0.00137240,12.33000000
2018-02-27 01:07:20,0.00137240,12.55000000
2018-02-27 01:07:21,0.00137250,13.20000000
2018-02-27 01:07:21,0.00137260,11.96000000
2018-02-27 01:07:21,0.00137280,1.54000000
2018-02-27 01:07:21,0.00137290,1.40000000
2018-02-27 01:07:21,0.00137300,20.22000000
2018-02-27 01:07:21,0.00137300,46.03000000
2018-02-27 01:07:21,0.00137300,44.50000000
2018-02-27 01:07:21,0.00137300,164.60000000
2018-02-27 01:07:21,0.00137100,35.00000000
2018-02-27 01:07:21,0.00137030,221.60000000
2018-02-27 01:07:21,0.00137030,238.51000000
2018-02-27 01:07:22,0.00137010,20.00000000
2018-02-27 01:07:22,0.00137000,21.37000000
2018-02-27 01:07:23,0.00137010,40.00000000
2018-02-27 01:07:23,0.00137380,0.73000000
2018-02-27 01:07:24,0.00136860,88.46000000
2018-02-27 01:07:24,0.00136850,3.66000000
2018-02-27 01:07:24,0.00136840,30.57000000
2018-02-27 01:07:24,0.00136830,1.00000000
2018-02-27 01:07:25,0.00136830,44.50000000
2018-02-27 01:07:25,0.00136830,22.90000000
2018-02-27 01:07:25,0.00136830,56.51000000
2018-02-27 01:07:25,0.00136830,52.40000000
2018-02-27 01:07:25,0.00137370,4.86000000
2018-02-27 01:07:25,0.00137370,9.16000000
2018-02-27 01:07:25,0.00137370,3.66000000
2018-02-27 01:07:26,0.00137360,39.27000000
2018-02-27 01:07:26,0.00137370,113.91000000
2018-02-27 01:07:26,0.00137350,9.80000000
2018-02-27 01:07:26,0.00137350,30.20000000
2018-02-27 01:07:26,0.00137370,31.07000000
2018-02-27 01:07:26,0.00137370,24.50000000
2018-02-27 01:07:28,0.00137340,63.95000000
2018-02-27 01:07:30,0.00137340,6.33000000
2018-02-27 01:07:30,0.00137340,15.98000000
2018-02-27 01:07:33,0.00137160,330.47000000
2018-02-27 01:07:34,0.00137010,20.00000000
2018-02-27 01:07:34,0.00137000,400.75000000
2018-02-27 01:07:34,0.00137000,92.63000000
2018-02-27 01:07:36,0.00137000,4.51000000
2018-02-27 01:07:36,0.00136860,32.86000000
2018-02-27 01:07:37,0.00137000,7.37000000
2018-02-27 01:07:37,0.00137000,19.89000000
2018-02-27 01:07:38,0.00137000,15.00000000
2018-02-27 01:07:38,0.00137000,72.70000000
2018-02-27 01:07:42,0.00137300,8.00000000
2018-02-27 01:07:43,0.00137100,2.91000000
2018-02-27 01:07:48,0.00137000,12.47000000
2018-02-27 01:07:49,0.00137270,3.66000000
2018-02-27 01:07:49,0.00137280,40.45000000
2018-02-27 01:07:51,0.00137130,169.78000000
2018-02-27 01:07:56,0.00137250,6.90000000
2018-02-27 01:07:56,0.00137260,76.72000000
2018-02-27 01:07:56,0.00137260,10.81000000
2018-02-27 01:07:56,0.00137260,83.62000000
2018-02-27 01:07:56,0.00137260,7.25000000
2018-02-27 01:07:57,0.00137260,0.67000000
2018-02-27 01:07:57,0.00137000,7.25000000
2018-02-27 01:07:57,0.00137250,9.32000000
2018-02-27 01:07:57,0.00137240,12.76000000
2018-02-27 01:07:59,0.00137030,3.64000000
2018-02-27 01:07:59,0.00137000,24.62000000
2018-02-27 01:08:00,0.00137000,31.94000000
2018-02-27 01:08:00,0.00137240,0.54000000
2018-02-27 01:08:01,0.00137100,10.00000000
2018-02-27 01:08:01,0.00136990,13.85000000
2018-02-27 01:08:04,0.00136940,9.09000000
2018-02-27 01:08:06,0.00136910,22.83000000
2018-02-27 01:08:07,0.00136990,60.67000000
2018-02-27 01:08:07,0.00137240,39.70000000
2018-02-27 01:08:09,0.00136940,56.97000000
2018-02-27 01:08:11,0.00136940,10.91000000
2018-02-27 01:08:11,0.00136940,7.63000000
2018-02-27 01:08:14,0.00136940,8.11000000
2018-02-27 01:08:17,0.00137000,1.00000000
2018-02-27 01:08:17,0.00137000,1.00000000
2018-02-27 01:08:17,0.00136960,1.00000000
2018-02-27 01:08:18,0.00136970,184.60000000
2018-02-27 01:08:18,0.00136960,2.44000000
2018-02-27 01:08:18,0.00136940,1.50000000
2018-02-27 01:08:18,0.00136940,20.37000000
2018-02-27 01:08:22,0.00137000,286.87000000
2018-02-27 01:08:24,0.00136940,10.00000000
2018-02-27 01:08:28,0.00136940,1.53000000
2018-02-27 01:08:28,0.00137000,1.00000000
2018-02-27 01:08:28,0.00136940,291.13000000
2018-02-27 01:08:30,0.00136940,10.72000000
2018-02-27 01:08:37,0.00136920,23.91000000
2018-02-27 01:08:38,0.00136940,20.52000000
2018-02-27 01:08:39,0.00136940,33.69000000
2018-02-27 01:08:40,0.00136940,29.06000000
2018-02-27 01:08:44,0.00136990,39.25000000
2018-02-27 01:08:44,0.00137000,281.92000000
2018-02-27 01:08:44,0.00137140,49.83000000
2018-02-27 01:08:46,0.00137000,121.42000000
2018-02-27 01:08:47,0.00136940,19.98000000
2018-02-27 01:08:49,0.00136960,199.76000000
2018-02-27 01:08:51,0.00136940,100.14000000
2018-02-27 01:08:58,0.00136990,0.34000000
2018-02-27 01:08:59,0.00136990,17.87000000
2018-02-27 01:09:00,0.00136990,6.00000000
2018-02-27 01:09:02,0.00136990,15.05000000
2018-02-27 01:09:03,0.00137000,262.28000000
2018-02-27 01:09:11,0.00137060,39.07000000
2018-02-27 01:09:13,0.00137000,47.00000000
2018-02-27 01:09:14,0.00137000,2.10000000
2018-02-27 01:09:17,0.00137000,36.41000000
2018-02-27 01:09:19,0.00136990,39.00000000
2018-02-27 01:09:19,0.00136990,79.96000000
2018-02-27 01:09:20,0.00136990,5.10000000
2018-02-27 01:09:26,0.00136990,5.95000000
2018-02-27 01:09:29,0.00136970,214.92000000
2018-02-27 01:09:36,0.00136960,0.40000000
2018-02-27 01:09:36,0.00136990,8.67000000
2018-02-27 01:09:43,0.00136970,14.67000000
2018-02-27 01:09:44,0.00136960,14.14000000
2018-02-27 01:09:47,0.00136960,10.47000000
2018-02-27 01:09:47,0.00136920,2.45000000
2018-02-27 01:09:47,0.00136910,20.39000000
2018-02-27 01:09:47,0.00136900,36.29000000
2018-02-27 01:09:48,0.00136970,3.00000000
2018-02-27 01:09:51,0.00136970,218.06000000
2018-02-27 01:09:51,0.00136970,29.23000000
2018-02-27 01:09:51,0.00136970,7.28000000
2018-02-27 01:09:51,0.00136970,218.06000000
2018-02-27 01:09:53,0.00136900,30.40000000
2018-02-27 01:09:53,0.00136880,219.73000000
2018-02-27 01:09:53,0.00136860,54.76000000
2018-02-27 01:09:56,0.00136900,1.00000000
2018-02-27 01:09:56,0.00136900,229.08000000
2018-02-27 01:09:57,0.00136900,1.00000000
2018-02-27 01:09:57,0.00136860,5.29000000
2018-02-27 01:09:58,0.00136860,45.20000000
2018-02-27 01:09:58,0.00136860,1.70000000
2018-02-27 01:10:00,0.00136860,1.00000000
2018-02-27 01:10:01,0.00136860,4.82000000
2018-02-27 01:10:01,0.00136860,7.91000000
2018-02-27 01:10:04,0.00136700,29.51000000
2018-02-27 01:10:07,0.00136700,4.64000000
2018-02-27 01:10:07,0.00136690,5.00000000
2018-02-27 01:10:09,0.00136690,18.17000000
2018-02-27 01:10:09,0.00136650,715.81000000
2018-02-27 01:10:14,0.00136650,145.16000000
2018-02-27 01:10:14,0.00136650,40.93000000
2018-02-27 01:10:14,0.00136650,34.11000000
2018-02-27 01:10:15,0.00136620,23.37000000
2018-02-27 01:10:15,0.00136560,69.39000000
2018-02-27 01:10:15,0.00136650,0.82000000
2018-02-27 01:10:20,0.00136650,1.78000000
2018-02-27 01:10:21,0.00136530,3.66000000
2018-02-27 01:10:21,0.00136520,3.66000000
2018-02-27 01:10:21,0.00136510,2.13000000
2018-02-27 01:10:21,0.00136500,254.95000000
2018-02-27 01:10:21,0.00136540,3.66000000
2018-02-27 01:10:22,0.00136540,11.92000000
2018-02-27 01:10:24,0.00136500,1.87000000
2018-02-27 01:10:25,0.00136650,2.42000000
2018-02-27 01:10:25,0.00136510,3.66000000
2018-02-27 01:10:25,0.00136500,5.88000000
2018-02-27 01:10:25,0.00136480,5.18000000
2018-02-27 01:10:31,0.00136540,6.00000000
2018-02-27 01:10:31,0.00136480,70.44000000
2018-02-27 01:10:33,0.00136480,1.54000000
2018-02-27 01:10:33,0.00136480,14.70000000
2018-02-27 01:10:33,0.00136480,1.00000000
2018-02-27 01:10:34,0.00136430,245.24000000
2018-02-27 01:10:34,0.00136480,163.40000000
2018-02-27 01:10:40,0.00136480,1.79000000
2018-02-27 01:10:40,0.00136480,122.58000000
2018-02-27 01:10:49,0.00136480,1.00000000
2018-02-27 01:10:49,0.00136400,83.00000000
2018-02-27 01:10:49,0.00136390,17.52000000
2018-02-27 01:10:49,0.00136390,4.62000000
2018-02-27 01:10:50,0.00136390,114.93000000
2018-02-27 01:10:50,0.00136590,8.00000000
2018-02-27 01:10:51,0.00136440,83.00000000
2018-02-27 01:10:51,0.00136440,1.55000000
2018-02-27 01:10:51,0.00136440,83.00000000
2018-02-27 01:10:53,0.00136480,19.87000000
2018-02-27 01:10:59,0.00136580,2.00000000
2018-02-27 01:11:03,0.00136460,260.40000000
2018-02-27 01:11:04,0.00136440,2.69000000
2018-02-27 01:11:05,0.00136440,8.62000000
2018-02-27 01:11:06,0.00136250,7.76000000
2018-02-27 01:11:06,0.00136240,5.13000000
2018-02-27 01:11:08,0.00136440,7.17000000
2018-02-27 01:11:11,0.00136500,11.95000000
2018-02-27 01:11:13,0.00136440,0.75000000
2018-02-27 01:11:15,0.00136440,0.79000000
2018-02-27 01:11:17,0.00136440,0.10000000
2018-02-27 01:11:17,0.00136440,59.11000000
2018-02-27 01:11:18,0.00136450,99.37000000
2018-02-27 01:11:23,0.00136440,22.54000000
2018-02-27 01:11:29,0.00136440,9.57000000
2018-02-27 01:11:29,0.00136440,7.05000000
2018-02-27 01:11:30,0.00136440,3.33000000
2018-02-27 01:11:31,0.00136440,155.16000000
2018-02-27 01:11:32,0.00136440,41.54000000
2018-02-27 01:11:33,0.00136440,44.35000000
2018-02-27 01:11:34,0.00136440,13.07000000
2018-02-27 01:11:39,0.00136340,275.22000000
2018-02-27 01:11:41,0.00136240,11.72000000
2018-02-27 01:11:41,0.00136180,14.15000000
2018-02-27 01:11:52,0.00136440,341.51000000
2018-02-27 01:11:53,0.00136440,40.31000000
2018-02-27 01:11:53,0.00136360,5.31000000
2018-02-27 01:11:53,0.00136200,2.27000000
2018-02-27 01:11:53,0.00136180,245.24000000
2018-02-27 01:11:53,0.00136150,31.00000000
2018-02-27 01:11:53,0.00136150,1.64000000
2018-02-27 01:11:54,0.00136150,25.17000000
2018-02-27 01:11:54,0.00136150,252.84000000
2018-02-27 01:11:56,0.00136310,114.53000000
2018-02-27 01:11:57,0.00136200,96.11000000
2018-02-27 01:11:57,0.00136440,4.00000000
2018-02-27 01:12:00,0.00136190,44.07000000
2018-02-27 01:12:10,0.00136180,1.59000000
2018-02-27 01:12:10,0.00136120,20.89000000
2018-02-27 01:12:12,0.00136260,290.38000000
2018-02-27 01:12:14,0.00136190,78.87000000
2018-02-27 01:12:17,0.00136400,3.92000000
2018-02-27 01:12:17,0.00136430,7.21000000
2018-02-27 01:12:24,0.00136400,53.05000000
2018-02-27 01:12:27,0.00136400,1.81000000
2018-02-27 01:12:27,0.00136290,129.69000000
2018-02-27 01:12:27,0.00136400,1.83000000
2018-02-27 01:12:29,0.00136390,10.98000000
2018-02-27 01:12:29,0.00136400,69.90000000
2018-02-27 01:12:35,0.00136390,7.32000000
2018-02-27 01:12:35,0.00136400,259.16000000
2018-02-27 01:12:37,0.00136280,1.52000000
2018-02-27 01:12:40,0.00136330,0.94000000
2018-02-27 01:12:40,0.00136330,304.60000000
2018-02-27 01:12:49,0.00136280,50.00000000
2018-02-27 01:12:49,0.00136280,22.08000000
2018-02-27 01:12:49,0.00136260,8.57000000
2018-02-27 01:12:49,0.00136210,17.99000000
2018-02-27 01:12:51,0.00136210,17.83000000
2018-02-27 01:12:51,0.00136200,137.95000000
2018-02-27 01:12:51,0.00136200,7.34000000
2018-02-27 01:12:56,0.00136200,6.86000000
2018-02-27 01:12:56,0.00136200,3.67000000
2018-02-27 01:12:58,0.00136200,44.83000000
2018-02-27 01:12:58,0.00136190,5.01000000
2018-02-27 01:12:58,0.00136110,6.85000000
2018-02-27 01:12:58,0.00136230,144.85000000
2018-02-27 01:13:02,0.00136200,1.11000000
2018-02-27 01:13:02,0.00136200,19.47000000
2018-02-27 01:13:03,0.00136200,1.00000000
2018-02-27 01:13:04,0.00136200,4.45000000
2018-02-27 01:13:05,0.00136270,5.00000000
2018-02-27 01:13:05,0.00136280,33.90000000
2018-02-27 01:13:08,0.00136230,4.00000000
2018-02-27 01:13:08,0.00136200,224.23000000
2018-02-27 01:13:10,0.00136150,320.70000000
2018-02-27 01:13:16,0.00136110,22.71000000
2018-02-27 01:13:16,0.00136100,22.13000000
2018-02-27 01:13:16,0.00136050,7.09000000
2018-02-27 01:13:18,0.00136050,3.54000000
2018-02-27 01:13:21,0.00136050,20.70000000
2018-02-27 01:13:22,0.00136050,1.00000000
2018-02-27 01:13:22,0.00136050,23.07000000
2018-02-27 01:13:24,0.00136050,1.21000000
2018-02-27 01:13:24,0.00136050,4.95000000
2018-02-27 01:13:26,0.00136050,42.49000000
2018-02-27 01:13:26,0.00136040,3.68000000
2018-02-27 01:13:26,0.00136010,22.27000000
2018-02-27 01:13:31,0.00136090,160.01000000
2018-02-27 01:13:32,0.00136010,18.37000000
2018-02-27 01:13:38,0.00136110,32.31000000
2018-02-27 01:13:38,0.00136010,48.22000000
2018-02-27 01:13:38,0.00136000,254.86000000
2018-02-27 01:13:38,0.00135900,14.00000000
2018-02-27 01:13:38,0.00135900,6.05000000
2018-02-27 01:13:38,0.00135890,8.48000000
2018-02-27 01:13:41,0.00136000,4.00000000
2018-02-27 01:13:43,0.00136000,11.83000000
2018-02-27 01:13:44,0.00136000,2.56000000
2018-02-27 01:13:44,0.00136000,105.14000000
2018-02-27 01:13:45,0.00136000,27.79000000
2018-02-27 01:13:45,0.00136000,141.41000000
2018-02-27 01:13:50,0.00135910,335.86000000
2018-02-27 01:13:51,0.00135840,30.75000000
2018-02-27 01:13:52,0.00135840,19.12000000
2018-02-27 01:13:52,0.00135820,79.09000000
2018-02-27 01:13:52,0.00135980,1.56000000
2018-02-27 01:13:52,0.00135990,3.67000000
2018-02-27 01:13:52,0.00136000,89.92000000
2018-02-27 01:13:54,0.00136000,3.67000000
2018-02-27 01:13:54,0.00136010,73.66000000
2018-02-27 01:13:55,0.00136010,6.71000000
2018-02-27 01:13:55,0.00136010,39.94000000
2018-02-27 01:13:55,0.00136000,13.06000000
2018-02-27 01:13:57,0.00136000,0.97000000
2018-02-27 01:13:58,0.00136100,1.00000000
2018-02-27 01:13:58,0.00136140,8.81000000
2018-02-27 01:13:59,0.00136140,2.45000000
2018-02-27 01:13:59,0.00136200,635.69000000
2018-02-27 01:13:59,0.00136300,64.92000000
2018-02-27 01:14:00,0.00136140,34.94000000
2018-02-27 01:14:00,0.00136000,20.70000000
2018-02-27 01:14:03,0.00136010,5.10000000
2018-02-27 01:14:03,0.00136000,195.97000000
2018-02-27 01:14:03,0.00135850,3.65000000
2018-02-27 01:14:04,0.00135840,336.93000000
2018-02-27 01:14:04,0.00136040,174.83000000
2018-02-27 01:14:06,0.00136300,505.26000000
2018-02-27 01:14:06,0.00136330,0.94000000
2018-02-27 01:14:06,0.00136390,27.01000000
2018-02-27 01:14:10,0.00136390,1.25000000
2018-02-27 01:14:11,0.00136390,1.03000000
2018-02-27 01:14:14,0.00136390,26.28000000
2018-02-27 01:14:19,0.00136230,14.14000000
2018-02-27 01:14:26,0.00136100,0.96000000
2018-02-27 01:14:30,0.00136370,3.65000000
2018-02-27 01:14:30,0.00136380,23.52000000
2018-02-27 01:14:37,0.00136390,7.33000000
2018-02-27 01:14:38,0.00136380,38.42000000
2018-02-27 01:14:39,0.00136390,3.05000000
2018-02-27 01:14:39,0.00136400,30.32000000
2018-02-27 01:14:39,0.00136440,359.25000000
2018-02-27 01:14:40,0.00136380,24.75000000
2018-02-27 01:14:41,0.00136380,1.95000000
2018-02-27 01:14:41,0.00136440,244.59000000
2018-02-27 01:14:42,0.00136380,22.25000000
2018-02-27 01:14:42,0.00136510,6.38000000
2018-02-27 01:14:47,0.00136440,29.30000000
2018-02-27 01:14:48,0.00136380,32.75000000
2018-02-27 01:14:51,0.00136510,22.65000000
2018-02-27 01:14:51,0.00136590,18.35000000
2018-02-27 01:14:51,0.00136380,122.82000000
2018-02-27 01:14:54,0.00136380,3.14000000
2018-02-27 01:14:54,0.00136590,92.18000000
2018-02-27 01:14:54,0.00136640,133.53000000
2018-02-27 01:14:54,0.00136650,143.18000000
2018-02-27 01:14:55,0.00136650,833.28000000
2018-02-27 01:14:55,0.00136650,47.08000000
2018-02-27 01:14:56,0.00136650,750.75000000
2018-02-27 01:14:57,0.00136380,3.64000000
2018-02-27 01:15:00,0.00136720,3.68000000
2018-02-27 01:15:00,0.00136860,60.09000000
2018-02-27 01:15:01,0.00136620,205.15000000
2018-02-27 01:15:02,0.00136720,4.00000000
2018-02-27 01:15:02,0.00136720,1.62000000
2018-02-27 01:15:07,0.00136710,1.62000000
2018-02-27 01:15:07,0.00136720,323.90000000
2018-02-27 01:15:07,0.00136720,472.06000000
2018-02-27 01:15:08,0.00136720,52.70000000
2018-02-27 01:15:09,0.00136460,3.67000000
2018-02-27 01:15:09,0.00136450,106.33000000
2018-02-27 01:15:16,0.00136720,25.00000000
2018-02-27 01:15:18,0.00136640,44.46000000
2018-02-27 01:15:23,0.00136800,2.76000000
2018-02-27 01:15:25,0.00136640,1.31000000
2018-02-27 01:15:27,0.00136610,39.06000000
2018-02-27 01:15:27,0.00136620,16.30000000
2018-02-27 01:15:27,0.00136620,3.71000000
2018-02-27 01:15:28,0.00136500,57.78000000
2018-02-27 01:15:29,0.00136500,0.96000000
2018-02-27 01:15:32,0.00136470,220.31000000
2018-02-27 01:15:32,0.00136460,134.00000000
2018-02-27 01:15:35,0.00136500,14.52000000
2018-02-27 01:15:35,0.00136620,1.58000000
2018-02-27 01:15:38,0.00136620,4.02000000
2018-02-27 01:15:40,0.00136460,2.67000000
2018-02-27 01:15:40,0.00136500,1.00000000
2018-02-27 01:15:43,0.00136470,190.25000000
2018-02-27 01:15:43,0.00136460,23.59000000
2018-02-27 01:15:43,0.00136390,23.04000000
2018-02-27 01:15:43,0.00136380,0.74000000
2018-02-27 01:15:43,0.00136350,35.79000000
2018-02-27 01:15:43,0.00136150,3.66000000
2018-02-27 01:15:43,0.00136110,22.24000000
2018-02-27 01:15:43,0.00136100,88.15000000
2018-02-27 01:15:43,0.00136100,58.93000000
2018-02-27 01:15:43,0.00136100,157.70000000
2018-02-27 01:15:43,0.00136100,157.69000000
2018-02-27 01:15:43,0.00136100,7.68000000
2018-02-27 01:15:43,0.00136100,3.38000000
2018-02-27 01:15:43,0.00136500,0.26000000
2018-02-27 01:15:45,0.00136260,59.62000000
2018-02-27 01:15:46,0.00136490,0.06000000
2018-02-27 01:15:47,0.00136480,9.79000000
2018-02-27 01:15:49,0.00136470,0.02000000
2018-02-27 01:15:54,0.00136450,3.66000000
2018-02-27 01:15:54,0.00136460,62.68000000
2018-02-27 01:15:54,0.00136480,72.33000000
2018-02-27 01:15:54,0.00136500,166.52000000
2018-02-27 01:15:58,0.00136460,7.07000000
2018-02-27 01:15:58,0.00136180,1.71000000
2018-02-27 01:15:58,0.00136160,49.07000000
2018-02-27 01:16:00,0.00136500,5.00000000
2018-02-27 01:16:01,0.00136500,52.72000000
2018-02-27 01:16:01,0.00136610,38.26000000
2018-02-27 01:16:02,0.00136500,95.23000000
2018-02-27 01:16:02,0.00136340,235.47000000
2018-02-27 01:16:02,0.00136610,12.52000000
2018-02-27 01:16:02,0.00136620,7.48000000
2018-02-27 01:16:03,0.00136610,6.31000000
2018-02-27 01:16:07,0.00136150,3.67000000
2018-02-27 01:16:07,0.00136040,0.42000000
2018-02-27 01:16:14,0.00136150,24.06000000
2018-02-27 01:16:15,0.00136150,10.91000000
2018-02-27 01:16:15,0.00136040,3.70000000
2018-02-27 01:16:15,0.00136040,1.03000000
2018-02-27 01:16:15,0.00136010,4.45000000
2018-02-27 01:16:15,0.00136000,443.96000000
2018-02-27 01:16:15,0.00136000,93.43000000
2018-02-27 01:16:16,0.00136040,110.89000000
2018-02-27 01:16:19,0.00136010,1.00000000
2018-02-27 01:16:19,0.00136000,20.50000000
2018-02-27 01:16:19,0.00135870,1.19000000
2018-02-27 01:16:19,0.00135860,71.06000000
2018-02-27 01:16:20,0.00135860,16.25000000
2018-02-27 01:16:21,0.00135930,74.78000000
2018-02-27 01:16:22,0.00135860,17.80000000
2018-02-27 01:16:25,0.00135860,72.25000000
2018-02-27 01:16:26,0.00135860,317.01000000
2018-02-27 01:16:27,0.00135850,1.41000000
2018-02-27 01:16:28,0.00135850,36.65000000
2018-02-27 01:16:28,0.00135860,135.35000000
2018-02-27 01:16:29,0.00135800,114.39000000
2018-02-27 01:16:29,0.00135730,471.76000000
2018-02-27 01:16:29,0.00135720,507.08000000
2018-02-27 01:16:29,0.00135860,686.24000000
2018-02-27 01:16:29,0.00136010,413.39000000
2018-02-27 01:16:30,0.00135850,8.28000000
2018-02-27 01:16:32,0.00135850,85.62000000
2018-02-27 01:16:34,0.00135850,1.00000000
2018-02-27 01:16:36,0.00135750,2.16000000
2018-02-27 01:16:36,0.00135740,2.84000000
2018-02-27 01:16:37,0.00135860,2.90000000
2018-02-27 01:16:39,0.00135860,569.04000000
2018-02-27 01:16:40,0.00135930,0.84000000
2018-02-27 01:16:42,0.00135960,250.29000000
2018-02-27 01:16:46,0.00136000,2.00000000
2018-02-27 01:16:47,0.00135930,4.08000000
2018-02-27 01:16:47,0.00135860,37.35000000
2018-02-27 01:16:47,0.00135860,79.52000000
2018-02-27 01:16:47,0.00136000,5.92000000
2018-02-27 01:16:47,0.00136010,23.14000000
2018-02-27 01:16:49,0.00136010,0.08000000
2018-02-27 01:16:52,0.00136010,29.00000000
2018-02-27 01:16:53,0.00136010,45.53000000
2018-02-27 01:16:55,0.00135720,170.21000000
2018-02-27 01:16:55,0.00135720,1423.67000000
2018-02-27 01:16:55,0.00135670,5.70000000
2018-02-27 01:16:55,0.00135660,78.44000000
2018-02-27 01:16:55,0.00135640,300.00000000
2018-02-27 01:16:56,0.00135640,35.46000000
2018-02-27 01:16:56,0.00135640,106.37000000
2018-02-27 01:16:56,0.00135640,3.71000000
2018-02-27 01:16:56,0.00135640,3.29000000
2018-02-27 01:16:56,0.00136010,5.50000000
2018-02-27 01:16:56,0.00135810,89.60000000
2018-02-27 01:16:58,0.00135860,13.57000000
2018-02-27 01:16:58,0.00136010,1.21000000
2018-02-27 01:17:00,0.00135660,3.35000000
2018-02-27 01:17:00,0.00135630,0.96000000
2018-02-27 01:17:00,0.00135580,35.60000000
2018-02-27 01:17:00,0.00135570,36.54000000
2018-02-27 01:17:00,0.00135550,116.14000000
2018-02-27 01:17:00,0.00135540,15.39000000
2018-02-27 01:17:00,0.00135530,163.32000000
2018-02-27 01:17:00,0.00135510,216.11000000
2018-02-27 01:17:00,0.00135510,483.91000000
2018-02-27 01:17:00,0.00136010,3.68000000
2018-02-27 01:17:06,0.00135820,3.68000000
2018-02-27 01:17:08,0.00135760,265.45000000
2018-02-27 01:17:09,0.00135810,1.22000000
2018-02-27 01:17:10,0.00135800,12.16000000
2018-02-27 01:17:11,0.00135800,7.61000000
2018-02-27 01:17:12,0.00135800,5.88000000
2018-02-27 01:17:12,0.00135800,9.95000000
2018-02-27 01:17:16,0.00135810,5.71000000
2018-02-27 01:17:20,0.00135750,14.87000000
2018-02-27 01:17:20,0.00135750,89.89000000
2018-02-27 01:17:21,0.00135750,5.49000000
2018-02-27 01:17:21,0.00135750,4.28000000
2018-02-27 01:17:24,0.00135750,1.22000000
2018-02-27 01:17:24,0.00135750,1.22000000
2018-02-27 01:17:26,0.00135750,2.66000000
2018-02-27 01:17:28,0.00135800,8.25000000
2018-02-27 01:17:29,0.00135750,2.00000000
2018-02-27 01:17:29,0.00135710,119.00000000
2018-02-27 01:17:29,0.00135700,24.70000000
2018-02-27 01:17:29,0.00135590,387.44000000
2018-02-27 01:17:30,0.00135750,1.00000000
2018-02-27 01:17:30,0.00135800,11.75000000
2018-02-27 01:17:33,0.00135800,1.26000000
2018-02-27 01:17:34,0.00135810,2.43000000
2018-02-27 01:17:36,0.00135810,1.55000000
2018-02-27 01:17:37,0.00135800,11.96000000
2018-02-27 01:17:40,0.00135800,2.16000000
2018-02-27 01:17:40,0.00135810,50.78000000
2018-02-27 01:17:42,0.00135810,0.02000000
2018-02-27 01:17:44,0.00135810,50.78000000
2018-02-27 01:17:44,0.00135800,129.68000000
2018-02-27 01:17:45,0.00135800,70.94000000
2018-02-27 01:17:47,0.00135800,2.56000000
2018-02-27 01:17:48,0.00135800,5.97000000
2018-02-27 01:17:55,0.00135810,4.78000000
2018-02-27 01:17:58,0.00135890,119.92000000
2018-02-27 01:18:00,0.00135800,178.74000000
2018-02-27 01:18:02,0.00135800,79.76000000
2018-02-27 01:18:02,0.00135790,2.50000000
2018-02-27 01:18:02,0.00135650,3.69000000
2018-02-27 01:18:02,0.00135600,12.70000000
2018-02-27 01:18:02,0.00135590,469.79000000
2018-02-27 01:18:02,0.00135570,319.00000000
2018-02-27 01:18:02,0.00135520,26.45000000
2018-02-27 01:18:02,0.00135510,1054.92000000
2018-02-27 01:18:04,0.00135810,0.80000000
2018-02-27 01:18:07,0.00135810,2.88000000
2018-02-27 01:18:13,0.00135760,28.76000000
2018-02-27 01:18:13,0.00135760,267.01000000
2018-02-27 01:18:14,0.00135760,28.76000000
2018-02-27 01:18:14,0.00135750,1.52000000
2018-02-27 01:18:14,0.00135750,57.39000000
2018-02-27 01:18:14,0.00135750,0.94000000
2018-02-27 01:18:18,0.00135750,12.87000000
2018-02-27 01:18:21,0.00135740,3.69000000
2018-02-27 01:18:21,0.00135750,56.46000000
2018-02-27 01:18:21,0.00135750,7.63000000
2018-02-27 01:18:21,0.00135800,62.38000000
2018-02-27 01:18:22,0.00135800,5.87000000
2018-02-27 01:18:23,0.00135600,14.98000000
2018-02-27 01:18:23,0.00135590,2.00000000
2018-02-27 01:18:23,0.00135510,5.87000000
2018-02-27 01:18:24,0.00135510,11.14000000
2018-02-27 01:18:28,0.00135580,135.08000000
2018-02-27 01:18:31,0.00135510,121.29000000
2018-02-27 01:18:32,0.00135670,22.84000000
2018-02-27 01:18:32,0.00135800,187.58000000
2018-02-27 01:18:35,0.00135800,36.32000000
2018-02-27 01:18:37,0.00135660,7.75000000
2018-02-27 01:18:38,0.00135660,6.94000000
2018-02-27 01:18:39,0.00135660,2.16000000
2018-02-27 01:18:40,0.00135620,310.93000000
2018-02-27 01:18:40,0.00135590,13.81000000
2018-02-27 01:18:41,0.00135590,9.95000000
2018-02-27 01:18:41,0.00135660,4.00000000
2018-02-27 01:18:43,0.00135660,2.15000000
2018-02-27 01:18:44,0.00135660,126.21000000
2018-02-27 01:18:44,0.00135620,166.85000000
2018-02-27 01:18:49,0.00135660,2.00000000
2018-02-27 01:18:49,0.00135660,106.90000000
2018-02-27 01:18:51,0.00135630,43.10000000
2018-02-27 01:18:51,0.00135620,79.94000000
2018-02-27 01:18:52,0.00135680,150.24000000
2018-02-27 01:18:52,0.00135620,344.70000000
2018-02-27 01:18:52,0.00135620,5.58000000
2018-02-27 01:18:54,0.00135620,11.50000000
2018-02-27 01:18:55,0.00135600,28.74000000
2018-02-27 01:18:55,0.00135590,134.21000000
2018-02-27 01:18:55,0.00135510,35.63000000
2018-02-27 01:18:57,0.00135610,2.84000000
2018-02-27 01:18:57,0.00135620,61.75000000
2018-02-27 01:18:57,0.00135620,2.84000000
2018-02-27 01:18:58,0.00135620,60.74000000
2018-02-27 01:18:59,0.00135620,49.83000000
2018-02-27 01:19:01,0.00135620,127.56000000
2018-02-27 01:19:01,0.00135510,183.22000000
2018-02-27 01:19:02,0.00135620,181.19000000
2018-02-27 01:19:03,0.00135620,56.09000000
2018-02-27 01:19:03,0.00135620,7.37000000
2018-02-27 01:19:03,0.00135620,11.22000000
2018-02-27 01:19:03,0.00135620,52.88000000
2018-02-27 01:19:03,0.00135510,464.57000000
2018-02-27 01:19:03,0.00135500,70.14000000
2018-02-27 01:19:09,0.00135600,39.18000000
2018-02-27 01:19:10,0.00135540,0.96000000
2018-02-27 01:19:11,0.00135510,326.09000000
2018-02-27 01:19:12,0.00135540,39.08000000
2018-02-27 01:19:12,0.00135500,2.00000000
2018-02-27 01:19:12,0.00135540,129.85000000
2018-02-27 01:19:13,0.00135540,39.08000000
2018-02-27 01:19:13,0.00135500,215.91000000
2018-02-27 01:19:15,0.00135500,76.15000000
2018-02-27 01:19:18,0.00135620,1.62000000
2018-02-27 01:19:18,0.00135660,24.22000000
2018-02-27 01:19:18,0.00135750,85.52000000
2018-02-27 01:19:18,0.00135750,9.76000000
2018-02-27 01:19:19,0.00135590,163.86000000
2018-02-27 01:19:19,0.00135520,2.01000000
2018-02-27 01:19:19,0.00135500,106.41000000
2018-02-27 01:19:19,0.00135470,83.63000000
2018-02-27 01:19:21,0.00135470,13.46000000
2018-02-27 01:19:21,0.00135450,2.92000000
2018-02-27 01:19:21,0.00135400,14.88000000
2018-02-27 01:19:21,0.00135350,7.31000000
2018-02-27 01:19:21,0.00135340,0.74000000
2018-02-27 01:19:21,0.00135330,1.56000000
2018-02-27 01:19:21,0.00135320,95.69000000
2018-02-27 01:19:21,0.00135300,16.62000000
2018-02-27 01:19:21,0.00135280,7.39000000
2018-02-27 01:19:21,0.00135270,0.82000000
2018-02-27 01:19:21,0.00135250,32.89000000
2018-02-27 01:19:21,0.00135240,13.69000000
2018-02-27 01:19:21,0.00135230,4.03000000
2018-02-27 01:19:21,0.00135210,6.65000000
2018-02-27 01:19:21,0.00135200,81.63000000
2018-02-27 01:19:21,0.00135190,1.85000000
2018-02-27 01:19:21,0.00135180,11.36000000
2018-02-27 01:19:21,0.00135170,1.31000000
2018-02-27 01:19:21,0.00135110,14.24000000
2018-02-27 01:19:21,0.00135090,3.70000000
2018-02-27 01:19:21,0.00135080,2.35000000
2018-02-27 01:19:21,0.00135070,18.75000000
2018-02-27 01:19:21,0.00135060,50.16000000
2018-02-27 01:19:21,0.00135060,24.85000000
2018-02-27 01:19:21,0.00135050,10.00000000
2018-02-27 01:19:21,0.00135040,55.62000000
2018-02-27 01:19:21,0.00135010,232.82000000
2018-02-27 01:19:21,0.00135000,265.72000000
2018-02-27 01:19:21,0.00134990,31.23000000
2018-02-27 01:19:21,0.00134990,19.90000000
2018-02-27 01:19:21,0.00134920,33.84000000
2018-02-27 01:19:21,0.00134910,2.92000000
2018-02-27 01:19:21,0.00134800,4.56000000
2018-02-27 01:19:21,0.00134770,13.86000000
2018-02-27 01:19:21,0.00134750,22.26000000
2018-02-27 01:19:21,0.00134740,41.55000000
2018-02-27 01:19:21,0.00134740,11.67000000
2018-02-27 01:19:21,0.00134900,2.86000000
2018-02-27 01:19:21,0.00134900,1.56000000
2018-02-27 01:19:21,0.00134900,2.59000000
2018-02-27 01:19:21,0.00134900,2.59000000
2018-02-27 01:19:21,0.00134900,83.78000000
2018-02-27 01:19:21,0.00134900,1.55000000
2018-02-27 01:19:21,0.00134900,3.11000000
2018-02-27 01:19:21,0.00134900,8.06000000
2018-02-27 01:19:21,0.00134910,32.54000000
2018-02-27 01:19:21,0.00134910,20.94000000
2018-02-27 01:19:21,0.00134910,5.85000000
2018-02-27 01:19:22,0.00134910,0.02000000
2018-02-27 01:19:22,0.00135000,2.66000000
2018-02-27 01:19:22,0.00135000,2.68000000
2018-02-27 01:19:23,0.00135000,3.86000000
2018-02-27 01:19:23,0.00134740,5.97000000
2018-02-27 01:19:23,0.00134740,5.97000000
2018-02-27 01:19:23,0.00134740,5.97000000
2018-02-27 01:19:23,0.00135000,3.86000000
2018-02-27 01:19:23,0.00134990,1.79000000
2018-02-27 01:19:23,0.00134990,4.18000000
2018-02-27 01:19:23,0.00135000,248.82000000
2018-02-27 01:19:25,0.00134940,165.06000000
2018-02-27 01:19:26,0.00134930,1.56000000
2018-02-27 01:19:26,0.00134930,10.38000000
2018-02-27 01:19:27,0.00134990,1.56000000
2018-02-27 01:19:27,0.00135000,1.69000000
2018-02-27 01:19:28,0.00135000,16.19000000
2018-02-27 01:19:29,0.00134910,17.13000000
2018-02-27 01:19:29,0.00134910,36.85000000
2018-02-27 01:19:29,0.00134900,1.22000000
2018-02-27 01:19:29,0.00134900,2.47000000
2018-02-27 01:19:29,0.00134910,20.06000000
2018-02-27 01:19:30,0.00135000,50.20000000
2018-02-27 01:19:31,0.00135000,2.00000000
2018-02-27 01:19:31,0.00134740,5.93000000
2018-02-27 01:19:31,0.00134730,4.99000000
2018-02-27 01:19:31,0.00135000,1.49000000
2018-02-27 01:19:31,0.00134730,2.95000000
2018-02-27 01:19:31,0.00134730,22.05000000
2018-02-27 01:19:32,0.00134900,100.02000000
2018-02-27 01:19:32,0.00134770,70.98000000
2018-02-27 01:19:32,0.00134730,22.05000000
2018-02-27 01:19:32,0.00134690,7.42000000
2018-02-27 01:19:32,0.00134640,22.83000000
2018-02-27 01:19:32,0.00134650,69.60000000
2018-02-27 01:19:33,0.00135000,2.96000000
2018-02-27 01:19:34,0.00135000,2.59000000
2018-02-27 01:19:36,0.00134740,17.95000000
2018-02-27 01:19:36,0.00134740,42.23000000
2018-02-27 01:19:36,0.00134700,20.14000000
2018-02-27 01:19:36,0.00134650,35.62000000
2018-02-27 01:19:36,0.00134640,37.84000000
2018-02-27 01:19:36,0.00134610,1.07000000
2018-02-27 01:19:36,0.00134600,931.40000000
2018-02-27 01:19:36,0.00134590,7.70000000
2018-02-27 01:19:36,0.00134560,0.87000000
2018-02-27 01:19:36,0.00134510,15.09000000
2018-02-27 01:19:36,0.00134500,756.58000000
2018-02-27 01:19:36,0.00134490,5.95000000
2018-02-27 01:19:36,0.00134480,55.41000000
2018-02-27 01:19:36,0.00134470,68.62000000
2018-02-27 01:19:36,0.00134450,11.17000000
2018-02-27 01:19:36,0.00134440,3.00000000
2018-02-27 01:19:36,0.00134430,5.95000000
2018-02-27 01:19:36,0.00134420,179.63000000
2018-02-27 01:19:36,0.00134500,2.16000000
2018-02-27 01:19:36,0.00134500,2.16000000
2018-02-27 01:19:36,0.00134500,2.16000000
2018-02-27 01:19:36,0.00134500,7.41000000
2018-02-27 01:19:36,0.00134500,2.39000000
2018-02-27 01:19:36,0.00134420,2.16000000
2018-02-27 01:19:36,0.00134500,1.28000000
2018-02-27 01:19:36,0.00134500,7.41000000
2018-02-27 01:19:36,0.00134500,20.93000000
2018-02-27 01:19:36,0.00134500,5.01000000
2018-02-27 01:19:36,0.00134500,7.41000000
2018-02-27 01:19:36,0.00134500,7.49000000
2018-02-27 01:19:36,0.00134500,5.77000000
2018-02-27 01:19:37,0.00134500,5.01000000
2018-02-27 01:19:37,0.00134500,18.32000000
2018-02-27 01:19:37,0.00134490,1.00000000
2018-02-27 01:19:37,0.00134490,23.20000000
2018-02-27 01:19:37,0.00134490,1.00000000
2018-02-27 01:19:37,0.00134490,10.42000000
2018-02-27 01:19:37,0.00134500,25.52000000
2018-02-27 01:19:37,0.00135000,5.01000000
2018-02-27 01:19:37,0.00134420,2.78000000
2018-02-27 01:19:40,0.00134980,3.08000000
2018-02-27 01:19:40,0.00134470,2.78000000
2018-02-27 01:19:42,0.00134970,2.16000000
2018-02-27 01:19:43,0.00135000,8.96000000
2018-02-27 01:19:43,0.00134880,4.26000000
2018-02-27 01:19:43,0.00134880,0.01000000
2018-02-27 01:19:43,0.00134880,0.89000000
2018-02-27 01:19:43,0.00134880,1.41000000
2018-02-27 01:19:43,0.00134880,1.85000000
2018-02-27 01:19:44,0.00134770,2.95000000
2018-02-27 01:19:44,0.00134880,0.11000000
2018-02-27 01:19:44,0.00135000,3.59000000
2018-02-27 01:19:44,0.00135000,5.93000000
2018-02-27 01:19:44,0.00135000,0.89000000
2018-02-27 01:19:45,0.00135000,1.85000000
2018-02-27 01:19:45,0.00135000,6.89000000
2018-02-27 01:19:45,0.00135000,60.81000000
2018-02-27 01:19:45,0.00135000,7.41000000
2018-02-27 01:19:46,0.00135000,1.63000000
2018-02-27 01:19:46,0.00134790,5.91000000
2018-02-27 01:19:46,0.00135000,31.25000000
2018-02-27 01:19:46,0.00134790,0.94000000
2018-02-27 01:19:46,0.00135000,1.41000000
2018-02-27 01:19:48,0.00135000,3.70000000
2018-02-27 01:19:50,0.00134790,0.56000000
2018-02-27 01:19:50,0.00134770,2.01000000
2018-02-27 01:19:50,0.00134770,7.43000000
2018-02-27 01:19:50,0.00134870,53.22000000
2018-02-27 01:19:50,0.00134990,67.73000000
2018-02-27 01:19:50,0.00134990,11.11000000
2018-02-27 01:19:52,0.00134990,2.00000000
2018-02-27 01:19:53,0.00134990,1.85000000
2018-02-27 01:19:53,0.00134990,57.62000000
2018-02-27 01:19:55,0.00134980,2.75000000
2018-02-27 01:19:55,0.00134980,0.96000000
2018-02-27 01:19:55,0.00134990,36.08000000
2018-02-27 01:19:57,0.00134970,1.50000000
2018-02-27 01:19:58,0.00134990,10.44000000
2018-02-27 01:19:58,0.00134890,180.22000000
2018-02-27 01:19:58,0.00134990,1.98000000
2018-02-27 01:20:03,0.00134970,0.07000000
2018-02-27 01:20:04,0.00134970,3.64000000
2018-02-27 01:20:05,0.00134970,4.50000000
2018-02-27 01:20:07,0.00134970,7.78000000
2018-02-27 01:20:07,0.00134990,130.68000000
2018-02-27 01:20:07,0.00135000,782.16000000
2018-02-27 01:20:07,0.00135000,1.89000000
2018-02-27 01:20:07,0.00135000,13.37000000
2018-02-27 01:20:08,0.00135140,8.88000000
2018-02-27 01:20:09,0.00135010,4.50000000
2018-02-27 01:20:10,0.00135400,3.55000000
2018-02-27 01:20:10,0.00135010,75.93000000
2018-02-27 01:20:10,0.00135000,152.41000000
2018-02-27 01:20:11,0.00135100,1.56000000
2018-02-27 01:20:11,0.00135400,9.87000000
2018-02-27 01:20:11,0.00135000,1.00000000
2018-02-27 01:20:11,0.00135000,2.47000000
2018-02-27 01:20:11,0.00135390,2.95000000
2018-02-27 01:20:11,0.00135000,41.63000000
2018-02-27 01:20:11,0.00135090,24.59000000
2018-02-27 01:20:12,0.00135090,11.34000000
2018-02-27 01:20:12,0.00135400,4.45000000
2018-02-27 01:20:12,0.00135000,4.46000000
2018-02-27 01:20:12,0.00135080,1.99000000
2018-02-27 01:20:12,0.00135000,13.33000000
2018-02-27 01:20:12,0.00135080,35.06000000
2018-02-27 01:20:12,0.00135390,4.50000000
2018-02-27 01:20:13,0.00135090,0.74000000
2018-02-27 01:20:13,0.00135090,0.82000000
2018-02-27 01:20:14,0.00135010,5.00000000
2018-02-27 01:20:14,0.00135010,63.44000000
2018-02-27 01:20:14,0.00135400,3.68000000
2018-02-27 01:20:14,0.00135410,1.19000000
2018-02-27 01:20:15,0.00135010,41.31000000
2018-02-27 01:20:15,0.00135010,43.75000000
2018-02-27 01:20:15,0.00135000,5.00000000
2018-02-27 01:20:15,0.00135000,2.33000000
2018-02-27 01:20:16,0.00135000,42.17000000
2018-02-27 01:20:16,0.00135360,35.93000000
2018-02-27 01:20:16,0.00135370,3.70000000
2018-02-27 01:20:16,0.00135390,49.13000000
2018-02-27 01:20:16,0.00135400,68.44000000
2018-02-27 01:20:16,0.00135410,1.04000000
2018-02-27 01:20:16,0.00135410,3.75000000
2018-02-27 01:20:17,0.00135410,217.11000000
2018-02-27 01:20:17,0.00135410,15.00000000
2018-02-27 01:20:17,0.00135410,7.52000000
2018-02-27 01:20:17,0.00135410,45.00000000
2018-02-27 01:20:17,0.00135410,3.76000000
2018-02-27 01:20:17,0.00135410,41.00000000
2018-02-27 01:20:17,0.00135410,5.00000000
2018-02-27 01:20:18,0.00135410,4.51000000
2018-02-27 01:20:18,0.00135170,4.30000000
2018-02-27 01:20:19,0.00135420,2.21000000
2018-02-27 01:20:19,0.00135420,1.85000000
2018-02-27 01:20:19,0.00135420,29.08000000
2018-02-27 01:20:19,0.00135420,8.13000000
2018-02-27 01:20:21,0.00135420,14.14000000
2018-02-27 01:20:21,0.00135500,170.43000000
2018-02-27 01:20:21,0.00135200,1.50000000
2018-02-27 01:20:22,0.00135200,2.96000000
2018-02-27 01:20:22,0.00135410,0.73000000
2018-02-27 01:20:22,0.00135410,4.96000000
2018-02-27 01:20:22,0.00135500,74.03000000
2018-02-27 01:20:22,0.00135600,2.35000000
2018-02-27 01:20:22,0.00135620,1.30000000
2018-02-27 01:20:22,0.00135620,52.70000000
2018-02-27 01:20:22,0.00135620,26.49000000
2018-02-27 01:20:23,0.00135620,100.42000000
2018-02-27 01:20:25,0.00135500,65.54000000
2018-02-27 01:20:25,0.00135660,5.21000000
2018-02-27 01:20:28,0.00135680,1.84000000
2018-02-27 01:20:30,0.00135620,10.00000000
2018-02-27 01:20:30,0.00135620,408.49000000
2018-02-27 01:20:31,0.00135680,30.41000000
2018-02-27 01:20:31,0.00135750,265.37000000
2018-02-27 01:20:31,0.00135750,236.93000000
2018-02-27 01:20:32,0.00135750,176.91000000
2018-02-27 01:20:32,0.00135750,125.92000000
2018-02-27 01:20:32,0.00135620,37.88000000
2018-02-27 01:20:32,0.00135500,131.05000000
2018-02-27 01:20:34,0.00135620,1.90000000
2018-02-27 01:20:34,0.00135620,21.10000000
2018-02-27 01:20:34,0.00135680,3.69000000
2018-02-27 01:20:36,0.00135750,304.99000000
2018-02-27 01:20:37,0.00135620,71.65000000
2018-02-27 01:20:38,0.00135500,3.50000000
2018-02-27 01:20:42,0.00135530,1.49000000
2018-02-27 01:20:42,0.00135500,60.51000000
2018-02-27 01:20:42,0.00135500,290.20000000
2018-02-27 01:20:42,0.00135410,3.71000000
2018-02-27 01:20:42,0.00135200,74.12000000
2018-02-27 01:20:42,0.00135170,136.27000000
2018-02-27 01:20:43,0.00135500,22.80000000
2018-02-27 01:20:47,0.00135740,1.12000000
2018-02-27 01:20:50,0.00135550,3.41000000
2018-02-27 01:20:51,0.00135550,1016.74000000
2018-02-27 01:20:52,0.00135540,3.71000000
2018-02-27 01:20:52,0.00135550,3.41000000
2018-02-27 01:20:52,0.00135750,291.46000000
2018-02-27 01:20:52,0.00135760,12.28000000
2018-02-27 01:20:52,0.00135770,3.70000000
2018-02-27 01:20:52,0.00135810,94.17000000
2018-02-27 01:20:55,0.00135770,31.61000000
2018-02-27 01:20:55,0.00135770,1.22000000
2018-02-27 01:20:55,0.00135770,1.30000000
2018-02-27 01:20:56,0.00135810,8.43000000
2018-02-27 01:20:56,0.00135780,230.83000000
2018-02-27 01:20:58,0.00135770,7.04000000
2018-02-27 01:20:58,0.00135770,1.47000000
2018-02-27 01:20:59,0.00135810,5.25000000
2018-02-27 01:20:59,0.00135810,88.77000000
2018-02-27 01:21:00,0.00135770,606.14000000
2018-02-27 01:21:01,0.00135810,2.54000000
2018-02-27 01:21:02,0.00135770,262.25000000
2018-02-27 01:21:03,0.00135770,41.92000000
2018-02-27 01:21:03,0.00135810,17.65000000
2018-02-27 01:21:05,0.00135770,3.16000000
2018-02-27 01:21:06,0.00135810,13.26000000
2018-02-27 01:21:07,0.00135780,1.29000000
2018-02-27 01:21:08,0.00135800,68.33000000
2018-02-27 01:21:08,0.00135810,136.63000000
2018-02-27 01:21:08,0.00135810,14.14000000
2018-02-27 01:21:09,0.00135810,25.00000000
2018-02-27 01:21:11,0.00135810,0.01000000
2018-02-27 01:21:17,0.00135810,53.33000000
2018-02-27 01:21:17,0.00135810,19.99000000
2018-02-27 01:21:20,0.00135810,12.54000000
2018-02-27 01:21:22,0.00135780,329.63000000
2018-02-27 01:21:22,0.00135810,4.00000000
2018-02-27 01:21:24,0.00135810,58.26000000
2018-02-27 01:21:25,0.00135780,6.58000000
2018-02-27 01:21:26,0.00135770,576.13000000
2018-02-27 01:21:26,0.00135770,1.00000000
2018-02-27 01:21:26,0.00135550,128.45000000
2018-02-27 01:21:27,0.00135770,2.00000000
2018-02-27 01:21:27,0.00135770,1.47000000
2018-02-27 01:21:29,0.00135770,47.52000000
2018-02-27 01:21:30,0.00135670,244.55000000
2018-02-27 01:21:34,0.00135550,121.28000000
2018-02-27 01:21:37,0.00135670,1.47000000
2018-02-27 01:21:37,0.00135550,34.40000000
2018-02-27 01:21:42,0.00135670,2.21000000
2018-02-27 01:21:43,0.00135510,3.68000000
2018-02-27 01:21:43,0.00135500,222.59000000
2018-02-27 01:21:44,0.00135330,3.69000000
2018-02-27 01:21:44,0.00135210,100.00000000
2018-02-27 01:21:44,0.00135200,31.95000000
2018-02-27 01:21:44,0.00135190,35.93000000
2018-02-27 01:21:44,0.00135170,289.35000000
2018-02-27 01:21:44,0.00135090,27.67000000
2018-02-27 01:21:44,0.00135290,98.79000000
2018-02-27 01:21:45,0.00135350,9.31000000
2018-02-27 01:21:52,0.00135170,1.00000000
2018-02-27 01:21:52,0.00135170,70.76000000
2018-02-27 01:21:53,0.00135170,120.77000000
2018-02-27 01:21:54,0.00135100,12.00000000
2018-02-27 01:21:54,0.00135090,21.30000000
2018-02-27 01:21:54,0.00135170,23.98000000
2018-02-27 01:21:54,0.00135170,22.66000000
2018-02-27 01:21:54,0.00135170,0.97000000
2018-02-27 01:21:55,0.00135100,2.15000000
2018-02-27 01:21:55,0.00135100,2.15000000
2018-02-27 01:21:55,0.00135090,19.41000000
2018-02-27 01:21:55,0.00135010,295.08000000
2018-02-27 01:21:55,0.00135000,270.15000000
2018-02-27 01:21:55,0.00135000,31.22000000
2018-02-27 01:21:56,0.00135020,16.52000000
2018-02-27 01:21:56,0.00135090,1.00000000
2018-02-27 01:21:57,0.00135090,1.00000000
2018-02-27 01:21:58,0.00135060,3.69000000
2018-02-27 01:21:59,0.00135020,128.21000000
2018-02-27 01:21:59,0.00135090,1.00000000
2018-02-27 01:21:59,0.00135060,7.39000000
2018-02-27 01:21:59,0.00135060,7.39000000
2018-02-27 01:21:59,0.00135060,7.38000000
2018-02-27 01:22:00,0.00135060,7.38000000
2018-02-27 01:22:00,0.00135020,1.00000000
2018-02-27 01:22:00,0.00135060,14.77000000
2018-02-27 01:22:00,0.00135030,1.00000000
2018-02-27 01:22:00,0.00135030,256.97000000
2018-02-27 01:22:01,0.00135030,1.00000000
2018-02-27 01:22:01,0.00135020,6.64000000
2018-02-27 01:22:01,0.00135000,1.72000000
2018-02-27 01:22:01,0.00135050,1.00000000
2018-02-27 01:22:01,0.00135050,1.00000000
2018-02-27 01:22:05,0.00135040,24.90000000
2018-02-27 01:22:05,0.00135040,70.27000000
2018-02-27 01:22:07,0.00135060,2.42000000
2018-02-27 01:22:07,0.00135070,11.58000000
2018-02-27 01:22:08,0.00135050,50.67000000
2018-02-27 01:22:09,0.00135050,73.12000000
2018-02-27 01:22:11,0.00135070,2.15000000
2018-02-27 01:22:11,0.00135050,57.40000000
2018-02-27 01:22:15,0.00135010,112.52000000
2018-02-27 01:22:15,0.00135040,1.50000000
2018-02-27 01:22:17,0.00135000,2.00000000
2018-02-27 01:22:17,0.00135000,46.29000000
2018-02-27 01:22:17,0.00134990,8.00000000
2018-02-27 01:22:17,0.00134990,1.00000000
2018-02-27 01:22:17,0.00134990,3.70000000
2018-02-27 01:22:18,0.00134980,10.00000000
2018-02-27 01:22:18,0.00134980,18.92000000
2018-02-27 01:22:19,0.00134980,9.52000000
2018-02-27 01:22:21,0.00134990,0.81000000
2018-02-27 01:22:23,0.00134980,7.03000000
2018-02-27 01:22:24,0.00134900,9.21000000
2018-02-27 01:22:24,0.00134990,5.00000000
2018-02-27 01:22:25,0.00134990,3.34000000
2018-02-27 01:22:27,0.00134980,45.42000000
2018-02-27 01:22:29,0.00134930,9.50000000
2018-02-27 01:22:30,0.00134930,0.01000000
2018-02-27 01:22:30,0.00134990,2.95000000
2018-02-27 01:22:33,0.00134930,1.00000000
2018-02-27 01:22:33,0.00134930,11.52000000
2018-02-27 01:22:34,0.00134950,260.17000000
2018-02-27 01:22:34,0.00134950,11.50000000
2018-02-27 01:22:35,0.00134900,26.08000000
2018-02-27 01:22:35,0.00134860,2.00000000
2018-02-27 01:22:35,0.00134850,6.98000000
2018-02-27 01:22:37,0.00134950,0.02000000
2018-02-27 01:22:38,0.00134900,69.48000000
2018-02-27 01:22:39,0.00134900,100.93000000
2018-02-27 01:22:39,0.00134900,402.91000000
2018-02-27 01:22:39,0.00134990,263.53000000
2018-02-27 01:22:39,0.00134990,9.33000000
2018-02-27 01:22:39,0.00135000,149.32000000
2018-02-27 01:22:39,0.00135100,0.70000000
2018-02-27 01:22:41,0.00134900,205.25000000
2018-02-27 01:22:41,0.00135000,58.03000000
2018-02-27 01:22:45,0.00135170,0.02000000
2018-02-27 01:22:49,0.00135010,2.68000000
2018-02-27 01:22:49,0.00135400,1.85000000
2018-02-27 01:22:55,0.00135070,126.24000000
2018-02-27 01:22:55,0.00135050,1.50000000
2018-02-27 01:22:58,0.00135400,63.86000000
2018-02-27 01:22:59,0.00135400,1.50000000
2018-02-27 01:22:59,0.00135400,38.60000000
2018-02-27 01:23:02,0.00135410,2.12000000
2018-02-27 01:23:02,0.00135420,1.23000000
2018-02-27 01:23:04,0.00135100,1.50000000
2018-02-27 01:23:04,0.00135420,1.18000000
2018-02-27 01:23:09,0.00135210,285.41000000
2018-02-27 01:23:10,0.00135350,0.89000000
2018-02-27 01:23:11,0.00135350,1.11000000
2018-02-27 01:23:13,0.00135030,5.97000000
2018-02-27 01:23:13,0.00135020,12.00000000
2018-02-27 01:23:13,0.00135010,3.71000000
2018-02-27 01:23:13,0.00134970,204.36000000
2018-02-27 01:23:13,0.00134940,27.25000000
2018-02-27 01:23:14,0.00135300,5.97000000
2018-02-27 01:23:14,0.00135350,19.42000000
2018-02-27 01:23:14,0.00135350,35.88000000
2018-02-27 01:23:15,0.00135350,1.00000000
2018-02-27 01:23:15,0.00135350,249.69000000
2018-02-27 01:23:15,0.00135350,140.51000000
2018-02-27 01:23:18,0.00135210,5.18000000
2018-02-27 01:23:18,0.00134980,13.76000000
2018-02-27 01:23:18,0.00135400,1.67000000
2018-02-27 01:23:20,0.00135370,3.69000000
2018-02-27 01:23:21,0.00135150,139.96000000
2018-02-27 01:23:24,0.00135310,8.19000000
2018-02-27 01:23:28,0.00135210,1.84000000
2018-02-27 01:23:30,0.00135210,23.34000000
2018-02-27 01:23:33,0.00135350,0.89000000
2018-02-27 01:23:34,0.00135210,15.71000000
2018-02-27 01:23:34,0.00135150,30.29000000
2018-02-27 01:23:34,0.00134950,5.21000000
2018-02-27 01:23:39,0.00135130,299.14000000
2018-02-27 01:23:40,0.00134960,1.39000000
2018-02-27 01:23:43,0.00135270,1.85000000
2018-02-27 01:23:44,0.00135260,10.23000000
2018-02-27 01:23:47,0.00135200,2.95000000
2018-02-27 01:23:51,0.00135000,1.00000000
2018-02-27 01:23:51,0.00135000,8.39000000
2018-02-27 01:23:51,0.00135000,85.54000000
2018-02-27 01:23:52,0.00135000,0.01000000
2018-02-27 01:23:52,0.00135200,10.99000000
2018-02-27 01:23:54,0.00134980,1.00000000
2018-02-27 01:23:54,0.00134960,3.55000000
2018-02-27 01:23:54,0.00134950,28.70000000
2018-02-27 01:23:54,0.00134940,47.71000000
2018-02-27 01:23:58,0.00135190,1.48000000
2018-02-27 01:23:59,0.00135090,153.68000000
2018-02-27 01:24:00,0.00135000,63.38000000
2018-02-27 01:24:01,0.00134990,3.73000000
2018-02-27 01:24:01,0.00135000,1.30000000
2018-02-27 01:24:01,0.00135000,1.00000000
2018-02-27 01:24:02,0.00135000,14.13000000
2018-02-27 01:24:02,0.00135000,12.97000000
2018-02-27 01:24:02,0.00134940,1.29000000
2018-02-27 01:24:04,0.00134940,51.33000000
2018-02-27 01:24:06,0.00134990,1.86000000
2018-02-27 01:24:06,0.00134960,27.00000000
2018-02-27 01:24:08,0.00135000,55.60000000
2018-02-27 01:24:08,0.00135000,1.47000000
2018-02-27 01:24:11,0.00135000,10.60000000
2018-02-27 01:24:13,0.00134970,8.23000000
2018-02-27 01:24:16,0.00135000,1.85000000
2018-02-27 01:24:19,0.00134960,102.96000000
2018-02-27 01:24:19,0.00134940,56.24000000
2018-02-27 01:24:19,0.00134960,1.33000000
2018-02-27 01:24:20,0.00134960,1.48000000
2018-02-27 01:24:21,0.00134960,14.00000000
2018-02-27 01:24:26,0.00134960,120.63000000
2018-02-27 01:24:26,0.00134930,167.10000000
2018-02-27 01:24:26,0.00134960,534.98000000
2018-02-27 01:24:30,0.00134960,40.38000000
2018-02-27 01:24:33,0.00134910,12.51000000
2018-02-27 01:24:33,0.00134850,28.57000000
2018-02-27 01:24:34,0.00134960,2.96000000
2018-02-27 01:24:34,0.00134960,29.25000000
2018-02-27 01:24:36,0.00134910,8.30000000
2018-02-27 01:24:38,0.00134910,1.43000000
2018-02-27 01:24:40,0.00134860,3.70000000
2018-02-27 01:24:40,0.00134850,46.30000000
2018-02-27 01:24:41,0.00134850,6.57000000
2018-02-27 01:24:44,0.00134890,21.65000000
2018-02-27 01:24:45,0.00134880,1.43000000
2018-02-27 01:24:45,0.00134850,48.14000000
2018-02-27 01:24:46,0.00134850,14.83000000
2018-02-27 01:24:48,0.00134810,5.70000000
2018-02-27 01:24:48,0.00134800,27.10000000
2018-02-27 01:24:51,0.00134850,1.00000000
2018-02-27 01:24:51,0.00134850,2.22000000
2018-02-27 01:24:52,0.00134850,0.93000000
2018-02-27 01:24:52,0.00134830,1.50000000
2018-02-27 01:24:52,0.00134810,5.73000000
2018-02-27 01:24:52,0.00134800,3.22000000
2018-02-27 01:24:52,0.00134790,184.93000000
2018-02-27 01:24:53,0.00134800,2.79000000
2018-02-27 01:24:55,0.00134800,0.07000000
2018-02-27 01:24:56,0.00134850,3.58000000
2018-02-27 01:24:59,0.00134850,1.43000000
2018-02-27 01:25:00,0.00134850,15.00000000
2018-02-27 01:25:02,0.00134850,1.91000000
2018-02-27 01:25:03,0.00134830,5.61000000
2018-02-27 01:25:04,0.00134800,97.44000000
2018-02-27 01:25:04,0.00134850,87.30000000
2018-02-27 01:25:04,0.00134850,1.00000000
2018-02-27 01:25:04,0.00134810,180.82000000
2018-02-27 01:25:07,0.00134840,1.50000000
2018-02-27 01:25:07,0.00134810,1.00000000
2018-02-27 01:25:07,0.00134810,7.90000000
2018-02-27 01:25:08,0.00134810,12.07000000
2018-02-27 01:25:08,0.00134790,15.07000000
2018-02-27 01:25:09,0.00134700,20.00000000
2018-02-27 01:25:09,0.00134790,74.18000000
2018-02-27 01:25:10,0.00134790,2.84000000
2018-02-27 01:25:10,0.00134790,2.22000000
2018-02-27 01:25:10,0.00134700,1.52000000
2018-02-27 01:25:10,0.00134680,36.41000000
2018-02-27 01:25:10,0.00134600,40.86000000
2018-02-27 01:25:10,0.00134520,216.69000000
2018-02-27 01:25:13,0.00134790,1.00000000
2018-02-27 01:25:14,0.00134790,37.35000000
2018-02-27 01:25:14,0.00134790,1.22000000
2018-02-27 01:25:14,0.00134790,2.23000000
2018-02-27 01:25:16,0.00134530,12.89000000
2018-02-27 01:25:16,0.00134520,39.39000000
2018-02-27 01:25:16,0.00134510,356.84000000
2018-02-27 01:25:16,0.00134500,1015.51000000
2018-02-27 01:25:16,0.00134500,2.91000000
2018-02-27 01:25:17,0.00134640,35.37000000
2018-02-27 01:25:20,0.00134790,60.00000000
2018-02-27 01:25:20,0.00134640,7.91000000
2018-02-27 01:25:20,0.00134640,4.31000000
2018-02-27 01:25:21,0.00134640,1.22000000
2018-02-27 01:25:23,0.00134590,1.50000000
2018-02-27 01:25:23,0.00134580,3.99000000
2018-02-27 01:25:24,0.00134580,47.01000000
2018-02-27 01:25:24,0.00134560,0.85000000
2018-02-27 01:25:24,0.00134530,11.37000000
2018-02-27 01:25:24,0.00134530,5.36000000
2018-02-27 01:25:24,0.00134530,18.55000000
2018-02-27 01:25:24,0.00134530,1.00000000
2018-02-27 01:25:25,0.00134530,18.59000000
2018-02-27 01:25:25,0.00134500,42.63000000
2018-02-27 01:25:25,0.00134470,12.86000000
2018-02-27 01:25:25,0.00134440,2.13000000
2018-02-27 01:25:25,0.00134430,11.29000000
2018-02-27 01:25:26,0.00134530,4.16000000
2018-02-27 01:25:26,0.00134530,14.84000000
2018-02-27 01:25:29,0.00134470,194.54000000
2018-02-27 01:25:29,0.00134500,1.56000000
2018-02-27 01:25:29,0.00134460,2.95000000
2018-02-27 01:25:30,0.00134460,4.46000000
2018-02-27 01:25:30,0.00134460,2.00000000
2018-02-27 01:25:30,0.00134460,1.93000000
2018-02-27 01:25:31,0.00134500,6.69000000
2018-02-27 01:25:32,0.00134500,50.00000000
2018-02-27 01:25:34,0.00134430,90.37000000
2018-02-27 01:25:34,0.00134420,2.17000000
2018-02-27 01:25:36,0.00134450,1.56000000
2018-02-27 01:25:36,0.00134420,156.49000000
2018-02-27 01:25:37,0.00134460,0.75000000
2018-02-27 01:25:38,0.00134460,0.75000000
2018-02-27 01:25:38,0.00134460,0.75000000
2018-02-27 01:25:38,0.00134460,0.75000000
2018-02-27 01:25:38,0.00134460,1.88000000
2018-02-27 01:25:38,0.00134460,0.75000000
2018-02-27 01:25:38,0.00134460,2.23000000
2018-02-27 01:25:39,0.00134460,3.25000000
2018-02-27 01:25:41,0.00134420,0.75000000
2018-02-27 01:25:42,0.00134460,2.38000000
2018-02-27 01:25:42,0.00134420,55.99000000
2018-02-27 01:25:43,0.00134460,4.91000000
2018-02-27 01:25:43,0.00134420,16.88000000
2018-02-27 01:25:46,0.00134420,1.56000000
2018-02-27 01:25:47,0.00134420,5.53000000
2018-02-27 01:25:47,0.00134420,55.62000000
2018-02-27 01:25:47,0.00134420,3.48000000
2018-02-27 01:25:48,0.00134430,49.09000000
2018-02-27 01:25:50,0.00134460,1.56000000
2018-02-27 01:25:50,0.00134420,6.70000000
2018-02-27 01:25:51,0.00134420,5.00000000
2018-02-27 01:25:51,0.00134420,44.25000000
2018-02-27 01:25:52,0.00134420,0.01000000
2018-02-27 01:25:52,0.00134440,5.99000000
2018-02-27 01:25:52,0.00134400,25.49000000
2018-02-27 01:25:52,0.00134370,20.20000000
2018-02-27 01:25:52,0.00134350,32.18000000
2018-02-27 01:25:52,0.00134340,145.71000000
2018-02-27 01:25:52,0.00134340,24.33000000
2018-02-27 01:25:52,0.00134330,11.85000000
2018-02-27 01:25:52,0.00134400,1.56000000
2018-02-27 01:25:53,0.00134400,74.43000000
2018-02-27 01:25:53,0.00134400,45.95000000
2018-02-27 01:25:53,0.00134400,1.43000000
2018-02-27 01:25:53,0.00134400,5.00000000
2018-02-27 01:25:54,0.00134400,1.10000000
2018-02-27 01:25:56,0.00134400,2.20000000
2018-02-27 01:25:56,0.00134400,1.56000000
2018-02-27 01:25:56,0.00134400,5.00000000
2018-02-27 01:25:56,0.00134400,9.26000000
2018-02-27 01:25:56,0.00134400,9.26000000
2018-02-27 01:25:56,0.00134400,1.13000000
2018-02-27 01:25:56,0.00134400,7.41000000
2018-02-27 01:25:57,0.00134400,2.23000000
2018-02-27 01:25:58,0.00134400,10.00000000
2018-02-27 01:25:59,0.00134400,5.00000000
2018-02-27 01:25:59,0.00134400,1.56000000
2018-02-27 01:26:00,0.00134400,0.79000000
2018-02-27 01:26:00,0.00134310,17.11000000
2018-02-27 01:26:00,0.00134290,1.17000000
2018-02-27 01:26:00,0.00134270,2.00000000
2018-02-27 01:26:00,0.00134260,10.00000000
2018-02-27 01:26:00,0.00134250,17.49000000
2018-02-27 01:26:00,0.00134200,152.23000000
2018-02-27 01:26:01,0.00134400,5.00000000
2018-02-27 01:26:01,0.00134400,2.31000000
2018-02-27 01:26:01,0.00134400,3.86000000
2018-02-27 01:26:02,0.00134400,1.03000000
2018-02-27 01:26:03,0.00134400,1.56000000
2018-02-27 01:26:03,0.00134400,6.51000000
2018-02-27 01:26:04,0.00134400,0.66000000
2018-02-27 01:26:04,0.00134440,4.34000000
2018-02-27 01:26:05,0.00134410,208.26000000
2018-02-27 01:26:05,0.00134400,0.77000000
2018-02-27 01:26:05,0.00134400,32.75000000
2018-02-27 01:26:06,0.00134220,150.44000000
2018-02-27 01:26:06,0.00134200,452.49000000
2018-02-27 01:26:06,0.00134200,1.00000000
2018-02-27 01:26:06,0.00134200,17.64000000
2018-02-27 01:26:06,0.00134200,17.64000000
2018-02-27 01:26:06,0.00134200,13.44000000
2018-02-27 01:26:07,0.00134200,1.07000000
2018-02-27 01:26:08,0.00134200,22.19000000
2018-02-27 01:26:08,0.00134200,5.20000000
2018-02-27 01:26:08,0.00134200,10.21000000
2018-02-27 01:26:08,0.00134200,1.56000000
2018-02-27 01:26:09,0.00134200,1.00000000
2018-02-27 01:26:09,0.00134200,1.18000000
2018-02-27 01:26:10,0.00134200,40.03000000
2018-02-27 01:26:11,0.00134200,43.91000000
2018-02-27 01:26:11,0.00134170,38.03000000
2018-02-27 01:26:11,0.00134170,3.35000000
2018-02-27 01:26:11,0.00134170,2.58000000
2018-02-27 01:26:11,0.00134170,2.58000000
2018-02-27 01:26:11,0.00134170,3.77000000
2018-02-27 01:26:11,0.00134160,7.46000000
2018-02-27 01:26:11,0.00134130,3.70000000
2018-02-27 01:26:11,0.00134120,43.93000000
2018-02-27 01:26:11,0.00134110,19.84000000
2018-02-27 01:26:11,0.00134170,185.76000000
2018-02-27 01:26:11,0.00134170,5.00000000
2018-02-27 01:26:12,0.00134170,2.62000000
2018-02-27 01:26:12,0.00134170,9.92000000
2018-02-27 01:26:12,0.00134170,2.32000000
2018-02-27 01:26:13,0.00134170,11.24000000
2018-02-27 01:26:13,0.00134170,76.06000000
2018-02-27 01:26:14,0.00134110,2.54000000
2018-02-27 01:26:16,0.00134170,0.02000000
2018-02-27 01:26:16,0.00134200,358.50000000
2018-02-27 01:26:16,0.00134200,3.75000000
2018-02-27 01:26:16,0.00134200,21.17000000
2018-02-27 01:26:16,0.00134200,83.65000000
2018-02-27 01:26:17,0.00134400,1.57000000
2018-02-27 01:26:18,0.00134200,16.52000000
2018-02-27 01:26:19,0.00134200,6.55000000
2018-02-27 01:26:19,0.00134200,13.32000000
2018-02-27 01:26:19,0.00134200,13.32000000
2018-02-27 01:26:19,0.00134200,7.41000000
2018-02-27 01:26:19,0.00134200,13.32000000
2018-02-27 01:26:19,0.00134170,4.09000000
2018-02-27 01:26:19,0.00134140,1.57000000
2018-02-27 01:26:19,0.00134170,60.00000000
2018-02-27 01:26:19,0.00134200,140.99000000
2018-02-27 01:26:19,0.00134200,60.00000000
2018-02-27 01:26:19,0.00134110,1.75000000
2018-02-27 01:26:19,0.00134400,3.72000000
2018-02-27 01:26:21,0.00134110,76.06000000
2018-02-27 01:26:21,0.00134100,78.25000000
2018-02-27 01:26:21,0.00134060,3.71000000
2018-02-27 01:26:21,0.00134020,19.26000000
2018-02-27 01:26:21,0.00134000,352.95000000
2018-02-27 01:26:21,0.00134000,20.00000000
2018-02-27 01:26:21,0.00134400,1.56000000
2018-02-27 01:26:21,0.00134400,33.03000000
2018-02-27 01:26:22,0.00134110,1.01000000
2018-02-27 01:26:22,0.00134110,1.30000000
2018-02-27 01:26:22,0.00134110,0.84000000
2018-02-27 01:26:22,0.00134030,20.00000000
2018-02-27 01:26:22,0.00134020,154.31000000
2018-02-27 01:26:22,0.00134010,1.50000000
2018-02-27 01:26:22,0.00134000,298.69000000
2018-02-27 01:26:22,0.00134110,166.45000000
2018-02-27 01:26:22,0.00134200,15.44000000
2018-02-27 01:26:23,0.00134470,2.68000000
2018-02-27 01:26:25,0.00134430,9.00000000
2018-02-27 01:26:25,0.00134430,2.23000000
2018-02-27 01:26:25,0.00134260,6.77000000
2018-02-27 01:26:25,0.00134260,56.04000000
2018-02-27 01:26:25,0.00134410,3.57000000
2018-02-27 01:26:26,0.00134400,30.00000000
2018-02-27 01:26:27,0.00134260,6.77000000
2018-02-27 01:26:27,0.00134250,1.00000000
2018-02-27 01:26:27,0.00134250,0.45000000
2018-02-27 01:26:28,0.00134390,3.71000000
2018-02-27 01:26:28,0.00134400,2.61000000
2018-02-27 01:26:29,0.00134400,26.04000000
2018-02-27 01:26:29,0.00134390,3.36000000
2018-02-27 01:26:29,0.00134440,9.08000000
2018-02-27 01:26:29,0.00134440,1.68000000
2018-02-27 01:26:31,0.00134390,3.36000000
2018-02-27 01:26:31,0.00134290,1.11000000
2018-02-27 01:26:31,0.00134270,1.11000000
2018-02-27 01:26:31,0.00134110,923.86000000
2018-02-27 01:26:31,0.00134110,1.00000000
2018-02-27 01:26:32,0.00134110,0.11000000
2018-02-27 01:26:32,0.00134270,63.20000000
2018-02-27 01:26:32,0.00134270,24.54000000
2018-02-27 01:26:32,0.00134430,29.99000000
2018-02-27 01:26:32,0.00134110,3.46000000
2018-02-27 01:26:32,0.00134000,0.01000000
2018-02-27 01:26:33,0.00134430,1.69000000
2018-02-27 01:26:33,0.00134430,2.40000000
2018-02-27 01:26:33,0.00134420,1.69000000
2018-02-27 01:26:35,0.00134040,19.17000000
2018-02-27 01:26:35,0.00134030,35.97000000
2018-02-27 01:26:35,0.00134020,66.14000000
2018-02-27 01:26:35,0.00134000,219.97000000
2018-02-27 01:26:37,0.00134270,20.00000000
2018-02-27 01:26:37,0.00134280,3.21000000
2018-02-27 01:26:37,0.00134260,35.95000000
2018-02-27 01:26:38,0.00134260,0.02000000
2018-02-27 01:26:38,0.00134280,13.38000000
2018-02-27 01:26:39,0.00134200,6.48000000
2018-02-27 01:26:39,0.00134110,2.82000000
2018-02-27 01:26:40,0.00134230,1.75000000
2018-02-27 01:26:40,0.00134180,221.99000000
2018-02-27 01:26:43,0.00134110,23.21000000
2018-02-27 01:26:43,0.00134050,63.06000000
2018-02-27 01:26:43,0.00134050,6.09000000
2018-02-27 01:26:43,0.00134000,76.62000000
2018-02-27 01:26:45,0.00134000,63.71000000
2018-02-27 01:26:46,0.00134200,1.00000000
2018-02-27 01:26:47,0.00134190,13.14000000
2018-02-27 01:26:47,0.00134190,7.87000000
2018-02-27 01:26:47,0.00134190,22.63000000
2018-02-27 01:26:48,0.00134180,31.64000000
2018-02-27 01:26:48,0.00134190,26.48000000
2018-02-27 01:26:48,0.00134200,99.37000000
2018-02-27 01:26:48,0.00134280,133.48000000
2018-02-27 01:26:49,0.00134270,12.94000000
2018-02-27 01:26:50,0.00134270,1.75000000
2018-02-27 01:26:51,0.00134000,0.35000000
2018-02-27 01:26:51,0.00134270,332.00000000
2018-02-27 01:26:51,0.00134000,614.22000000
2018-02-27 01:26:51,0.00134000,0.35000000
2018-02-27 01:26:54,0.00134080,76.53000000
2018-02-27 01:26:55,0.00134000,2.45000000
2018-02-27 01:26:55,0.00134000,3.71000000
2018-02-27 01:26:55,0.00134000,12.57000000
2018-02-27 01:26:55,0.00133970,20.63000000
2018-02-27 01:26:55,0.00133930,0.75000000
2018-02-27 01:26:55,0.00133920,20.30000000
2018-02-27 01:26:55,0.00133910,1.76000000
2018-02-27 01:26:55,0.00134000,100.00000000
2018-02-27 01:26:55,0.00133900,20.30000000
2018-02-27 01:26:55,0.00134000,46.39000000
2018-02-27 01:26:55,0.00134000,35.59000000
2018-02-27 01:26:56,0.00134000,10.00000000
2018-02-27 01:26:57,0.00134000,13.68000000
2018-02-27 01:26:57,0.00134000,1.69000000
2018-02-27 01:26:58,0.00134000,10.32000000
2018-02-27 01:26:59,0.00134000,5.00000000
2018-02-27 01:26:59,0.00134000,57.34000000
2018-02-27 01:26:59,0.00133860,1.00000000
2018-02-27 01:27:01,0.00133900,91.96000000
2018-02-27 01:27:01,0.00133900,35.84000000
2018-02-27 01:27:02,0.00134000,2.09000000
2018-02-27 01:27:03,0.00134000,3.71000000
2018-02-27 01:27:06,0.00133860,11.19000000
2018-02-27 01:27:06,0.00134000,73.11000000
2018-02-27 01:27:07,0.00134000,83.14000000
2018-02-27 01:27:07,0.00133850,4.21000000
2018-02-27 01:27:07,0.00133840,1.16000000
2018-02-27 01:27:07,0.00133820,2.24000000
2018-02-27 01:27:07,0.00133800,125.00000000
2018-02-27 01:27:09,0.00134000,4.07000000
2018-02-27 01:27:10,0.00134000,1.86000000
2018-02-27 01:27:11,0.00133900,235.71000000
2018-02-27 01:27:11,0.00134000,41.84000000
2018-02-27 01:27:16,0.00133990,26.00000000
2018-02-27 01:27:16,0.00134000,57.56000000
2018-02-27 01:27:16,0.00134000,374.61000000
2018-02-27 01:27:16,0.00133900,30.51000000
2018-02-27 01:27:16,0.00133900,0.10000000
2018-02-27 01:27:18,0.00133900,69.08000000
2018-02-27 01:27:18,0.00133900,24.97000000
2018-02-27 01:27:19,0.00133900,1.55000000
2018-02-27 01:27:19,0.00133900,1.44000000
2018-02-27 01:27:21,0.00133900,10.02000000
2018-02-27 01:27:27,0.00133900,37.87000000
2018-02-27 01:27:29,0.00133900,29.06000000
2018-02-27 01:27:29,0.00133890,235.71000000
2018-02-27 01:27:29,0.00133800,53.41000000
2018-02-27 01:27:30,0.00133800,6.00000000
2018-02-27 01:27:36,0.00133790,5.10000000
2018-02-27 01:27:36,0.00133800,2.36000000
2018-02-27 01:27:38,0.00134000,18.41000000
2018-02-27 01:27:39,0.00133800,2.92000000
2018-02-27 01:27:41,0.00133800,5.91000000
2018-02-27 01:27:41,0.00134000,117.16000000
2018-02-27 01:27:41,0.00134000,11.64000000
2018-02-27 01:27:41,0.00134000,0.90000000
2018-02-27 01:27:42,0.00133800,403.39000000
2018-02-27 01:27:42,0.00133790,83.87000000
2018-02-27 01:27:42,0.00133750,136.00000000
2018-02-27 01:27:42,0.00133730,2.24000000
2018-02-27 01:27:42,0.00133710,2.92000000
2018-02-27 01:27:42,0.00133700,12.22000000
2018-02-27 01:27:42,0.00133670,2.86000000
2018-02-27 01:27:42,0.00133660,7.49000000
2018-02-27 01:27:42,0.00133640,18.69000000
2018-02-27 01:27:42,0.00133610,77.21000000
2018-02-27 01:27:42,0.00133590,46.64000000
2018-02-27 01:27:42,0.00133580,11.25000000
2018-02-27 01:27:42,0.00133570,25.17000000
2018-02-27 01:27:42,0.00133530,1.18000000
2018-02-27 01:27:42,0.00133510,120.54000000
2018-02-27 01:27:43,0.00133890,1.87000000
2018-02-27 01:27:44,0.00133530,1.50000000
2018-02-27 01:27:44,0.00133520,0.38000000
2018-02-27 01:27:44,0.00133890,2.24000000
2018-02-27 01:27:44,0.00133800,0.75000000
2018-02-27 01:27:44,0.00133800,3.50000000
2018-02-27 01:27:45,0.00133550,1.96000000
2018-02-27 01:27:46,0.00133680,249.13000000
2018-02-27 01:27:46,0.00133800,2.24000000
2018-02-27 01:27:49,0.00133800,5.54000000
2018-02-27 01:27:49,0.00133800,31.42000000
2018-02-27 01:27:54,0.00133790,3.72000000
2018-02-27 01:27:54,0.00133800,0.94000000
2018-02-27 01:27:56,0.00133580,1.70000000
2018-02-27 01:27:56,0.00133550,5.90000000
2018-02-27 01:27:57,0.00133550,1.87000000
2018-02-27 01:27:58,0.00133550,31.43000000
2018-02-27 01:27:58,0.00133550,419.24000000
2018-02-27 01:27:59,0.00133580,368.01000000
2018-02-27 01:28:01,0.00133680,103.67000000
2018-02-27 01:28:01,0.00133580,177.62000000
2018-02-27 01:28:01,0.00133580,5.69000000
2018-02-27 01:28:02,0.00133580,118.14000000
2018-02-27 01:28:03,0.00133580,161.29000000
2018-02-27 01:28:03,0.00133530,96.17000000
2018-02-27 01:28:03,0.00133520,11.62000000
2018-02-27 01:28:03,0.00133510,139.01000000
2018-02-27 01:28:03,0.00133750,5.68000000
2018-02-27 01:28:04,0.00133510,314.87000000
2018-02-27 01:28:04,0.00133500,206.37000000
2018-02-27 01:28:04,0.00133500,299.55000000
2018-02-27 01:28:05,0.00133530,1.76000000
2018-02-27 01:28:05,0.00133500,15.38000000
2018-02-27 01:28:06,0.00133750,2.94000000
2018-02-27 01:28:06,0.00133500,37.50000000
2018-02-27 01:28:07,0.00133600,1.00000000
2018-02-27 01:28:08,0.00133580,31.28000000
2018-02-27 01:28:09,0.00133600,36.23000000
2018-02-27 01:28:09,0.00133600,22.85000000
2018-02-27 01:28:09,0.00133600,5.01000000
2018-02-27 01:28:09,0.00133510,12.00000000
2018-02-27 01:28:09,0.00133500,121.29000000
2018-02-27 01:28:09,0.00133600,5.01000000
2018-02-27 01:28:10,0.00133600,32.05000000
2018-02-27 01:28:10,0.00133500,41.42000000
2018-02-27 01:28:11,0.00133600,9.76000000
2018-02-27 01:28:11,0.00133600,3.38000000
2018-02-27 01:28:11,0.00133500,11.11000000
2018-02-27 01:28:13,0.00133600,0.75000000
2018-02-27 01:28:13,0.00133600,9.00000000
2018-02-27 01:28:16,0.00133510,15.42000000
2018-02-27 01:28:16,0.00133500,11.24000000
2018-02-27 01:28:16,0.00133460,34.65000000
2018-02-27 01:28:16,0.00133440,1.35000000
2018-02-27 01:28:16,0.00133420,32.62000000
2018-02-27 01:28:16,0.00133400,833.17000000
2018-02-27 01:28:16,0.00133350,7.44000000
2018-02-27 01:28:16,0.00133340,21.39000000
2018-02-27 01:28:16,0.00133330,213.16000000
2018-02-27 01:28:16,0.00133540,262.85000000
2018-02-27 01:28:17,0.00133330,13.80000000
2018-02-27 01:28:17,0.00133590,3.89000000
2018-02-27 01:28:19,0.00133340,3.74000000
2018-02-27 01:28:19,0.00133330,374.29000000
2018-02-27 01:28:19,0.00133300,140.73000000
2018-02-27 01:28:20,0.00133500,0.90000000
2018-02-27 01:28:20,0.00133300,2.52000000
2018-02-27 01:28:20,0.00133500,39.61000000
2018-02-27 01:28:21,0.00133300,872.04000000
2018-02-27 01:28:21,0.00133290,89.63000000
2018-02-27 01:28:21,0.00133250,55.79000000
2018-02-27 01:28:21,0.00133240,9.65000000
2018-02-27 01:28:21,0.00133200,93.89000000
2018-02-27 01:28:21,0.00133170,30.71000000
2018-02-27 01:28:21,0.00133160,50.00000000
2018-02-27 01:28:21,0.00133150,6.01000000
2018-02-27 01:28:21,0.00133120,3.00000000
2018-02-27 01:28:21,0.00133110,12.31000000
2018-02-27 01:28:21,0.00133100,18.33000000
2018-02-27 01:28:21,0.00133090,1.00000000
2018-02-27 01:28:21,0.00133080,1.00000000
2018-02-27 01:28:21,0.00133070,1.00000000
2018-02-27 01:28:21,0.00133060,13.45000000
2018-02-27 01:28:21,0.00133050,10.55000000
2018-02-27 01:28:21,0.00133040,1.00000000
2018-02-27 01:28:21,0.00133030,48.13000000
2018-02-27 01:28:21,0.00133020,144.62000000
2018-02-27 01:28:21,0.00133010,338.58000000
2018-02-27 01:28:21,0.00133000,1976.26000000
2018-02-27 01:28:21,0.00132990,3.71000000
2018-02-27 01:28:21,0.00132960,1.00000000
2018-02-27 01:28:21,0.00132940,2.23000000
2018-02-27 01:28:21,0.00132920,1.51000000
2018-02-27 01:28:21,0.00132910,1.85000000
2018-02-27 01:28:21,0.00132890,327.31000000
2018-02-27 01:28:21,0.00133000,335.55000000
2018-02-27 01:28:21,0.00133000,14.08000000
2018-02-27 01:28:21,0.00133000,7.48000000
2018-02-27 01:28:21,0.00133000,118.12000000
2018-02-27 01:28:21,0.00133000,7.49000000
2018-02-27 01:28:21,0.00133000,183.05000000
2018-02-27 01:28:21,0.00133000,3.00000000
2018-02-27 01:28:21,0.00133000,3.01000000
2018-02-27 01:28:21,0.00133000,43.30000000
2018-02-27 01:28:22,0.00133000,7.48000000
2018-02-27 01:28:22,0.00133500,2.25000000
2018-02-27 01:28:22,0.00133500,167.43000000
2018-02-27 01:28:22,0.00133590,103.85000000
2018-02-27 01:28:22,0.00133600,94.89000000
2018-02-27 01:28:22,0.00133800,35.95000000
2018-02-27 01:28:23,0.00133500,244.44000000
2018-02-27 01:28:24,0.00133500,74.59000000
2018-02-27 01:28:25,0.00133500,8.22000000
2018-02-27 01:28:28,0.00133500,11.31000000
2018-02-27 01:28:28,0.00133500,2.85000000
2018-02-27 01:28:28,0.00133500,2.99000000
2018-02-27 01:28:28,0.00133180,1.83000000
2018-02-27 01:28:28,0.00133150,29.51000000
2018-02-27 01:28:29,0.00133500,5.32000000
2018-02-27 01:28:29,0.00133490,5.24000000
2018-02-27 01:28:29,0.00133490,4.19000000
2018-02-27 01:28:30,0.00133490,1.87000000
2018-02-27 01:28:31,0.00133110,4.54000000
2018-02-27 01:28:32,0.00133480,22.75000000
2018-02-27 01:28:32,0.00133500,597.75000000
2018-02-27 01:28:32,0.00133630,8.98000000
2018-02-27 01:28:32,0.00133880,3.74000000
2018-02-27 01:28:32,0.00133890,25.29000000
2018-02-27 01:28:32,0.00133570,117.39000000
2018-02-27 01:28:33,0.00133970,1.87000000
2018-02-27 01:28:34,0.00133500,1.30000000
2018-02-27 01:28:34,0.00133970,2.24000000
2018-02-27 01:28:34,0.00133970,3.73000000
2018-02-27 01:28:35,0.00133970,5.37000000
2018-02-27 01:28:35,0.00133970,2.24000000
2018-02-27 01:28:35,0.00133970,1.49000000
2018-02-27 01:28:35,0.00133970,0.91000000
2018-02-27 01:28:35,0.00133980,1.12000000
2018-02-27 01:28:36,0.00133980,1.87000000
2018-02-27 01:28:37,0.00133970,5.22000000
2018-02-27 01:28:37,0.00133970,57.11000000
2018-02-27 01:28:37,0.00133980,115.13000000
2018-02-27 01:28:37,0.00133980,1.09000000
2018-02-27 01:28:37,0.00133980,7.46000000
2018-02-27 01:28:37,0.00133980,2.16000000
2018-02-27 01:28:37,0.00133980,121.42000000
2018-02-27 01:28:37,0.00133990,71.23000000
2018-02-27 01:28:37,0.00134000,75.01000000
2018-02-27 01:28:37,0.00133990,1.26000000
2018-02-27 01:28:37,0.00133990,18.74000000
2018-02-27 01:28:38,0.00133990,1.28000000
2018-02-27 01:28:38,0.00134010,1.83000000
2018-02-27 01:28:39,0.00133980,120.54000000
2018-02-27 01:28:39,0.00134290,2.23000000
2018-02-27 01:28:40,0.00134290,9.01000000
2018-02-27 01:28:40,0.00134290,2.23000000
2018-02-27 01:28:40,0.00134290,1.86000000
2018-02-27 01:28:41,0.00134290,0.89000000
2018-02-27 01:28:41,0.00134290,13.11000000
2018-02-27 01:28:41,0.00134290,0.38000000
2018-02-27 01:28:41,0.00133990,17.91000000
2018-02-27 01:28:41,0.00133990,0.02000000
2018-02-27 01:28:41,0.00134260,1.56000000
2018-02-27 01:28:41,0.00134260,7.45000000
2018-02-27 01:28:42,0.00133980,2.41000000
2018-02-27 01:28:42,0.00134260,1.68000000
2018-02-27 01:28:42,0.00134260,1.34000000
2018-02-27 01:28:42,0.00134260,5.36000000
2018-02-27 01:28:42,0.00134260,0.52000000
2018-02-27 01:28:42,0.00134310,1.86000000
2018-02-27 01:28:42,0.00134310,2.13000000
2018-02-27 01:28:43,0.00133990,5.95000000
2018-02-27 01:28:43,0.00134310,1.44000000
2018-02-27 01:28:43,0.00133990,5.99000000
2018-02-27 01:28:43,0.00133990,0.01000000
2018-02-27 01:28:44,0.00134010,1.51000000
2018-02-27 01:28:44,0.00134260,0.20000000
2018-02-27 01:28:44,0.00133990,5.95000000
2018-02-27 01:28:44,0.00134260,1.86000000
2018-02-27 01:28:44,0.00134260,1.86000000
2018-02-27 01:28:44,0.00134260,1.86000000
2018-02-27 01:28:44,0.00134260,0.19000000
2018-02-27 01:28:44,0.00133990,12.20000000
2018-02-27 01:28:44,0.00133980,29.96000000
2018-02-27 01:28:44,0.00133990,0.01000000
2018-02-27 01:28:44,0.00134260,1.85000000
2018-02-27 01:28:44,0.00134260,4.12000000
2018-02-27 01:28:45,0.00134260,5.97000000
2018-02-27 01:28:45,0.00134400,0.89000000
2018-02-27 01:28:45,0.00133990,16.86000000
2018-02-27 01:28:46,0.00134390,1.19000000
2018-02-27 01:28:46,0.00133990,1.74000000
2018-02-27 01:28:46,0.00134390,1.86000000
2018-02-27 01:28:46,0.00134390,2.23000000
2018-02-27 01:28:47,0.00134380,2.23000000
2018-02-27 01:28:47,0.00134260,1.86000000
2018-02-27 01:28:47,0.00134260,1.87000000
2018-02-27 01:28:47,0.00134380,3.57000000
2018-02-27 01:28:47,0.00134120,37.20000000
2018-02-27 01:28:47,0.00134120,1.64000000
2018-02-27 01:28:47,0.00134120,237.73000000
2018-02-27 01:28:47,0.00134370,0.89000000
2018-02-27 01:28:48,0.00134370,14.88000000
2018-02-27 01:28:48,0.00134370,1.09000000
2018-02-27 01:28:48,0.00134400,6.70000000
2018-02-27 01:28:48,0.00134400,13.91000000
2018-02-27 01:28:49,0.00134130,3.58000000
2018-02-27 01:28:49,0.00134400,1.86000000
2018-02-27 01:28:49,0.00134400,0.93000000
2018-02-27 01:28:49,0.00134130,1.51000000
2018-02-27 01:28:50,0.00134400,4.16000000
2018-02-27 01:28:50,0.00134400,3.72000000
2018-02-27 01:28:51,0.00134350,2.57000000
2018-02-27 01:28:51,0.00134400,3.38000000
2018-02-27 01:28:51,0.00134400,2.34000000
2018-02-27 01:28:51,0.00134130,3.91000000
2018-02-27 01:28:51,0.00134240,1.86000000
2018-02-27 01:28:52,0.00134130,0.01000000
2018-02-27 01:28:52,0.00134120,0.84000000
2018-02-27 01:28:52,0.00134240,1.87000000
2018-02-27 01:28:52,0.00134400,0.36000000
2018-02-27 01:28:53,0.00134120,1.63000000
2018-02-27 01:28:53,0.00134400,0.89000000
2018-02-27 01:28:53,0.00134400,52.00000000
2018-02-27 01:28:53,0.00134400,0.70000000
2018-02-27 01:28:54,0.00134130,5.97000000
2018-02-27 01:28:54,0.00134130,5.97000000
2018-02-27 01:28:54,0.00134120,36.37000000
2018-02-27 01:28:54,0.00134120,0.03000000
2018-02-27 01:28:54,0.00134130,5.94000000
2018-02-27 01:28:54,0.00134010,3.74000000
2018-02-27 01:28:54,0.00134000,7.46000000
2018-02-27 01:28:55,0.00134010,2.89000000
2018-02-27 01:28:55,0.00134400,17.91000000
2018-02-27 01:28:55,0.00134420,1.74000000
2018-02-27 01:28:55,0.00134430,13.47000000
2018-02-27 01:28:55,0.00134460,11.13000000
2018-02-27 01:28:55,0.00134500,13.64000000
2018-02-27 01:28:55,0.00134670,2.24000000
2018-02-27 01:28:55,0.00134700,89.87000000
2018-02-27 01:28:55,0.00134400,1.51000000
2018-02-27 01:28:56,0.00134050,24.12000000
2018-02-27 01:28:56,0.00134050,123.13000000
2018-02-27 01:28:56,0.00134040,41.87000000
2018-02-27 01:28:56,0.00134400,2.00000000
2018-02-27 01:28:56,0.00134400,0.01000000
2018-02-27 01:28:56,0.00134050,7.44000000
2018-02-27 01:28:56,0.00134050,26.71000000
2018-02-27 01:28:57,0.00134050,1.61000000
2018-02-27 01:28:57,0.00134170,1.64000000
2018-02-27 01:28:57,0.00134170,18.36000000
2018-02-27 01:28:57,0.00134180,2.01000000
2018-02-27 01:28:57,0.00134050,8.72000000
2018-02-27 01:28:58,0.00134160,181.40000000
2018-02-27 01:29:00,0.00134350,1.86000000
2018-02-27 01:29:00,0.00134350,0.09000000
2018-02-27 01:29:00,0.00134160,7.45000000
2018-02-27 01:29:00,0.00134160,7.45000000
2018-02-27 01:29:00,0.00134160,120.53000000
2018-02-27 01:29:00,0.00134160,7.44000000
2018-02-27 01:29:00,0.00134160,7.45000000
2018-02-27 01:29:01,0.00134160,7.44000000
2018-02-27 01:29:01,0.00134160,119.70000000
2018-02-27 01:29:02,0.00134340,1.86000000
2018-02-27 01:29:03,0.00134340,1.88000000
2018-02-27 01:29:03,0.00134260,2.85000000
2018-02-27 01:29:04,0.00134350,3.72000000
2018-02-27 01:29:05,0.00134260,0.12000000
2018-02-27 01:29:05,0.00134250,10.87000000
2018-02-27 01:29:05,0.00134250,7.44000000
2018-02-27 01:29:05,0.00134250,3.52000000
2018-02-27 01:29:05,0.00134260,2.05000000
2018-02-27 01:29:05,0.00134260,10.63000000
2018-02-27 01:29:05,0.00134340,5.95000000
2018-02-27 01:29:06,0.00134340,13.69000000
2018-02-27 01:29:06,0.00134350,8.64000000
2018-02-27 01:29:06,0.00134350,1.86000000
2018-02-27 01:29:06,0.00134350,1.86000000
2018-02-27 01:29:06,0.00134250,1.51000000
2018-02-27 01:29:06,0.00134250,1.00000000
2018-02-27 01:29:06,0.00134350,2.01000000
2018-02-27 01:29:07,0.00134350,1.86000000
2018-02-27 01:29:07,0.00134250,11.19000000
2018-02-27 01:29:07,0.00134290,131.12000000
2018-02-27 01:29:08,0.00134260,2.50000000
2018-02-27 01:29:08,0.00134260,1.25000000
2018-02-27 01:29:08,0.00134260,2.50000000
2018-02-27 01:29:08,0.00134350,5.00000000
2018-02-27 01:29:09,0.00134350,7.49000000
2018-02-27 01:29:09,0.00134360,1.37000000
2018-02-27 01:29:09,0.00134360,7.94000000
2018-02-27 01:29:11,0.00134260,0.75000000
2018-02-27 01:29:11,0.00134250,0.93000000
2018-02-27 01:29:13,0.00134250,22.86000000
2018-02-27 01:29:13,0.00134250,1.25000000
2018-02-27 01:29:14,0.00134250,6.29000000
2018-02-27 01:29:14,0.00134250,20.19000000
2018-02-27 01:29:15,0.00134260,30.75000000
2018-02-27 01:29:15,0.00134330,2.28000000
2018-02-27 01:29:15,0.00134370,5.98000000
2018-02-27 01:29:15,0.00134400,35.57000000
2018-02-27 01:29:16,0.00134260,12.57000000
2018-02-27 01:29:16,0.00134260,2.46000000
2018-02-27 01:29:16,0.00134250,1.25000000
2018-02-27 01:29:17,0.00134260,20.88000000
2018-02-27 01:29:17,0.00134400,20.05000000
2018-02-27 01:29:17,0.00134400,2.52000000
2018-02-27 01:29:17,0.00134400,0.05000000
2018-02-27 01:29:17,0.00134250,2.52000000
2018-02-27 01:29:19,0.00134630,1.19000000
2018-02-27 01:29:19,0.00134280,20.87000000
2018-02-27 01:29:19,0.00134360,1.00000000
2018-02-27 01:29:19,0.00134630,0.86000000
2018-02-27 01:29:19,0.00134280,1.25000000
2018-02-27 01:29:19,0.00134630,2.60000000
2018-02-27 01:29:20,0.00134280,1.25000000
2018-02-27 01:29:20,0.00134330,1.51000000
2018-02-27 01:29:20,0.00134620,17.14000000
2018-02-27 01:29:20,0.00134630,1.32000000
2018-02-27 01:29:21,0.00134290,1.32000000
2018-02-27 01:29:21,0.00134660,2.50000000
2018-02-27 01:29:21,0.00134670,101.17000000
2018-02-27 01:29:23,0.00134370,1.51000000
2018-02-27 01:29:23,0.00134670,0.27000000
2018-02-27 01:29:23,0.00134320,290.29000000
2018-02-27 01:29:23,0.00134290,17.91000000
2018-02-27 01:29:23,0.00134280,40.00000000
2018-02-27 01:29:23,0.00134250,12.65000000
2018-02-27 01:29:27,0.00134560,17.91000000
2018-02-27 01:29:30,0.00134440,1.50000000
2018-02-27 01:29:30,0.00134410,0.50000000
2018-02-27 01:29:31,0.00134680,3.73000000
2018-02-27 01:29:31,0.00134690,12.18000000
2018-02-27 01:29:31,0.00134410,17.41000000
2018-02-27 01:29:31,0.00134400,135.43000000
2018-02-27 01:29:33,0.00134660,9.44000000
2018-02-27 01:29:33,0.00134680,5.04000000
2018-02-27 01:29:33,0.00134410,1.51000000
2018-02-27 01:29:36,0.00134680,0.10000000
2018-02-27 01:29:36,0.00134430,1.51000000
2018-02-27 01:29:38,0.00134500,3.83000000
2018-02-27 01:29:38,0.00134500,16.06000000
2018-02-27 01:29:38,0.00134430,50.87000000
2018-02-27 01:29:40,0.00134500,2.50000000
2018-02-27 01:29:40,0.00134580,144.84000000
2018-02-27 01:29:40,0.00134680,12.77000000
2018-02-27 01:29:41,0.00134510,2.06000000
2018-02-27 01:29:41,0.00134800,5.43000000
2018-02-27 01:29:41,0.00134850,13.09000000
2018-02-27 01:29:46,0.00134950,10.01000000
2018-02-27 01:29:47,0.00134950,2.49000000
2018-02-27 01:29:47,0.00134970,50.94000000
2018-02-27 01:29:47,0.00134990,2.21000000
2018-02-27 01:29:47,0.00135000,12.81000000
2018-02-27 01:29:47,0.00134940,1.50000000
2018-02-27 01:29:48,0.00134940,1.25000000
2018-02-27 01:29:48,0.00134940,2.14000000
2018-02-27 01:29:48,0.00134940,7.16000000
2018-02-27 01:29:48,0.00134940,7.62000000
2018-02-27 01:29:49,0.00134940,1.25000000
2018-02-27 01:29:49,0.00134940,2.00000000
2018-02-27 01:29:49,0.00135000,29.63000000
2018-02-27 01:29:50,0.00135000,106.29000000
2018-02-27 01:29:50,0.00135000,37.20000000
2018-02-27 01:29:50,0.00135000,1.25000000
2018-02-27 01:29:50,0.00135000,5.00000000
2018-02-27 01:29:51,0.00135000,14.67000000
2018-02-27 01:29:51,0.00135070,4.24000000
2018-02-27 01:29:51,0.00135000,53.92000000
2018-02-27 01:29:52,0.00135000,192.35000000
2018-02-27 01:29:52,0.00134940,23.53000000
2018-02-27 01:29:52,0.00134730,3.72000000
2018-02-27 01:29:52,0.00134600,3.07000000
2018-02-27 01:29:52,0.00134590,0.52000000
2018-02-27 01:29:53,0.00135060,22.21000000
2018-02-27 01:29:53,0.00135000,5.00000000
2018-02-27 01:29:53,0.00135060,7.03000000
2018-02-27 01:29:54,0.00135060,7.90000000
2018-02-27 01:29:54,0.00135060,8.20000000
2018-02-27 01:29:54,0.00135060,9.14000000
2018-02-27 01:29:54,0.00135000,2.74000000
2018-02-27 01:29:55,0.00135000,14.71000000
2018-02-27 01:29:55,0.00134800,2.74000000
2018-02-27 01:29:55,0.00134800,14.71000000
2018-02-27 01:29:55,0.00134800,21.78000000
2018-02-27 01:29:55,0.00134800,104.33000000
2018-02-27 01:29:55,0.00134590,7.40000000
2018-02-27 01:29:55,0.00134590,7.41000000
2018-02-27 01:29:55,0.00134590,1.25000000
2018-02-27 01:29:55,0.00134590,1.31000000
2018-02-27 01:29:55,0.00134780,0.76000000
2018-02-27 01:29:55,0.00134980,2.42000000
2018-02-27 01:29:56,0.00134950,7.02000000
2018-02-27 01:29:56,0.00134600,7.02000000
2018-02-27 01:29:56,0.00135000,275.73000000
2018-02-27 01:29:56,0.00134610,5.00000000
2018-02-27 01:29:58,0.00134630,1.89000000
2018-02-27 01:29:58,0.00134620,0.35000000
2018-02-27 01:29:58,0.00135030,1.85000000
2018-02-27 01:29:58,0.00135030,14.00000000
2018-02-27 01:29:58,0.00135020,9.84000000
2018-02-27 01:29:58,0.00135030,14.06000000
2018-02-27 01:29:58,0.00135060,0.01000000
2018-02-27 01:29:58,0.00135070,1.39000000
2018-02-27 01:29:58,0.00135080,12.70000000
2018-02-27 01:29:58,0.00135040,2.24000000
2018-02-27 01:29:58,0.00135040,1.64000000
2018-02-27 01:29:59,0.00135040,45.78000000
2018-02-27 01:29:59,0.00134980,3.40000000
2018-02-27 01:29:59,0.00134630,1.60000000
2018-02-27 01:29:59,0.00134630,10.44000000
2018-02-27 01:29:59,0.00135040,0.05000000
2018-02-27 01:30:00,0.00134850,304.01000000
2018-02-27 01:30:02,0.00134660,2.99000000
2018-02-27 01:30:03,0.00135060,1.85000000
2018-02-27 01:30:03,0.00135050,1.78000000
2018-02-27 01:30:04,0.00135040,12.04000000
2018-02-27 01:30:04,0.00135050,1.21000000
2018-02-27 01:30:04,0.00135060,1.87000000
2018-02-27 01:30:04,0.00135080,4.37000000
2018-02-27 01:30:04,0.00135300,13.40000000
2018-02-27 01:30:04,0.00135310,207.26000000
2018-02-27 01:30:04,0.00135340,3.66000000
