DATE,PRICE,VOLUME
2018-02-22 13:00:00,0.00082730,27.73000000
2018-02-22 13:00:00,0.00082740,136.74000000
2018-02-22 13:00:00,0.00082780,52.65000000
2018-02-22 13:00:01,0.00082840,7.35000000
2018-02-22 13:00:01,0.00082890,50.00000000
2018-02-22 13:00:01,0.00082900,16.68000000
2018-02-22 13:00:02,0.00082750,23.62000000
2018-02-22 13:00:02,0.00082740,0.01000000
2018-02-22 13:00:02,0.00082770,2.42000000
2018-02-22 13:00:02,0.00082760,18.03000000
2018-02-22 13:00:02,0.00082760,43.54000000
2018-02-22 13:00:03,0.00082760,0.03000000
2018-02-22 13:00:03,0.00082800,9.48000000
2018-02-22 13:00:03,0.00082870,17.91000000
2018-02-22 13:00:03,0.00082800,4.17000000
2018-02-22 13:00:04,0.00082800,19.99000000
2018-02-22 13:00:05,0.00082870,1.21000000
2018-02-22 13:00:05,0.00082800,14.99000000
2018-02-22 13:00:08,0.00082870,42.45000000
2018-02-22 13:00:08,0.00082880,2.42000000
2018-02-22 13:00:08,0.00082900,75.33000000
2018-02-22 13:00:08,0.00082800,0.10000000
2018-02-22 13:00:10,0.00082800,15.23000000
2018-02-22 13:00:11,0.00082900,93.70000000
2018-02-22 13:00:12,0.00082900,4.23000000
2018-02-22 13:00:12,0.00082920,124.15000000
2018-02-22 13:00:13,0.00082830,2.42000000
2018-02-22 13:00:13,0.00082810,5.98000000
2018-02-22 13:00:14,0.00082880,2.42000000
2018-02-22 13:00:14,0.00082920,13.18000000
2018-02-22 13:00:14,0.00082830,2.42000000
2018-02-22 13:00:14,0.00082810,259.46000000
2018-02-22 13:00:14,0.00082800,383.24000000
2018-02-22 13:00:14,0.00082770,50.06000000
2018-02-22 13:00:14,0.00082740,82.58000000
2018-02-22 13:00:16,0.00082790,250.38000000
2018-02-22 13:00:16,0.00082860,10.87000000
2018-02-22 13:00:17,0.00082860,15.71000000
2018-02-22 13:00:17,0.00082900,50.00000000
2018-02-22 13:00:18,0.00082920,16.58000000
2018-02-22 13:00:18,0.00082990,12.92000000
2018-02-22 13:00:18,0.00082900,3.37000000
2018-02-22 13:00:19,0.00082990,21.71000000
2018-02-22 13:00:19,0.00082990,74.50000000
2018-02-22 13:00:19,0.00083000,1436.81000000
2018-02-22 13:00:22,0.00083000,259.43000000
2018-02-22 13:00:23,0.00083000,56.98000000
2018-02-22 13:00:24,0.00083000,419.90000000
2018-02-22 13:00:24,0.00083000,3.02000000
2018-02-22 13:00:24,0.00083000,248.68000000
2018-02-22 13:00:24,0.00083000,2.53000000
2018-02-22 13:00:24,0.00083000,271.49000000
2018-02-22 13:00:25,0.00083010,122.64000000
2018-02-22 13:00:27,0.00083010,44.94000000
2018-02-22 13:00:28,0.00083010,10.00000000
2018-02-22 13:00:28,0.00083010,32.39000000
2018-02-22 13:00:30,0.00083010,93.50000000
2018-02-22 13:00:30,0.00083020,18.06000000
2018-02-22 13:00:31,0.00083020,1.94000000
2018-02-22 13:00:32,0.00083010,247.06000000
2018-02-22 13:00:32,0.00083010,37.14000000
2018-02-22 13:00:32,0.00083000,114.90000000
2018-02-22 13:00:32,0.00082940,2.42000000
2018-02-22 13:00:32,0.00082900,27.80000000
2018-02-22 13:00:33,0.00082980,2.42000000
2018-02-22 13:00:33,0.00083000,29.36000000
2018-02-22 13:00:34,0.00083000,65.78000000
2018-02-22 13:00:35,0.00083000,0.10000000
2018-02-22 13:00:35,0.00082920,1.45000000
2018-02-22 13:00:35,0.00083000,4.82000000
2018-02-22 13:00:36,0.00082920,0.10000000
2018-02-22 13:00:36,0.00083000,7.95000000
2018-02-22 13:00:37,0.00082990,17.58000000
2018-02-22 13:00:37,0.00082990,507.39000000
2018-02-22 13:00:37,0.00083000,98.18000000
2018-02-22 13:00:37,0.00083000,8.07000000
2018-02-22 13:00:37,0.00083000,0.01000000
2018-02-22 13:00:38,0.00083000,33.45000000
2018-02-22 13:00:38,0.00083000,2.41000000
2018-02-22 13:00:39,0.00083000,2.65000000
2018-02-22 13:00:39,0.00083000,18.56000000
2018-02-22 13:00:39,0.00083010,6.72000000
2018-02-22 13:00:39,0.00082940,2.42000000
2018-02-22 13:00:39,0.00082920,0.87000000
2018-02-22 13:00:39,0.00082910,109.71000000
2018-02-22 13:00:39,0.00082900,194.67000000
2018-02-22 13:00:40,0.00082900,3.00000000
2018-02-22 13:00:40,0.00082870,24.13000000
2018-02-22 13:00:40,0.00082860,6.00000000
2018-02-22 13:00:41,0.00082900,46.37000000
2018-02-22 13:00:42,0.00082900,1.48000000
2018-02-22 13:00:42,0.00082900,308.78000000
2018-02-22 13:00:43,0.00082960,2.42000000
2018-02-22 13:00:43,0.00082980,1.85000000
2018-02-22 13:00:44,0.00082900,200.00000000
2018-02-22 13:00:45,0.00082980,28.07000000
2018-02-22 13:00:45,0.00082980,33.69000000
2018-02-22 13:00:45,0.00082980,33.69000000
2018-02-22 13:00:45,0.00082980,13.20000000
2018-02-22 13:00:45,0.00082960,10.00000000
2018-02-22 13:00:45,0.00082900,78.35000000
2018-02-22 13:00:45,0.00082900,28.07000000
2018-02-22 13:00:45,0.00082900,122.64000000
2018-02-22 13:00:45,0.00082900,293.19000000
2018-02-22 13:00:45,0.00082900,45.99000000
2018-02-22 13:00:46,0.00082900,109.71000000
2018-02-22 13:00:46,0.00082900,65.71000000
2018-02-22 13:00:47,0.00082900,219.51000000
2018-02-22 13:00:47,0.00082980,1.63000000
2018-02-22 13:00:47,0.00082990,50.00000000
2018-02-22 13:00:47,0.00083000,1272.86000000
2018-02-22 13:00:48,0.00082980,4.70000000
2018-02-22 13:00:48,0.00082870,267.42000000
2018-02-22 13:00:49,0.00082960,2.77000000
2018-02-22 13:00:49,0.00082870,6.03000000
2018-02-22 13:00:49,0.00082780,0.11000000
2018-02-22 13:00:50,0.00082950,24.13000000
2018-02-22 13:00:50,0.00082960,102.24000000
2018-02-22 13:00:50,0.00083000,54.73000000
2018-02-22 13:00:53,0.00082810,106.03000000
2018-02-22 13:00:53,0.00082800,14.12000000
2018-02-22 13:00:53,0.00082970,0.04000000
2018-02-22 13:00:54,0.00082790,24.15000000
2018-02-22 13:00:54,0.00082780,8.63000000
2018-02-22 13:00:54,0.00082950,45.00000000
2018-02-22 13:00:54,0.00082960,25.30000000
2018-02-22 13:00:55,0.00082970,123.04000000
2018-02-22 13:00:55,0.00082990,1885.43000000
2018-02-22 13:00:55,0.00083000,240.92000000
2018-02-22 13:00:56,0.00083010,6.16000000
2018-02-22 13:00:57,0.00083000,626.61000000
2018-02-22 13:00:57,0.00083000,125.32000000
2018-02-22 13:00:57,0.00082880,253.37000000
2018-02-22 13:00:57,0.00082860,10.81000000
2018-02-22 13:00:57,0.00082790,84.43000000
2018-02-22 13:00:57,0.00082780,41.48000000
2018-02-22 13:00:57,0.00082740,1.99000000
2018-02-22 13:00:57,0.00082720,30.39000000
2018-02-22 13:00:57,0.00082710,4.00000000
2018-02-22 13:00:57,0.00082700,65.46000000
2018-02-22 13:00:57,0.00082620,134.68000000
2018-02-22 13:00:57,0.00082620,0.01000000
2018-02-22 13:00:57,0.00082570,67.08000000
2018-02-22 13:00:57,0.00082550,58.52000000
2018-02-22 13:00:57,0.00082550,103.88000000
2018-02-22 13:00:57,0.00082510,105.69000000
2018-02-22 13:00:59,0.00082740,3.56000000
2018-02-22 13:00:59,0.00082740,43.69000000
2018-02-22 13:00:59,0.00082740,226.50000000
2018-02-22 13:01:01,0.00082540,45.00000000
2018-02-22 13:01:01,0.00082530,110.19000000
2018-02-22 13:01:01,0.00082500,633.52000000
2018-02-22 13:01:01,0.00082480,2.62000000
2018-02-22 13:01:01,0.00082430,31.01000000
2018-02-22 13:01:01,0.00082720,45.00000000
2018-02-22 13:01:01,0.00082730,126.20000000
2018-02-22 13:01:01,0.00082740,436.26000000
2018-02-22 13:01:01,0.00082430,0.94000000
2018-02-22 13:01:02,0.00082710,72.01000000
2018-02-22 13:01:03,0.00082450,5.00000000
2018-02-22 13:01:04,0.00082620,86.74000000
2018-02-22 13:01:05,0.00082550,1.21000000
2018-02-22 13:01:06,0.00082690,5.00000000
2018-02-22 13:01:06,0.00082700,28.20000000
2018-02-22 13:01:09,0.00082630,3.09000000
2018-02-22 13:01:09,0.00082560,3.05000000
2018-02-22 13:01:09,0.00082680,54.15000000
2018-02-22 13:01:09,0.00082690,1.21000000
2018-02-22 13:01:09,0.00082700,321.54000000
2018-02-22 13:01:10,0.00082600,25.00000000
2018-02-22 13:01:10,0.00082680,3.05000000
2018-02-22 13:01:10,0.00082700,156.94000000
2018-02-22 13:01:10,0.00082600,100.00000000
2018-02-22 13:01:11,0.00082700,395.02000000
2018-02-22 13:01:12,0.00082700,642.30000000
2018-02-22 13:01:12,0.00082700,201.46000000
2018-02-22 13:01:12,0.00082700,20.36000000
2018-02-22 13:01:12,0.00082700,0.02000000
2018-02-22 13:01:13,0.00082700,39.58000000
2018-02-22 13:01:13,0.00082700,1.94000000
2018-02-22 13:01:13,0.00082700,26.48000000
2018-02-22 13:01:14,0.00082700,258.00000000
2018-02-22 13:01:14,0.00082700,26.48000000
2018-02-22 13:01:15,0.00082700,526.07000000
2018-02-22 13:01:15,0.00082700,25.00000000
2018-02-22 13:01:16,0.00082710,21.55000000
2018-02-22 13:01:16,0.00082710,2.18000000
2018-02-22 13:01:18,0.00082710,7.73000000
2018-02-22 13:01:18,0.00082710,24.06000000
2018-02-22 13:01:19,0.00082760,3.64000000
2018-02-22 13:01:19,0.00082730,284.47000000
2018-02-22 13:01:23,0.00082770,24.16000000
2018-02-22 13:01:23,0.00082760,5.69000000
2018-02-22 13:01:24,0.00082790,2.42000000
2018-02-22 13:01:26,0.00082800,11.59000000
2018-02-22 13:01:26,0.00082800,106.03000000
2018-02-22 13:01:27,0.00082800,4.84000000
2018-02-22 13:01:27,0.00082860,3.02000000
2018-02-22 13:01:29,0.00082860,2.41000000
2018-02-22 13:01:30,0.00082860,0.26000000
2018-02-22 13:01:30,0.00082870,6.25000000
2018-02-22 13:01:30,0.00082830,103.78000000
2018-02-22 13:01:32,0.00082810,10.00000000
2018-02-22 13:01:33,0.00082870,5.03000000
2018-02-22 13:01:33,0.00082850,2.42000000
2018-02-22 13:01:34,0.00082850,0.17000000
2018-02-22 13:01:34,0.00082860,10.00000000
2018-02-22 13:01:34,0.00082870,12.88000000
2018-02-22 13:01:34,0.00082880,2.42000000
2018-02-22 13:01:34,0.00082900,65.70000000
2018-02-22 13:01:34,0.00082900,67.45000000
2018-02-22 13:01:34,0.00082990,83.15000000
2018-02-22 13:01:34,0.00083000,80.49000000
2018-02-22 13:01:34,0.00083000,31.73000000
2018-02-22 13:01:34,0.00083000,83.15000000
2018-02-22 13:01:34,0.00082850,21.12000000
2018-02-22 13:01:38,0.00082990,100.00000000
2018-02-22 13:01:38,0.00083000,24.59000000
2018-02-22 13:01:38,0.00083000,917.38000000
2018-02-22 13:01:39,0.00083000,1.49000000
2018-02-22 13:01:41,0.00083000,137.37000000
2018-02-22 13:01:42,0.00083010,25.50000000
2018-02-22 13:01:43,0.00083020,30.66000000
2018-02-22 13:01:43,0.00083020,16.44000000
2018-02-22 13:01:45,0.00083020,10.21000000
2018-02-22 13:01:46,0.00083010,10.00000000
2018-02-22 13:01:46,0.00083010,58.02000000
2018-02-22 13:01:46,0.00083020,4.82000000
2018-02-22 13:01:47,0.00083010,0.01000000
2018-02-22 13:01:47,0.00083020,56.46000000
2018-02-22 13:01:48,0.00083010,151.91000000
2018-02-22 13:01:49,0.00083010,205.42000000
2018-02-22 13:01:49,0.00083000,5.00000000
2018-02-22 13:01:49,0.00083000,1605.33000000
2018-02-22 13:01:50,0.00083010,28.69000000
2018-02-22 13:01:50,0.00083010,33.13000000
2018-02-22 13:01:50,0.00083020,21.30000000
2018-02-22 13:01:50,0.00083030,4.90000000
2018-02-22 13:01:50,0.00083100,7.02000000
2018-02-22 13:01:50,0.00083150,126.17000000
2018-02-22 13:01:50,0.00083150,25.87000000
2018-02-22 13:01:50,0.00083180,11.87000000
2018-02-22 13:01:50,0.00083100,14.80000000
2018-02-22 13:01:50,0.00083180,27.33000000
2018-02-22 13:01:52,0.00083180,80.80000000
2018-02-22 13:01:52,0.00083190,66.62000000
2018-02-22 13:01:52,0.00083200,709.11000000
2018-02-22 13:01:52,0.00083250,74.65000000
2018-02-22 13:01:52,0.00083280,38.88000000
2018-02-22 13:01:52,0.00083300,32.18000000
2018-02-22 13:01:52,0.00083300,29.90000000
2018-02-22 13:01:52,0.00083300,11.77000000
2018-02-22 13:01:52,0.00083120,2.42000000
2018-02-22 13:01:52,0.00083110,15.66000000
2018-02-22 13:01:52,0.00083110,30.67000000
2018-02-22 13:01:52,0.00083110,63.09000000
2018-02-22 13:01:52,0.00083100,74.28000000
2018-02-22 13:01:54,0.00083100,30.39000000
2018-02-22 13:01:55,0.00083100,10.00000000
2018-02-22 13:01:57,0.00083110,3.01000000
2018-02-22 13:01:57,0.00083100,3.63000000
2018-02-22 13:01:58,0.00083110,3.01000000
2018-02-22 13:01:58,0.00083110,12.15000000
2018-02-22 13:01:58,0.00083110,3.37000000
2018-02-22 13:01:59,0.00083110,1.01000000
2018-02-22 13:02:00,0.00083100,99.06000000
2018-02-22 13:02:00,0.00083110,1.44000000
2018-02-22 13:02:01,0.00083110,8.12000000
2018-02-22 13:02:01,0.00083110,234.53000000
2018-02-22 13:02:01,0.00083140,109.42000000
2018-02-22 13:02:01,0.00083150,11.60000000
2018-02-22 13:02:02,0.00083150,11.75000000
2018-02-22 13:02:02,0.00083160,2.42000000
2018-02-22 13:02:05,0.00083270,24.01000000
2018-02-22 13:02:05,0.00083270,31.63000000
2018-02-22 13:02:05,0.00083280,1.20000000
2018-02-22 13:02:05,0.00083280,28.70000000
2018-02-22 13:02:05,0.00083300,29.90000000
2018-02-22 13:02:05,0.00083380,176.51000000
2018-02-22 13:02:05,0.00083390,128.39000000
2018-02-22 13:02:05,0.00083400,1506.12000000
2018-02-22 13:02:06,0.00083310,104.01000000
2018-02-22 13:02:06,0.00083310,16.82000000
2018-02-22 13:02:06,0.00083310,34.56000000
2018-02-22 13:02:07,0.00083310,12.92000000
2018-02-22 13:02:07,0.00083310,7.60000000
2018-02-22 13:02:07,0.00083310,26.48000000
2018-02-22 13:02:07,0.00083310,18.92000000
2018-02-22 13:02:08,0.00083400,18.31000000
2018-02-22 13:02:08,0.00083400,606.62000000
2018-02-22 13:02:08,0.00083400,11.99000000
2018-02-22 13:02:09,0.00083330,2.42000000
2018-02-22 13:02:09,0.00083310,11.33000000
2018-02-22 13:02:09,0.00083300,25.29000000
2018-02-22 13:02:09,0.00083380,5.71000000
2018-02-22 13:02:10,0.00083350,2.80000000
2018-02-22 13:02:10,0.00083350,7.99000000
2018-02-22 13:02:10,0.00083350,7.95000000
2018-02-22 13:02:10,0.00083350,7.99000000
2018-02-22 13:02:10,0.00083350,7.76000000
2018-02-22 13:02:10,0.00083380,194.03000000
2018-02-22 13:02:11,0.00083380,1.91000000
2018-02-22 13:02:11,0.00083380,222.97000000
2018-02-22 13:02:11,0.00083380,54.30000000
2018-02-22 13:02:11,0.00083380,732.38000000
2018-02-22 13:02:11,0.00083390,75.65000000
2018-02-22 13:02:11,0.00083400,145.11000000
2018-02-22 13:02:11,0.00083450,18.31000000
2018-02-22 13:02:11,0.00083500,241.28000000
2018-02-22 13:02:11,0.00083510,289.94000000
2018-02-22 13:02:11,0.00083520,177.81000000
2018-02-22 13:02:11,0.00083550,27.25000000
2018-02-22 13:02:11,0.00083570,29.34000000
2018-02-22 13:02:11,0.00083590,32.69000000
2018-02-22 13:02:11,0.00083600,56.64000000
2018-02-22 13:02:11,0.00083610,54.60000000
2018-02-22 13:02:11,0.00083620,159.24000000
2018-02-22 13:02:11,0.00083670,12.56000000
2018-02-22 13:02:11,0.00083700,136.26000000
2018-02-22 13:02:11,0.00083770,4.11000000
2018-02-22 13:02:11,0.00083780,15.00000000
2018-02-22 13:02:11,0.00083790,306.46000000
2018-02-22 13:02:11,0.00083800,5.00000000
2018-02-22 13:02:11,0.00083830,33.43000000
2018-02-22 13:02:11,0.00083840,29.83000000
2018-02-22 13:02:11,0.00083860,24.34000000
2018-02-22 13:02:11,0.00083890,9.70000000
2018-02-22 13:02:11,0.00083900,13.85000000
2018-02-22 13:02:11,0.00083910,6.97000000
2018-02-22 13:02:11,0.00083950,32.10000000
2018-02-22 13:02:11,0.00083990,216.43000000
2018-02-22 13:02:11,0.00084000,196.56000000
2018-02-22 13:02:11,0.00084050,8.01000000
2018-02-22 13:02:11,0.00084130,64.28000000
2018-02-22 13:02:11,0.00084140,26.83000000
2018-02-22 13:02:11,0.00084150,3.40000000
2018-02-22 13:02:11,0.00084150,27.29000000
2018-02-22 13:02:11,0.00084200,70.46000000
2018-02-22 13:02:11,0.00083400,4.73000000
2018-02-22 13:02:12,0.00083430,1.38000000
2018-02-22 13:02:12,0.00083430,27.00000000
2018-02-22 13:02:13,0.00084120,17.24000000
2018-02-22 13:02:13,0.00084130,28.38000000
2018-02-22 13:02:13,0.00084190,72.25000000
2018-02-22 13:02:13,0.00084200,217.81000000
2018-02-22 13:02:14,0.00084200,41.49000000
2018-02-22 13:02:14,0.00084200,30.00000000
2018-02-22 13:02:14,0.00084200,9.90000000
2018-02-22 13:02:14,0.00084200,4.30000000
2018-02-22 13:02:15,0.00084200,5.70000000
2018-02-22 13:02:15,0.00084200,49.42000000
2018-02-22 13:02:15,0.00084200,80.96000000
2018-02-22 13:02:15,0.00084200,34.00000000
2018-02-22 13:02:15,0.00084200,14.40000000
2018-02-22 13:02:17,0.00084200,122.89000000
2018-02-22 13:02:18,0.00084200,39.72000000
2018-02-22 13:02:18,0.00084200,23.96000000
2018-02-22 13:02:18,0.00084200,348.79000000
2018-02-22 13:02:18,0.00083800,3.64000000
2018-02-22 13:02:18,0.00083770,117.38000000
2018-02-22 13:02:19,0.00084000,13.26000000
2018-02-22 13:02:19,0.00083800,2.40000000
2018-02-22 13:02:19,0.00083780,47.43000000
2018-02-22 13:02:19,0.00083770,1.99000000
2018-02-22 13:02:19,0.00083640,22.77000000
2018-02-22 13:02:19,0.00083560,46.54000000
2018-02-22 13:02:19,0.00084000,90.10000000
2018-02-22 13:02:19,0.00083780,4.17000000
2018-02-22 13:02:20,0.00083780,7.83000000
2018-02-22 13:02:20,0.00083990,47.00000000
2018-02-22 13:02:20,0.00083990,0.43000000
2018-02-22 13:02:20,0.00084000,65.63000000
2018-02-22 13:02:20,0.00083650,60.68000000
2018-02-22 13:02:20,0.00083570,168.53000000
2018-02-22 13:02:20,0.00083560,15.60000000
2018-02-22 13:02:20,0.00083490,23.95000000
2018-02-22 13:02:20,0.00083460,58.00000000
2018-02-22 13:02:20,0.00083450,30.26000000
2018-02-22 13:02:20,0.00083430,29.02000000
2018-02-22 13:02:21,0.00083990,21.46000000
2018-02-22 13:02:21,0.00084000,155.83000000
2018-02-22 13:02:21,0.00083980,18.35000000
2018-02-22 13:02:21,0.00083980,42.33000000
2018-02-22 13:02:21,0.00083990,0.97000000
2018-02-22 13:02:21,0.00083990,8.66000000
2018-02-22 13:02:21,0.00083580,8.66000000
2018-02-22 13:02:22,0.00083980,53.66000000
2018-02-22 13:02:22,0.00083990,34.51000000
2018-02-22 13:02:22,0.00083920,4.80000000
2018-02-22 13:02:22,0.00083740,6.19000000
2018-02-22 13:02:22,0.00083740,27.86000000
2018-02-22 13:02:22,0.00083780,290.70000000
2018-02-22 13:02:22,0.00083700,27.86000000
2018-02-22 13:02:22,0.00083700,66.27000000
2018-02-22 13:02:22,0.00083700,8.00000000
2018-02-22 13:02:22,0.00083780,23.06000000
2018-02-22 13:02:22,0.00083990,2.98000000
2018-02-22 13:02:22,0.00083610,2.40000000
2018-02-22 13:02:22,0.00083600,65.91000000
2018-02-22 13:02:22,0.00083610,6.02000000
2018-02-22 13:02:23,0.00083620,30.31000000
2018-02-22 13:02:23,0.00083770,126.58000000
2018-02-22 13:02:23,0.00083770,8.91000000
2018-02-22 13:02:23,0.00083770,19.78000000
2018-02-22 13:02:23,0.00083770,68.57000000
2018-02-22 13:02:23,0.00083620,4.70000000
2018-02-22 13:02:23,0.00083760,65.91000000
2018-02-22 13:02:23,0.00083770,387.51000000
2018-02-22 13:02:23,0.00083970,2.40000000
2018-02-22 13:02:23,0.00083990,52.49000000
2018-02-22 13:02:23,0.00084000,269.06000000
2018-02-22 13:02:23,0.00083620,13.12000000
2018-02-22 13:02:23,0.00083610,25.94000000
2018-02-22 13:02:23,0.00083610,34.74000000
2018-02-22 13:02:23,0.00083600,41.09000000
2018-02-22 13:02:24,0.00083630,5.71000000
2018-02-22 13:02:24,0.00083760,6.02000000
2018-02-22 13:02:24,0.00083990,30.31000000
2018-02-22 13:02:24,0.00084000,721.52000000
2018-02-22 13:02:24,0.00084200,412.47000000
2018-02-22 13:02:24,0.00084200,2.64000000
2018-02-22 13:02:24,0.00084200,3.64000000
2018-02-22 13:02:24,0.00084200,3.04000000
2018-02-22 13:02:24,0.00084200,60.68000000
2018-02-22 13:02:25,0.00084200,23.48000000
2018-02-22 13:02:25,0.00084200,3.02000000
2018-02-22 13:02:25,0.00084200,4.10000000
2018-02-22 13:02:25,0.00084200,62.14000000
2018-02-22 13:02:25,0.00084200,5.43000000
2018-02-22 13:02:25,0.00084200,14.17000000
2018-02-22 13:02:25,0.00084200,9.58000000
2018-02-22 13:02:26,0.00084200,3.35000000
2018-02-22 13:02:26,0.00084200,8.06000000
2018-02-22 13:02:26,0.00084200,119.37000000
2018-02-22 13:02:26,0.00084200,241.44000000
2018-02-22 13:02:26,0.00084200,606.51000000
2018-02-22 13:02:26,0.00084200,218.82000000
2018-02-22 13:02:27,0.00084200,119.66000000
2018-02-22 13:02:28,0.00084200,25.20000000
2018-02-22 13:02:28,0.00084210,1.19000000
2018-02-22 13:02:28,0.00084200,6.04000000
2018-02-22 13:02:29,0.00084200,145.68000000
2018-02-22 13:02:29,0.00084210,1.21000000
2018-02-22 13:02:29,0.00084230,25.02000000
2018-02-22 13:02:29,0.00084240,310.08000000
2018-02-22 13:02:29,0.00084200,259.36000000
2018-02-22 13:02:30,0.00084200,1652.65000000
2018-02-22 13:02:30,0.00084200,386.75000000
2018-02-22 13:02:30,0.00084200,8.68000000
2018-02-22 13:02:30,0.00084200,18.00000000
2018-02-22 13:02:31,0.00084200,136.20000000
2018-02-22 13:02:31,0.00084200,756.28000000
2018-02-22 13:02:31,0.00084230,75.37000000
2018-02-22 13:02:31,0.00084240,305.06000000
2018-02-22 13:02:31,0.00084250,318.71000000
2018-02-22 13:02:31,0.00084240,49.25000000
2018-02-22 13:02:31,0.00084040,2.38000000
2018-02-22 13:02:31,0.00084010,153.53000000
2018-02-22 13:02:31,0.00084000,194.25000000
2018-02-22 13:02:31,0.00083800,3.64000000
2018-02-22 13:02:31,0.00083650,34.48000000
2018-02-22 13:02:31,0.00083640,23.91000000
2018-02-22 13:02:31,0.00083630,253.83000000
2018-02-22 13:02:31,0.00083610,200.00000000
2018-02-22 13:02:31,0.00083580,5.96000000
2018-02-22 13:02:31,0.00083530,250.68000000
2018-02-22 13:02:31,0.00083430,22.19000000
2018-02-22 13:02:31,0.00083390,76.00000000
2018-02-22 13:02:31,0.00083380,298.41000000
2018-02-22 13:02:32,0.00084170,23.91000000
2018-02-22 13:02:32,0.00084180,2.38000000
2018-02-22 13:02:32,0.00084200,3.64000000
2018-02-22 13:02:32,0.00084250,451.59000000
2018-02-22 13:02:32,0.00084260,4.80000000
2018-02-22 13:02:32,0.00084270,70.90000000
2018-02-22 13:02:32,0.00084280,51.10000000
2018-02-22 13:02:32,0.00084330,16.02000000
2018-02-22 13:02:32,0.00084340,1.72000000
2018-02-22 13:02:32,0.00084390,342.19000000
2018-02-22 13:02:32,0.00084410,442.80000000
2018-02-22 13:02:32,0.00084440,94.43000000
2018-02-22 13:02:32,0.00084500,160.92000000
2018-02-22 13:02:32,0.00084510,356.82000000
2018-02-22 13:02:32,0.00084520,342.19000000
2018-02-22 13:02:32,0.00084640,234.13000000
2018-02-22 13:02:32,0.00084660,37.75000000
2018-02-22 13:02:32,0.00084170,45.00000000
2018-02-22 13:02:32,0.00084240,108.53000000
2018-02-22 13:02:32,0.00084240,6.01000000
2018-02-22 13:02:33,0.00084260,3.01000000
2018-02-22 13:02:33,0.00084640,0.15000000
2018-02-22 13:02:33,0.00084280,2.42000000
2018-02-22 13:02:33,0.00084280,19.67000000
2018-02-22 13:02:34,0.00084280,85.51000000
2018-02-22 13:02:34,0.00084270,338.85000000
2018-02-22 13:02:34,0.00084300,2.37000000
2018-02-22 13:02:34,0.00084310,23.72000000
2018-02-22 13:02:34,0.00084300,0.01000000
2018-02-22 13:02:34,0.00084270,73.61000000
2018-02-22 13:02:34,0.00084260,80.37000000
2018-02-22 13:02:34,0.00084260,1.26000000
2018-02-22 13:02:35,0.00084270,5.64000000
2018-02-22 13:02:35,0.00084620,2.38000000
2018-02-22 13:02:35,0.00084630,2.23000000
2018-02-22 13:02:35,0.00084260,9.42000000
2018-02-22 13:02:35,0.00084260,2.40000000
2018-02-22 13:02:35,0.00084260,4.24000000
2018-02-22 13:02:36,0.00084620,66.32000000
2018-02-22 13:02:36,0.00084630,0.43000000
2018-02-22 13:02:36,0.00084260,56.31000000
2018-02-22 13:02:36,0.00084430,4.76000000
2018-02-22 13:02:36,0.00084430,132.74000000
2018-02-22 13:02:36,0.00084430,4.75000000
2018-02-22 13:02:36,0.00084430,0.01000000
2018-02-22 13:02:36,0.00084270,4.76000000
2018-02-22 13:02:37,0.00084410,3.96000000
2018-02-22 13:02:37,0.00084470,0.81000000
2018-02-22 13:02:37,0.00084280,34.77000000
2018-02-22 13:02:37,0.00084280,10.23000000
2018-02-22 13:02:37,0.00084260,112.69000000
2018-02-22 13:02:37,0.00084250,249.04000000
2018-02-22 13:02:37,0.00084240,265.90000000
2018-02-22 13:02:37,0.00084230,239.04000000
2018-02-22 13:02:37,0.00084200,136.12000000
2018-02-22 13:02:37,0.00084200,55.92000000
2018-02-22 13:02:37,0.00084200,2.38000000
2018-02-22 13:02:37,0.00084200,32.14000000
2018-02-22 13:02:37,0.00084190,3.01000000
2018-02-22 13:02:37,0.00084200,24.45000000
2018-02-22 13:02:37,0.00084190,5.71000000
2018-02-22 13:02:37,0.00084200,50.21000000
2018-02-22 13:02:38,0.00084190,35.18000000
2018-02-22 13:02:38,0.00084090,1.43000000
2018-02-22 13:02:38,0.00084090,1.54000000
2018-02-22 13:02:38,0.00083840,0.49000000
2018-02-22 13:02:39,0.00083840,3.15000000
2018-02-22 13:02:39,0.00083650,24.33000000
2018-02-22 13:02:40,0.00084020,1.90000000
2018-02-22 13:02:40,0.00083870,0.87000000
2018-02-22 13:02:40,0.00084050,2.38000000
2018-02-22 13:02:41,0.00083870,2.78000000
2018-02-22 13:02:41,0.00083870,2.42000000
2018-02-22 13:02:41,0.00084090,2.97000000
2018-02-22 13:02:42,0.00084080,126.42000000
2018-02-22 13:02:42,0.00084090,76.39000000
2018-02-22 13:02:42,0.00083870,2.65000000
2018-02-22 13:02:42,0.00083870,7.08000000
2018-02-22 13:02:42,0.00083840,57.90000000
2018-02-22 13:02:42,0.00084070,23.72000000
2018-02-22 13:02:42,0.00084090,5.91000000
2018-02-22 13:02:43,0.00084160,2.38000000
2018-02-22 13:02:43,0.00084190,5.96000000
2018-02-22 13:02:43,0.00084200,19.64000000
2018-02-22 13:02:43,0.00084120,4.82000000
2018-02-22 13:02:43,0.00084120,61.73000000
2018-02-22 13:02:43,0.00084120,12.10000000
2018-02-22 13:02:43,0.00084120,4.82000000
2018-02-22 13:02:43,0.00084120,2.65000000
2018-02-22 13:02:44,0.00084120,30.26000000
2018-02-22 13:02:44,0.00084120,2.18000000
2018-02-22 13:02:45,0.00084120,3.02000000
2018-02-22 13:02:46,0.00084180,4.29000000
2018-02-22 13:02:46,0.00084120,136.20000000
2018-02-22 13:02:46,0.00084170,3.97000000
2018-02-22 13:02:46,0.00084180,3.99000000
2018-02-22 13:02:46,0.00084120,46.72000000
2018-02-22 13:02:46,0.00084120,3.94000000
2018-02-22 13:02:46,0.00084120,189.88000000
2018-02-22 13:02:46,0.00084120,256.31000000
2018-02-22 13:02:46,0.00084120,25.20000000
2018-02-22 13:02:46,0.00084180,2.55000000
2018-02-22 13:02:47,0.00084180,6.53000000
2018-02-22 13:02:47,0.00084180,37.71000000
2018-02-22 13:02:48,0.00084080,2.97000000
2018-02-22 13:02:48,0.00084080,6.12000000
2018-02-22 13:02:48,0.00084070,73.90000000
2018-02-22 13:02:48,0.00084080,40.91000000
2018-02-22 13:02:48,0.00084100,66.44000000
2018-02-22 13:02:49,0.00084100,23.27000000
2018-02-22 13:02:49,0.00084100,154.23000000
2018-02-22 13:02:49,0.00084120,48.25000000
2018-02-22 13:02:49,0.00084120,83.05000000
2018-02-22 13:02:50,0.00083920,60.68000000
2018-02-22 13:02:50,0.00083910,23.83000000
2018-02-22 13:02:50,0.00083900,126.99000000
2018-02-22 13:02:50,0.00083850,115.58000000
2018-02-22 13:02:50,0.00084050,2.40000000
2018-02-22 13:02:50,0.00084070,9.71000000
2018-02-22 13:02:51,0.00083840,2.50000000
2018-02-22 13:02:51,0.00083840,58.18000000
2018-02-22 13:02:51,0.00084070,308.37000000
2018-02-22 13:02:51,0.00083800,10.12000000
2018-02-22 13:02:51,0.00084070,27.66000000
2018-02-22 13:02:51,0.00083800,3.85000000
2018-02-22 13:02:51,0.00084070,4.01000000
2018-02-22 13:02:51,0.00083930,335.23000000
2018-02-22 13:02:53,0.00083810,2.35000000
2018-02-22 13:02:53,0.00083810,60.10000000
2018-02-22 13:02:53,0.00084070,2.03000000
2018-02-22 13:02:53,0.00084120,6.11000000
2018-02-22 13:02:54,0.00083820,3.62000000
2018-02-22 13:02:54,0.00083820,7.96000000
2018-02-22 13:02:54,0.00083820,5.44000000
2018-02-22 13:02:54,0.00083820,9.07000000
2018-02-22 13:02:54,0.00084120,19.32000000
2018-02-22 13:02:54,0.00084180,114.45000000
2018-02-22 13:02:54,0.00084180,1.33000000
2018-02-22 13:02:55,0.00083820,3.02000000
2018-02-22 13:02:55,0.00083820,31.57000000
2018-02-22 13:02:55,0.00083810,3.63000000
2018-02-22 13:02:55,0.00084110,1.79000000
2018-02-22 13:02:56,0.00084180,30.21000000
2018-02-22 13:02:57,0.00083820,30.64000000
2018-02-22 13:02:59,0.00084060,0.96000000
2018-02-22 13:03:00,0.00083840,2.53000000
2018-02-22 13:03:01,0.00084030,7.85000000
2018-02-22 13:03:01,0.00084030,10.94000000
2018-02-22 13:03:01,0.00084040,4.76000000
2018-02-22 13:03:01,0.00084040,2.74000000
2018-02-22 13:03:01,0.00084040,1.20000000
2018-02-22 13:03:02,0.00084040,11.85000000
2018-02-22 13:03:02,0.00084060,23.83000000
2018-02-22 13:03:02,0.00084070,27.14000000
2018-02-22 13:03:02,0.00083840,8.56000000
2018-02-22 13:03:03,0.00083930,154.54000000
2018-02-22 13:03:04,0.00083850,13.28000000
2018-02-22 13:03:04,0.00084030,4.94000000
2018-02-22 13:03:05,0.00083870,16.39000000
2018-02-22 13:03:05,0.00083860,23.84000000
2018-02-22 13:03:05,0.00083840,0.34000000
2018-02-22 13:03:05,0.00084020,2.73000000
2018-02-22 13:03:06,0.00084010,10.55000000
2018-02-22 13:03:06,0.00084000,60.68000000
2018-02-22 13:03:06,0.00084040,9.14000000
2018-02-22 13:03:06,0.00084040,31.34000000
2018-02-22 13:03:07,0.00083860,31.34000000
2018-02-22 13:03:07,0.00084030,23.84000000
2018-02-22 13:03:07,0.00084040,2.74000000
2018-02-22 13:03:08,0.00084030,56.00000000
2018-02-22 13:03:09,0.00084030,157.21000000
2018-02-22 13:03:11,0.00084020,129.35000000
2018-02-22 13:03:11,0.00084020,113.67000000
2018-02-22 13:03:11,0.00084030,55.11000000
2018-02-22 13:03:11,0.00084040,85.37000000
2018-02-22 13:03:11,0.00083930,1.33000000
2018-02-22 13:03:13,0.00084020,1.25000000
2018-02-22 13:03:13,0.00083950,2.40000000
2018-02-22 13:03:13,0.00083930,0.61000000
2018-02-22 13:03:15,0.00084020,6.75000000
2018-02-22 13:03:15,0.00084020,1088.26000000
2018-02-22 13:03:16,0.00084020,4.24000000
2018-02-22 13:03:16,0.00083970,352.27000000
2018-02-22 13:03:17,0.00083930,0.01000000
2018-02-22 13:03:17,0.00084020,60.74000000
2018-02-22 13:03:17,0.00084030,12.41000000
2018-02-22 13:03:18,0.00083950,2.40000000
2018-02-22 13:03:18,0.00083930,6.50000000
2018-02-22 13:03:18,0.00084010,2.40000000
2018-02-22 13:03:19,0.00083940,6.05000000
2018-02-22 13:03:19,0.00084020,9.36000000
2018-02-22 13:03:21,0.00083960,4.92000000
2018-02-22 13:03:22,0.00083960,4.77000000
2018-02-22 13:03:24,0.00083960,40.37000000
2018-02-22 13:03:24,0.00083940,49.95000000
2018-02-22 13:03:24,0.00083930,20.13000000
2018-02-22 13:03:27,0.00083960,228.61000000
2018-02-22 13:03:27,0.00083960,4.13000000
2018-02-22 13:03:29,0.00083930,5.36000000
2018-02-22 13:03:30,0.00083930,55.73000000
2018-02-22 13:03:31,0.00083930,11.91000000
2018-02-22 13:03:32,0.00083900,136.79000000
2018-02-22 13:03:32,0.00083890,23.84000000
2018-02-22 13:03:32,0.00083830,12.12000000
2018-02-22 13:03:32,0.00083820,19.70000000
2018-02-22 13:03:32,0.00083810,5.94000000
2018-02-22 13:03:32,0.00083800,133.10000000
2018-02-22 13:03:32,0.00083800,83.02000000
2018-02-22 13:03:32,0.00083800,35.74000000
2018-02-22 13:03:32,0.00083800,110.32000000
2018-02-22 13:03:33,0.00083800,1.90000000
2018-02-22 13:03:34,0.00083700,5.13000000
2018-02-22 13:03:34,0.00083700,4.76000000
2018-02-22 13:03:36,0.00083740,52.05000000
2018-02-22 13:03:36,0.00083740,119.54000000
2018-02-22 13:03:38,0.00083740,55.68000000
2018-02-22 13:03:39,0.00083740,6.11000000
2018-02-22 13:03:39,0.00083800,119.80000000
2018-02-22 13:03:39,0.00083800,1.50000000
2018-02-22 13:03:39,0.00083820,1.92000000
2018-02-22 13:03:40,0.00083800,81.26000000
2018-02-22 13:03:41,0.00083740,10.94000000
2018-02-22 13:03:42,0.00083890,21.92000000
2018-02-22 13:03:42,0.00083900,300.07000000
2018-02-22 13:03:42,0.00083900,18.05000000
2018-02-22 13:03:44,0.00083920,80.81000000
2018-02-22 13:03:44,0.00083930,61.87000000
2018-02-22 13:03:44,0.00083960,117.81000000
2018-02-22 13:03:44,0.00083960,22.15000000
2018-02-22 13:03:46,0.00084000,283.21000000
2018-02-22 13:03:46,0.00084000,160.68000000
2018-02-22 13:03:46,0.00084010,2.38000000
2018-02-22 13:03:47,0.00083900,511.69000000
2018-02-22 13:03:47,0.00084020,96.74000000
2018-02-22 13:03:49,0.00084020,403.26000000
2018-02-22 13:03:49,0.00083910,17.87000000
2018-02-22 13:03:49,0.00083900,5.11000000
2018-02-22 13:03:50,0.00084030,18.71000000
2018-02-22 13:03:50,0.00084030,198.25000000
2018-02-22 13:03:51,0.00084040,100.00000000
2018-02-22 13:03:54,0.00084030,225.94000000
2018-02-22 13:03:55,0.00084030,136.79000000
2018-02-22 13:03:56,0.00084040,15.58000000
2018-02-22 13:03:56,0.00084040,18.70000000
2018-02-22 13:03:56,0.00084040,18.70000000
2018-02-22 13:03:56,0.00084040,15.58000000
2018-02-22 13:03:57,0.00084040,33.68000000
2018-02-22 13:03:58,0.00084040,25.00000000
2018-02-22 13:03:58,0.00084040,41.22000000
2018-02-22 13:04:00,0.00084070,220.32000000
2018-02-22 13:04:01,0.00084090,5.94000000
2018-02-22 13:04:01,0.00084100,16.00000000
2018-02-22 13:04:01,0.00084120,8.72000000
2018-02-22 13:04:04,0.00084120,8.07000000
2018-02-22 13:04:05,0.00084150,18.21000000
2018-02-22 13:04:09,0.00084160,188.63000000
2018-02-22 13:04:10,0.00084170,2.73000000
2018-02-22 13:04:11,0.00084170,466.07000000
2018-02-22 13:04:11,0.00084200,228.77000000
2018-02-22 13:04:11,0.00084150,52.95000000
2018-02-22 13:04:11,0.00084120,140.42000000
2018-02-22 13:04:11,0.00084120,52.60000000
2018-02-22 13:04:11,0.00084090,103.97000000
2018-02-22 13:04:11,0.00084070,25.62000000
2018-02-22 13:04:11,0.00084030,1.04000000
2018-02-22 13:04:13,0.00084000,103.64000000
2018-02-22 13:04:13,0.00084000,12.86000000
2018-02-22 13:04:13,0.00084000,155.26000000
2018-02-22 13:04:14,0.00083950,12.27000000
2018-02-22 13:04:14,0.00083940,2.97000000
2018-02-22 13:04:14,0.00083910,12.94000000
2018-02-22 13:04:14,0.00083900,12.67000000
2018-02-22 13:04:14,0.00084000,43.18000000
2018-02-22 13:04:14,0.00084000,43.18000000
2018-02-22 13:04:14,0.00084000,43.18000000
2018-02-22 13:04:14,0.00084000,43.18000000
2018-02-22 13:04:14,0.00084000,43.18000000
2018-02-22 13:04:14,0.00084000,3.15000000
2018-02-22 13:04:14,0.00084000,43.17000000
2018-02-22 13:04:14,0.00084000,55.75000000
2018-02-22 13:04:15,0.00084000,90.47000000
2018-02-22 13:04:15,0.00084000,0.43000000
2018-02-22 13:04:15,0.00084000,3.15000000
2018-02-22 13:04:15,0.00084010,23.80000000
2018-02-22 13:04:15,0.00084000,0.28000000
2018-02-22 13:04:16,0.00084000,194.03000000
2018-02-22 13:04:17,0.00084000,1.44000000
2018-02-22 13:04:18,0.00084010,3.01000000
2018-02-22 13:04:18,0.00084140,23.80000000
2018-02-22 13:04:18,0.00084150,126.31000000
2018-02-22 13:04:19,0.00084030,2.40000000
2018-02-22 13:04:19,0.00084000,0.61000000
2018-02-22 13:04:19,0.00084130,2.40000000
2018-02-22 13:04:19,0.00084150,71.55000000
2018-02-22 13:04:19,0.00084150,51.11000000
2018-02-22 13:04:19,0.00084200,59.52000000
2018-02-22 13:04:19,0.00084230,9.74000000
2018-02-22 13:04:20,0.00084230,302.79000000
2018-02-22 13:04:22,0.00084280,11.97000000
2018-02-22 13:04:22,0.00084240,45.00000000
2018-02-22 13:04:22,0.00084230,36.98000000
2018-02-22 13:04:23,0.00084240,43.18000000
2018-02-22 13:04:24,0.00084230,10.79000000
2018-02-22 13:04:24,0.00084220,23.74000000
2018-02-22 13:04:24,0.00084200,8.65000000
2018-02-22 13:04:24,0.00084330,76.56000000
2018-02-22 13:04:25,0.00084200,50.00000000
2018-02-22 13:04:25,0.00084200,43.17000000
2018-02-22 13:04:26,0.00084200,228.51000000
2018-02-22 13:04:26,0.00084150,169.55000000
2018-02-22 13:04:26,0.00084120,1.20000000
2018-02-22 13:04:26,0.00084110,38.49000000
2018-02-22 13:04:26,0.00084000,16.54000000
2018-02-22 13:04:27,0.00084000,109.26000000
2018-02-22 13:04:27,0.00084310,31.92000000
2018-02-22 13:04:27,0.00084160,7.95000000
2018-02-22 13:04:27,0.00084310,2.97000000
2018-02-22 13:04:28,0.00084310,68.59000000
2018-02-22 13:04:28,0.00084310,41.33000000
2018-02-22 13:04:28,0.00084320,5.93000000
2018-02-22 13:04:28,0.00084310,0.06000000
2018-02-22 13:04:28,0.00084030,41.33000000
2018-02-22 13:04:28,0.00084030,12.21000000
2018-02-22 13:04:28,0.00084320,17.81000000
2018-02-22 13:04:28,0.00084350,12.79000000
2018-02-22 13:04:28,0.00084330,13.08000000
2018-02-22 13:04:28,0.00084330,3.74000000
2018-02-22 13:04:28,0.00084330,25.95000000
2018-02-22 13:04:28,0.00084330,15.29000000
2018-02-22 13:04:28,0.00084330,15.29000000
2018-02-22 13:04:28,0.00084330,15.28000000
2018-02-22 13:04:28,0.00084330,4.42000000
2018-02-22 13:04:28,0.00084330,47.64000000
2018-02-22 13:04:28,0.00084330,45.07000000
2018-02-22 13:04:29,0.00084040,4.00000000
2018-02-22 13:04:30,0.00084270,3.35000000
2018-02-22 13:04:30,0.00084280,34.97000000
2018-02-22 13:04:30,0.00084350,122.17000000
2018-02-22 13:04:30,0.00084350,2.56000000
2018-02-22 13:04:30,0.00084350,2.49000000
2018-02-22 13:04:30,0.00084350,41.19000000
2018-02-22 13:04:30,0.00084350,41.19000000
2018-02-22 13:04:30,0.00084350,5.94000000
2018-02-22 13:04:30,0.00084350,19.52000000
2018-02-22 13:04:30,0.00084350,2.62000000
2018-02-22 13:04:31,0.00084350,175.27000000
2018-02-22 13:04:32,0.00084350,3.01000000
2018-02-22 13:04:33,0.00084350,81.95000000
2018-02-22 13:04:33,0.00084350,10.20000000
2018-02-22 13:04:33,0.00084390,11.84000000
2018-02-22 13:04:34,0.00084390,42.35000000
2018-02-22 13:04:34,0.00084350,3.59000000
2018-02-22 13:04:35,0.00084390,2.96000000
2018-02-22 13:04:35,0.00084360,58.68000000
2018-02-22 13:04:35,0.00084390,2.38000000
2018-02-22 13:04:35,0.00084360,7.62000000
2018-02-22 13:04:35,0.00084360,23.40000000
2018-02-22 13:04:36,0.00084390,2.61000000
2018-02-22 13:04:36,0.00084390,0.11000000
2018-02-22 13:04:37,0.00084440,2.38000000
2018-02-22 13:04:37,0.00084460,1.79000000
2018-02-22 13:04:37,0.00084460,13.93000000
2018-02-22 13:04:37,0.00084440,12.22000000
2018-02-22 13:04:38,0.00084390,10.86000000
2018-02-22 13:04:38,0.00084390,2.61000000
2018-02-22 13:04:39,0.00084390,1.42000000
2018-02-22 13:04:39,0.00084390,3.08000000
2018-02-22 13:04:39,0.00084370,2.97000000
2018-02-22 13:04:39,0.00084390,4.05000000
2018-02-22 13:04:40,0.00084400,5.00000000
2018-02-22 13:04:41,0.00084400,12.27000000
2018-02-22 13:04:41,0.00084400,59.15000000
2018-02-22 13:04:43,0.00084410,38.76000000
2018-02-22 13:04:43,0.00084410,50.94000000
2018-02-22 13:04:43,0.00084410,5.06000000
2018-02-22 13:04:43,0.00084400,4.94000000
2018-02-22 13:04:43,0.00084440,205.68000000
2018-02-22 13:04:44,0.00084500,5.00000000
2018-02-22 13:04:44,0.00084650,201.24000000
2018-02-22 13:04:45,0.00084440,104.90000000
2018-02-22 13:04:45,0.00084430,2.38000000
2018-02-22 13:04:45,0.00084420,4.76000000
2018-02-22 13:04:45,0.00084410,127.18000000
2018-02-22 13:04:45,0.00084400,111.34000000
2018-02-22 13:04:45,0.00084400,5.98000000
2018-02-22 13:04:46,0.00084400,2.97000000
2018-02-22 13:04:46,0.00084480,2.38000000
2018-02-22 13:04:46,0.00084470,59.83000000
2018-02-22 13:04:46,0.00084470,0.07000000
2018-02-22 13:04:47,0.00084410,23.69000000
2018-02-22 13:04:47,0.00084400,394.15000000
2018-02-22 13:04:47,0.00084350,58.19000000
2018-02-22 13:04:47,0.00084630,45.00000000
2018-02-22 13:04:47,0.00084640,107.18000000
2018-02-22 13:04:47,0.00084650,72.51000000
2018-02-22 13:04:47,0.00084660,62.42000000
2018-02-22 13:04:47,0.00084480,2.38000000
2018-02-22 13:04:48,0.00084660,12.65000000
2018-02-22 13:04:49,0.00084660,68.19000000
2018-02-22 13:04:49,0.00084660,18.62000000
2018-02-22 13:04:49,0.00084650,61.65000000
2018-02-22 13:04:50,0.00084660,4.19000000
2018-02-22 13:04:50,0.00084650,70.84000000
2018-02-22 13:04:50,0.00084600,2.60000000
2018-02-22 13:04:50,0.00084600,2.95000000
2018-02-22 13:04:51,0.00084600,2.60000000
2018-02-22 13:04:51,0.00084600,3.75000000
2018-02-22 13:04:52,0.00084600,4.81000000
2018-02-22 13:04:53,0.00084500,2.38000000
2018-02-22 13:04:53,0.00084480,2.38000000
2018-02-22 13:04:53,0.00084480,64.88000000
2018-02-22 13:04:53,0.00084580,2.38000000
2018-02-22 13:04:53,0.00084600,307.35000000
2018-02-22 13:04:53,0.00084620,23.69000000
2018-02-22 13:04:53,0.00084650,109.98000000
2018-02-22 13:04:53,0.00084660,121.04000000
2018-02-22 13:04:53,0.00084700,73.95000000
2018-02-22 13:04:53,0.00084700,218.28000000
2018-02-22 13:04:54,0.00084440,23.68000000
2018-02-22 13:04:54,0.00084430,2.38000000
2018-02-22 13:04:54,0.00084450,2.38000000
2018-02-22 13:04:54,0.00084350,4.38000000
2018-02-22 13:04:54,0.00084440,2.97000000
2018-02-22 13:04:54,0.00084440,10.00000000
2018-02-22 13:04:54,0.00084610,2.38000000
2018-02-22 13:04:54,0.00084730,2.38000000
2018-02-22 13:04:54,0.00084750,18.25000000
2018-02-22 13:04:54,0.00084760,4.76000000
2018-02-22 13:04:54,0.00084800,64.06000000
2018-02-22 13:04:54,0.00084900,1588.48000000
2018-02-22 13:04:54,0.00084440,3.00000000
2018-02-22 13:04:57,0.00084460,3.30000000
2018-02-22 13:04:58,0.00084470,6.02000000
2018-02-22 13:04:58,0.00084470,2.41000000
2018-02-22 13:04:58,0.00084700,3.35000000
2018-02-22 13:04:58,0.00084580,25.00000000
2018-02-22 13:04:58,0.00084490,2.38000000
2018-02-22 13:04:59,0.00084660,9.92000000
2018-02-22 13:04:59,0.00084490,92.08000000
2018-02-22 13:04:59,0.00084480,107.13000000
2018-02-22 13:04:59,0.00084460,3.71000000
2018-02-22 13:04:59,0.00084460,6.30000000
2018-02-22 13:04:59,0.00084460,5.25000000
2018-02-22 13:04:59,0.00084460,31.94000000
2018-02-22 13:04:59,0.00084500,32.32000000
2018-02-22 13:05:00,0.00084470,27.57000000
2018-02-22 13:05:00,0.00084460,3.83000000
2018-02-22 13:05:01,0.00084640,15.97000000
2018-02-22 13:05:01,0.00084650,13.05000000
2018-02-22 13:05:01,0.00084600,59.29000000
2018-02-22 13:05:01,0.00084550,452.23000000
2018-02-22 13:05:03,0.00084590,101.14000000
2018-02-22 13:05:03,0.00084590,5.99000000
2018-02-22 13:05:03,0.00084600,53.08000000
2018-02-22 13:05:03,0.00084610,2.15000000
2018-02-22 13:05:05,0.00084580,20.54000000
2018-02-22 13:05:05,0.00084460,62.23000000
2018-02-22 13:05:05,0.00084580,5.83000000
2018-02-22 13:05:05,0.00084580,3.35000000
2018-02-22 13:05:06,0.00084460,59.72000000
2018-02-22 13:05:06,0.00084440,1.74000000
2018-02-22 13:05:06,0.00084580,13.58000000
2018-02-22 13:05:07,0.00084580,12.23000000
2018-02-22 13:05:07,0.00084590,0.36000000
2018-02-22 13:05:07,0.00084620,10.81000000
2018-02-22 13:05:07,0.00084650,8.71000000
2018-02-22 13:05:07,0.00084650,6.84000000
2018-02-22 13:05:08,0.00084460,0.33000000
2018-02-22 13:05:08,0.00084650,63.48000000
2018-02-22 13:05:08,0.00084660,458.89000000
2018-02-22 13:05:08,0.00084700,39.08000000
2018-02-22 13:05:08,0.00084470,3.00000000
2018-02-22 13:05:09,0.00084470,32.15000000
2018-02-22 13:05:10,0.00084690,4.88000000
2018-02-22 13:05:11,0.00084690,1.21000000
2018-02-22 13:05:11,0.00084690,0.30000000
2018-02-22 13:05:11,0.00084500,30.69000000
2018-02-22 13:05:11,0.00084490,82.85000000
2018-02-22 13:05:11,0.00084460,31.73000000
2018-02-22 13:05:11,0.00084450,5.90000000
2018-02-22 13:05:11,0.00084440,248.40000000
2018-02-22 13:05:11,0.00084440,489.59000000
2018-02-22 13:05:11,0.00084440,407.99000000
2018-02-22 13:05:11,0.00084440,163.55000000
2018-02-22 13:05:11,0.00084440,32.54000000
2018-02-22 13:05:11,0.00084440,6.76000000
2018-02-22 13:05:12,0.00084510,0.08000000
2018-02-22 13:05:12,0.00084510,28.68000000
2018-02-22 13:05:12,0.00084510,30.83000000
2018-02-22 13:05:12,0.00084430,15.27000000
2018-02-22 13:05:14,0.00084430,3.35000000
2018-02-22 13:05:15,0.00084550,17.85000000
2018-02-22 13:05:15,0.00084430,79.43000000
2018-02-22 13:05:15,0.00084370,107.15000000
2018-02-22 13:05:15,0.00084360,94.23000000
2018-02-22 13:05:15,0.00084350,171.42000000
2018-02-22 13:05:15,0.00084360,12.04000000
2018-02-22 13:05:15,0.00084350,6.66000000
2018-02-22 13:05:15,0.00084550,6.77000000
2018-02-22 13:05:16,0.00084440,222.35000000
2018-02-22 13:05:16,0.00084540,104.41000000
2018-02-22 13:05:16,0.00084350,34.57000000
2018-02-22 13:05:18,0.00084370,45.00000000
2018-02-22 13:05:18,0.00084360,107.15000000
2018-02-22 13:05:18,0.00084350,177.39000000
2018-02-22 13:05:18,0.00084360,9.38000000
2018-02-22 13:05:20,0.00084360,2.28000000
2018-02-22 13:05:20,0.00084350,0.73000000
2018-02-22 13:05:21,0.00084350,103.71000000
2018-02-22 13:05:21,0.00084350,13.14000000
2018-02-22 13:05:22,0.00084280,12.22000000
2018-02-22 13:05:22,0.00084280,82.32000000
2018-02-22 13:05:22,0.00084280,9.60000000
2018-02-22 13:05:23,0.00084280,13.54000000
2018-02-22 13:05:23,0.00084280,1.41000000
2018-02-22 13:05:24,0.00084270,2.97000000
2018-02-22 13:05:26,0.00084210,3.56000000
2018-02-22 13:05:26,0.00084180,8.67000000
2018-02-22 13:05:26,0.00084100,3.57000000
2018-02-22 13:05:26,0.00084060,19.37000000
2018-02-22 13:05:27,0.00084060,3.01000000
2018-02-22 13:05:28,0.00084250,2.49000000
2018-02-22 13:05:28,0.00084060,3.63000000
2018-02-22 13:05:28,0.00084060,148.54000000
2018-02-22 13:05:28,0.00084040,58.00000000
2018-02-22 13:05:28,0.00084030,11.90000000
2018-02-22 13:05:28,0.00084010,989.24000000
2018-02-22 13:05:28,0.00084000,469.13000000
2018-02-22 13:05:29,0.00084240,2.96000000
2018-02-22 13:05:30,0.00084000,25.98000000
2018-02-22 13:05:31,0.00084000,513.29000000
2018-02-22 13:05:31,0.00084000,988.11000000
2018-02-22 13:05:31,0.00084000,381.19000000
2018-02-22 13:05:32,0.00084000,18.00000000
2018-02-22 13:05:32,0.00083900,71.80000000
2018-02-22 13:05:32,0.00083900,89.18000000
2018-02-22 13:05:32,0.00084000,3.36000000
2018-02-22 13:05:32,0.00083990,3.42000000
2018-02-22 13:05:32,0.00083900,116.95000000
2018-02-22 13:05:33,0.00083900,130.53000000
2018-02-22 13:05:33,0.00083870,35.00000000
2018-02-22 13:05:33,0.00083860,15.89000000
2018-02-22 13:05:33,0.00083910,3.39000000
2018-02-22 13:05:34,0.00083760,11.94000000
2018-02-22 13:05:34,0.00083740,23.25000000
2018-02-22 13:05:34,0.00083820,41.66000000
2018-02-22 13:05:34,0.00083740,10.00000000
2018-02-22 13:05:35,0.00083740,30.59000000
2018-02-22 13:05:35,0.00083890,23.70000000
2018-02-22 13:05:35,0.00083900,70.06000000
2018-02-22 13:05:36,0.00083740,35.02000000
2018-02-22 13:05:36,0.00083720,17.92000000
2018-02-22 13:05:36,0.00083700,11.08000000
2018-02-22 13:05:36,0.00083890,42.08000000
2018-02-22 13:05:36,0.00083900,69.66000000
2018-02-22 13:05:36,0.00083910,56.87000000
2018-02-22 13:05:36,0.00083910,8.28000000
2018-02-22 13:05:36,0.00083990,19.02000000
2018-02-22 13:05:37,0.00083720,68.88000000
2018-02-22 13:05:37,0.00083710,59.51000000
2018-02-22 13:05:37,0.00083700,14.04000000
2018-02-22 13:05:37,0.00083690,3.00000000
2018-02-22 13:05:37,0.00083680,4.28000000
2018-02-22 13:05:37,0.00083670,124.28000000
2018-02-22 13:05:37,0.00083650,495.61000000
2018-02-22 13:05:37,0.00083630,5.38000000
2018-02-22 13:05:37,0.00083600,19.26000000
2018-02-22 13:05:37,0.00083600,52.69000000
2018-02-22 13:05:37,0.00083600,43.91000000
2018-02-22 13:05:37,0.00083600,52.73000000
2018-02-22 13:05:37,0.00083600,98.00000000
2018-02-22 13:05:37,0.00083600,13.30000000
2018-02-22 13:05:37,0.00083600,52.69000000
2018-02-22 13:05:37,0.00083600,83.54000000
2018-02-22 13:05:37,0.00083600,40.36000000
2018-02-22 13:05:39,0.00083690,9.07000000
2018-02-22 13:05:39,0.00083690,38.69000000
2018-02-22 13:05:40,0.00083600,10.86000000
2018-02-22 13:05:40,0.00083690,15.04000000
2018-02-22 13:05:41,0.00083680,15.17000000
2018-02-22 13:05:42,0.00083660,3.84000000
2018-02-22 13:05:42,0.00083660,55.33000000
2018-02-22 13:05:42,0.00083670,53.62000000
2018-02-22 13:05:42,0.00083690,284.94000000
2018-02-22 13:05:42,0.00083690,4.75000000
2018-02-22 13:05:43,0.00083690,51.77000000
2018-02-22 13:05:43,0.00083700,2.27000000
2018-02-22 13:05:44,0.00083690,3.37000000
2018-02-22 13:05:45,0.00083660,49.98000000
2018-02-22 13:05:46,0.00083690,0.03000000
2018-02-22 13:05:46,0.00083660,188.12000000
2018-02-22 13:05:46,0.00083580,100.00000000
2018-02-22 13:05:46,0.00083570,9.11000000
2018-02-22 13:05:46,0.00083550,5.98000000
2018-02-22 13:05:46,0.00083510,28.90000000
2018-02-22 13:05:46,0.00083500,23.00000000
2018-02-22 13:05:46,0.00083450,11.98000000
2018-02-22 13:05:46,0.00083440,20.66000000
2018-02-22 13:05:46,0.00083430,2.76000000
2018-02-22 13:05:46,0.00083410,20.85000000
2018-02-22 13:05:46,0.00083400,4.82000000
2018-02-22 13:05:46,0.00083390,5.64000000
2018-02-22 13:05:46,0.00083380,24.62000000
2018-02-22 13:05:46,0.00083340,12.00000000
2018-02-22 13:05:46,0.00083330,3.64000000
2018-02-22 13:05:46,0.00083320,120.01000000
2018-02-22 13:05:46,0.00083300,227.38000000
2018-02-22 13:05:46,0.00083260,5.14000000
2018-02-22 13:05:46,0.00083250,7.57000000
2018-02-22 13:05:46,0.00083230,1199.31000000
2018-02-22 13:05:46,0.00083210,137.53000000
2018-02-22 13:05:46,0.00083200,309.24000000
2018-02-22 13:05:46,0.00083190,2.64000000
2018-02-22 13:05:46,0.00083150,40.18000000
2018-02-22 13:05:46,0.00083080,19.52000000
2018-02-22 13:05:46,0.00083020,43.52000000
2018-02-22 13:05:46,0.00083010,22.40000000
2018-02-22 13:05:46,0.00083000,2881.26000000
2018-02-22 13:05:46,0.00082980,6.02000000
2018-02-22 13:05:46,0.00082950,1.80000000
2018-02-22 13:05:46,0.00082880,25.68000000
2018-02-22 13:05:46,0.00082860,8.45000000
2018-02-22 13:05:46,0.00082850,1.58000000
2018-02-22 13:05:46,0.00082840,149.48000000
2018-02-22 13:05:46,0.00082810,62.58000000
2018-02-22 13:05:46,0.00082800,19.78000000
2018-02-22 13:05:46,0.00082780,70.00000000
2018-02-22 13:05:46,0.00082740,5.28000000
2018-02-22 13:05:46,0.00082700,3.42000000
2018-02-22 13:05:46,0.00082640,21.53000000
2018-02-22 13:05:46,0.00082610,1.95000000
2018-02-22 13:05:46,0.00082600,34.92000000
2018-02-22 13:05:46,0.00082570,18.17000000
2018-02-22 13:05:46,0.00082560,14.53000000
2018-02-22 13:05:46,0.00082550,13.51000000
2018-02-22 13:05:46,0.00082540,8.00000000
2018-02-22 13:05:46,0.00082500,627.31000000
2018-02-22 13:05:46,0.00082900,366.00000000
2018-02-22 13:05:46,0.00083580,26.36000000
2018-02-22 13:05:47,0.00083370,14.05000000
2018-02-22 13:05:47,0.00083370,7.56000000
2018-02-22 13:05:48,0.00083380,4.82000000
2018-02-22 13:05:48,0.00083380,0.03000000
2018-02-22 13:05:49,0.00083430,11.98000000
2018-02-22 13:05:49,0.00083390,59.51000000
2018-02-22 13:05:49,0.00083370,14.05000000
2018-02-22 13:05:49,0.00083100,11.47000000
2018-02-22 13:05:49,0.00083010,55.81000000
2018-02-22 13:05:49,0.00082900,32.00000000
2018-02-22 13:05:49,0.00082790,21.42000000
2018-02-22 13:05:50,0.00082870,59.17000000
2018-02-22 13:05:50,0.00082790,42.02000000
2018-02-22 13:05:50,0.00082740,4.86000000
2018-02-22 13:05:50,0.00082700,12.10000000
2018-02-22 13:05:50,0.00082560,12.12000000
2018-02-22 13:05:50,0.00082550,53.23000000
2018-02-22 13:05:52,0.00083340,12.10000000
2018-02-22 13:05:53,0.00083360,64.27000000
2018-02-22 13:05:53,0.00083370,32.92000000
2018-02-22 13:05:53,0.00083370,2.99000000
2018-02-22 13:05:53,0.00083340,120.01000000
2018-02-22 13:05:54,0.00083350,239.39000000
2018-02-22 13:05:54,0.00083340,120.71000000
2018-02-22 13:05:54,0.00083370,19.90000000
2018-02-22 13:05:54,0.00083460,17.33000000
2018-02-22 13:05:54,0.00083490,17.94000000
2018-02-22 13:05:54,0.00083520,12.12000000
2018-02-22 13:05:54,0.00083550,15.97000000
2018-02-22 13:05:54,0.00083560,6.02000000
2018-02-22 13:05:54,0.00083580,226.93000000
2018-02-22 13:05:54,0.00083600,11.98000000
2018-02-22 13:05:54,0.00083640,16.22000000
2018-02-22 13:05:56,0.00083550,2.42000000
2018-02-22 13:05:56,0.00083580,68.17000000
2018-02-22 13:05:56,0.00083640,55.11000000
2018-02-22 13:05:56,0.00083650,159.91000000
2018-02-22 13:05:57,0.00083420,2.41000000
2018-02-22 13:05:57,0.00083560,18.17000000
2018-02-22 13:05:57,0.00083650,10.67000000
2018-02-22 13:05:57,0.00083380,6.07000000
2018-02-22 13:05:58,0.00083380,3.63000000
2018-02-22 13:05:58,0.00083390,59.51000000
2018-02-22 13:05:58,0.00083380,14.28000000
2018-02-22 13:05:58,0.00083360,167.54000000
2018-02-22 13:05:58,0.00083390,15.62000000
2018-02-22 13:05:59,0.00083360,104.38000000
2018-02-22 13:06:01,0.00083450,59.51000000
2018-02-22 13:06:01,0.00083460,15.62000000
2018-02-22 13:06:01,0.00083480,27.49000000
2018-02-22 13:06:02,0.00083610,8.45000000
2018-02-22 13:06:02,0.00083640,22.21000000
2018-02-22 13:06:02,0.00083480,20.24000000
2018-02-22 13:06:02,0.00083480,3.93000000
2018-02-22 13:06:03,0.00083490,23.95000000
2018-02-22 13:06:03,0.00083480,29.27000000
2018-02-22 13:06:05,0.00083630,23.95000000
2018-02-22 13:06:05,0.00083640,154.87000000
2018-02-22 13:06:05,0.00083510,2.40000000
2018-02-22 13:06:05,0.00083490,11.95000000
2018-02-22 13:06:07,0.00083610,11.95000000
2018-02-22 13:06:07,0.00083620,2.40000000
2018-02-22 13:06:07,0.00083630,67.49000000
2018-02-22 13:06:07,0.00083640,31.07000000
2018-02-22 13:06:07,0.00083660,0.66000000
2018-02-22 13:06:08,0.00083640,28.34000000
2018-02-22 13:06:10,0.00083640,39.75000000
2018-02-22 13:06:10,0.00083660,156.51000000
2018-02-22 13:06:10,0.00083690,1.32000000
2018-02-22 13:06:10,0.00083740,3.24000000
2018-02-22 13:06:10,0.00083780,29.73000000
2018-02-22 13:06:10,0.00083800,23.00000000
2018-02-22 13:06:10,0.00083900,145.98000000
2018-02-22 13:06:10,0.00083900,68.11000000
2018-02-22 13:06:11,0.00083530,2.40000000
2018-02-22 13:06:11,0.00083510,45.63000000
2018-02-22 13:06:11,0.00083540,59.51000000
2018-02-22 13:06:11,0.00083530,21.63000000
2018-02-22 13:06:11,0.00083510,152.38000000
2018-02-22 13:06:11,0.00083620,2.40000000
2018-02-22 13:06:12,0.00083660,59.51000000
2018-02-22 13:06:12,0.00083900,1120.95000000
2018-02-22 13:06:12,0.00083770,35.81000000
2018-02-22 13:06:12,0.00083900,16.90000000
2018-02-22 13:06:12,0.00083770,22.90000000
2018-02-22 13:06:13,0.00083670,3.29000000
2018-02-22 13:06:13,0.00083670,35.81000000
2018-02-22 13:06:14,0.00083760,4.16000000
2018-02-22 13:06:14,0.00083760,90.97000000
2018-02-22 13:06:14,0.00083770,35.81000000
2018-02-22 13:06:14,0.00083900,16.66000000
2018-02-22 13:06:17,0.00083900,1.67000000
2018-02-22 13:06:17,0.00083900,13.11000000
2018-02-22 13:06:17,0.00083900,10.05000000
2018-02-22 13:06:18,0.00083890,22.41000000
2018-02-22 13:06:19,0.00083820,4.25000000
2018-02-22 13:06:19,0.00083820,0.54000000
2018-02-22 13:06:19,0.00083820,3.71000000
2018-02-22 13:06:19,0.00083850,13.07000000
2018-02-22 13:06:19,0.00083890,0.09000000
2018-02-22 13:06:21,0.00083770,23.87000000
2018-02-22 13:06:21,0.00083770,2.40000000
2018-02-22 13:06:22,0.00083770,2.38000000
2018-02-22 13:06:25,0.00083760,2.40000000
2018-02-22 13:06:25,0.00083690,67.60000000
2018-02-22 13:06:26,0.00083770,5.59000000
2018-02-22 13:06:27,0.00083770,2.95000000
2018-02-22 13:06:28,0.00083770,12.81000000
2018-02-22 13:06:28,0.00083770,11.55000000
2018-02-22 13:06:28,0.00083680,110.55000000
2018-02-22 13:06:29,0.00083710,4.25000000
2018-02-22 13:06:29,0.00083710,252.19000000
2018-02-22 13:06:30,0.00083710,4.25000000
2018-02-22 13:06:30,0.00083680,36.07000000
2018-02-22 13:06:30,0.00083750,5.97000000
2018-02-22 13:06:31,0.00083680,12.11000000
2018-02-22 13:06:31,0.00083680,13.46000000
2018-02-22 13:06:32,0.00083790,2.00000000
2018-02-22 13:06:34,0.00083680,155.21000000
2018-02-22 13:06:35,0.00083690,1.58000000
2018-02-22 13:06:36,0.00083690,7.99000000
2018-02-22 13:06:36,0.00083690,198.53000000
2018-02-22 13:06:38,0.00083690,29.34000000
2018-02-22 13:06:38,0.00083770,21.89000000
2018-02-22 13:06:38,0.00083790,21.87000000
2018-02-22 13:06:38,0.00083860,2.40000000
2018-02-22 13:06:38,0.00083870,2.40000000
2018-02-22 13:06:38,0.00083900,88.44000000
2018-02-22 13:06:39,0.00083700,2.02000000
2018-02-22 13:06:39,0.00083690,19.51000000
2018-02-22 13:06:40,0.00083790,75.75000000
2018-02-22 13:06:42,0.00083720,2.40000000
2018-02-22 13:06:42,0.00083690,62.10000000
2018-02-22 13:06:43,0.00083690,25.77000000
2018-02-22 13:06:43,0.00083680,27.43000000
2018-02-22 13:06:43,0.00083670,23.47000000
2018-02-22 13:06:43,0.00083660,21.88000000
2018-02-22 13:06:43,0.00083620,97.05000000
2018-02-22 13:06:43,0.00083500,82.48000000
2018-02-22 13:06:43,0.00083480,3.44000000
2018-02-22 13:06:43,0.00083360,15.01000000
2018-02-22 13:06:43,0.00083350,22.12000000
2018-02-22 13:06:44,0.00083690,2.99000000
2018-02-22 13:06:50,0.00083440,6.62000000
2018-02-22 13:06:50,0.00083430,45.00000000
2018-02-22 13:06:50,0.00083420,14.71000000
2018-02-22 13:06:50,0.00083400,13.32000000
2018-02-22 13:06:50,0.00083390,9.33000000
2018-02-22 13:06:50,0.00083380,2.40000000
2018-02-22 13:06:50,0.00083370,87.86000000
2018-02-22 13:06:50,0.00083360,56.00000000
2018-02-22 13:06:50,0.00083350,17.99000000
2018-02-22 13:06:50,0.00083340,290.06000000
2018-02-22 13:06:50,0.00083200,209.25000000
2018-02-22 13:06:50,0.00083190,12.38000000
2018-02-22 13:06:50,0.00083090,1.44000000
2018-02-22 13:06:50,0.00083000,90.06000000
2018-02-22 13:06:51,0.00083600,1.63000000
2018-02-22 13:06:54,0.00083420,4.79000000
2018-02-22 13:06:54,0.00083580,1.21000000
2018-02-22 13:06:54,0.00083570,20.91000000
2018-02-22 13:06:54,0.00083600,49.09000000
2018-02-22 13:06:56,0.00083560,43.79000000
2018-02-22 13:06:56,0.00083600,56.90000000
2018-02-22 13:07:00,0.00083540,4.79000000
2018-02-22 13:07:01,0.00083350,6.88000000
2018-02-22 13:07:01,0.00083350,6.88000000
2018-02-22 13:07:01,0.00083350,259.72000000
2018-02-22 13:07:01,0.00083350,17.49000000
2018-02-22 13:07:02,0.00083500,429.59000000
2018-02-22 13:07:04,0.00083360,5.99000000
2018-02-22 13:07:10,0.00083400,7.84000000
2018-02-22 13:07:10,0.00083370,2.90000000
2018-02-22 13:07:10,0.00083420,2.40000000
2018-02-22 13:07:10,0.00083370,3.09000000
2018-02-22 13:07:10,0.00083360,18.00000000
2018-02-22 13:07:10,0.00083350,3.16000000
2018-02-22 13:07:10,0.00083200,25.68000000
2018-02-22 13:07:11,0.00083400,4.80000000
2018-02-22 13:07:15,0.00083460,25.68000000
2018-02-22 13:07:15,0.00083480,2.40000000
2018-02-22 13:07:15,0.00083500,12.66000000
2018-02-22 13:07:15,0.00083500,24.58000000
2018-02-22 13:07:15,0.00083500,14.59000000
2018-02-22 13:07:16,0.00083500,24.19000000
2018-02-22 13:07:16,0.00083500,1.74000000
2018-02-22 13:07:18,0.00083500,1292.26000000
2018-02-22 13:07:19,0.00083500,343.44000000
2018-02-22 13:07:19,0.00083400,78.62000000
2018-02-22 13:07:19,0.00083360,19.53000000
2018-02-22 13:07:19,0.00083200,34.34000000
2018-02-22 13:07:19,0.00083180,95.36000000
2018-02-22 13:07:19,0.00083160,62.60000000
2018-02-22 13:07:19,0.00083150,1.81000000
2018-02-22 13:07:19,0.00083110,141.44000000
2018-02-22 13:07:20,0.00083240,103.00000000
2018-02-22 13:07:20,0.00083240,38.25000000
2018-02-22 13:07:20,0.00083230,34.34000000
2018-02-22 13:07:20,0.00083510,56.00000000
2018-02-22 13:07:20,0.00083520,29.98000000
2018-02-22 13:07:20,0.00083550,2.40000000
2018-02-22 13:07:20,0.00083590,115.35000000
2018-02-22 13:07:20,0.00083600,98.05000000
2018-02-22 13:07:22,0.00083600,30.89000000
2018-02-22 13:07:22,0.00083600,16.59000000
2018-02-22 13:07:22,0.00083630,92.80000000
2018-02-22 13:07:24,0.00083600,399.41000000
2018-02-22 13:07:26,0.00083670,3.23000000
2018-02-22 13:07:27,0.00083600,66.04000000
2018-02-22 13:07:28,0.00083600,143.80000000
2018-02-22 13:07:29,0.00083600,144.10000000
2018-02-22 13:07:29,0.00083670,23.52000000
2018-02-22 13:07:29,0.00083670,10.22000000
2018-02-22 13:07:30,0.00083670,43.29000000
2018-02-22 13:07:30,0.00083540,23.94000000
2018-02-22 13:07:30,0.00083500,31.53000000
2018-02-22 13:07:31,0.00083490,23.94000000
2018-02-22 13:07:31,0.00083500,17.80000000
2018-02-22 13:07:33,0.00083600,1.43000000
2018-02-22 13:07:34,0.00083600,102.55000000
2018-02-22 13:07:34,0.00083680,2.40000000
2018-02-22 13:07:34,0.00083700,12.13000000
2018-02-22 13:07:34,0.00083710,89.62000000
2018-02-22 13:07:34,0.00083800,41.71000000
2018-02-22 13:07:36,0.00083670,30.83000000
2018-02-22 13:07:37,0.00083800,2.98000000
2018-02-22 13:07:37,0.00083670,12.38000000
2018-02-22 13:07:39,0.00083800,2.39000000
2018-02-22 13:07:40,0.00083710,100.00000000
2018-02-22 13:07:40,0.00083670,851.03000000
2018-02-22 13:07:40,0.00083600,197.06000000
2018-02-22 13:07:40,0.00083800,1056.57000000
2018-02-22 13:07:41,0.00083800,4.77000000
2018-02-22 13:07:41,0.00083550,2.66000000
2018-02-22 13:07:42,0.00083670,290.53000000
2018-02-22 13:07:42,0.00083670,23.90000000
2018-02-22 13:07:44,0.00083800,186.92000000
2018-02-22 13:07:45,0.00083800,34.48000000
2018-02-22 13:07:46,0.00083800,35.79000000
2018-02-22 13:07:46,0.00083820,1.12000000
2018-02-22 13:07:46,0.00083800,35.79000000
2018-02-22 13:07:46,0.00083800,1.56000000
2018-02-22 13:07:47,0.00083820,4.09000000
2018-02-22 13:07:47,0.00083800,41.56000000
2018-02-22 13:07:47,0.00083820,18.82000000
2018-02-22 13:07:47,0.00083800,8.51000000
2018-02-22 13:07:48,0.00083800,74.61000000
2018-02-22 13:07:57,0.00083750,8.50000000
2018-02-22 13:07:58,0.00083750,282.53000000
2018-02-22 13:07:59,0.00083690,2.40000000
2018-02-22 13:07:59,0.00083670,11.05000000
2018-02-22 13:08:00,0.00083730,2.40000000
2018-02-22 13:08:00,0.00083750,25.45000000
2018-02-22 13:08:01,0.00083750,94.40000000
2018-02-22 13:08:02,0.00083710,109.84000000
2018-02-22 13:08:03,0.00083750,5.58000000
2018-02-22 13:08:03,0.00083780,1.81000000
2018-02-22 13:08:03,0.00083800,10.35000000
2018-02-22 13:08:06,0.00083710,2.82000000
2018-02-22 13:08:06,0.00083690,2.40000000
2018-02-22 13:08:06,0.00083670,2.14000000
2018-02-22 13:08:10,0.00083670,0.01000000
2018-02-22 13:08:10,0.00083620,23.91000000
2018-02-22 13:08:10,0.00083550,618.90000000
2018-02-22 13:08:10,0.00083710,2.39000000
2018-02-22 13:08:10,0.00083550,0.01000000
2018-02-22 13:08:10,0.00083550,45.00000000
2018-02-22 13:08:10,0.00083550,3.98000000
2018-02-22 13:08:10,0.00083550,11.56000000
2018-02-22 13:08:11,0.00083550,6.96000000
2018-02-22 13:08:11,0.00083550,22.30000000
2018-02-22 13:08:11,0.00083550,22.26000000
2018-02-22 13:08:13,0.00083550,13.73000000
2018-02-22 13:08:15,0.00083540,239.85000000
2018-02-22 13:08:15,0.00083510,13.56000000
2018-02-22 13:08:15,0.00083500,182.26000000
2018-02-22 13:08:15,0.00083310,349.32000000
2018-02-22 13:08:15,0.00083310,22.70000000
2018-02-22 13:08:15,0.00083310,26.85000000
2018-02-22 13:08:15,0.00083310,26.84000000
2018-02-22 13:08:15,0.00083310,26.83000000
2018-02-22 13:08:15,0.00083310,9.70000000
2018-02-22 13:08:15,0.00083310,26.77000000
2018-02-22 13:08:15,0.00083310,120.00000000
2018-02-22 13:08:15,0.00083310,158.70000000
2018-02-22 13:08:15,0.00083310,9.68000000
2018-02-22 13:08:15,0.00083310,40.57000000
2018-02-22 13:08:17,0.00083260,110.26000000
2018-02-22 13:08:17,0.00083250,683.99000000
2018-02-22 13:08:17,0.00083250,47.77000000
2018-02-22 13:08:18,0.00083540,5.00000000
2018-02-22 13:08:19,0.00083270,45.00000000
2018-02-22 13:08:19,0.00083260,66.27000000
2018-02-22 13:08:19,0.00083520,9.32000000
2018-02-22 13:08:20,0.00083400,70.54000000
2018-02-22 13:08:23,0.00083400,7.38000000
2018-02-22 13:08:23,0.00083480,105.30000000
2018-02-22 13:08:23,0.00083490,26.83000000
2018-02-22 13:08:23,0.00083520,3.07000000
2018-02-22 13:08:24,0.00083450,307.57000000
2018-02-22 13:08:25,0.00083400,247.14000000
2018-02-22 13:08:25,0.00083400,49.00000000
2018-02-22 13:08:25,0.00083400,16.37000000
2018-02-22 13:08:25,0.00083250,33.55000000
2018-02-22 13:08:26,0.00083480,29.48000000
2018-02-22 13:08:26,0.00083480,0.04000000
2018-02-22 13:08:26,0.00083250,21.90000000
2018-02-22 13:08:26,0.00083200,7.58000000
2018-02-22 13:08:29,0.00083220,45.00000000
2018-02-22 13:08:31,0.00083200,5.34000000
2018-02-22 13:08:32,0.00083200,9.68000000
2018-02-22 13:08:32,0.00083200,78.20000000
2018-02-22 13:08:32,0.00083100,5.92000000
2018-02-22 13:08:32,0.00083080,17.48000000
2018-02-22 13:08:32,0.00083070,15.00000000
2018-02-22 13:08:32,0.00083000,326.48000000
2018-02-22 13:08:32,0.00082900,42.20000000
2018-02-22 13:08:32,0.00082900,207.82000000
2018-02-22 13:08:32,0.00082900,36.09000000
2018-02-22 13:08:32,0.00082900,9.57000000
2018-02-22 13:08:32,0.00082900,9.58000000
2018-02-22 13:08:32,0.00082900,9.60000000
2018-02-22 13:08:32,0.00082900,7.98000000
2018-02-22 13:08:32,0.00082900,36.09000000
2018-02-22 13:08:32,0.00082900,83.54000000
2018-02-22 13:08:32,0.00082900,218.48000000
2018-02-22 13:08:32,0.00082900,218.48000000
2018-02-22 13:08:32,0.00082900,135.39000000
2018-02-22 13:08:32,0.00082900,83.54000000
2018-02-22 13:08:32,0.00082900,22.59000000
2018-02-22 13:08:33,0.00083000,10.13000000
2018-02-22 13:08:33,0.00083000,36.11000000
2018-02-22 13:08:33,0.00083000,46.83000000
2018-02-22 13:08:33,0.00082900,2.42000000
2018-02-22 13:08:33,0.00082890,3.34000000
2018-02-22 13:08:34,0.00082890,36.15000000
2018-02-22 13:08:34,0.00082890,77.59000000
2018-02-22 13:08:34,0.00082890,12.13000000
2018-02-22 13:08:34,0.00082890,36.15000000
2018-02-22 13:08:34,0.00082880,48.30000000
2018-02-22 13:08:34,0.00082850,1.57000000
2018-02-22 13:08:34,0.00082840,14.48000000
2018-02-22 13:08:34,0.00082790,6.04000000
2018-02-22 13:08:34,0.00082770,18.12000000
2018-02-22 13:08:34,0.00082760,19.45000000
2018-02-22 13:08:34,0.00082710,2.33000000
2018-02-22 13:08:34,0.00082890,36.15000000
2018-02-22 13:08:34,0.00082890,3.01000000
2018-02-22 13:08:34,0.00082890,4.31000000
2018-02-22 13:08:35,0.00082890,34.68000000
2018-02-22 13:08:35,0.00082890,67.96000000
2018-02-22 13:08:35,0.00082890,36.17000000
2018-02-22 13:08:35,0.00082890,32.58000000
2018-02-22 13:08:35,0.00082890,36.68000000
2018-02-22 13:08:36,0.00082880,3.62000000
2018-02-22 13:08:37,0.00082880,20.29000000
2018-02-22 13:08:37,0.00082890,64.27000000
2018-02-22 13:08:37,0.00082980,2.42000000
2018-02-22 13:08:37,0.00083000,11.91000000
2018-02-22 13:08:37,0.00082740,2.42000000
2018-02-22 13:08:37,0.00082720,60.30000000
2018-02-22 13:08:37,0.00082710,29.77000000
2018-02-22 13:08:37,0.00082860,2.42000000
2018-02-22 13:08:37,0.00082860,124.09000000
2018-02-22 13:08:37,0.00082860,2.42000000
2018-02-22 13:08:37,0.00083000,602.00000000
2018-02-22 13:08:41,0.00082720,24.17000000
2018-02-22 13:08:41,0.00082710,16.04000000
2018-02-22 13:08:42,0.00082890,1.42000000
2018-02-22 13:08:44,0.00082870,3.01000000
2018-02-22 13:08:44,0.00082870,5.93000000
2018-02-22 13:08:45,0.00082830,22.26000000
2018-02-22 13:08:45,0.00082840,60.30000000
2018-02-22 13:08:45,0.00082850,36.06000000
2018-02-22 13:08:46,0.00082830,151.34000000
2018-02-22 13:08:46,0.00082830,238.40000000
2018-02-22 13:08:46,0.00082830,105.16000000
2018-02-22 13:08:47,0.00082830,29.56000000
2018-02-22 13:08:47,0.00082830,38.88000000
2018-02-22 13:08:48,0.00082830,71.46000000
2018-02-22 13:08:48,0.00082830,121.86000000
2018-02-22 13:08:50,0.00082830,12.85000000
2018-02-22 13:08:50,0.00082880,81.13000000
2018-02-22 13:08:50,0.00082880,56.40000000
2018-02-22 13:08:50,0.00082890,293.68000000
2018-02-22 13:08:50,0.00082950,24.17000000
2018-02-22 13:08:52,0.00082880,25.00000000
2018-02-22 13:08:52,0.00082860,24.13000000
2018-02-22 13:08:52,0.00082830,305.75000000
2018-02-22 13:08:52,0.00082830,81.04000000
2018-02-22 13:08:52,0.00082830,77.95000000
2018-02-22 13:08:52,0.00082830,32.63000000
2018-02-22 13:08:53,0.00082990,10.33000000
2018-02-22 13:08:53,0.00082990,47.31000000
2018-02-22 13:08:53,0.00082990,3.71000000
2018-02-22 13:08:53,0.00082990,89.04000000
2018-02-22 13:08:54,0.00083030,8.56000000
2018-02-22 13:08:54,0.00082990,1.82000000
2018-02-22 13:08:55,0.00083030,5.44000000
2018-02-22 13:08:55,0.00083030,1.00000000
2018-02-22 13:08:55,0.00083040,2.33000000
2018-02-22 13:08:55,0.00083110,24.13000000
2018-02-22 13:08:56,0.00083040,324.24000000
2018-02-22 13:08:57,0.00083150,4.85000000
2018-02-22 13:08:58,0.00082950,36.15000000
2018-02-22 13:08:58,0.00082950,8.85000000
2018-02-22 13:08:58,0.00082940,17.63000000
2018-02-22 13:08:59,0.00082870,9.84000000
2018-02-22 13:08:59,0.00082990,3.34000000
2018-02-22 13:08:59,0.00083000,5.02000000
2018-02-22 13:08:59,0.00082870,14.29000000
2018-02-22 13:08:59,0.00082860,282.38000000
2018-02-22 13:09:00,0.00083100,6.15000000
2018-02-22 13:09:01,0.00083100,0.06000000
2018-02-22 13:09:01,0.00082900,6.14000000
2018-02-22 13:09:01,0.00083070,41.76000000
2018-02-22 13:09:01,0.00083080,10.34000000
2018-02-22 13:09:01,0.00082900,21.04000000
2018-02-22 13:09:02,0.00083000,36.18000000
2018-02-22 13:09:02,0.00083000,6.25000000
2018-02-22 13:09:02,0.00083000,6.27000000
2018-02-22 13:09:02,0.00083080,152.16000000
2018-02-22 13:09:03,0.00083000,201.74000000
2018-02-22 13:09:03,0.00083070,45.00000000
2018-02-22 13:09:07,0.00083160,7.98000000
2018-02-22 13:09:09,0.00083170,18.12000000
2018-02-22 13:09:09,0.00083200,10.15000000
2018-02-22 13:09:09,0.00083250,2.41000000
2018-02-22 13:09:09,0.00083260,1.33000000
2018-02-22 13:09:09,0.00083300,10.81000000
2018-02-22 13:09:09,0.00083420,12.07000000
2018-02-22 13:09:09,0.00083420,9.70000000
2018-02-22 13:09:09,0.00083420,31.04000000
2018-02-22 13:09:09,0.00083420,3.83000000
2018-02-22 13:09:09,0.00083420,9.34000000
2018-02-22 13:09:09,0.00083420,35.96000000
2018-02-22 13:09:09,0.00083420,5.51000000
2018-02-22 13:09:09,0.00083100,5.51000000
2018-02-22 13:09:11,0.00083150,22.01000000
2018-02-22 13:09:11,0.00083170,2.42000000
2018-02-22 13:09:11,0.00083150,4.30000000
2018-02-22 13:09:12,0.00083160,5.43000000
2018-02-22 13:09:12,0.00083400,5.00000000
2018-02-22 13:09:13,0.00083400,2.93000000
2018-02-22 13:09:13,0.00083420,3.06000000
2018-02-22 13:09:13,0.00083170,35.95000000
2018-02-22 13:09:15,0.00083280,36.02000000
2018-02-22 13:09:15,0.00083280,47.88000000
2018-02-22 13:09:15,0.00083280,59.66000000
2018-02-22 13:09:15,0.00083280,1.68000000
2018-02-22 13:09:16,0.00083190,2.42000000
2018-02-22 13:09:16,0.00083170,13.75000000
2018-02-22 13:09:17,0.00083170,4.86000000
2018-02-22 13:09:17,0.00083160,10.06000000
2018-02-22 13:09:20,0.00083170,418.32000000
2018-02-22 13:09:20,0.00083160,174.92000000
2018-02-22 13:09:20,0.00083190,2.42000000
2018-02-22 13:09:22,0.00083250,2.42000000
2018-02-22 13:09:22,0.00083260,71.40000000
2018-02-22 13:09:22,0.00083270,239.70000000
2018-02-22 13:09:22,0.00083270,36.02000000
2018-02-22 13:09:22,0.00083270,76.56000000
2018-02-22 13:09:22,0.00083270,36.02000000
2018-02-22 13:09:22,0.00083270,24.79000000
2018-02-22 13:09:23,0.00083270,9.59000000
2018-02-22 13:09:23,0.00083270,35.95000000
2018-02-22 13:09:24,0.00083270,16.87000000
2018-02-22 13:09:24,0.00083270,190.99000000
2018-02-22 13:09:28,0.00083280,17.58000000
2018-02-22 13:09:28,0.00083280,64.64000000
2018-02-22 13:09:29,0.00083290,1.58000000
2018-02-22 13:09:31,0.00083280,143.25000000
2018-02-22 13:09:32,0.00083280,65.19000000
2018-02-22 13:09:34,0.00083330,341.29000000
2018-02-22 13:09:40,0.00083300,20.07000000
2018-02-22 13:09:41,0.00083330,2.87000000
2018-02-22 13:09:41,0.00083380,2.42000000
2018-02-22 13:09:41,0.00083400,22.46000000
2018-02-22 13:09:41,0.00083430,6.42000000
2018-02-22 13:09:42,0.00083430,28.06000000
2018-02-22 13:09:43,0.00083430,29.23000000
2018-02-22 13:09:45,0.00083490,110.27000000
2018-02-22 13:09:47,0.00083380,0.16000000
2018-02-22 13:09:47,0.00083490,31.18000000
2018-02-22 13:09:48,0.00083500,5.00000000
2018-02-22 13:09:48,0.00083550,0.27000000
2018-02-22 13:09:49,0.00083510,160.60000000
2018-02-22 13:09:49,0.00083540,75.95000000
2018-02-22 13:09:49,0.00083550,40.12000000
2018-02-22 13:09:50,0.00083490,5.32000000
2018-02-22 13:09:51,0.00083490,10.47000000
2018-02-22 13:09:51,0.00083390,10.14000000
2018-02-22 13:09:52,0.00083550,343.20000000
2018-02-22 13:09:56,0.00083500,13.17000000
2018-02-22 13:09:57,0.00083500,198.97000000
2018-02-22 13:09:58,0.00083500,26.02000000
2018-02-22 13:09:59,0.00083420,2.40000000
2018-02-22 13:09:59,0.00083400,13.89000000
2018-02-22 13:10:03,0.00083380,2.24000000
2018-02-22 13:10:03,0.00083370,10.09000000
2018-02-22 13:10:03,0.00083300,5.79000000
2018-02-22 13:10:03,0.00083340,358.33000000
2018-02-22 13:10:04,0.00083300,81.16000000
2018-02-22 13:10:04,0.00083280,6.04000000
2018-02-22 13:10:05,0.00083280,32.92000000
2018-02-22 13:10:06,0.00083280,12.99000000
2018-02-22 13:10:08,0.00083290,8.14000000
2018-02-22 13:10:10,0.00083280,10.97000000
2018-02-22 13:10:10,0.00083280,73.88000000
2018-02-22 13:10:12,0.00083280,21.84000000
2018-02-22 13:10:13,0.00083280,171.05000000
2018-02-22 13:10:13,0.00083200,549.06000000
2018-02-22 13:10:15,0.00083240,177.65000000
2018-02-22 13:10:16,0.00083280,94.25000000
2018-02-22 13:10:16,0.00083280,51.78000000
2018-02-22 13:10:18,0.00083200,141.14000000
2018-02-22 13:10:18,0.00083200,35.99000000
2018-02-22 13:10:18,0.00083200,27.54000000
2018-02-22 13:10:18,0.00083200,256.76000000
2018-02-22 13:10:18,0.00083200,35.99000000
2018-02-22 13:10:18,0.00083200,102.00000000
2018-02-22 13:10:18,0.00083200,0.58000000
2018-02-22 13:10:18,0.00083290,2.00000000
2018-02-22 13:10:18,0.00083320,10.09000000
2018-02-22 13:10:18,0.00083380,3.00000000
2018-02-22 13:10:18,0.00083470,2.40000000
2018-02-22 13:10:18,0.00083490,75.96000000
2018-02-22 13:10:18,0.00083500,8.46000000
2018-02-22 13:10:18,0.00083170,35.99000000
2018-02-22 13:10:18,0.00083200,12.93000000
2018-02-22 13:10:18,0.00083170,7.52000000
2018-02-22 13:10:18,0.00083100,83.05000000
2018-02-22 13:10:18,0.00083070,52.25000000
2018-02-22 13:10:18,0.00083000,2.39000000
2018-02-22 13:10:20,0.00083280,50.37000000
2018-02-22 13:10:27,0.00083200,45.00000000
2018-02-22 13:10:29,0.00083180,8.03000000
2018-02-22 13:10:30,0.00083030,0.25000000
2018-02-22 13:10:34,0.00083110,375.38000000
2018-02-22 13:10:41,0.00083170,0.11000000
2018-02-22 13:10:42,0.00083170,35.34000000
2018-02-22 13:10:44,0.00083170,9.55000000
2018-02-22 13:10:46,0.00083280,8.11000000
2018-02-22 13:10:46,0.00083290,5.86000000
2018-02-22 13:10:46,0.00083290,6.86000000
2018-02-22 13:10:46,0.00083300,45.00000000
2018-02-22 13:10:46,0.00083290,15.18000000
2018-02-22 13:10:46,0.00083170,30.35000000
2018-02-22 13:10:46,0.00083170,3.70000000
2018-02-22 13:10:46,0.00083180,8.99000000
2018-02-22 13:10:51,0.00083450,1.44000000
2018-02-22 13:10:53,0.00083150,24.05000000
2018-02-22 13:10:53,0.00083080,8.10000000
2018-02-22 13:10:53,0.00083060,8.55000000
2018-02-22 13:10:53,0.00083160,2.42000000
2018-02-22 13:10:54,0.00083290,194.69000000
2018-02-22 13:11:02,0.00083180,2.42000000
2018-02-22 13:11:02,0.00083050,17.08000000
2018-02-22 13:11:07,0.00083210,14.01000000
2018-02-22 13:11:08,0.00083260,2.64000000
2018-02-22 13:11:08,0.00083260,2.64000000
2018-02-22 13:11:10,0.00083200,221.05000000
2018-02-22 13:11:10,0.00083180,6.02000000
2018-02-22 13:11:20,0.00083060,2.63000000
2018-02-22 13:11:20,0.00083050,34.85000000
2018-02-22 13:11:20,0.00083040,49.37000000
2018-02-22 13:11:22,0.00083100,45.00000000
2018-02-22 13:11:22,0.00083110,35.57000000
2018-02-22 13:11:26,0.00083130,211.36000000
2018-02-22 13:11:27,0.00083170,24.05000000
2018-02-22 13:11:28,0.00083180,16.89000000
2018-02-22 13:11:29,0.00083170,36.07000000
2018-02-22 13:11:29,0.00083170,34.18000000
2018-02-22 13:11:30,0.00083110,18.33000000
2018-02-22 13:11:30,0.00083060,2.42000000
2018-02-22 13:11:30,0.00083040,9.56000000
2018-02-22 13:11:30,0.00083040,153.60000000
2018-02-22 13:11:30,0.00083040,15.43000000
2018-02-22 13:11:30,0.00083040,85.13000000
2018-02-22 13:11:30,0.00083090,2.42000000
2018-02-22 13:11:30,0.00083170,36.10000000
2018-02-22 13:11:30,0.00083180,33.53000000
2018-02-22 13:11:30,0.00083200,6.28000000
2018-02-22 13:11:31,0.00083250,12.02000000
2018-02-22 13:11:32,0.00083200,29.77000000
2018-02-22 13:11:36,0.00083200,11.47000000
2018-02-22 13:11:38,0.00083200,20.92000000
2018-02-22 13:11:38,0.00083200,2.39000000
2018-02-22 13:11:38,0.00083200,65.47000000
2018-02-22 13:11:40,0.00083200,618.91000000
2018-02-22 13:11:42,0.00083200,61.44000000
2018-02-22 13:11:43,0.00083200,42.26000000
2018-02-22 13:11:44,0.00083220,30.68000000
2018-02-22 13:11:44,0.00083250,6.00000000
2018-02-22 13:11:45,0.00083200,195.59000000
2018-02-22 13:11:46,0.00083200,146.72000000
2018-02-22 13:11:48,0.00083200,31.36000000
2018-02-22 13:11:49,0.00083200,99.44000000
2018-02-22 13:11:53,0.00083200,21.00000000
2018-02-22 13:11:54,0.00083200,66.76000000
2018-02-22 13:11:55,0.00083200,315.36000000
2018-02-22 13:11:57,0.00083220,228.41000000
2018-02-22 13:11:58,0.00083200,5.26000000
2018-02-22 13:12:03,0.00083200,957.54000000
2018-02-22 13:12:05,0.00083200,18.73000000
2018-02-22 13:12:05,0.00083200,77.32000000
2018-02-22 13:12:07,0.00083200,11.59000000
2018-02-22 13:12:11,0.00083190,3.59000000
2018-02-22 13:12:11,0.00083180,11.50000000
2018-02-22 13:12:11,0.00083100,24.91000000
2018-02-22 13:12:14,0.00083200,0.63000000
2018-02-22 13:12:15,0.00083200,1.50000000
2018-02-22 13:12:15,0.00083100,1.59000000
2018-02-22 13:12:15,0.00083200,5.72000000
2018-02-22 13:12:16,0.00083140,47.72000000
2018-02-22 13:12:17,0.00083200,30.50000000
2018-02-22 13:12:19,0.00083200,113.34000000
2018-02-22 13:12:22,0.00083200,114.08000000
2018-02-22 13:12:22,0.00083250,41.32000000
2018-02-22 13:12:22,0.00083290,153.90000000
2018-02-22 13:12:26,0.00083150,1.64000000
2018-02-22 13:12:27,0.00083210,245.45000000
2018-02-22 13:12:29,0.00083150,15.69000000
2018-02-22 13:12:36,0.00083200,36.04000000
2018-02-22 13:12:36,0.00083220,2.42000000
2018-02-22 13:12:36,0.00083200,31.52000000
2018-02-22 13:12:40,0.00083200,130.64000000
2018-02-22 13:12:42,0.00083200,29.32000000
2018-02-22 13:12:44,0.00083200,40.12000000
2018-02-22 13:12:45,0.00083170,64.77000000
2018-02-22 13:12:45,0.00083200,11.29000000
2018-02-22 13:12:46,0.00083200,195.77000000
2018-02-22 13:12:47,0.00083200,10.00000000
2018-02-22 13:12:50,0.00083200,29.93000000
2018-02-22 13:12:53,0.00083200,3.85000000
2018-02-22 13:12:56,0.00083260,2.01000000
2018-02-22 13:12:56,0.00083260,0.41000000
2018-02-22 13:12:57,0.00083280,15.69000000
2018-02-22 13:12:57,0.00083290,93.64000000
2018-02-22 13:12:57,0.00083300,2.38000000
2018-02-22 13:12:57,0.00083300,1.26000000
2018-02-22 13:12:57,0.00083300,36.01000000
2018-02-22 13:12:57,0.00083300,8.67000000
2018-02-22 13:12:58,0.00083480,20.01000000
2018-02-22 13:12:59,0.00083480,27.11000000
2018-02-22 13:12:59,0.00083490,13.29000000
2018-02-22 13:13:03,0.00083490,10.20000000
2018-02-22 13:13:04,0.00083420,262.50000000
2018-02-22 13:13:06,0.00083490,4.79000000
2018-02-22 13:13:06,0.00083490,8.02000000
2018-02-22 13:13:06,0.00083490,17.30000000
2018-02-22 13:13:08,0.00083490,20.79000000
2018-02-22 13:13:08,0.00083490,55.00000000
2018-02-22 13:13:08,0.00083490,40.06000000
2018-02-22 13:13:08,0.00083490,4.30000000
2018-02-22 13:13:09,0.00083490,33.32000000
2018-02-22 13:13:10,0.00083490,29.63000000
2018-02-22 13:13:11,0.00083490,33.77000000
2018-02-22 13:13:12,0.00083500,5.78000000
2018-02-22 13:13:12,0.00083550,114.87000000
2018-02-22 13:13:12,0.00083500,2.20000000
2018-02-22 13:13:17,0.00083500,266.29000000
2018-02-22 13:13:17,0.00083500,31.75000000
2018-02-22 13:13:19,0.00083500,32.46000000
2018-02-22 13:13:20,0.00083500,4.02000000
2018-02-22 13:13:21,0.00083490,130.29000000
2018-02-22 13:13:21,0.00083490,94.27000000
2018-02-22 13:13:23,0.00083500,97.63000000
2018-02-22 13:13:24,0.00083500,465.99000000
2018-02-22 13:13:24,0.00083500,15.64000000
2018-02-22 13:13:30,0.00083500,53.41000000
2018-02-22 13:13:30,0.00083490,6.20000000
2018-02-22 13:13:32,0.00083550,1.00000000
2018-02-22 13:13:34,0.00083420,4.80000000
2018-02-22 13:13:35,0.00083550,10.86000000
2018-02-22 13:13:35,0.00083550,6.70000000
2018-02-22 13:13:36,0.00083550,35.90000000
2018-02-22 13:13:36,0.00083550,10.62000000
2018-02-22 13:13:36,0.00083550,11.50000000
2018-02-22 13:13:38,0.00083560,34.16000000
2018-02-22 13:13:38,0.00083550,5.40000000
2018-02-22 13:13:38,0.00083560,245.38000000
2018-02-22 13:13:39,0.00083580,12.01000000
2018-02-22 13:13:39,0.00083580,129.03000000
2018-02-22 13:13:39,0.00083560,34.16000000
2018-02-22 13:13:39,0.00083550,28.37000000
2018-02-22 13:13:40,0.00083580,0.04000000
2018-02-22 13:13:40,0.00083600,5.00000000
2018-02-22 13:13:40,0.00083600,35.88000000
2018-02-22 13:13:40,0.00083600,118.07000000
2018-02-22 13:13:40,0.00083600,153.93000000
2018-02-22 13:13:40,0.00083600,1.54000000
2018-02-22 13:13:40,0.00083600,70.16000000
2018-02-22 13:13:45,0.00083660,1.44000000
2018-02-22 13:13:45,0.00083660,2.58000000
2018-02-22 13:13:46,0.00083660,62.69000000
2018-02-22 13:13:49,0.00083690,30.06000000
2018-02-22 13:13:50,0.00083690,49.17000000
2018-02-22 13:13:50,0.00083660,38.96000000
2018-02-22 13:13:50,0.00083600,310.79000000
2018-02-22 13:13:50,0.00083600,14.59000000
2018-02-22 13:13:51,0.00083600,6.32000000
2018-02-22 13:13:51,0.00083700,47.49000000
2018-02-22 13:13:51,0.00083710,16.77000000
2018-02-22 13:13:51,0.00083780,82.46000000
2018-02-22 13:13:51,0.00083790,38.34000000
2018-02-22 13:13:51,0.00083780,38.94000000
2018-02-22 13:13:51,0.00083780,35.13000000
2018-02-22 13:13:52,0.00083780,241.97000000
2018-02-22 13:13:53,0.00083790,19.41000000
2018-02-22 13:13:54,0.00083790,18.03000000
2018-02-22 13:13:54,0.00083800,2.65000000
2018-02-22 13:13:54,0.00083790,34.15000000
2018-02-22 13:13:54,0.00083800,2.78000000
2018-02-22 13:13:54,0.00083820,1.21000000
2018-02-22 13:13:54,0.00083830,2.47000000
2018-02-22 13:13:54,0.00083790,2.65000000
2018-02-22 13:13:57,0.00083830,15.54000000
2018-02-22 13:13:57,0.00083830,2.17000000
2018-02-22 13:13:57,0.00083840,22.69000000
2018-02-22 13:13:57,0.00083870,40.00000000
2018-02-22 13:13:57,0.00083900,19.15000000
2018-02-22 13:13:57,0.00083920,5.84000000
2018-02-22 13:13:59,0.00083900,227.57000000
2018-02-22 13:13:59,0.00083920,35.36000000
2018-02-22 13:13:59,0.00083940,193.66000000
2018-02-22 13:13:59,0.00083950,2.74000000
2018-02-22 13:13:59,0.00083960,15.55000000
2018-02-22 13:13:59,0.00083980,83.33000000
2018-02-22 13:13:59,0.00083990,277.03000000
2018-02-22 13:14:00,0.00083840,5.74000000
2018-02-22 13:14:02,0.00083900,11.35000000
2018-02-22 13:14:02,0.00083850,23.85000000
2018-02-22 13:14:02,0.00083840,26.49000000
2018-02-22 13:14:03,0.00083990,5.50000000
2018-02-22 13:14:04,0.00083900,3.62000000
2018-02-22 13:14:05,0.00083970,32.23000000
2018-02-22 13:14:05,0.00083990,52.15000000
2018-02-22 13:14:05,0.00083990,108.57000000
2018-02-22 13:14:05,0.00084000,217.40000000
2018-02-22 13:14:06,0.00084000,40.54000000
2018-02-22 13:14:06,0.00083930,2.40000000
2018-02-22 13:14:06,0.00083920,34.09000000
2018-02-22 13:14:07,0.00083930,296.21000000
2018-02-22 13:14:07,0.00083910,108.23000000
2018-02-22 13:14:09,0.00083830,133.13000000
2018-02-22 13:14:09,0.00083820,4.81000000
2018-02-22 13:14:09,0.00083800,30.87000000
2018-02-22 13:14:09,0.00083800,59.72000000
2018-02-22 13:14:10,0.00083950,42.23000000
2018-02-22 13:14:10,0.00083850,2.40000000
2018-02-22 13:14:12,0.00083790,28.38000000
2018-02-22 13:14:12,0.00083790,31.79000000
2018-02-22 13:14:12,0.00083780,5.51000000
2018-02-22 13:14:13,0.00083900,331.18000000
2018-02-22 13:14:15,0.00083780,2.96000000
2018-02-22 13:14:17,0.00083760,13.90000000
2018-02-22 13:14:18,0.00083590,1.64000000
2018-02-22 13:14:18,0.00083590,7.97000000
2018-02-22 13:14:18,0.00083580,17.94000000
2018-02-22 13:14:18,0.00083580,8.04000000
2018-02-22 13:14:18,0.00083580,9.65000000
2018-02-22 13:14:18,0.00083580,8.04000000
2018-02-22 13:14:18,0.00083580,1.61000000
2018-02-22 13:14:19,0.00083570,9.65000000
2018-02-22 13:14:19,0.00083580,3.21000000
2018-02-22 13:14:19,0.00083580,45.00000000
2018-02-22 13:14:22,0.00083520,115.53000000
2018-02-22 13:14:23,0.00083550,5.84000000
2018-02-22 13:14:23,0.00083500,2.89000000
2018-02-22 13:14:23,0.00083350,0.73000000
2018-02-22 13:14:23,0.00083540,39.16000000
2018-02-22 13:14:23,0.00083550,52.96000000
2018-02-22 13:14:23,0.00083580,28.83000000
2018-02-22 13:14:23,0.00083750,5.67000000
2018-02-22 13:14:25,0.00083540,1.20000000
2018-02-22 13:14:28,0.00083530,18.18000000
2018-02-22 13:14:28,0.00083540,32.88000000
2018-02-22 13:14:29,0.00083610,38.33000000
2018-02-22 13:14:37,0.00083880,3.70000000
2018-02-22 13:14:42,0.00083880,35.36000000
2018-02-22 13:14:42,0.00083890,124.74000000
2018-02-22 13:14:43,0.00083810,313.26000000
2018-02-22 13:14:46,0.00083750,16.54000000
2018-02-22 13:14:52,0.00083890,5.00000000
2018-02-22 13:14:53,0.00083770,5.13000000
2018-02-22 13:14:53,0.00083770,1.55000000
2018-02-22 13:14:54,0.00083650,1.68000000
2018-02-22 13:14:55,0.00083770,6.54000000
2018-02-22 13:14:55,0.00083780,31.98000000
2018-02-22 13:14:58,0.00083910,2.57000000
2018-02-22 13:15:00,0.00083910,2.56000000
2018-02-22 13:15:04,0.00083850,132.57000000
2018-02-22 13:15:05,0.00083950,2.40000000
2018-02-22 13:15:05,0.00083980,2.40000000
2018-02-22 13:15:05,0.00083990,17.22000000
2018-02-22 13:15:06,0.00083820,23.86000000
2018-02-22 13:15:06,0.00083800,117.64000000
2018-02-22 13:15:06,0.00083800,45.00000000
2018-02-22 13:15:06,0.00083800,60.17000000
2018-02-22 13:15:06,0.00083800,21.93000000
2018-02-22 13:15:08,0.00083780,21.00000000
2018-02-22 13:15:10,0.00083770,105.17000000
2018-02-22 13:15:10,0.00083780,2.86000000
2018-02-22 13:15:10,0.00083800,47.49000000
2018-02-22 13:15:10,0.00083800,47.48000000
2018-02-22 13:15:10,0.00083800,35.70000000
2018-02-22 13:15:10,0.00083800,1.76000000
2018-02-22 13:15:10,0.00083780,2.51000000
2018-02-22 13:15:10,0.00083630,2.40000000
2018-02-22 13:15:10,0.00083610,30.79000000
2018-02-22 13:15:11,0.00083750,2.40000000
2018-02-22 13:15:11,0.00083800,33.40000000
2018-02-22 13:15:12,0.00083800,25.41000000
2018-02-22 13:15:12,0.00083800,30.49000000
2018-02-22 13:15:12,0.00083800,15.12000000
2018-02-22 13:15:12,0.00083800,5.09000000
2018-02-22 13:15:12,0.00083770,15.12000000
2018-02-22 13:15:13,0.00083800,0.83000000
2018-02-22 13:15:14,0.00083800,52.36000000
2018-02-22 13:15:14,0.00083970,3.54000000
2018-02-22 13:15:17,0.00083880,330.30000000
2018-02-22 13:15:18,0.00083830,23.85000000
2018-02-22 13:15:18,0.00083820,62.57000000
2018-02-22 13:15:21,0.00083800,5.40000000
2018-02-22 13:15:21,0.00083800,15.52000000
2018-02-22 13:15:22,0.00083800,67.52000000
2018-02-22 13:15:23,0.00083780,35.16000000
2018-02-22 13:15:23,0.00083770,14.74000000
2018-02-22 13:15:23,0.00083800,146.90000000
2018-02-22 13:15:23,0.00083950,2.40000000
2018-02-22 13:15:23,0.00083970,0.75000000
2018-02-22 13:15:27,0.00083930,1.36000000
2018-02-22 13:15:29,0.00083870,149.62000000
2018-02-22 13:15:34,0.00083920,0.34000000
2018-02-22 13:15:35,0.00083910,6.08000000
2018-02-22 13:15:37,0.00083900,59.83000000
2018-02-22 13:15:37,0.00083910,40.64000000
2018-02-22 13:15:40,0.00083910,11.91000000
2018-02-22 13:15:41,0.00083910,11.91000000
2018-02-22 13:15:41,0.00083910,34.09000000
2018-02-22 13:15:41,0.00083930,11.91000000
2018-02-22 13:15:42,0.00083910,91.00000000
2018-02-22 13:15:44,0.00083930,90.67000000
2018-02-22 13:15:44,0.00083940,23.85000000
2018-02-22 13:15:44,0.00083970,19.26000000
2018-02-22 13:15:44,0.00083910,80.58000000
2018-02-22 13:15:44,0.00083860,2.40000000
2018-02-22 13:15:44,0.00083840,56.23000000
2018-02-22 13:15:46,0.00083850,108.21000000
2018-02-22 13:15:46,0.00083840,87.56000000
2018-02-22 13:15:46,0.00083840,30.22000000
2018-02-22 13:15:47,0.00083890,2.40000000
2018-02-22 13:15:47,0.00083900,2.40000000
2018-02-22 13:15:47,0.00083960,28.64000000
2018-02-22 13:15:48,0.00083960,11.08000000
2018-02-22 13:15:49,0.00083860,2.40000000
2018-02-22 13:15:49,0.00083840,287.03000000
2018-02-22 13:15:49,0.00083840,1.43000000
2018-02-22 13:15:49,0.00083830,15.52000000
2018-02-22 13:15:51,0.00083830,188.05000000
2018-02-22 13:15:51,0.00083840,0.96000000
2018-02-22 13:15:52,0.00083840,108.18000000
2018-02-22 13:15:52,0.00083940,2.40000000
2018-02-22 13:15:52,0.00083960,41.56000000
2018-02-22 13:15:52,0.00083820,740.08000000
2018-02-22 13:15:54,0.00083820,852.80000000
2018-02-22 13:15:55,0.00083820,31.99000000
2018-02-22 13:15:57,0.00083830,1.20000000
2018-02-22 13:15:58,0.00083830,49.84000000
2018-02-22 13:15:58,0.00083820,105.13000000
2018-02-22 13:16:00,0.00083820,66.74000000
2018-02-22 13:16:00,0.00083830,66.74000000
2018-02-22 13:16:00,0.00083830,81.87000000
2018-02-22 13:16:00,0.00083830,15.72000000
2018-02-22 13:16:00,0.00083830,12.62000000
2018-02-22 13:16:00,0.00083830,15.00000000
2018-02-22 13:16:00,0.00083830,34.55000000
2018-02-22 13:16:01,0.00083830,233.12000000
2018-02-22 13:16:02,0.00083780,2.28000000
2018-02-22 13:16:02,0.00083770,7.41000000
2018-02-22 13:16:03,0.00083790,42.36000000
2018-02-22 13:16:04,0.00083670,56.00000000
2018-02-22 13:16:04,0.00083660,59.96000000
2018-02-22 13:16:04,0.00083650,4.69000000
2018-02-22 13:16:05,0.00083790,5.00000000
2018-02-22 13:16:09,0.00083670,1.81000000
2018-02-22 13:16:09,0.00083670,14.61000000
2018-02-22 13:16:09,0.00083660,23.90000000
2018-02-22 13:16:10,0.00083660,119.51000000
2018-02-22 13:16:10,0.00083660,83.22000000
2018-02-22 13:16:11,0.00083660,0.02000000
2018-02-22 13:16:11,0.00083660,12.85000000
2018-02-22 13:16:11,0.00083670,4.92000000
2018-02-22 13:16:11,0.00083650,7.62000000
2018-02-22 13:16:17,0.00083660,219.00000000
2018-02-22 13:16:17,0.00083560,6.46000000
2018-02-22 13:16:17,0.00083520,12.62000000
2018-02-22 13:16:17,0.00083510,70.07000000
2018-02-22 13:16:18,0.00083670,9.00000000
2018-02-22 13:16:18,0.00083670,67.00000000
2018-02-22 13:16:19,0.00083580,201.47000000
2018-02-22 13:16:20,0.00083640,5.00000000
2018-02-22 13:16:21,0.00083520,45.00000000
2018-02-22 13:16:21,0.00083510,159.61000000
2018-02-22 13:16:22,0.00083510,3.43000000
2018-02-22 13:16:22,0.00083510,30.11000000
2018-02-22 13:16:22,0.00083470,8.75000000
2018-02-22 13:16:22,0.00083430,2.10000000
2018-02-22 13:16:23,0.00083500,3.63000000
2018-02-22 13:16:24,0.00083500,42.40000000
2018-02-22 13:16:27,0.00083470,41.37000000
2018-02-22 13:16:27,0.00083480,12.56000000
2018-02-22 13:16:28,0.00083500,339.17000000
2018-02-22 13:16:28,0.00083510,682.70000000
2018-02-22 13:16:28,0.00083510,327.80000000
2018-02-22 13:16:28,0.00083510,150.60000000
2018-02-22 13:16:30,0.00083500,205.67000000
2018-02-22 13:16:34,0.00083620,23.90000000
2018-02-22 13:16:34,0.00083630,64.22000000
2018-02-22 13:16:34,0.00083630,1.81000000
2018-02-22 13:16:34,0.00083630,28.63000000
2018-02-22 13:16:34,0.00083630,301.08000000
2018-02-22 13:16:34,0.00083510,95.12000000
2018-02-22 13:16:36,0.00083630,56.08000000
2018-02-22 13:16:48,0.00083630,254.08000000
2018-02-22 13:16:50,0.00083750,2.40000000
2018-02-22 13:16:51,0.00083740,215.18000000
2018-02-22 13:16:54,0.00083830,5.00000000
2018-02-22 13:16:54,0.00083710,2.40000000
2018-02-22 13:16:54,0.00083690,18.95000000
2018-02-22 13:16:55,0.00083690,4.94000000
2018-02-22 13:16:55,0.00083680,191.41000000
2018-02-22 13:16:57,0.00083810,11.93000000
2018-02-22 13:16:59,0.00083820,5.08000000
2018-02-22 13:17:02,0.00083730,69.79000000
2018-02-22 13:17:10,0.00083800,14.75000000
2018-02-22 13:17:11,0.00083680,3.64000000
2018-02-22 13:17:15,0.00083730,228.90000000
2018-02-22 13:17:17,0.00083690,5.74000000
2018-02-22 13:17:17,0.00083680,0.35000000
2018-02-22 13:17:23,0.00083680,1.31000000
2018-02-22 13:17:23,0.00083670,0.36000000
2018-02-22 13:17:26,0.00083700,2.40000000
2018-02-22 13:17:27,0.00083700,73.69000000
2018-02-22 13:17:27,0.00083700,19.00000000
2018-02-22 13:17:27,0.00083700,36.00000000
2018-02-22 13:17:27,0.00083680,47.51000000
2018-02-22 13:17:28,0.00083680,23.07000000
2018-02-22 13:17:28,0.00083680,5.56000000
2018-02-22 13:17:29,0.00083680,7.37000000
2018-02-22 13:17:29,0.00083670,12.28000000
2018-02-22 13:17:30,0.00083670,11.09000000
2018-02-22 13:17:30,0.00083760,2.40000000
2018-02-22 13:17:30,0.00083770,79.00000000
2018-02-22 13:17:30,0.00083770,79.06000000
2018-02-22 13:17:31,0.00083660,2.00000000
2018-02-22 13:17:34,0.00083680,15.00000000
2018-02-22 13:17:36,0.00083680,10.78000000
2018-02-22 13:17:36,0.00083660,21.60000000
2018-02-22 13:17:38,0.00083650,10.76000000
2018-02-22 13:17:38,0.00083650,196.77000000
2018-02-22 13:17:38,0.00083660,25.76000000
2018-02-22 13:17:38,0.00083640,24.59000000
2018-02-22 13:17:38,0.00083530,166.82000000
2018-02-22 13:17:40,0.00083530,193.57000000
2018-02-22 13:17:40,0.00083520,190.74000000
2018-02-22 13:17:43,0.00083650,242.12000000
2018-02-22 13:17:47,0.00083650,157.88000000
2018-02-22 13:17:50,0.00083650,31.16000000
2018-02-22 13:17:52,0.00083640,18.78000000
2018-02-22 13:17:54,0.00083660,242.12000000
2018-02-22 13:17:54,0.00083640,957.19000000
2018-02-22 13:17:57,0.00083660,1.20000000
2018-02-22 13:17:57,0.00083650,21.45000000
2018-02-22 13:17:58,0.00083700,97.22000000
2018-02-22 13:18:00,0.00083640,110.55000000
2018-02-22 13:18:01,0.00083660,2.40000000
2018-02-22 13:18:01,0.00083650,24.07000000
2018-02-22 13:18:01,0.00083640,173.53000000
2018-02-22 13:18:02,0.00083640,17.30000000
2018-02-22 13:18:05,0.00083650,5.87000000
2018-02-22 13:18:10,0.00083640,196.37000000
2018-02-22 13:18:10,0.00083640,65.27000000
2018-02-22 13:18:10,0.00083640,98.15000000
2018-02-22 13:18:10,0.00083540,2.05000000
2018-02-22 13:18:12,0.00083580,256.33000000
2018-02-22 13:18:14,0.00083540,102.92000000
2018-02-22 13:18:14,0.00083520,44.35000000
2018-02-22 13:18:18,0.00083630,4.00000000
2018-02-22 13:18:19,0.00083520,441.84000000
2018-02-22 13:18:22,0.00083520,500.00000000
2018-02-22 13:18:24,0.00083520,2.72000000
2018-02-22 13:18:25,0.00083630,11.58000000
2018-02-22 13:18:25,0.00083650,56.29000000
2018-02-22 13:18:26,0.00083650,23.51000000
2018-02-22 13:18:26,0.00083700,11.31000000
2018-02-22 13:18:26,0.00083750,12.86000000
2018-02-22 13:18:26,0.00083640,16.89000000
2018-02-22 13:18:27,0.00083540,1.00000000
2018-02-22 13:18:28,0.00083640,4.20000000
2018-02-22 13:18:28,0.00083540,22.87000000
2018-02-22 13:18:28,0.00083640,2.81000000
2018-02-22 13:18:28,0.00083750,5.89000000
2018-02-22 13:18:30,0.00083740,1.05000000
2018-02-22 13:18:30,0.00083560,2.34000000
2018-02-22 13:18:31,0.00083570,13.17000000
2018-02-22 13:18:31,0.00083570,35.89000000
2018-02-22 13:18:31,0.00083570,9.11000000
2018-02-22 13:18:31,0.00083570,12.94000000
2018-02-22 13:18:34,0.00083710,12.94000000
2018-02-22 13:18:34,0.00083720,60.51000000
2018-02-22 13:18:34,0.00083730,647.00000000
2018-02-22 13:18:34,0.00083750,219.75000000
2018-02-22 13:18:35,0.00083640,110.64000000
2018-02-22 13:18:37,0.00083580,12.33000000
2018-02-22 13:18:41,0.00083610,60.47000000
2018-02-22 13:18:41,0.00083600,23.92000000
2018-02-22 13:18:41,0.00083540,13.01000000
2018-02-22 13:18:44,0.00083620,5.47000000
2018-02-22 13:18:44,0.00083590,21.69000000
2018-02-22 13:18:47,0.00083650,269.74000000
2018-02-22 13:18:48,0.00083600,77.38000000
2018-02-22 13:18:50,0.00083710,25.95000000
2018-02-22 13:18:50,0.00083710,70.77000000
2018-02-22 13:18:50,0.00083710,15.59000000
2018-02-22 13:18:52,0.00083710,8.68000000
2018-02-22 13:18:54,0.00083720,2.40000000
2018-02-22 13:18:54,0.00083750,26.80000000
2018-02-22 13:18:54,0.00083790,29.94000000
2018-02-22 13:18:55,0.00083710,21.99000000
2018-02-22 13:18:56,0.00083780,1.16000000
2018-02-22 13:18:58,0.00083780,43.15000000
2018-02-22 13:18:58,0.00083790,22.45000000
2018-02-22 13:18:58,0.00083790,12.10000000
2018-02-22 13:18:58,0.00083790,9.68000000
2018-02-22 13:18:58,0.00083790,3.70000000
2018-02-22 13:18:59,0.00083800,0.23000000
2018-02-22 13:18:59,0.00083790,28.96000000
2018-02-22 13:19:01,0.00083800,28.49000000
2018-02-22 13:19:01,0.00083800,65.24000000
2018-02-22 13:19:01,0.00083790,26.11000000
2018-02-22 13:19:01,0.00083710,0.67000000
2018-02-22 13:19:03,0.00083710,11.51000000
2018-02-22 13:19:05,0.00083720,124.35000000
2018-02-22 13:19:05,0.00083750,3.58000000
2018-02-22 13:19:06,0.00083710,73.99000000
2018-02-22 13:19:06,0.00083550,783.49000000
2018-02-22 13:19:06,0.00083540,142.60000000
2018-02-22 13:19:07,0.00083600,120.76000000
2018-02-22 13:19:07,0.00083550,23.93000000
2018-02-22 13:19:07,0.00083540,39.66000000
2018-02-22 13:19:07,0.00083520,77.47000000
2018-02-22 13:19:08,0.00083700,23.93000000
2018-02-22 13:19:08,0.00083710,783.54000000
2018-02-22 13:19:08,0.00083750,158.48000000
2018-02-22 13:19:08,0.00083830,255.90000000
2018-02-22 13:19:08,0.00083840,81.87000000
2018-02-22 13:19:08,0.00083890,35.68000000
2018-02-22 13:19:08,0.00083950,6.05000000
2018-02-22 13:19:08,0.00083960,310.24000000
2018-02-22 13:19:08,0.00083980,60.00000000
2018-02-22 13:19:08,0.00083990,417.21000000
2018-02-22 13:19:08,0.00084000,1759.94000000
2018-02-22 13:19:08,0.00084040,4.82000000
2018-02-22 13:19:08,0.00084050,4.82000000
2018-02-22 13:19:08,0.00084100,670.93000000
2018-02-22 13:19:11,0.00083620,221.20000000
2018-02-22 13:19:11,0.00083610,287.79000000
2018-02-22 13:19:11,0.00083600,49.84000000
2018-02-22 13:19:11,0.00083580,108.97000000
2018-02-22 13:19:11,0.00083570,56.00000000
2018-02-22 13:19:11,0.00083560,2.40000000
2018-02-22 13:19:11,0.00083520,67.85000000
2018-02-22 13:19:11,0.00083730,2.40000000
2018-02-22 13:19:11,0.00083720,3.18000000
2018-02-22 13:19:11,0.00083720,2.65000000
2018-02-22 13:19:11,0.00083720,2.65000000
2018-02-22 13:19:11,0.00083720,3.18000000
2018-02-22 13:19:11,0.00083720,3.18000000
2018-02-22 13:19:12,0.00083700,3.18000000
2018-02-22 13:19:12,0.00083700,2.64000000
2018-02-22 13:19:13,0.00083710,90.19000000
2018-02-22 13:19:13,0.00083700,45.63000000
2018-02-22 13:19:14,0.00083700,2.30000000
2018-02-22 13:19:14,0.00083710,6.00000000
2018-02-22 13:19:17,0.00083700,55.98000000
2018-02-22 13:19:17,0.00083650,23.90000000
2018-02-22 13:19:17,0.00083640,2.40000000
2018-02-22 13:19:17,0.00083520,7.70000000
2018-02-22 13:19:17,0.00083710,12.78000000
2018-02-22 13:19:17,0.00083910,13.15000000
2018-02-22 13:19:18,0.00083920,80.56000000
2018-02-22 13:19:18,0.00083920,80.56000000
2018-02-22 13:19:18,0.00083920,3.18000000
2018-02-22 13:19:19,0.00083920,43.75000000
2018-02-22 13:19:20,0.00083680,2.15000000
2018-02-22 13:19:21,0.00083890,94.37000000
2018-02-22 13:19:23,0.00083880,45.00000000
2018-02-22 13:19:23,0.00083900,78.00000000
2018-02-22 13:19:23,0.00083910,23.90000000
2018-02-22 13:19:23,0.00083920,2.15000000
2018-02-22 13:19:23,0.00083940,40.66000000
2018-02-22 13:19:24,0.00083930,0.09000000
2018-02-22 13:19:25,0.00083610,44.17000000
2018-02-22 13:19:27,0.00083620,32.47000000
2018-02-22 13:19:28,0.00083630,13.20000000
2018-02-22 13:19:28,0.00083620,10.06000000
2018-02-22 13:19:29,0.00083760,138.07000000
2018-02-22 13:19:29,0.00083640,46.05000000
2018-02-22 13:19:35,0.00083660,90.22000000
2018-02-22 13:19:35,0.00083670,49.84000000
2018-02-22 13:19:36,0.00083730,13.20000000
2018-02-22 13:19:37,0.00083730,46.91000000
2018-02-22 13:19:39,0.00083750,0.02000000
2018-02-22 13:19:40,0.00083750,48.83000000
2018-02-22 13:19:42,0.00083740,297.17000000
2018-02-22 13:19:42,0.00083750,77.89000000
2018-02-22 13:19:42,0.00083760,138.17000000
2018-02-22 13:19:42,0.00083780,250.00000000
2018-02-22 13:19:45,0.00083900,23.91000000
2018-02-22 13:19:46,0.00083900,30.79000000
2018-02-22 13:19:47,0.00083900,16.25000000
2018-02-22 13:19:50,0.00083900,26.56000000
2018-02-22 13:19:58,0.00083910,5.44000000
2018-02-22 13:19:58,0.00084080,2.40000000
2018-02-22 13:19:58,0.00084100,246.20000000
2018-02-22 13:19:58,0.00084100,15.15000000
2018-02-22 13:19:58,0.00084100,12.10000000
2018-02-22 13:19:58,0.00084100,12.10000000
2018-02-22 13:19:58,0.00084100,9.66000000
2018-02-22 13:19:58,0.00084100,15.01000000
2018-02-22 13:19:59,0.00084100,11.37000000
2018-02-22 13:19:59,0.00084100,484.00000000
2018-02-22 13:20:02,0.00084110,32.38000000
2018-02-22 13:20:04,0.00084160,17.16000000
2018-02-22 13:20:05,0.00084110,35.65000000
2018-02-22 13:20:05,0.00084160,3.85000000
2018-02-22 13:20:05,0.00084190,2.64000000
2018-02-22 13:20:05,0.00084200,177.18000000
2018-02-22 13:20:05,0.00084200,35.61000000
2018-02-22 13:20:05,0.00084200,1.85000000
2018-02-22 13:20:05,0.00084200,29.51000000
2018-02-22 13:20:06,0.00084210,35.61000000
2018-02-22 13:20:06,0.00084210,2.39000000
2018-02-22 13:20:06,0.00084210,35.61000000
2018-02-22 13:20:06,0.00084210,35.26000000
2018-02-22 13:20:06,0.00084200,107.07000000
2018-02-22 13:20:06,0.00084200,35.61000000
2018-02-22 13:20:06,0.00084200,27.66000000
2018-02-22 13:20:07,0.00084200,17.01000000
2018-02-22 13:20:07,0.00084110,815.63000000
2018-02-22 13:20:08,0.00084110,93.06000000
2018-02-22 13:20:09,0.00084100,15.54000000
2018-02-22 13:20:10,0.00084110,52.32000000
2018-02-22 13:20:10,0.00084110,102.76000000
2018-02-22 13:20:10,0.00084110,123.63000000
2018-02-22 13:20:11,0.00084110,12.31000000
2018-02-22 13:20:11,0.00084130,2.38000000
2018-02-22 13:20:11,0.00084110,91.32000000
2018-02-22 13:20:11,0.00084110,46.88000000
2018-02-22 13:20:12,0.00084140,6.40000000
2018-02-22 13:20:12,0.00084180,0.10000000
2018-02-22 13:20:12,0.00084110,5.84000000
2018-02-22 13:20:13,0.00084110,3.01000000
2018-02-22 13:20:13,0.00084180,2.28000000
2018-02-22 13:20:13,0.00084200,134.13000000
2018-02-22 13:20:14,0.00084110,37.52000000
2018-02-22 13:20:15,0.00084240,11.84000000
2018-02-22 13:20:15,0.00084270,13.95000000
2018-02-22 13:20:15,0.00084200,37.00000000
2018-02-22 13:20:16,0.00084200,2.27000000
2018-02-22 13:20:17,0.00084240,11.84000000
2018-02-22 13:20:17,0.00084200,152.94000000
2018-02-22 13:20:17,0.00084180,6.78000000
2018-02-22 13:20:19,0.00084180,22.77000000
2018-02-22 13:20:20,0.00084180,68.10000000
2018-02-22 13:20:20,0.00084130,2.38000000
2018-02-22 13:20:20,0.00084120,6.23000000
2018-02-22 13:20:21,0.00084180,6.43000000
2018-02-22 13:20:21,0.00084120,19.94000000
2018-02-22 13:20:21,0.00084110,287.25000000
2018-02-22 13:20:21,0.00084100,92.21000000
2018-02-22 13:20:21,0.00084180,91.53000000
2018-02-22 13:20:23,0.00084200,140.00000000
2018-02-22 13:20:25,0.00084180,136.41000000
2018-02-22 13:20:25,0.00084200,40.93000000
2018-02-22 13:20:25,0.00084200,2.77000000
2018-02-22 13:20:25,0.00084200,243.38000000
2018-02-22 13:20:25,0.00084210,2.15000000
2018-02-22 13:20:27,0.00084210,17.65000000
2018-02-22 13:20:27,0.00084220,2.38000000
2018-02-22 13:20:27,0.00084270,292.25000000
2018-02-22 13:20:27,0.00084270,376.81000000
2018-02-22 13:20:28,0.00084270,40.28000000
2018-02-22 13:20:28,0.00084270,100.00000000
2018-02-22 13:20:29,0.00084270,24.66000000
2018-02-22 13:20:30,0.00084280,9.00000000
2018-02-22 13:20:31,0.00084270,145.97000000
2018-02-22 13:20:31,0.00084200,1.57000000
2018-02-22 13:20:31,0.00084240,165.50000000
2018-02-22 13:20:31,0.00084270,1.00000000
2018-02-22 13:20:33,0.00084270,311.53000000
2018-02-22 13:20:33,0.00084280,203.40000000
2018-02-22 13:20:33,0.00084280,288.00000000
2018-02-22 13:20:34,0.00084290,1.20000000
2018-02-22 13:20:35,0.00084290,40.94000000
2018-02-22 13:20:35,0.00084310,2.38000000
2018-02-22 13:20:35,0.00084290,33.25000000
2018-02-22 13:20:38,0.00084300,4.20000000
2018-02-22 13:20:39,0.00084340,1.24000000
2018-02-22 13:20:40,0.00084340,1.14000000
2018-02-22 13:20:40,0.00084350,74.19000000
2018-02-22 13:20:40,0.00084360,1021.90000000
2018-02-22 13:20:40,0.00084400,228.87000000
2018-02-22 13:20:40,0.00084400,1.24000000
2018-02-22 13:20:40,0.00084300,1.24000000
2018-02-22 13:20:41,0.00084310,35.52000000
2018-02-22 13:20:41,0.00084360,2.38000000
2018-02-22 13:20:41,0.00084360,35.56000000
2018-02-22 13:20:41,0.00084360,183.06000000
2018-02-22 13:20:41,0.00084360,135.24000000
2018-02-22 13:20:42,0.00084370,108.01000000
2018-02-22 13:20:42,0.00084360,41.97000000
2018-02-22 13:20:42,0.00084400,2.78000000
