DATE,PRICE,VOLUME
2018-02-28 05:00:04,0.00138400,1.58000000
2018-02-28 05:00:05,0.00138380,0.86000000
2018-02-28 05:00:06,0.00138260,0.30000000
2018-02-28 05:00:07,0.00138260,3.61000000
2018-02-28 05:00:07,0.00138400,17.76000000
2018-02-28 05:00:07,0.00138260,7.62000000
2018-02-28 05:00:08,0.00138350,131.39000000
2018-02-28 05:00:08,0.00138380,3.43000000
2018-02-28 05:00:09,0.00138400,24.45000000
2018-02-28 05:00:09,0.00138320,4.19000000
2018-02-28 05:00:10,0.00138300,120.94000000
2018-02-28 05:00:11,0.00138270,7.30000000
2018-02-28 05:00:11,0.00138250,1.72000000
2018-02-28 05:00:11,0.00138370,2.36000000
2018-02-28 05:00:12,0.00138250,5.42000000
2018-02-28 05:00:12,0.00138250,9.02000000
2018-02-28 05:00:12,0.00138250,9.02000000
2018-02-28 05:00:12,0.00138250,0.12000000
2018-02-28 05:00:12,0.00138210,7.21000000
2018-02-28 05:00:13,0.00138210,14.44000000
2018-02-28 05:00:13,0.00138260,7.19000000
2018-02-28 05:00:19,0.00138260,17.05000000
2018-02-28 05:00:23,0.00138320,4.50000000
2018-02-28 05:00:23,0.00138320,95.99000000
2018-02-28 05:00:24,0.00138320,4.50000000
2018-02-28 05:00:28,0.00138400,21.65000000
2018-02-28 05:00:29,0.00138400,2.19000000
2018-02-28 05:00:30,0.00138400,4.94000000
2018-02-28 05:00:30,0.00138400,2.22000000
2018-02-28 05:00:35,0.00138390,0.16000000
2018-02-28 05:00:35,0.00138410,7.30000000
2018-02-28 05:00:35,0.00138430,15.17000000
2018-02-28 05:00:37,0.00138300,2.19000000
2018-02-28 05:00:38,0.00138300,2.19000000
2018-02-28 05:00:40,0.00138400,1.08000000
2018-02-28 05:00:40,0.00138410,9.70000000
2018-02-28 05:00:40,0.00138400,39.97000000
2018-02-28 05:00:40,0.00138300,10.03000000
2018-02-28 05:00:42,0.00138430,3.61000000
2018-02-28 05:00:42,0.00138440,2.67000000
2018-02-28 05:00:42,0.00138300,1.08000000
2018-02-28 05:00:42,0.00138300,191.43000000
2018-02-28 05:00:44,0.00138320,4.50000000
2018-02-28 05:00:44,0.00138320,3.37000000
2018-02-28 05:00:44,0.00138300,377.69000000
2018-02-28 05:00:44,0.00138280,7.30000000
2018-02-28 05:00:45,0.00138280,9.63000000
2018-02-28 05:00:46,0.00138260,82.79000000
2018-02-28 05:00:47,0.00138280,36.96000000
2018-02-28 05:00:47,0.00138280,70.08000000
2018-02-28 05:00:48,0.00138280,2.03000000
2018-02-28 05:00:49,0.00138280,2.03000000
2018-02-28 05:00:50,0.00138280,2.21000000
2018-02-28 05:00:51,0.00138280,2.03000000
2018-02-28 05:00:53,0.00138280,2.03000000
2018-02-28 05:00:55,0.00138280,2.03000000
2018-02-28 05:00:55,0.00138420,7.30000000
2018-02-28 05:00:55,0.00138440,4.63000000
2018-02-28 05:00:55,0.00138470,5.37000000
2018-02-28 05:00:57,0.00138280,2.03000000
2018-02-28 05:00:58,0.00138470,5.74000000
2018-02-28 05:00:58,0.00138470,27.12000000
2018-02-28 05:01:00,0.00138470,27.00000000
2018-02-28 05:01:01,0.00138470,85.83000000
2018-02-28 05:01:01,0.00138470,47.96000000
2018-02-28 05:01:01,0.00138480,109.06000000
2018-02-28 05:01:02,0.00138470,3.56000000
2018-02-28 05:01:04,0.00138470,1.95000000
2018-02-28 05:01:04,0.00138470,61.82000000
2018-02-28 05:01:08,0.00138490,89.95000000
2018-02-28 05:01:08,0.00138500,44.82000000
2018-02-28 05:01:08,0.00138530,209.30000000
2018-02-28 05:01:08,0.00138530,133.08000000
2018-02-28 05:01:09,0.00138500,1.11000000
2018-02-28 05:01:09,0.00138520,1.00000000
2018-02-28 05:01:09,0.00138520,6.29000000
2018-02-28 05:01:09,0.00138530,20.50000000
2018-02-28 05:01:11,0.00138530,2.28000000
2018-02-28 05:01:20,0.00138620,18.08000000
2018-02-28 05:01:24,0.00138720,100.00000000
2018-02-28 05:01:25,0.00138720,26.62000000
2018-02-28 05:01:25,0.00138720,6.00000000
2018-02-28 05:01:26,0.00138720,32.43000000
2018-02-28 05:01:30,0.00138570,2.93000000
2018-02-28 05:01:30,0.00138720,82.27000000
2018-02-28 05:01:30,0.00138730,29.07000000
2018-02-28 05:01:30,0.00138800,2.93000000
2018-02-28 05:01:30,0.00138800,25.96000000
2018-02-28 05:01:31,0.00138800,2.24000000
2018-02-28 05:01:35,0.00138800,3.00000000
2018-02-28 05:01:36,0.00138800,2.17000000
2018-02-28 05:01:37,0.00138810,117.43000000
2018-02-28 05:01:38,0.00138810,7.44000000
2018-02-28 05:01:38,0.00138820,6.15000000
2018-02-28 05:01:39,0.00138870,1.00000000
2018-02-28 05:01:42,0.00138870,1.16000000
2018-02-28 05:01:42,0.00138890,2.55000000
2018-02-28 05:01:44,0.00138870,15.16000000
2018-02-28 05:01:47,0.00138870,55.39000000
2018-02-28 05:01:48,0.00138870,153.91000000
2018-02-28 05:01:48,0.00138870,0.85000000
2018-02-28 05:01:48,0.00138890,1.78000000
2018-02-28 05:01:49,0.00138890,243.69000000
2018-02-28 05:01:49,0.00138870,96.10000000
2018-02-28 05:01:49,0.00138820,104.79000000
2018-02-28 05:01:50,0.00138900,1.00000000
2018-02-28 05:01:50,0.00138900,8.50000000
2018-02-28 05:01:50,0.00138900,43.53000000
2018-02-28 05:01:51,0.00138870,14.54000000
2018-02-28 05:01:51,0.00138840,49.83000000
2018-02-28 05:01:51,0.00138820,37.73000000
2018-02-28 05:01:51,0.00138800,325.36000000
2018-02-28 05:01:51,0.00138760,16.73000000
2018-02-28 05:01:51,0.00138730,59.49000000
2018-02-28 05:01:51,0.00138720,200.27000000
2018-02-28 05:01:51,0.00138720,36.79000000
2018-02-28 05:01:52,0.00138820,130.79000000
2018-02-28 05:01:53,0.00138600,7.30000000
2018-02-28 05:01:53,0.00138580,2.18000000
2018-02-28 05:01:54,0.00138840,61.67000000
2018-02-28 05:01:54,0.00138850,7.30000000
2018-02-28 05:01:54,0.00138870,35.51000000
2018-02-28 05:01:55,0.00138730,26.64000000
2018-02-28 05:01:55,0.00138610,2.85000000
2018-02-28 05:01:55,0.00138870,135.85000000
2018-02-28 05:02:01,0.00138860,2.85000000
2018-02-28 05:02:01,0.00138870,9.77000000
2018-02-28 05:02:03,0.00138870,21.58000000
2018-02-28 05:02:03,0.00138870,47.31000000
2018-02-28 05:02:04,0.00138870,4.86000000
2018-02-28 05:02:04,0.00138870,1.59000000
2018-02-28 05:02:05,0.00138870,216.44000000
2018-02-28 05:02:06,0.00138630,49.95000000
2018-02-28 05:02:07,0.00138850,1.59000000
2018-02-28 05:02:08,0.00138860,1.59000000
2018-02-28 05:02:09,0.00138820,1.46000000
2018-02-28 05:02:14,0.00138740,126.00000000
2018-02-28 05:02:17,0.00138860,52.08000000
2018-02-28 05:02:17,0.00138870,151.92000000
2018-02-28 05:02:18,0.00138650,2.92000000
2018-02-28 05:02:20,0.00138870,6.17000000
2018-02-28 05:02:24,0.00138800,121.96000000
2018-02-28 05:02:27,0.00138800,24.40000000
2018-02-28 05:02:27,0.00138800,40.72000000
2018-02-28 05:02:29,0.00138800,169.44000000
2018-02-28 05:02:29,0.00138730,35.21000000
2018-02-28 05:02:30,0.00138800,1.01000000
2018-02-28 05:02:30,0.00138860,2.38000000
2018-02-28 05:02:30,0.00138870,5.63000000
2018-02-28 05:02:30,0.00138800,2.09000000
2018-02-28 05:02:32,0.00138800,1.75000000
2018-02-28 05:02:33,0.00138870,718.24000000
2018-02-28 05:02:33,0.00138870,9.01000000
2018-02-28 05:02:33,0.00138880,2.19000000
2018-02-28 05:02:33,0.00138800,111.58000000
2018-02-28 05:02:35,0.00138900,0.02000000
2018-02-28 05:02:43,0.00138870,75.55000000
2018-02-28 05:02:45,0.00138890,134.56000000
2018-02-28 05:02:50,0.00138900,1.00000000
2018-02-28 05:02:50,0.00138880,2.05000000
2018-02-28 05:02:52,0.00138880,49.61000000
2018-02-28 05:02:52,0.00138800,89.15000000
2018-02-28 05:02:52,0.00138700,3.61000000
2018-02-28 05:02:52,0.00138670,18.65000000
2018-02-28 05:02:57,0.00138680,2.78000000
2018-02-28 05:02:59,0.00138850,2.16000000
2018-02-28 05:02:59,0.00138760,43.77000000
2018-02-28 05:03:03,0.00138680,11.22000000
2018-02-28 05:03:03,0.00138670,18.78000000
2018-02-28 05:03:04,0.00138670,2.17000000
2018-02-28 05:03:13,0.00138700,36.61000000
2018-02-28 05:03:13,0.00138690,36.96000000
2018-02-28 05:03:18,0.00138760,143.13000000
2018-02-28 05:03:18,0.00138700,9.52000000
2018-02-28 05:03:20,0.00138700,2.17000000
2018-02-28 05:03:23,0.00138690,0.97000000
2018-02-28 05:03:25,0.00138840,57.95000000
2018-02-28 05:03:25,0.00138850,29.42000000
2018-02-28 05:03:27,0.00138850,28.99000000
2018-02-28 05:03:27,0.00138690,77.38000000
2018-02-28 05:03:31,0.00138830,1.96000000
2018-02-28 05:03:31,0.00138850,3.77000000
2018-02-28 05:03:32,0.00138850,1.96000000
2018-02-28 05:03:36,0.00138860,52.34000000
2018-02-28 05:03:38,0.00138890,16.89000000
2018-02-28 05:03:39,0.00138890,5.00000000
2018-02-28 05:03:39,0.00138890,4.09000000
2018-02-28 05:03:39,0.00138890,5.00000000
2018-02-28 05:03:39,0.00138900,122.59000000
2018-02-28 05:03:39,0.00138910,28.71000000
2018-02-28 05:03:39,0.00138930,23.50000000
2018-02-28 05:03:39,0.00138940,8.45000000
2018-02-28 05:03:39,0.00138950,15.66000000
2018-02-28 05:03:40,0.00138960,5.36000000
2018-02-28 05:03:41,0.00138980,3.16000000
2018-02-28 05:03:41,0.00138950,5.00000000
2018-02-28 05:03:43,0.00138950,5.00000000
2018-02-28 05:03:45,0.00138950,5.00000000
2018-02-28 05:03:46,0.00138990,89.00000000
2018-02-28 05:03:47,0.00138990,1.14000000
2018-02-28 05:03:47,0.00138990,1.00000000
2018-02-28 05:03:47,0.00138990,1.82000000
2018-02-28 05:03:47,0.00138990,5.00000000
2018-02-28 05:03:49,0.00138990,5.00000000
2018-02-28 05:03:50,0.00138990,1.92000000
2018-02-28 05:03:51,0.00138990,5.00000000
2018-02-28 05:03:53,0.00139000,47.27000000
2018-02-28 05:03:53,0.00138990,5.00000000
2018-02-28 05:03:55,0.00139000,86.22000000
2018-02-28 05:03:55,0.00139000,1.45000000
2018-02-28 05:03:57,0.00139040,151.69000000
2018-02-28 05:03:57,0.00139030,1.79000000
2018-02-28 05:03:57,0.00139080,4.86000000
2018-02-28 05:03:57,0.00139110,2.96000000
2018-02-28 05:03:58,0.00139020,2.38000000
2018-02-28 05:03:59,0.00139080,2.38000000
2018-02-28 05:04:01,0.00139080,23.02000000
2018-02-28 05:04:01,0.00139050,23.96000000
2018-02-28 05:04:01,0.00139110,7.95000000
2018-02-28 05:04:01,0.00139120,3.28000000
2018-02-28 05:04:02,0.00139130,5.08000000
2018-02-28 05:04:02,0.00139310,13.85000000
2018-02-28 05:04:02,0.00139340,13.22000000
2018-02-28 05:04:02,0.00139400,13.05000000
2018-02-28 05:04:02,0.00139440,36.28000000
2018-02-28 05:04:02,0.00139470,302.14000000
2018-02-28 05:04:02,0.00139470,145.53000000
2018-02-28 05:04:02,0.00139040,2.88000000
2018-02-28 05:04:04,0.00139220,33.09000000
2018-02-28 05:04:07,0.00139460,1.22000000
2018-02-28 05:04:07,0.00139230,7.19000000
2018-02-28 05:04:07,0.00139220,1.66000000
2018-02-28 05:04:07,0.00139220,6.69000000
2018-02-28 05:04:07,0.00139230,6.41000000
2018-02-28 05:04:08,0.00139250,0.78000000
2018-02-28 05:04:08,0.00139220,1.39000000
2018-02-28 05:04:11,0.00139430,42.83000000
2018-02-28 05:04:11,0.00139430,6.52000000
2018-02-28 05:04:11,0.00139430,5.00000000
2018-02-28 05:04:12,0.00139430,96.51000000
2018-02-28 05:04:12,0.00139430,96.00000000
2018-02-28 05:04:12,0.00139430,5.00000000
2018-02-28 05:04:13,0.00139430,35.31000000
2018-02-28 05:04:17,0.00139430,95.74000000
2018-02-28 05:04:17,0.00139440,2.34000000
2018-02-28 05:04:19,0.00139440,4.85000000
2018-02-28 05:04:19,0.00139440,98.46000000
2018-02-28 05:04:19,0.00139440,4.78000000
2018-02-28 05:04:19,0.00139430,51.30000000
2018-02-28 05:04:21,0.00139440,34.74000000
2018-02-28 05:04:22,0.00139270,0.87000000
2018-02-28 05:04:23,0.00139270,2.76000000
2018-02-28 05:04:24,0.00139470,14.00000000
2018-02-28 05:04:24,0.00139480,7.19000000
2018-02-28 05:04:24,0.00139490,1.87000000
2018-02-28 05:04:24,0.00139500,535.00000000
2018-02-28 05:04:25,0.00139500,1.07000000
2018-02-28 05:04:25,0.00139500,1.00000000
2018-02-28 05:04:26,0.00139500,11.10000000
2018-02-28 05:04:26,0.00139590,0.60000000
2018-02-28 05:04:29,0.00139540,160.07000000
2018-02-28 05:04:29,0.00139500,1040.07000000
2018-02-28 05:04:30,0.00139500,7.72000000
2018-02-28 05:04:30,0.00139430,32.36000000
2018-02-28 05:04:31,0.00139500,59.39000000
2018-02-28 05:04:31,0.00139310,1.09000000
2018-02-28 05:04:32,0.00139500,114.31000000
2018-02-28 05:04:33,0.00139310,1.56000000
2018-02-28 05:04:33,0.00139500,185.64000000
2018-02-28 05:04:35,0.00139500,27.71000000
2018-02-28 05:04:35,0.00139430,1.82000000
2018-02-28 05:04:36,0.00139500,77.58000000
2018-02-28 05:04:38,0.00139500,40.19000000
2018-02-28 05:04:38,0.00139500,1.28000000
2018-02-28 05:04:38,0.00139500,1.45000000
2018-02-28 05:04:42,0.00139540,69.28000000
2018-02-28 05:04:42,0.00139590,1.83000000
2018-02-28 05:04:42,0.00139600,24.16000000
2018-02-28 05:04:42,0.00139610,25.90000000
2018-02-28 05:04:42,0.00139670,74.11000000
2018-02-28 05:04:44,0.00139670,0.07000000
2018-02-28 05:04:46,0.00139510,59.49000000
2018-02-28 05:04:46,0.00139500,4.33000000
2018-02-28 05:04:47,0.00139510,18.05000000
2018-02-28 05:04:47,0.00139500,45.17000000
2018-02-28 05:04:48,0.00139660,16.41000000
2018-02-28 05:04:50,0.00139660,28.85000000
2018-02-28 05:04:58,0.00139500,17.92000000
2018-02-28 05:05:01,0.00139500,5.00000000
2018-02-28 05:05:03,0.00139620,168.63000000
2018-02-28 05:05:04,0.00139600,6.95000000
2018-02-28 05:05:04,0.00139660,1.58000000
2018-02-28 05:05:05,0.00139600,6.75000000
2018-02-28 05:05:05,0.00139660,6.15000000
2018-02-28 05:05:06,0.00139600,1.01000000
2018-02-28 05:05:07,0.00139660,14.56000000
2018-02-28 05:05:07,0.00139670,64.23000000
2018-02-28 05:05:07,0.00139680,2.40000000
2018-02-28 05:05:07,0.00139730,5.81000000
2018-02-28 05:05:07,0.00139740,36.17000000
2018-02-28 05:05:07,0.00139750,4.84000000
2018-02-28 05:05:07,0.00139760,6.31000000
2018-02-28 05:05:07,0.00139780,19.63000000
2018-02-28 05:05:07,0.00139790,2.09000000
2018-02-28 05:05:07,0.00139800,107.70000000
2018-02-28 05:05:08,0.00139610,35.18000000
2018-02-28 05:05:08,0.00139600,0.49000000
2018-02-28 05:05:08,0.00139520,32.92000000
2018-02-28 05:05:08,0.00139510,18.05000000
2018-02-28 05:05:08,0.00139500,610.13000000
2018-02-28 05:05:08,0.00139500,7.19000000
2018-02-28 05:05:09,0.00139500,263.09000000
2018-02-28 05:05:09,0.00139490,32.92000000
2018-02-28 05:05:09,0.00139500,35.38000000
2018-02-28 05:05:11,0.00139450,4.00000000
2018-02-28 05:05:11,0.00139430,451.70000000
2018-02-28 05:05:11,0.00139400,17.30000000
2018-02-28 05:05:12,0.00139500,190.80000000
2018-02-28 05:05:12,0.00139620,67.00000000
2018-02-28 05:05:12,0.00139650,1.75000000
2018-02-28 05:05:12,0.00139660,28.00000000
2018-02-28 05:05:13,0.00139660,0.79000000
2018-02-28 05:05:13,0.00139660,0.73000000
2018-02-28 05:05:15,0.00139660,44.29000000
2018-02-28 05:05:15,0.00139660,4.81000000
2018-02-28 05:05:16,0.00139770,0.56000000
2018-02-28 05:05:18,0.00139710,77.84000000
2018-02-28 05:05:24,0.00139760,15.46000000
2018-02-28 05:05:25,0.00139660,5.00000000
2018-02-28 05:05:27,0.00139660,1.58000000
2018-02-28 05:05:29,0.00139680,177.20000000
2018-02-28 05:05:32,0.00139710,2.00000000
2018-02-28 05:05:33,0.00139710,16.90000000
2018-02-28 05:05:36,0.00139660,321.88000000
2018-02-28 05:05:36,0.00139600,2.17000000
2018-02-28 05:05:39,0.00139600,47.83000000
2018-02-28 05:05:40,0.00139430,3.37000000
2018-02-28 05:05:40,0.00139380,3.23000000
2018-02-28 05:05:41,0.00139600,4.80000000
2018-02-28 05:05:41,0.00139600,1.20000000
2018-02-28 05:05:42,0.00139280,1.82000000
2018-02-28 05:05:42,0.00139280,1.45000000
2018-02-28 05:05:43,0.00139400,3.99000000
2018-02-28 05:05:43,0.00139400,4.01000000
2018-02-28 05:05:43,0.00139310,7.78000000
2018-02-28 05:05:43,0.00139310,0.87000000
2018-02-28 05:05:43,0.00139310,0.87000000
2018-02-28 05:05:43,0.00139640,3.27000000
2018-02-28 05:05:43,0.00139650,20.00000000
2018-02-28 05:05:43,0.00139660,26.73000000
2018-02-28 05:05:44,0.00139330,1.81000000
2018-02-28 05:05:45,0.00139600,1.53000000
2018-02-28 05:05:46,0.00139360,1.31000000
2018-02-28 05:05:46,0.00139490,1.81000000
2018-02-28 05:05:46,0.00139500,6.47000000
2018-02-28 05:05:46,0.00139590,9.52000000
2018-02-28 05:05:46,0.00139600,47.83000000
2018-02-28 05:05:46,0.00139600,3.83000000
2018-02-28 05:05:46,0.00139600,29.16000000
2018-02-28 05:05:48,0.00139650,1.31000000
2018-02-28 05:05:48,0.00139660,61.10000000
2018-02-28 05:05:48,0.00139660,0.79000000
2018-02-28 05:05:49,0.00139350,3.92000000
2018-02-28 05:05:50,0.00139370,2.68000000
2018-02-28 05:05:50,0.00139460,3.92000000
2018-02-28 05:05:50,0.00139470,82.49000000
2018-02-28 05:05:50,0.00139470,1.00000000
2018-02-28 05:05:52,0.00139470,2.91000000
2018-02-28 05:05:57,0.00139340,7.16000000
2018-02-28 05:05:58,0.00139340,1.64000000
2018-02-28 05:06:00,0.00139470,0.01000000
2018-02-28 05:06:00,0.00139340,2.17000000
2018-02-28 05:06:02,0.00139340,6.35000000
2018-02-28 05:06:02,0.00139340,121.53000000
2018-02-28 05:06:02,0.00139500,7.88000000
2018-02-28 05:06:02,0.00139500,1.00000000
2018-02-28 05:06:02,0.00139330,14.00000000
2018-02-28 05:06:02,0.00139300,230.78000000
2018-02-28 05:06:02,0.00139270,14.00000000
2018-02-28 05:06:02,0.00139250,29.09000000
2018-02-28 05:06:02,0.00139080,62.61000000
2018-02-28 05:06:02,0.00139090,0.60000000
2018-02-28 05:06:03,0.00139290,185.76000000
2018-02-28 05:06:05,0.00139210,0.87000000
2018-02-28 05:06:06,0.00139220,32.92000000
2018-02-28 05:06:06,0.00139200,107.69000000
2018-02-28 05:06:12,0.00139200,6.81000000
2018-02-28 05:06:12,0.00139360,1.45000000
2018-02-28 05:06:14,0.00139350,32.92000000
2018-02-28 05:06:14,0.00139200,22.41000000
2018-02-28 05:06:14,0.00139200,199.93000000
2018-02-28 05:06:14,0.00139200,1.00000000
2018-02-28 05:06:14,0.00139200,13.48000000
2018-02-28 05:06:16,0.00139200,66.07000000
2018-02-28 05:06:16,0.00139200,38.31000000
2018-02-28 05:06:16,0.00139200,2.17000000
2018-02-28 05:06:18,0.00139340,94.97000000
2018-02-28 05:06:19,0.00139230,2.17000000
2018-02-28 05:06:21,0.00139230,7.24000000
2018-02-28 05:06:23,0.00139480,6.63000000
2018-02-28 05:06:23,0.00139490,4.64000000
2018-02-28 05:06:23,0.00139500,60.09000000
2018-02-28 05:06:28,0.00139230,2.65000000
2018-02-28 05:06:29,0.00139460,22.65000000
2018-02-28 05:06:29,0.00139500,44.44000000
2018-02-28 05:06:32,0.00139350,4.31000000
2018-02-28 05:06:33,0.00139490,1.37000000
2018-02-28 05:06:40,0.00139490,9.64000000
2018-02-28 05:06:40,0.00139500,26.49000000
2018-02-28 05:06:47,0.00139500,1.00000000
2018-02-28 05:06:49,0.00139290,3.32000000
2018-02-28 05:06:49,0.00139490,20.09000000
2018-02-28 05:06:53,0.00139380,103.35000000
2018-02-28 05:07:01,0.00139380,3.47000000
2018-02-28 05:07:02,0.00139360,16.68000000
2018-02-28 05:07:02,0.00139350,18.62000000
2018-02-28 05:07:02,0.00139350,0.79000000
2018-02-28 05:07:04,0.00139310,2.58000000
2018-02-28 05:07:04,0.00139280,0.79000000
2018-02-28 05:07:04,0.00139260,14.00000000
2018-02-28 05:07:04,0.00139240,7.19000000
2018-02-28 05:07:04,0.00139200,5.00000000
2018-02-28 05:07:04,0.00139120,14.00000000
2018-02-28 05:07:04,0.00139090,14.34000000
2018-02-28 05:07:05,0.00139210,12.56000000
2018-02-28 05:07:05,0.00139100,1.16000000
2018-02-28 05:07:05,0.00139340,14.34000000
2018-02-28 05:07:05,0.00139350,65.41000000
2018-02-28 05:07:05,0.00139380,9.21000000
2018-02-28 05:07:07,0.00139400,2.79000000
2018-02-28 05:07:10,0.00139470,7.19000000
2018-02-28 05:07:10,0.00139480,7.81000000
2018-02-28 05:07:11,0.00139400,1.53000000
2018-02-28 05:07:11,0.00139470,2.15000000
2018-02-28 05:07:12,0.00139470,6.90000000
2018-02-28 05:07:12,0.00139480,10.64000000
2018-02-28 05:07:16,0.00139480,43.00000000
2018-02-28 05:07:18,0.00139440,111.91000000
2018-02-28 05:07:26,0.00139480,5.00000000
2018-02-28 05:07:37,0.00139440,21.12000000
2018-02-28 05:07:43,0.00139470,1.50000000
2018-02-28 05:07:43,0.00139480,1.25000000
2018-02-28 05:07:57,0.00139460,120.48000000
2018-02-28 05:07:57,0.00139470,0.24000000
2018-02-28 05:07:59,0.00139470,5.43000000
2018-02-28 05:07:59,0.00139480,3.21000000
2018-02-28 05:07:59,0.00139480,50.95000000
2018-02-28 05:07:59,0.00139490,4.35000000
2018-02-28 05:08:00,0.00139450,3.80000000
2018-02-28 05:08:00,0.00139460,2.15000000
2018-02-28 05:08:02,0.00139460,24.75000000
2018-02-28 05:08:02,0.00139450,529.92000000
2018-02-28 05:08:02,0.00139450,153.40000000
2018-02-28 05:08:02,0.00139430,46.02000000
2018-02-28 05:08:09,0.00139450,38.11000000
2018-02-28 05:08:09,0.00139400,70.00000000
2018-02-28 05:08:10,0.00139400,65.70000000
2018-02-28 05:08:13,0.00139270,3.98000000
2018-02-28 05:08:15,0.00139270,87.88000000
2018-02-28 05:08:15,0.00139400,0.02000000
2018-02-28 05:08:15,0.00139440,1.43000000
2018-02-28 05:08:15,0.00139450,12.09000000
2018-02-28 05:08:18,0.00139230,29.69000000
2018-02-28 05:08:20,0.00139200,1.60000000
2018-02-28 05:08:24,0.00139230,157.09000000
2018-02-28 05:08:29,0.00139230,104.35000000
2018-02-28 05:08:33,0.00139200,7.79000000
2018-02-28 05:08:33,0.00139160,0.85000000
2018-02-28 05:08:37,0.00139270,129.04000000
2018-02-28 05:08:41,0.00139170,42.50000000
2018-02-28 05:08:41,0.00139160,17.23000000
2018-02-28 05:08:41,0.00139150,2.78000000
2018-02-28 05:08:50,0.00139280,38.25000000
2018-02-28 05:08:53,0.00139190,7.19000000
2018-02-28 05:08:53,0.00139150,21.56000000
2018-02-28 05:08:58,0.00139150,40.03000000
2018-02-28 05:09:04,0.00139150,25.09000000
2018-02-28 05:09:04,0.00139150,7.19000000
2018-02-28 05:09:05,0.00139150,17.11000000
2018-02-28 05:09:06,0.00139150,32.06000000
2018-02-28 05:09:07,0.00139140,2.58000000
2018-02-28 05:09:08,0.00139150,54.95000000
2018-02-28 05:09:09,0.00139150,1.00000000
2018-02-28 05:09:09,0.00139150,0.86000000
2018-02-28 05:09:10,0.00139150,45.03000000
2018-02-28 05:09:17,0.00139140,5.76000000
2018-02-28 05:09:17,0.00139130,21.96000000
2018-02-28 05:09:17,0.00139120,23.81000000
2018-02-28 05:09:17,0.00139090,55.00000000
2018-02-28 05:09:17,0.00139080,220.15000000
2018-02-28 05:09:17,0.00139080,60.03000000
2018-02-28 05:09:23,0.00139140,2.00000000
2018-02-28 05:09:26,0.00139140,23.37000000
2018-02-28 05:09:26,0.00139150,296.27000000
2018-02-28 05:09:26,0.00139150,31.28000000
2018-02-28 05:09:26,0.00139100,15.54000000
2018-02-28 05:09:27,0.00139110,0.23000000
2018-02-28 05:09:30,0.00139110,10.00000000
2018-02-28 05:09:32,0.00139110,15.98000000
2018-02-28 05:09:33,0.00139110,7.65000000
2018-02-28 05:09:33,0.00139100,31.28000000
2018-02-28 05:09:33,0.00139080,957.80000000
2018-02-28 05:09:33,0.00139060,2.47000000
2018-02-28 05:09:33,0.00139080,20.80000000
2018-02-28 05:09:38,0.00139050,1.10000000
2018-02-28 05:09:38,0.00139040,0.74000000
2018-02-28 05:09:38,0.00139030,1.26000000
2018-02-28 05:09:38,0.00139010,69.56000000
2018-02-28 05:09:39,0.00139080,1.27000000
2018-02-28 05:09:40,0.00139080,1.42000000
2018-02-28 05:09:42,0.00139010,41.44000000
2018-02-28 05:09:42,0.00138990,104.78000000
2018-02-28 05:09:42,0.00138950,13.94000000
2018-02-28 05:09:42,0.00138940,2.15000000
2018-02-28 05:09:42,0.00138910,59.35000000
2018-02-28 05:09:42,0.00138900,362.38000000
2018-02-28 05:09:47,0.00138900,116.24000000
2018-02-28 05:09:48,0.00138940,146.17000000
2018-02-28 05:09:49,0.00138900,49.35000000
2018-02-28 05:09:49,0.00138900,855.76000000
2018-02-28 05:09:49,0.00138900,305.58000000
2018-02-28 05:09:49,0.00138890,118.06000000
2018-02-28 05:09:49,0.00138840,2.15000000
2018-02-28 05:09:49,0.00138800,11.19000000
2018-02-28 05:09:49,0.00138690,6.04000000
2018-02-28 05:09:51,0.00138900,0.21000000
2018-02-28 05:09:51,0.00138990,6.64000000
2018-02-28 05:09:51,0.00138900,4.79000000
2018-02-28 05:09:53,0.00138900,2.15000000
2018-02-28 05:09:56,0.00138710,4.26000000
2018-02-28 05:09:56,0.00138700,2.86000000
2018-02-28 05:09:56,0.00138690,7.19000000
2018-02-28 05:10:00,0.00138690,75.55000000
2018-02-28 05:10:00,0.00138780,55.19000000
2018-02-28 05:10:01,0.00138690,23.60000000
2018-02-28 05:10:02,0.00138690,13.98000000
2018-02-28 05:10:03,0.00138690,34.74000000
2018-02-28 05:10:03,0.00138690,103.77000000
2018-02-28 05:10:03,0.00138680,2.16000000
2018-02-28 05:10:03,0.00138670,26.05000000
2018-02-28 05:10:03,0.00138600,36.62000000
2018-02-28 05:10:06,0.00138650,10.42000000
2018-02-28 05:10:06,0.00138600,35.05000000
2018-02-28 05:10:06,0.00138530,24.36000000
2018-02-28 05:10:07,0.00138650,3.00000000
2018-02-28 05:10:08,0.00138650,11.67000000
2018-02-28 05:10:09,0.00138530,85.71000000
2018-02-28 05:10:09,0.00138500,5.25000000
2018-02-28 05:10:12,0.00138650,2.58000000
2018-02-28 05:10:14,0.00138650,0.01000000
2018-02-28 05:10:14,0.00138750,161.99000000
2018-02-28 05:10:18,0.00138720,154.55000000
2018-02-28 05:10:20,0.00138600,13.22000000
2018-02-28 05:10:26,0.00138620,7.30000000
2018-02-28 05:10:26,0.00138600,164.82000000
2018-02-28 05:10:27,0.00138650,12.80000000
2018-02-28 05:10:27,0.00138840,7.30000000
2018-02-28 05:10:27,0.00138860,8.12000000
2018-02-28 05:10:27,0.00138870,21.56000000
2018-02-28 05:10:27,0.00138880,5.37000000
2018-02-28 05:10:30,0.00138880,54.97000000
2018-02-28 05:10:35,0.00138600,12.95000000
2018-02-28 05:10:38,0.00138610,63.76000000
2018-02-28 05:10:41,0.00138600,24.72000000
2018-02-28 05:10:44,0.00138600,31.19000000
2018-02-28 05:10:46,0.00138500,26.67000000
2018-02-28 05:10:47,0.00138500,5.31000000
2018-02-28 05:10:52,0.00138500,49.55000000
2018-02-28 05:10:52,0.00138480,1.12000000
2018-02-28 05:10:52,0.00138470,4.85000000
2018-02-28 05:10:52,0.00138460,0.87000000
2018-02-28 05:10:52,0.00138400,4.00000000
2018-02-28 05:10:52,0.00138360,10.99000000
2018-02-28 05:10:56,0.00138470,163.11000000
2018-02-28 05:11:00,0.00138360,50.96000000
2018-02-28 05:11:00,0.00138300,70.85000000
2018-02-28 05:11:03,0.00138360,4.85000000
2018-02-28 05:11:06,0.00138360,0.15000000
2018-02-28 05:11:06,0.00138360,83.68000000
2018-02-28 05:11:10,0.00138300,2.00000000
2018-02-28 05:11:13,0.00138490,1.67000000
2018-02-28 05:11:13,0.00138500,0.48000000
2018-02-28 05:11:14,0.00138380,72.32000000
2018-02-28 05:11:17,0.00138300,14.82000000
2018-02-28 05:11:17,0.00138280,13.54000000
2018-02-28 05:11:17,0.00138260,0.46000000
2018-02-28 05:11:24,0.00138260,3.60000000
2018-02-28 05:11:24,0.00138260,7.30000000
2018-02-28 05:11:24,0.00138260,165.74000000
2018-02-28 05:11:25,0.00138440,52.23000000
2018-02-28 05:11:25,0.00138450,7.30000000
2018-02-28 05:11:26,0.00138210,72.31000000
2018-02-28 05:11:26,0.00138200,3.62000000
2018-02-28 05:11:26,0.00138180,6.11000000
2018-02-28 05:11:26,0.00138110,11.96000000
2018-02-28 05:11:27,0.00138280,171.68000000
2018-02-28 05:11:27,0.00138470,2.16000000
2018-02-28 05:11:31,0.00138360,20.00000000
2018-02-28 05:11:31,0.00138300,92.00000000
2018-02-28 05:11:31,0.00138290,14.00000000
2018-02-28 05:11:31,0.00138280,8.45000000
2018-02-28 05:11:31,0.00138260,16.60000000
2018-02-28 05:11:31,0.00138210,7.02000000
2018-02-28 05:11:31,0.00138190,70.17000000
2018-02-28 05:11:31,0.00138200,12.83000000
2018-02-28 05:11:31,0.00138200,0.01000000
2018-02-28 05:11:32,0.00138460,21.64000000
2018-02-28 05:11:32,0.00138470,11.96000000
2018-02-28 05:11:32,0.00138480,14.38000000
2018-02-28 05:11:34,0.00138470,3.55000000
2018-02-28 05:11:36,0.00138590,5.18000000
2018-02-28 05:11:37,0.00138590,1.00000000
2018-02-28 05:11:44,0.00138610,80.89000000
2018-02-28 05:11:44,0.00138640,1.25000000
2018-02-28 05:11:44,0.00138880,2.00000000
2018-02-28 05:11:45,0.00138600,72.14000000
2018-02-28 05:11:45,0.00138590,0.31000000
2018-02-28 05:11:45,0.00138500,7.30000000
2018-02-28 05:11:48,0.00138490,72.14000000
2018-02-28 05:11:48,0.00138500,17.96000000
2018-02-28 05:11:51,0.00138350,14.00000000
2018-02-28 05:11:51,0.00138330,21.68000000
2018-02-28 05:11:51,0.00138110,64.32000000
2018-02-28 05:11:53,0.00138500,2.29000000
2018-02-28 05:11:56,0.00138680,180.24000000
2018-02-28 05:12:01,0.00138520,21.44000000
2018-02-28 05:12:01,0.00138500,218.03000000
2018-02-28 05:12:01,0.00138250,7.30000000
2018-02-28 05:12:01,0.00138100,23.10000000
2018-02-28 05:12:01,0.00138090,197.16000000
2018-02-28 05:12:01,0.00138060,559.70000000
2018-02-28 05:12:01,0.00138050,43.86000000
2018-02-28 05:12:02,0.00138480,1.00000000
2018-02-28 05:12:02,0.00138480,5.17000000
2018-02-28 05:12:05,0.00138480,1.12000000
2018-02-28 05:12:09,0.00138470,19.67000000
2018-02-28 05:12:12,0.00138470,34.11000000
2018-02-28 05:12:14,0.00138460,1.08000000
2018-02-28 05:12:21,0.00138450,36.10000000
2018-02-28 05:12:22,0.00138460,82.81000000
2018-02-28 05:12:22,0.00138470,79.18000000
2018-02-28 05:12:23,0.00138470,0.01000000
2018-02-28 05:12:23,0.00138480,1.58000000
2018-02-28 05:12:25,0.00138680,1.59000000
2018-02-28 05:12:25,0.00138680,2.15000000
2018-02-28 05:12:27,0.00138660,1.59000000
2018-02-28 05:12:28,0.00138660,1.59000000
2018-02-28 05:12:29,0.00138670,1.59000000
2018-02-28 05:12:30,0.00138520,188.81000000
2018-02-28 05:12:31,0.00138670,2.16000000
2018-02-28 05:12:31,0.00138670,1.59000000
2018-02-28 05:12:34,0.00138650,1.59000000
2018-02-28 05:12:41,0.00138610,97.83000000
2018-02-28 05:12:42,0.00138600,50.87000000
2018-02-28 05:12:42,0.00138640,2.61000000
2018-02-28 05:12:42,0.00138660,145.21000000
2018-02-28 05:12:44,0.00138600,2.32000000
2018-02-28 05:12:45,0.00138600,2.93000000
2018-02-28 05:12:46,0.00138600,3.00000000
2018-02-28 05:12:48,0.00138600,33.25000000
2018-02-28 05:12:56,0.00138620,7.04000000
2018-02-28 05:12:58,0.00138610,2.62000000
2018-02-28 05:13:01,0.00138600,4.26000000
2018-02-28 05:13:01,0.00138610,1.95000000
2018-02-28 05:13:05,0.00138600,5.03000000
2018-02-28 05:13:17,0.00138610,106.39000000
2018-02-28 05:13:18,0.00138600,0.21000000
2018-02-28 05:13:18,0.00138600,310.51000000
2018-02-28 05:13:26,0.00138600,22.90000000
2018-02-28 05:13:30,0.00138600,76.76000000
2018-02-28 05:13:32,0.00138640,3.05000000
2018-02-28 05:13:33,0.00138630,15.60000000
2018-02-28 05:13:38,0.00138640,1.58000000
2018-02-28 05:13:38,0.00138660,1.00000000
2018-02-28 05:13:45,0.00138650,114.96000000
2018-02-28 05:13:49,0.00138650,1.40000000
2018-02-28 05:13:49,0.00138650,1.45000000
2018-02-28 05:13:49,0.00138650,35.62000000
2018-02-28 05:13:49,0.00138660,0.14000000
2018-02-28 05:13:49,0.00138680,32.99000000
2018-02-28 05:13:49,0.00138700,43.86000000
2018-02-28 05:13:54,0.00138800,0.78000000
2018-02-28 05:13:57,0.00138740,24.17000000
2018-02-28 05:13:57,0.00138800,20.66000000
2018-02-28 05:13:57,0.00138850,37.97000000
2018-02-28 05:13:59,0.00138850,0.74000000
2018-02-28 05:13:59,0.00138860,0.89000000
2018-02-28 05:14:03,0.00138860,6.41000000
2018-02-28 05:14:03,0.00138870,2.10000000
2018-02-28 05:14:03,0.00138880,64.15000000
2018-02-28 05:14:04,0.00138880,57.24000000
2018-02-28 05:14:04,0.00138900,122.47000000
2018-02-28 05:14:10,0.00138860,1.00000000
2018-02-28 05:14:10,0.00138870,123.52000000
2018-02-28 05:14:11,0.00138890,1.37000000
2018-02-28 05:14:11,0.00138900,32.95000000
2018-02-28 05:14:17,0.00138900,1.47000000
2018-02-28 05:14:17,0.00138940,0.74000000
2018-02-28 05:14:17,0.00138970,8.45000000
2018-02-28 05:14:17,0.00138990,1.27000000
2018-02-28 05:14:17,0.00139000,116.09000000
2018-02-28 05:14:20,0.00139000,70.00000000
2018-02-28 05:14:24,0.00139000,2.67000000
2018-02-28 05:14:26,0.00139000,22.34000000
2018-02-28 05:14:28,0.00139010,2.89000000
2018-02-28 05:14:28,0.00139060,12.93000000
2018-02-28 05:14:31,0.00139090,95.03000000
2018-02-28 05:14:31,0.00139060,5.00000000
2018-02-28 05:14:32,0.00139060,0.92000000
2018-02-28 05:14:33,0.00139010,66.00000000
2018-02-28 05:14:33,0.00139010,12.23000000
2018-02-28 05:14:34,0.00139060,28.61000000
2018-02-28 05:14:38,0.00139060,7.00000000
2018-02-28 05:14:48,0.00139050,1.34000000
2018-02-28 05:14:48,0.00139060,23.28000000
2018-02-28 05:14:48,0.00139130,4.37000000
2018-02-28 05:14:48,0.00139170,3.62000000
2018-02-28 05:14:48,0.00139200,12.28000000
2018-02-28 05:14:48,0.00139250,10.00000000
2018-02-28 05:14:48,0.00139280,5.00000000
2018-02-28 05:14:48,0.00139330,3.00000000
2018-02-28 05:14:48,0.00139360,1.00000000
2018-02-28 05:14:48,0.00139410,1.11000000
2018-02-28 05:14:48,0.00139420,5.00000000
2018-02-28 05:14:48,0.00139460,197.16000000
2018-02-28 05:14:48,0.00139490,7.84000000
2018-02-28 05:14:49,0.00139060,2.16000000
2018-02-28 05:14:49,0.00139260,236.89000000
2018-02-28 05:14:50,0.00139100,1.34000000
2018-02-28 05:14:57,0.00139150,6.06000000
2018-02-28 05:15:02,0.00139200,20.00000000
2018-02-28 05:15:03,0.00139200,2.16000000
2018-02-28 05:15:03,0.00139210,104.85000000
2018-02-28 05:15:09,0.00139160,19.00000000
2018-02-28 05:15:11,0.00139200,11.65000000
2018-02-28 05:15:11,0.00139210,5.59000000
2018-02-28 05:15:11,0.00139280,42.46000000
2018-02-28 05:15:11,0.00139280,2.12000000
2018-02-28 05:15:11,0.00139280,4.95000000
2018-02-28 05:15:19,0.00139460,52.89000000
2018-02-28 05:15:19,0.00139460,34.67000000
2018-02-28 05:15:19,0.00139460,12.46000000
2018-02-28 05:15:19,0.00139460,5.00000000
2018-02-28 05:15:19,0.00139460,198.28000000
2018-02-28 05:15:19,0.00139310,50.87000000
2018-02-28 05:15:19,0.00139470,12.00000000
2018-02-28 05:15:20,0.00139310,198.28000000
2018-02-28 05:15:28,0.00139210,59.72000000
2018-02-28 05:15:30,0.00139390,1.35000000
2018-02-28 05:15:30,0.00139400,3.00000000
2018-02-28 05:15:30,0.00139440,4.65000000
2018-02-28 05:15:33,0.00139440,6.39000000
2018-02-28 05:15:34,0.00139260,5.00000000
2018-02-28 05:15:34,0.00139440,10.76000000
2018-02-28 05:15:34,0.00139260,32.29000000
2018-02-28 05:15:36,0.00139320,119.26000000
2018-02-28 05:15:37,0.00139220,2.16000000
2018-02-28 05:15:37,0.00139440,0.50000000
2018-02-28 05:15:39,0.00139440,35.85000000
2018-02-28 05:15:41,0.00139440,0.20000000
2018-02-28 05:15:41,0.00139250,7.19000000
2018-02-28 05:15:41,0.00139230,0.03000000
2018-02-28 05:15:42,0.00139230,43.92000000
2018-02-28 05:15:45,0.00139300,5.00000000
2018-02-28 05:15:46,0.00139300,15.55000000
2018-02-28 05:15:46,0.00139410,0.10000000
2018-02-28 05:15:46,0.00139300,0.76000000
2018-02-28 05:15:46,0.00139300,55.93000000
2018-02-28 05:15:46,0.00139300,35.97000000
2018-02-28 05:15:49,0.00139410,0.10000000
2018-02-28 05:15:52,0.00139400,1.35000000
2018-02-28 05:15:52,0.00139410,45.12000000
2018-02-28 05:15:52,0.00139410,62.31000000
2018-02-28 05:15:52,0.00139410,5.00000000
2018-02-28 05:15:52,0.00139410,60.00000000
2018-02-28 05:15:53,0.00139410,19.66000000
2018-02-28 05:15:54,0.00139300,27.64000000
2018-02-28 05:15:55,0.00139350,261.40000000
2018-02-28 05:15:56,0.00139400,5.00000000
2018-02-28 05:15:57,0.00139350,13.83000000
2018-02-28 05:15:59,0.00139350,10.00000000
2018-02-28 05:16:04,0.00139300,1.66000000
2018-02-28 05:16:04,0.00139390,39.30000000
2018-02-28 05:16:04,0.00139300,5.54000000
2018-02-28 05:16:05,0.00139390,4.23000000
2018-02-28 05:16:07,0.00139310,1.00000000
2018-02-28 05:16:08,0.00139310,7.17000000
2018-02-28 05:16:12,0.00139310,60.22000000
2018-02-28 05:16:14,0.00139350,353.83000000
2018-02-28 05:16:14,0.00139310,21.74000000
2018-02-28 05:16:14,0.00139310,55.59000000
2018-02-28 05:16:15,0.00139340,2.16000000
2018-02-28 05:16:15,0.00139350,43.28000000
2018-02-28 05:16:15,0.00139310,99.69000000
2018-02-28 05:16:16,0.00139310,76.13000000
2018-02-28 05:16:17,0.00139300,2.16000000
2018-02-28 05:16:18,0.00139300,36.50000000
2018-02-28 05:16:18,0.00139300,4.19000000
2018-02-28 05:16:18,0.00139310,1.20000000
2018-02-28 05:16:23,0.00139320,1.25000000
2018-02-28 05:16:23,0.00139310,33.61000000
2018-02-28 05:16:23,0.00139300,5.00000000
2018-02-28 05:16:27,0.00139290,18.90000000
2018-02-28 05:16:28,0.00139260,5.59000000
2018-02-28 05:16:29,0.00139290,200.00000000
2018-02-28 05:16:30,0.00139250,2.00000000
2018-02-28 05:16:37,0.00139250,19.62000000
2018-02-28 05:16:40,0.00139250,8.02000000
2018-02-28 05:16:43,0.00139250,2.11000000
2018-02-28 05:16:45,0.00139270,7.19000000
2018-02-28 05:16:45,0.00139280,1.26000000
2018-02-28 05:16:49,0.00139280,2.16000000
2018-02-28 05:16:50,0.00139280,1.24000000
2018-02-28 05:16:55,0.00139280,68.15000000
2018-02-28 05:16:55,0.00139250,177.07000000
2018-02-28 05:16:58,0.00139250,164.67000000
2018-02-28 05:16:58,0.00139250,0.01000000
2018-02-28 05:16:58,0.00139230,3.10000000
2018-02-28 05:16:58,0.00139220,6.69000000
2018-02-28 05:16:58,0.00139220,32.63000000
2018-02-28 05:16:58,0.00139220,7.18000000
2018-02-28 05:16:58,0.00139220,58.56000000
2018-02-28 05:16:58,0.00139210,7.18000000
2018-02-28 05:16:58,0.00139210,15.53000000
2018-02-28 05:16:58,0.00139180,21.55000000
2018-02-28 05:16:58,0.00139160,102.22000000
2018-02-28 05:17:01,0.00139160,3.21000000
2018-02-28 05:17:02,0.00139160,5.62000000
2018-02-28 05:17:03,0.00139160,92.65000000
2018-02-28 05:17:05,0.00139100,91.69000000
2018-02-28 05:17:05,0.00139100,155.84000000
2018-02-28 05:17:05,0.00138870,59.15000000
2018-02-28 05:17:05,0.00138870,91.69000000
2018-02-28 05:17:06,0.00139000,13.88000000
2018-02-28 05:17:11,0.00138870,13.26000000
2018-02-28 05:17:13,0.00138870,0.91000000
2018-02-28 05:17:21,0.00138980,156.02000000
2018-02-28 05:17:21,0.00139100,14.16000000
2018-02-28 05:17:23,0.00139090,3.58000000
2018-02-28 05:17:26,0.00139090,0.01000000
2018-02-28 05:17:26,0.00139110,10.99000000
2018-02-28 05:17:27,0.00139040,1.00000000
2018-02-28 05:17:27,0.00139040,1.00000000
2018-02-28 05:17:27,0.00139040,39.48000000
2018-02-28 05:17:28,0.00139110,48.14000000
2018-02-28 05:17:28,0.00139130,12.00000000
2018-02-28 05:17:28,0.00139140,5.79000000
2018-02-28 05:17:29,0.00139140,1.81000000
2018-02-28 05:17:31,0.00139080,1.12000000
2018-02-28 05:17:32,0.00139140,4.16000000
2018-02-28 05:17:34,0.00139140,1.46000000
2018-02-28 05:17:34,0.00139080,25.86000000
2018-02-28 05:17:41,0.00139040,1.00000000
2018-02-28 05:17:41,0.00139040,5.00000000
2018-02-28 05:17:41,0.00139040,1.17000000
2018-02-28 05:17:51,0.00138980,168.00000000
2018-02-28 05:18:01,0.00138950,13.46000000
2018-02-28 05:18:07,0.00139080,6.83000000
2018-02-28 05:18:08,0.00139000,36.24000000
2018-02-28 05:18:09,0.00139000,14.38000000
2018-02-28 05:18:11,0.00139000,3.58000000
2018-02-28 05:18:12,0.00138970,38.12000000
2018-02-28 05:18:13,0.00139000,0.81000000
2018-02-28 05:18:14,0.00139000,64.01000000
2018-02-28 05:18:16,0.00139000,13.51000000
2018-02-28 05:18:18,0.00138990,26.01000000
2018-02-28 05:18:19,0.00138990,38.85000000
2018-02-28 05:18:21,0.00138990,2.93000000
2018-02-28 05:18:22,0.00138950,14.41000000
2018-02-28 05:18:22,0.00138900,49.33000000
2018-02-28 05:18:22,0.00138880,136.12000000
2018-02-28 05:18:24,0.00138950,14.41000000
2018-02-28 05:18:24,0.00138990,75.84000000
2018-02-28 05:18:25,0.00138870,1.66000000
2018-02-28 05:18:25,0.00138860,854.11000000
2018-02-28 05:18:25,0.00138860,113.02000000
2018-02-28 05:18:25,0.00138870,180.26000000
2018-02-28 05:18:28,0.00138990,41.33000000
2018-02-28 05:18:31,0.00138860,1.05000000
2018-02-28 05:18:31,0.00138980,23.96000000
2018-02-28 05:18:33,0.00138980,0.90000000
2018-02-28 05:18:36,0.00138800,1.09000000
2018-02-28 05:18:36,0.00138800,60.91000000
2018-02-28 05:18:36,0.00138800,282.46000000
2018-02-28 05:18:37,0.00138800,9.02000000
2018-02-28 05:18:37,0.00138800,13.45000000
2018-02-28 05:18:37,0.00138790,3.60000000
2018-02-28 05:18:37,0.00138770,37.69000000
2018-02-28 05:18:37,0.00138800,86.45000000
2018-02-28 05:18:38,0.00138770,13.50000000
2018-02-28 05:18:39,0.00138820,17.00000000
2018-02-28 05:18:41,0.00138870,50.37000000
2018-02-28 05:18:41,0.00138770,5.00000000
2018-02-28 05:18:47,0.00138980,19.19000000
2018-02-28 05:18:47,0.00138980,21.70000000
2018-02-28 05:18:47,0.00138980,408.91000000
2018-02-28 05:18:47,0.00138770,35.70000000
2018-02-28 05:18:47,0.00138710,59.19000000
2018-02-28 05:18:47,0.00138700,33.20000000
2018-02-28 05:18:53,0.00138810,192.51000000
2018-02-28 05:18:55,0.00138910,1.44000000
2018-02-28 05:18:55,0.00138750,7.30000000
2018-02-28 05:18:55,0.00138730,1.47000000
2018-02-28 05:18:56,0.00138730,1.00000000
2018-02-28 05:18:57,0.00138730,39.53000000
2018-02-28 05:18:57,0.00138720,5.86000000
2018-02-28 05:18:59,0.00138880,1.44000000
2018-02-28 05:19:02,0.00138770,1.14000000
2018-02-28 05:19:04,0.00138820,62.62000000
2018-02-28 05:19:14,0.00138870,1.11000000
2018-02-28 05:19:14,0.00138880,4.58000000
2018-02-28 05:19:16,0.00138880,13.24000000
2018-02-28 05:19:17,0.00138820,204.76000000
2018-02-28 05:19:31,0.00138830,23.61000000
2018-02-28 05:19:32,0.00138870,1.05000000
2018-02-28 05:19:32,0.00138880,111.04000000
2018-02-28 05:19:38,0.00138880,6.32000000
2018-02-28 05:19:43,0.00138880,56.56000000
2018-02-28 05:19:43,0.00138880,24.39000000
2018-02-28 05:19:50,0.00138880,192.94000000
2018-02-28 05:19:50,0.00138880,2.43000000
2018-02-28 05:19:50,0.00138830,5.29000000
2018-02-28 05:19:56,0.00138850,217.02000000
2018-02-28 05:20:03,0.00138850,25.00000000
2018-02-28 05:20:06,0.00138850,27.96000000
2018-02-28 05:20:07,0.00138850,1.14000000
2018-02-28 05:20:08,0.00138850,1.14000000
2018-02-28 05:20:15,0.00138850,17.80000000
2018-02-28 05:20:15,0.00138850,23.17000000
2018-02-28 05:20:15,0.00138870,1.05000000
2018-02-28 05:20:15,0.00138880,1.03000000
2018-02-28 05:20:15,0.00138890,7.30000000
2018-02-28 05:20:15,0.00138910,2.88000000
2018-02-28 05:20:15,0.00138970,30.00000000
2018-02-28 05:20:15,0.00138990,21.77000000
2018-02-28 05:20:15,0.00139020,21.55000000
2018-02-28 05:20:15,0.00139070,1.09000000
2018-02-28 05:20:15,0.00139100,5.70000000
2018-02-28 05:20:15,0.00139160,0.80000000
2018-02-28 05:20:15,0.00139210,7.17000000
2018-02-28 05:20:15,0.00139280,36.32000000
2018-02-28 05:20:18,0.00139260,55.90000000
2018-02-28 05:20:18,0.00139280,2.42000000
2018-02-28 05:20:19,0.00139060,1.58000000
2018-02-28 05:20:25,0.00139060,0.30000000
2018-02-28 05:20:30,0.00138880,0.30000000
2018-02-28 05:20:32,0.00138960,229.00000000
2018-02-28 05:20:39,0.00138990,15.00000000
2018-02-28 05:20:48,0.00139000,99.11000000
2018-02-28 05:20:55,0.00139010,1.00000000
2018-02-28 05:20:55,0.00139020,38.42000000
2018-02-28 05:21:00,0.00139020,78.41000000
2018-02-28 05:21:05,0.00138990,0.02000000
2018-02-28 05:21:07,0.00139010,241.25000000
2018-02-28 05:21:07,0.00139030,0.99000000
2018-02-28 05:21:07,0.00139040,10.00000000
2018-02-28 05:21:07,0.00139050,1.02000000
2018-02-28 05:21:07,0.00139060,44.28000000
2018-02-28 05:21:11,0.00139020,0.97000000
2018-02-28 05:21:19,0.00139200,1.73000000
2018-02-28 05:21:21,0.00139100,111.36000000
2018-02-28 05:21:33,0.00139060,31.73000000
2018-02-28 05:21:33,0.00139050,1072.91000000
2018-02-28 05:21:33,0.00139120,253.50000000
2018-02-28 05:21:40,0.00139050,50.00000000
2018-02-28 05:21:44,0.00139190,1.00000000
2018-02-28 05:21:45,0.00139050,51.28000000
2018-02-28 05:21:45,0.00139040,7.19000000
2018-02-28 05:21:45,0.00139020,150.10000000
2018-02-28 05:21:45,0.00139000,351.83000000
2018-02-28 05:21:45,0.00138900,2.79000000
2018-02-28 05:21:47,0.00139140,1.00000000
2018-02-28 05:21:48,0.00139010,123.62000000
2018-02-28 05:21:48,0.00139140,0.30000000
2018-02-28 05:21:51,0.00139140,1.00000000
2018-02-28 05:21:52,0.00138930,0.12000000
2018-02-28 05:21:54,0.00139140,0.50000000
2018-02-28 05:21:54,0.00139170,0.50000000
2018-02-28 05:21:57,0.00139160,1.00000000
2018-02-28 05:21:58,0.00139160,9.00000000
2018-02-28 05:21:58,0.00139170,0.43000000
2018-02-28 05:21:58,0.00139180,7.19000000
2018-02-28 05:21:58,0.00139190,29.24000000
2018-02-28 05:21:59,0.00139180,18.41000000
2018-02-28 05:21:59,0.00139190,40.56000000
2018-02-28 05:22:03,0.00139190,71.43000000
2018-02-28 05:22:05,0.00139190,23.81000000
2018-02-28 05:22:06,0.00139190,1.86000000
2018-02-28 05:22:07,0.00139190,6.53000000
2018-02-28 05:22:07,0.00139190,6.53000000
2018-02-28 05:22:07,0.00139170,3.00000000
2018-02-28 05:22:07,0.00138950,44.21000000
2018-02-28 05:22:07,0.00138940,21.59000000
2018-02-28 05:22:07,0.00138930,23.66000000
2018-02-28 05:22:07,0.00138910,21.59000000
2018-02-28 05:22:07,0.00138900,47.17000000
2018-02-28 05:22:08,0.00139040,265.76000000
2018-02-28 05:22:09,0.00139190,1.00000000
2018-02-28 05:22:12,0.00139180,0.91000000
2018-02-28 05:22:12,0.00139190,0.09000000
2018-02-28 05:22:13,0.00139120,426.96000000
2018-02-28 05:22:15,0.00139190,1.00000000
2018-02-28 05:22:17,0.00139190,1.00000000
2018-02-28 05:22:17,0.00139190,116.00000000
2018-02-28 05:22:24,0.00139190,42.96000000
2018-02-28 05:22:24,0.00139200,72.23000000
2018-02-28 05:22:24,0.00139240,0.64000000
2018-02-28 05:22:25,0.00139200,15.02000000
2018-02-28 05:22:26,0.00139220,135.87000000
2018-02-28 05:22:29,0.00139190,1.65000000
2018-02-28 05:22:36,0.00139190,192.88000000
2018-02-28 05:22:36,0.00138990,7.19000000
2018-02-28 05:22:36,0.00138970,17.86000000
2018-02-28 05:22:36,0.00138940,7.19000000
2018-02-28 05:22:36,0.00138910,55.36000000
2018-02-28 05:22:36,0.00138900,212.10000000
2018-02-28 05:22:36,0.00138900,32.99000000
2018-02-28 05:22:39,0.00139150,1.00000000
2018-02-28 05:22:45,0.00139040,5.99000000
2018-02-28 05:22:48,0.00139150,20.00000000
2018-02-28 05:22:50,0.00139150,1.00000000
2018-02-28 05:22:53,0.00139100,1.00000000
2018-02-28 05:22:53,0.00139150,1.00000000
2018-02-28 05:22:55,0.00139150,186.50000000
2018-02-28 05:22:59,0.00139050,86.91000000
2018-02-28 05:22:59,0.00139150,1.00000000
2018-02-28 05:23:00,0.00138960,5.50000000
2018-02-28 05:23:02,0.00139150,1.00000000
2018-02-28 05:23:03,0.00139150,22.09000000
2018-02-28 05:23:03,0.00139050,147.85000000
2018-02-28 05:23:04,0.00139150,8.34000000
2018-02-28 05:23:04,0.00139160,2.91000000
2018-02-28 05:23:05,0.00139160,1.00000000
2018-02-28 05:23:06,0.00139160,3.28000000
2018-02-28 05:23:06,0.00139170,7.19000000
2018-02-28 05:23:06,0.00139190,0.53000000
2018-02-28 05:23:08,0.00139190,1.00000000
2018-02-28 05:23:16,0.00139190,11.00000000
2018-02-28 05:23:17,0.00139110,1.00000000
2018-02-28 05:23:17,0.00138970,37.00000000
2018-02-28 05:23:19,0.00139070,17.97000000
2018-02-28 05:23:20,0.00139190,1.00000000
2018-02-28 05:23:22,0.00139070,1.00000000
2018-02-28 05:23:24,0.00139070,4.99000000
2018-02-28 05:23:24,0.00139190,27.67000000
2018-02-28 05:23:25,0.00139190,19.77000000
2018-02-28 05:23:27,0.00139210,4.00000000
2018-02-28 05:23:32,0.00139200,0.89000000
2018-02-28 05:23:32,0.00139200,159.22000000
2018-02-28 05:23:33,0.00139190,3.36000000
2018-02-28 05:23:34,0.00139190,0.52000000
2018-02-28 05:23:34,0.00139190,1.00000000
2018-02-28 05:23:43,0.00139190,22.95000000
2018-02-28 05:23:43,0.00139200,0.89000000
2018-02-28 05:23:43,0.00139210,1.06000000
2018-02-28 05:23:44,0.00139120,30.22000000
2018-02-28 05:23:57,0.00139160,172.36000000
2018-02-28 05:24:09,0.00139190,1.00000000
2018-02-28 05:24:14,0.00139120,11.54000000
2018-02-28 05:24:15,0.00139150,1.00000000
2018-02-28 05:24:15,0.00139150,41.47000000
2018-02-28 05:24:18,0.00139190,4.13000000
2018-02-28 05:24:22,0.00139190,94.87000000
2018-02-28 05:24:22,0.00139190,77.55000000
2018-02-28 05:24:24,0.00139150,1.00000000
2018-02-28 05:24:24,0.00139120,47.00000000
2018-02-28 05:24:29,0.00139160,2.20000000
2018-02-28 05:24:37,0.00139160,17.75000000
2018-02-28 05:24:44,0.00139210,4.86000000
2018-02-28 05:24:48,0.00139170,54.73000000
2018-02-28 05:25:06,0.00139170,3.43000000
2018-02-28 05:25:08,0.00139180,196.87000000
2018-02-28 05:25:08,0.00139170,35.56000000
2018-02-28 05:25:08,0.00139160,13.39000000
2018-02-28 05:25:08,0.00139150,9.76000000
2018-02-28 05:25:09,0.00139150,1.17000000
2018-02-28 05:25:11,0.00139210,2.87000000
2018-02-28 05:25:17,0.00139170,5.23000000
2018-02-28 05:25:22,0.00139190,66.98000000
2018-02-28 05:25:26,0.00139180,3.00000000
2018-02-28 05:25:32,0.00139180,56.54000000
2018-02-28 05:25:34,0.00139190,10.03000000
2018-02-28 05:25:35,0.00139200,4.50000000
2018-02-28 05:25:35,0.00139210,5.52000000
2018-02-28 05:25:37,0.00139200,2.15000000
2018-02-28 05:25:40,0.00139210,6.96000000
2018-02-28 05:25:44,0.00139200,2.67000000
2018-02-28 05:25:46,0.00139200,55.75000000
2018-02-28 05:25:47,0.00139210,1.07000000
2018-02-28 05:25:57,0.00139200,36.36000000
2018-02-28 05:26:05,0.00139210,1.00000000
2018-02-28 05:26:08,0.00139210,46.89000000
2018-02-28 05:26:28,0.00139220,15.04000000
2018-02-28 05:26:32,0.00139210,0.84000000
2018-02-28 05:26:33,0.00139220,5.00000000
2018-02-28 05:26:33,0.00139220,15.03000000
2018-02-28 05:26:40,0.00139220,13.96000000
2018-02-28 05:26:50,0.00139230,233.35000000
2018-02-28 05:26:56,0.00139250,22.47000000
2018-02-28 05:26:56,0.00139270,20.95000000
2018-02-28 05:26:56,0.00139280,121.88000000
2018-02-28 05:26:58,0.00139280,22.37000000
2018-02-28 05:27:01,0.00139250,1.00000000
2018-02-28 05:27:03,0.00139250,3.00000000
2018-02-28 05:27:03,0.00139260,103.47000000
2018-02-28 05:27:03,0.00139280,1.10000000
2018-02-28 05:27:06,0.00139280,1.21000000
2018-02-28 05:27:09,0.00139280,24.29000000
2018-02-28 05:27:14,0.00139280,23.62000000
2018-02-28 05:27:16,0.00139290,245.61000000
2018-02-28 05:27:21,0.00139300,48.51000000
2018-02-28 05:27:21,0.00139300,1.32000000
2018-02-28 05:27:23,0.00139300,11.22000000
2018-02-28 05:27:25,0.00139300,46.65000000
2018-02-28 05:27:31,0.00139310,1.33000000
2018-02-28 05:27:32,0.00139300,28.86000000
2018-02-28 05:27:33,0.00139310,3.14000000
2018-02-28 05:27:33,0.00139310,16.53000000
2018-02-28 05:27:34,0.00139300,35.92000000
2018-02-28 05:27:36,0.00139310,67.08000000
2018-02-28 05:27:37,0.00139310,2.15000000
2018-02-28 05:27:38,0.00139330,22.02000000
2018-02-28 05:27:39,0.00139310,14.14000000
2018-02-28 05:27:43,0.00139320,1.83000000
2018-02-28 05:27:43,0.00139310,167.64000000
2018-02-28 05:27:43,0.00139300,435.45000000
2018-02-28 05:27:43,0.00139290,182.96000000
2018-02-28 05:27:43,0.00139280,130.30000000
2018-02-28 05:27:46,0.00139300,30.32000000
2018-02-28 05:27:46,0.00139270,257.86000000
2018-02-28 05:27:47,0.00139300,36.98000000
2018-02-28 05:27:55,0.00139320,35.46000000
2018-02-28 05:28:04,0.00139320,10.31000000
2018-02-28 05:28:10,0.00139320,14.56000000
2018-02-28 05:28:17,0.00139320,7.00000000
2018-02-28 05:28:19,0.00139320,1.00000000
2018-02-28 05:28:19,0.00139320,10.00000000
2018-02-28 05:28:19,0.00139320,45.55000000
2018-02-28 05:28:23,0.00139320,1.38000000
2018-02-28 05:28:30,0.00139320,0.87000000
2018-02-28 05:28:37,0.00139320,105.97000000
2018-02-28 05:28:38,0.00139320,23.56000000
2018-02-28 05:28:38,0.00139330,141.56000000
2018-02-28 05:28:40,0.00139320,10.07000000
2018-02-28 05:28:45,0.00139320,8.90000000
2018-02-28 05:28:45,0.00139310,19.21000000
2018-02-28 05:28:45,0.00139300,120.11000000
2018-02-28 05:28:45,0.00139300,129.78000000
2018-02-28 05:28:46,0.00139330,23.89000000
2018-02-28 05:28:51,0.00139320,15.72000000
2018-02-28 05:28:55,0.00139320,0.41000000
2018-02-28 05:28:58,0.00139320,2.15000000
2018-02-28 05:28:58,0.00139330,152.21000000
2018-02-28 05:29:00,0.00139340,2.14000000
2018-02-28 05:29:01,0.00139340,0.01000000
2018-02-28 05:29:01,0.00139350,17.33000000
2018-02-28 05:29:03,0.00139320,19.95000000
2018-02-28 05:29:06,0.00139320,75.31000000
2018-02-28 05:29:06,0.00139350,33.96000000
2018-02-28 05:29:06,0.00139390,236.09000000
2018-02-28 05:29:07,0.00139390,93.55000000
2018-02-28 05:29:09,0.00139350,22.32000000
2018-02-28 05:29:27,0.00139400,4.00000000
2018-02-28 05:29:27,0.00139470,2.56000000
2018-02-28 05:29:27,0.00139490,0.98000000
2018-02-28 05:29:27,0.00139500,1.46000000
2018-02-28 05:29:29,0.00139420,164.46000000
2018-02-28 05:29:41,0.00139420,21.49000000
2018-02-28 05:29:44,0.00139500,2.00000000
2018-02-28 05:29:47,0.00139450,34.58000000
2018-02-28 05:29:50,0.00139500,3.54000000
2018-02-28 05:29:50,0.00139530,8.08000000
2018-02-28 05:29:50,0.00139600,3.00000000
2018-02-28 05:29:50,0.00139610,1.01000000
2018-02-28 05:29:50,0.00139760,2.18000000
2018-02-28 05:29:50,0.00139770,2.99000000
2018-02-28 05:29:50,0.00139780,25.61000000
2018-02-28 05:29:54,0.00139490,21.50000000
2018-02-28 05:29:54,0.00139480,5.36000000
2018-02-28 05:29:54,0.00139460,1.14000000
2018-02-28 05:29:59,0.00139630,176.72000000
2018-02-28 05:30:01,0.00139760,42.36000000
2018-02-28 05:30:01,0.00139770,0.64000000
2018-02-28 05:30:02,0.00139760,10.00000000
2018-02-28 05:30:03,0.00139760,7.12000000
2018-02-28 05:30:03,0.00139770,19.26000000
2018-02-28 05:30:03,0.00139780,76.94000000
2018-02-28 05:30:03,0.00139780,5.72000000
2018-02-28 05:30:03,0.00139780,57.94000000
2018-02-28 05:30:05,0.00139790,5.57000000
2018-02-28 05:30:06,0.00139780,4.20000000
2018-02-28 05:30:07,0.00139790,30.24000000
2018-02-28 05:30:07,0.00139800,410.73000000
2018-02-28 05:30:07,0.00139800,181.66000000
2018-02-28 05:30:07,0.00139810,15.54000000
2018-02-28 05:30:08,0.00139780,14.08000000
2018-02-28 05:30:11,0.00139860,5.06000000
2018-02-28 05:30:11,0.00139870,224.40000000
2018-02-28 05:30:11,0.00139870,1.54000000
2018-02-28 05:30:12,0.00139870,3.61000000
2018-02-28 05:30:12,0.00139880,1.45000000
2018-02-28 05:30:12,0.00139900,81.95000000
2018-02-28 05:30:13,0.00139870,5.00000000
2018-02-28 05:30:15,0.00139870,5.00000000
2018-02-28 05:30:16,0.00139880,1.19000000
2018-02-28 05:30:16,0.00139880,1.00000000
2018-02-28 05:30:16,0.00139880,44.64000000
2018-02-28 05:30:16,0.00139870,1.00000000
2018-02-28 05:30:17,0.00139870,3.60000000
2018-02-28 05:30:17,0.00139870,5.99000000
2018-02-28 05:30:18,0.00139870,5.00000000
2018-02-28 05:30:18,0.00139870,43.02000000
2018-02-28 05:30:18,0.00139870,231.96000000
2018-02-28 05:30:20,0.00139880,2.19000000
2018-02-28 05:30:21,0.00139880,2.34000000
2018-02-28 05:30:21,0.00139900,27.71000000
2018-02-28 05:30:22,0.00139880,5.47000000
2018-02-28 05:30:22,0.00139870,20.93000000
2018-02-28 05:30:23,0.00139870,359.49000000
2018-02-28 05:30:24,0.00139890,69.02000000
2018-02-28 05:30:24,0.00139900,34.77000000
2018-02-28 05:30:26,0.00139870,0.95000000
2018-02-28 05:30:26,0.00139900,186.77000000
2018-02-28 05:30:27,0.00139830,188.97000000
2018-02-28 05:30:28,0.00139780,18.19000000
2018-02-28 05:30:28,0.00139900,3.50000000
2018-02-28 05:30:28,0.00139910,30.13000000
2018-02-28 05:30:28,0.00139780,0.79000000
2018-02-28 05:30:30,0.00139900,5.00000000
2018-02-28 05:30:30,0.00139900,186.22000000
2018-02-28 05:30:30,0.00139780,49.21000000
2018-02-28 05:30:30,0.00139590,3.22000000
2018-02-28 05:30:30,0.00139560,7.19000000
2018-02-28 05:30:30,0.00139490,23.87000000
2018-02-28 05:30:32,0.00139490,4.14000000
2018-02-28 05:30:33,0.00139490,1.45000000
2018-02-28 05:30:35,0.00139490,0.87000000
2018-02-28 05:30:35,0.00139490,5.66000000
2018-02-28 05:30:37,0.00139490,4.28000000
2018-02-28 05:30:38,0.00139490,13.89000000
2018-02-28 05:30:38,0.00139490,1.81000000
2018-02-28 05:30:38,0.00139740,23.87000000
2018-02-28 05:30:38,0.00139500,2.00000000
2018-02-28 05:30:39,0.00139750,7.19000000
2018-02-28 05:30:43,0.00139910,96.43000000
2018-02-28 05:30:44,0.00139740,6.29000000
2018-02-28 05:30:44,0.00139710,2.05000000
2018-02-28 05:30:44,0.00139630,20.57000000
2018-02-28 05:30:47,0.00139750,59.08000000
2018-02-28 05:30:48,0.00139740,20.57000000
2018-02-28 05:30:48,0.00139750,59.08000000
2018-02-28 05:30:48,0.00139910,4.04000000
2018-02-28 05:30:53,0.00139910,426.22000000
2018-02-28 05:30:53,0.00139950,1153.38000000
2018-02-28 05:31:01,0.00139950,1.00000000
2018-02-28 05:31:02,0.00139960,1.00000000
2018-02-28 05:31:04,0.00139960,1.75000000
2018-02-28 05:31:06,0.00139970,9.72000000
2018-02-28 05:31:06,0.00139980,28.65000000
2018-02-28 05:31:06,0.00139990,146.79000000
2018-02-28 05:31:07,0.00139990,8.26000000
2018-02-28 05:31:07,0.00140000,486.81000000
2018-02-28 05:31:08,0.00140010,9.49000000
2018-02-28 05:31:08,0.00140030,10.32000000
2018-02-28 05:31:08,0.00140110,3.27000000
2018-02-28 05:31:08,0.00140050,131.98000000
2018-02-28 05:31:09,0.00140010,22.07000000
2018-02-28 05:31:09,0.00140000,7.24000000
2018-02-28 05:31:10,0.00140120,44.63000000
2018-02-28 05:31:10,0.00140150,2.00000000
2018-02-28 05:31:10,0.00140190,0.79000000
2018-02-28 05:31:10,0.00140200,43.70000000
2018-02-28 05:31:14,0.00140190,0.79000000
2018-02-28 05:31:14,0.00140200,2.43000000
2018-02-28 05:31:19,0.00140190,1.46000000
2018-02-28 05:31:20,0.00140190,10.48000000
2018-02-28 05:31:22,0.00140200,30.14000000
2018-02-28 05:31:22,0.00140190,0.83000000
2018-02-28 05:31:22,0.00140200,18.12000000
2018-02-28 05:31:22,0.00140190,1.00000000
2018-02-28 05:31:23,0.00140200,31.49000000
2018-02-28 05:31:24,0.00140190,14.94000000
2018-02-28 05:31:24,0.00140020,34.04000000
2018-02-28 05:31:24,0.00140020,1.00000000
2018-02-28 05:31:26,0.00140190,0.73000000
2018-02-28 05:31:27,0.00140190,1.00000000
2018-02-28 05:31:30,0.00140200,4.87000000
2018-02-28 05:31:30,0.00140190,1.00000000
2018-02-28 05:31:30,0.00140200,70.60000000
2018-02-28 05:31:31,0.00140200,1.00000000
2018-02-28 05:31:33,0.00140250,12.95000000
2018-02-28 05:31:33,0.00140200,3.00000000
2018-02-28 05:31:35,0.00140260,4.34000000
2018-02-28 05:31:35,0.00140270,45.01000000
2018-02-28 05:31:35,0.00140280,9.43000000
2018-02-28 05:31:35,0.00140290,3.22000000
2018-02-28 05:31:35,0.00140350,209.09000000
2018-02-28 05:31:37,0.00140350,67.50000000
2018-02-28 05:31:37,0.00140350,44.00000000
2018-02-28 05:31:39,0.00140350,7.78000000
2018-02-28 05:31:39,0.00140350,2.12000000
2018-02-28 05:31:39,0.00140350,16.88000000
2018-02-28 05:31:40,0.00140350,279.08000000
2018-02-28 05:31:40,0.00140350,107.44000000
2018-02-28 05:31:40,0.00140400,3.00000000
2018-02-28 05:31:40,0.00140430,2.63000000
2018-02-28 05:31:40,0.00140500,8.86000000
2018-02-28 05:31:40,0.00140530,12.46000000
2018-02-28 05:31:40,0.00140590,14.89000000
2018-02-28 05:31:40,0.00140400,1.00000000
2018-02-28 05:31:41,0.00140490,138.81000000
2018-02-28 05:31:41,0.00140590,4.22000000
2018-02-28 05:31:43,0.00140590,64.27000000
2018-02-28 05:31:43,0.00140590,1.00000000
2018-02-28 05:31:44,0.00140630,0.80000000
2018-02-28 05:31:44,0.00140650,2.20000000
2018-02-28 05:31:44,0.00140590,21.01000000
2018-02-28 05:31:45,0.00140590,1.13000000
2018-02-28 05:31:46,0.00140590,1.13000000
2018-02-28 05:31:46,0.00140590,2.00000000
2018-02-28 05:31:47,0.00140590,77.45000000
2018-02-28 05:31:47,0.00140650,13.38000000
2018-02-28 05:31:47,0.00140680,1.09000000
2018-02-28 05:31:47,0.00140690,1565.40000000
2018-02-28 05:31:47,0.00140770,11.03000000
2018-02-28 05:31:49,0.00140460,3.00000000
2018-02-28 05:31:51,0.00140590,71.45000000
2018-02-28 05:31:51,0.00140590,50.47000000
2018-02-28 05:31:51,0.00140590,12.10000000
2018-02-28 05:31:52,0.00140640,35.01000000
2018-02-28 05:31:52,0.00140700,3.00000000
2018-02-28 05:31:52,0.00140790,56.09000000
2018-02-28 05:31:52,0.00140800,10.56000000
2018-02-28 05:31:52,0.00140800,84.61000000
2018-02-28 05:31:53,0.00140800,70.45000000
2018-02-28 05:31:53,0.00140800,8.75000000
2018-02-28 05:31:53,0.00140800,239.39000000
2018-02-28 05:31:53,0.00140800,96.80000000
2018-02-28 05:31:53,0.00140670,50.00000000
2018-02-28 05:31:53,0.00140800,59.05000000
2018-02-28 05:31:53,0.00140670,7.39000000
2018-02-28 05:31:57,0.00140670,9.05000000
2018-02-28 05:31:58,0.00140530,7.19000000
2018-02-28 05:31:58,0.00140500,3.56000000
2018-02-28 05:31:59,0.00140550,0.87000000
2018-02-28 05:31:59,0.00140550,1.56000000
2018-02-28 05:32:02,0.00140550,1.56000000
2018-02-28 05:32:02,0.00140670,2.84000000
2018-02-28 05:32:02,0.00140550,3.20000000
2018-02-28 05:32:02,0.00140500,82.65000000
2018-02-28 05:32:03,0.00140500,2.24000000
2018-02-28 05:32:04,0.00140500,21.08000000
2018-02-28 05:32:05,0.00140500,5.22000000
2018-02-28 05:32:05,0.00140460,2.36000000
2018-02-28 05:32:05,0.00140500,10.04000000
2018-02-28 05:32:06,0.00140500,3.86000000
2018-02-28 05:32:06,0.00140360,5.00000000
2018-02-28 05:32:06,0.00140350,67.00000000
2018-02-28 05:32:06,0.00140350,17.54000000
2018-02-28 05:32:07,0.00140460,51.52000000
2018-02-28 05:32:07,0.00140500,29.26000000
2018-02-28 05:32:08,0.00140370,3.56000000
2018-02-28 05:32:08,0.00140330,142.08000000
2018-02-28 05:32:09,0.00140440,3.58000000
2018-02-28 05:32:09,0.00140440,0.86000000
2018-02-28 05:32:09,0.00140440,2.52000000
2018-02-28 05:32:09,0.00140440,9.41000000
2018-02-28 05:32:10,0.00140450,7.49000000
2018-02-28 05:32:10,0.00140500,66.69000000
2018-02-28 05:32:10,0.00140500,1.13000000
2018-02-28 05:32:11,0.00140500,37.92000000
2018-02-28 05:32:11,0.00140440,6.88000000
2018-02-28 05:32:11,0.00140440,1.95000000
2018-02-28 05:32:11,0.00140440,2.90000000
2018-02-28 05:32:12,0.00140500,2.24000000
2018-02-28 05:32:12,0.00140500,2.35000000
2018-02-28 05:32:12,0.00140510,22.92000000
2018-02-28 05:32:14,0.00140440,55.82000000
2018-02-28 05:32:15,0.00140440,1.00000000
2018-02-28 05:32:17,0.00140440,0.25000000
2018-02-28 05:32:17,0.00140330,3.56000000
2018-02-28 05:32:17,0.00140260,21.38000000
2018-02-28 05:32:17,0.00140250,1.00000000
2018-02-28 05:32:18,0.00140250,1.84000000
2018-02-28 05:32:18,0.00140250,32.40000000
2018-02-28 05:32:18,0.00140240,7.29000000
2018-02-28 05:32:18,0.00140240,7.29000000
2018-02-28 05:32:19,0.00140240,17.82000000
2018-02-28 05:32:19,0.00140250,401.70000000
2018-02-28 05:32:19,0.00140250,391.39000000
2018-02-28 05:32:20,0.00140230,3.04000000
2018-02-28 05:32:21,0.00140240,1.08000000
2018-02-28 05:32:21,0.00140240,70.19000000
2018-02-28 05:32:21,0.00140230,26.05000000
2018-02-28 05:32:21,0.00140220,17.96000000
2018-02-28 05:32:23,0.00140210,7.00000000
2018-02-28 05:32:24,0.00140210,64.27000000
2018-02-28 05:32:24,0.00140220,1.65000000
2018-02-28 05:32:25,0.00140200,7.03000000
2018-02-28 05:32:25,0.00140240,1.58000000
2018-02-28 05:32:25,0.00140200,3.60000000
2018-02-28 05:32:25,0.00140200,261.32000000
2018-02-28 05:32:25,0.00140200,3.24000000
2018-02-28 05:32:26,0.00140200,45.55000000
2018-02-28 05:32:26,0.00140200,185.45000000
2018-02-28 05:32:27,0.00140220,1.81000000
2018-02-28 05:32:27,0.00140220,38.90000000
2018-02-28 05:32:27,0.00140210,55.23000000
2018-02-28 05:32:27,0.00140200,346.84000000
2018-02-28 05:32:27,0.00140200,10.84000000
2018-02-28 05:32:27,0.00140200,122.26000000
2018-02-28 05:32:27,0.00140190,36.58000000
2018-02-28 05:32:27,0.00140280,73.27000000
2018-02-28 05:32:29,0.00140380,23.01000000
2018-02-28 05:32:29,0.00140390,7.19000000
2018-02-28 05:32:29,0.00140430,7.19000000
2018-02-28 05:32:29,0.00140490,21.38000000
2018-02-28 05:32:29,0.00140500,11.23000000
2018-02-28 05:32:30,0.00140230,2.18000000
2018-02-28 05:32:30,0.00140230,2.94000000
2018-02-28 05:32:32,0.00140220,6.76000000
2018-02-28 05:32:32,0.00140210,21.39000000
2018-02-28 05:32:32,0.00140200,13.25000000
2018-02-28 05:32:33,0.00140200,227.50000000
2018-02-28 05:32:34,0.00140350,5.12000000
2018-02-28 05:32:34,0.00140360,1.99000000
2018-02-28 05:32:34,0.00140200,2.53000000
2018-02-28 05:32:34,0.00140200,2.53000000
2018-02-28 05:32:35,0.00140200,1.81000000
2018-02-28 05:32:37,0.00140200,3.63000000
2018-02-28 05:32:37,0.00140200,1.81000000
2018-02-28 05:32:38,0.00140200,1.44000000
2018-02-28 05:32:38,0.00140200,9.36000000
2018-02-28 05:32:39,0.00140210,0.79000000
2018-02-28 05:32:39,0.00140200,185.82000000
2018-02-28 05:32:39,0.00140200,31.00000000
2018-02-28 05:32:41,0.00140230,0.99000000
2018-02-28 05:32:42,0.00140200,217.09000000
2018-02-28 05:32:44,0.00140200,9.08000000
2018-02-28 05:32:45,0.00140230,36.62000000
2018-02-28 05:32:45,0.00140230,13.07000000
2018-02-28 05:32:46,0.00140200,50.79000000
2018-02-28 05:32:46,0.00140200,52.90000000
2018-02-28 05:32:49,0.00140200,10.73000000
2018-02-28 05:32:49,0.00140210,5.32000000
2018-02-28 05:32:52,0.00140220,1.84000000
2018-02-28 05:32:53,0.00140210,7.13000000
2018-02-28 05:32:53,0.00140200,132.59000000
2018-02-28 05:32:54,0.00140200,138.57000000
2018-02-28 05:33:01,0.00140190,173.82000000
2018-02-28 05:33:01,0.00140200,72.27000000
2018-02-28 05:33:01,0.00140220,10.16000000
2018-02-28 05:33:01,0.00140350,58.41000000
2018-02-28 05:33:01,0.00140360,87.11000000
2018-02-28 05:33:01,0.00140380,158.82000000
2018-02-28 05:33:03,0.00140420,80.10000000
2018-02-28 05:33:03,0.00140380,1.60000000
2018-02-28 05:33:07,0.00140500,1.00000000
2018-02-28 05:33:17,0.00140520,7.73000000
2018-02-28 05:33:19,0.00140550,6.15000000
2018-02-28 05:33:21,0.00140560,9.47000000
2018-02-28 05:33:27,0.00140590,1.00000000
2018-02-28 05:33:30,0.00140570,58.46000000
2018-02-28 05:33:30,0.00140550,199.49000000
2018-02-28 05:33:30,0.00140500,101.74000000
2018-02-28 05:33:30,0.00140590,4.09000000
2018-02-28 05:33:32,0.00140590,1.00000000
2018-02-28 05:33:32,0.00140580,113.82000000
2018-02-28 05:33:35,0.00140550,29.02000000
2018-02-28 05:33:35,0.00140670,70.09000000
2018-02-28 05:33:35,0.00140680,21.39000000
2018-02-28 05:33:35,0.00140770,2.00000000
2018-02-28 05:33:35,0.00140780,4.14000000
2018-02-28 05:33:35,0.00140850,2.00000000
2018-02-28 05:33:35,0.00140860,5.66000000
2018-02-28 05:33:35,0.00140870,40.70000000
2018-02-28 05:33:37,0.00140690,86.92000000
2018-02-28 05:33:41,0.00140870,11.59000000
2018-02-28 05:33:49,0.00140650,3.56000000
2018-02-28 05:33:49,0.00140850,31.35000000
2018-02-28 05:33:50,0.00140770,14.41000000
2018-02-28 05:33:51,0.00140700,15.70000000
2018-02-28 05:34:00,0.00140850,24.53000000
2018-02-28 05:34:02,0.00140850,2.87000000
2018-02-28 05:34:07,0.00140860,5.00000000
2018-02-28 05:34:07,0.00140870,9.53000000
2018-02-28 05:34:07,0.00140850,0.01000000
2018-02-28 05:34:10,0.00140770,93.60000000
2018-02-28 05:34:11,0.00140700,282.91000000
2018-02-28 05:34:11,0.00140700,0.78000000
2018-02-28 05:34:15,0.00140610,1.60000000
2018-02-28 05:34:15,0.00140610,2.84000000
2018-02-28 05:34:16,0.00140700,160.00000000
2018-02-28 05:34:16,0.00140700,19.43000000
2018-02-28 05:34:17,0.00140700,1.97000000
2018-02-28 05:34:17,0.00140610,2.75000000
2018-02-28 05:34:18,0.00140700,6.48000000
2018-02-28 05:34:19,0.00140610,5.00000000
2018-02-28 05:34:20,0.00140700,1.00000000
2018-02-28 05:34:22,0.00140650,21.23000000
2018-02-28 05:34:22,0.00140700,136.08000000
2018-02-28 05:34:23,0.00140610,12.68000000
2018-02-28 05:34:28,0.00140610,46.39000000
2018-02-28 05:34:29,0.00140580,1.44000000
2018-02-28 05:34:31,0.00140610,5.57000000
2018-02-28 05:34:31,0.00140580,84.54000000
2018-02-28 05:34:32,0.00140560,16.08000000
2018-02-28 05:34:33,0.00140620,100.43000000
2018-02-28 05:34:33,0.00140560,1.72000000
2018-02-28 05:34:34,0.00140560,3.05000000
2018-02-28 05:34:36,0.00140550,3.45000000
2018-02-28 05:34:36,0.00140410,10.89000000
2018-02-28 05:34:36,0.00140560,3.29000000
2018-02-28 05:34:40,0.00140610,10.81000000
2018-02-28 05:34:40,0.00140420,58.31000000
2018-02-28 05:34:41,0.00140410,11.65000000
2018-02-28 05:34:42,0.00140430,1.13000000
2018-02-28 05:34:43,0.00140430,1.13000000
2018-02-28 05:34:43,0.00140400,7.06000000
2018-02-28 05:34:44,0.00140390,23.51000000
2018-02-28 05:34:45,0.00140390,6.91000000
2018-02-28 05:34:46,0.00140390,6.91000000
2018-02-28 05:34:47,0.00140390,1.19000000
2018-02-28 05:34:47,0.00140390,6.91000000
2018-02-28 05:34:47,0.00140380,69.57000000
2018-02-28 05:34:47,0.00140300,0.43000000
2018-02-28 05:34:48,0.00140300,110.74000000
2018-02-28 05:34:48,0.00140300,6.79000000
2018-02-28 05:34:49,0.00140300,3.56000000
2018-02-28 05:34:49,0.00140300,59.65000000
2018-02-28 05:34:49,0.00140380,26.15000000
2018-02-28 05:34:50,0.00140330,28.06000000
2018-02-28 05:34:51,0.00140290,0.74000000
2018-02-28 05:34:51,0.00140290,2.24000000
2018-02-28 05:34:52,0.00140290,1.19000000
2018-02-28 05:34:52,0.00140290,3.45000000
2018-02-28 05:34:53,0.00140290,1.19000000
2018-02-28 05:34:54,0.00140290,3.39000000
2018-02-28 05:34:54,0.00140290,11.75000000
2018-02-28 05:35:03,0.00140290,1.13000000
2018-02-28 05:35:03,0.00140200,7.52000000
2018-02-28 05:35:06,0.00140290,1.00000000
2018-02-28 05:35:07,0.00140290,1.13000000
2018-02-28 05:35:09,0.00140290,2.18000000
2018-02-28 05:35:09,0.00140290,0.88000000
2018-02-28 05:35:12,0.00140290,11.80000000
2018-02-28 05:35:12,0.00140330,13.02000000
2018-02-28 05:35:12,0.00140220,107.25000000
2018-02-28 05:35:13,0.00140160,3.00000000
2018-02-28 05:35:15,0.00140160,1.77000000
2018-02-28 05:35:18,0.00140290,5.20000000
2018-02-28 05:35:22,0.00140290,19.07000000
2018-02-28 05:35:25,0.00140140,0.71000000
2018-02-28 05:35:25,0.00140290,8.78000000
2018-02-28 05:35:26,0.00140140,1.27000000
2018-02-28 05:35:28,0.00140290,1.13000000
2018-02-28 05:35:31,0.00140140,1.78000000
2018-02-28 05:35:32,0.00140140,6.22000000
2018-02-28 05:35:32,0.00140210,34.89000000
2018-02-28 05:35:32,0.00140140,1.58000000
2018-02-28 05:35:32,0.00140110,2.14000000
2018-02-28 05:35:32,0.00140020,99.70000000
2018-02-28 05:35:32,0.00140010,28.62000000
2018-02-28 05:35:32,0.00140000,237.09000000
2018-02-28 05:35:34,0.00140000,781.98000000
2018-02-28 05:35:34,0.00140020,7.19000000
2018-02-28 05:35:34,0.00140000,279.38000000
2018-02-28 05:35:34,0.00140000,429.70000000
2018-02-28 05:35:34,0.00139960,5.00000000
2018-02-28 05:35:40,0.00140010,30.36000000
2018-02-28 05:35:45,0.00140020,11.42000000
2018-02-28 05:35:45,0.00140010,164.70000000
2018-02-28 05:35:45,0.00140010,1.00000000
2018-02-28 05:35:45,0.00140010,56.17000000
2018-02-28 05:35:45,0.00140000,58.31000000
2018-02-28 05:35:46,0.00140010,1.39000000
2018-02-28 05:35:50,0.00140000,20.51000000
2018-02-28 05:35:50,0.00140000,2.00000000
2018-02-28 05:35:51,0.00140000,123.41000000
2018-02-28 05:35:56,0.00139960,21.41000000
2018-02-28 05:35:56,0.00139950,92.29000000
2018-02-28 05:36:00,0.00139960,18.13000000
2018-02-28 05:36:01,0.00139960,5.20000000
2018-02-28 05:36:03,0.00139980,326.23000000
2018-02-28 05:36:03,0.00139960,20.68000000
2018-02-28 05:36:03,0.00139950,16.69000000
2018-02-28 05:36:03,0.00139950,19.01000000
2018-02-28 05:36:03,0.00139920,2.43000000
2018-02-28 05:36:03,0.00139900,12.35000000
2018-02-28 05:36:06,0.00139900,10.00000000
2018-02-28 05:36:06,0.00139900,9.65000000
2018-02-28 05:36:07,0.00139900,6.99000000
2018-02-28 05:36:08,0.00139900,19.01000000
2018-02-28 05:36:09,0.00139850,41.72000000
2018-02-28 05:36:10,0.00139900,6.34000000
2018-02-28 05:36:10,0.00139900,3.58000000
2018-02-28 05:36:12,0.00139900,28.96000000
2018-02-28 05:36:13,0.00139810,2.46000000
2018-02-28 05:36:14,0.00139900,14.86000000
2018-02-28 05:36:15,0.00139810,2.32000000
2018-02-28 05:36:15,0.00139800,0.79000000
2018-02-28 05:36:15,0.00139770,0.99000000
2018-02-28 05:36:18,0.00139810,2.14000000
2018-02-28 05:36:22,0.00139810,38.62000000
2018-02-28 05:36:23,0.00139770,5.44000000
2018-02-28 05:36:23,0.00139730,1.12000000
2018-02-28 05:36:23,0.00139710,107.37000000
2018-02-28 05:36:23,0.00139610,62.38000000
2018-02-28 05:36:23,0.00139600,3.58000000
2018-02-28 05:36:23,0.00139590,6.82000000
2018-02-28 05:36:23,0.00139560,7.00000000
2018-02-28 05:36:23,0.00139520,24.03000000
2018-02-28 05:36:23,0.00139810,0.12000000
2018-02-28 05:36:24,0.00139670,120.91000000
2018-02-28 05:36:25,0.00139550,5.73000000
2018-02-28 05:36:25,0.00139540,7.15000000
2018-02-28 05:36:25,0.00139540,7.15000000
2018-02-28 05:36:25,0.00139540,5.85000000
2018-02-28 05:36:28,0.00139800,63.15000000
2018-02-28 05:36:30,0.00139600,94.91000000
2018-02-28 05:36:30,0.00139570,9.31000000
2018-02-28 05:36:30,0.00139550,2.10000000
2018-02-28 05:36:30,0.00139540,3.58000000
2018-02-28 05:36:30,0.00139520,90.10000000
2018-02-28 05:36:33,0.00139610,3.58000000
2018-02-28 05:36:33,0.00139550,5.73000000
2018-02-28 05:36:33,0.00139530,32.67000000
2018-02-28 05:36:33,0.00139520,27.53000000
2018-02-28 05:36:37,0.00139560,3.36000000
2018-02-28 05:36:37,0.00139540,2.93000000
2018-02-28 05:36:37,0.00139520,592.84000000
2018-02-28 05:36:37,0.00139500,318.59000000
2018-02-28 05:36:37,0.00139500,9.90000000
2018-02-28 05:36:37,0.00139500,7.15000000
2018-02-28 05:36:37,0.00139500,9.91000000
2018-02-28 05:36:37,0.00139500,7.15000000
2018-02-28 05:36:38,0.00139500,7.15000000
2018-02-28 05:36:38,0.00139500,7.14000000
2018-02-28 05:36:38,0.00139500,9.90000000
2018-02-28 05:36:38,0.00139500,2.20000000
2018-02-28 05:36:38,0.00139500,10.88000000
2018-02-28 05:36:38,0.00139500,7.15000000
2018-02-28 05:36:38,0.00139500,1.02000000
2018-02-28 05:36:38,0.00139500,7.08000000
2018-02-28 05:36:38,0.00139500,34.27000000
2018-02-28 05:36:38,0.00139500,22.17000000
2018-02-28 05:36:38,0.00139500,1.13000000
2018-02-28 05:36:38,0.00139490,3.42000000
2018-02-28 05:36:38,0.00139490,1.02000000
2018-02-28 05:36:39,0.00139490,28.23000000
2018-02-28 05:36:39,0.00139500,6.82000000
2018-02-28 05:36:39,0.00139500,9.91000000
2018-02-28 05:36:39,0.00139500,1.13000000
2018-02-28 05:36:41,0.00139490,12.58000000
2018-02-28 05:36:44,0.00139480,2.74000000
2018-02-28 05:36:44,0.00139480,0.49000000
2018-02-28 05:36:46,0.00139480,4.51000000
2018-02-28 05:36:47,0.00139480,5.39000000
2018-02-28 05:36:47,0.00139490,65.54000000
2018-02-28 05:36:48,0.00139490,158.47000000
2018-02-28 05:36:50,0.00139480,2.14000000
2018-02-28 05:36:51,0.00139430,1.43000000
2018-02-28 05:36:51,0.00139400,127.58000000
2018-02-28 05:36:51,0.00139430,5.01000000
2018-02-28 05:36:55,0.00139430,3.47000000
2018-02-28 05:36:55,0.00139480,23.31000000
2018-02-28 05:36:57,0.00139380,13.83000000
2018-02-28 05:36:57,0.00139370,2.14000000
2018-02-28 05:36:57,0.00139350,78.09000000
2018-02-28 05:37:02,0.00139350,11.69000000
2018-02-28 05:37:02,0.00139340,3.16000000
2018-02-28 05:37:03,0.00139400,55.22000000
2018-02-28 05:37:05,0.00139480,7.15000000
2018-02-28 05:37:05,0.00139480,39.80000000
2018-02-28 05:37:06,0.00139480,9.24000000
2018-02-28 05:37:06,0.00139520,14.74000000
2018-02-28 05:37:06,0.00139520,63.07000000
2018-02-28 05:37:06,0.00139520,2.14000000
2018-02-28 05:37:10,0.00139360,1.01000000
2018-02-28 05:37:11,0.00139360,113.06000000
2018-02-28 05:37:15,0.00139350,2.02000000
2018-02-28 05:37:18,0.00139360,1.01000000
2018-02-28 05:37:22,0.00139390,2.14000000
2018-02-28 05:37:23,0.00139350,9.71000000
2018-02-28 05:37:23,0.00139350,8.99000000
2018-02-28 05:37:23,0.00139350,13.84000000
2018-02-28 05:37:24,0.00139390,0.23000000
2018-02-28 05:37:25,0.00139520,7.15000000
2018-02-28 05:37:25,0.00139520,7.15000000
2018-02-28 05:37:25,0.00139520,1.00000000
2018-02-28 05:37:25,0.00139520,29.75000000
2018-02-28 05:37:25,0.00139520,21.60000000
2018-02-28 05:37:25,0.00139520,7.15000000
2018-02-28 05:37:28,0.00139520,64.04000000
2018-02-28 05:37:28,0.00139500,3.08000000
2018-02-28 05:37:28,0.00139500,12.89000000
2018-02-28 05:37:29,0.00139560,62.04000000
2018-02-28 05:37:30,0.00139520,90.74000000
2018-02-28 05:37:31,0.00139500,2.00000000
2018-02-28 05:37:32,0.00139500,15.00000000
2018-02-28 05:37:32,0.00139630,2.36000000
2018-02-28 05:37:43,0.00139770,2.57000000
2018-02-28 05:37:46,0.00139770,2.14000000
2018-02-28 05:37:46,0.00139700,141.24000000
2018-02-28 05:37:47,0.00139640,155.65000000
2018-02-28 05:37:49,0.00139650,50.00000000
2018-02-28 05:37:49,0.00139640,10.25000000
2018-02-28 05:37:51,0.00139640,20.00000000
2018-02-28 05:37:53,0.00139770,55.67000000
2018-02-28 05:37:56,0.00139640,160.68000000
2018-02-28 05:38:01,0.00139640,1.46000000
2018-02-28 05:38:02,0.00139700,2.14000000
2018-02-28 05:38:05,0.00139660,68.87000000
2018-02-28 05:38:05,0.00139690,2.75000000
2018-02-28 05:38:05,0.00139700,10.42000000
2018-02-28 05:38:07,0.00139640,7.35000000
2018-02-28 05:38:07,0.00139630,2.90000000
2018-02-28 05:38:07,0.00139620,34.08000000
2018-02-28 05:38:07,0.00139510,149.09000000
2018-02-28 05:38:12,0.00139600,13.30000000
2018-02-28 05:38:14,0.00139640,31.59000000
2018-02-28 05:38:14,0.00139660,6.43000000
2018-02-28 05:38:14,0.00139650,86.73000000
2018-02-28 05:38:14,0.00139510,160.56000000
2018-02-28 05:38:15,0.00139510,72.59000000
2018-02-28 05:38:21,0.00139510,127.89000000
2018-02-28 05:38:22,0.00139510,18.80000000
2018-02-28 05:38:24,0.00139570,148.06000000
2018-02-28 05:38:27,0.00139600,5.04000000
2018-02-28 05:38:27,0.00139600,1.33000000
2018-02-28 05:38:28,0.00139600,7.87000000
2018-02-28 05:38:28,0.00139640,123.39000000
2018-02-28 05:38:30,0.00139600,38.10000000
2018-02-28 05:38:32,0.00139640,21.48000000
2018-02-28 05:38:33,0.00139600,111.23000000
2018-02-28 05:38:33,0.00139520,223.28000000
2018-02-28 05:38:34,0.00139520,3.31000000
2018-02-28 05:38:36,0.00139610,75.70000000
2018-02-28 05:38:37,0.00139600,44.41000000
2018-02-28 05:38:37,0.00139520,73.12000000
2018-02-28 05:38:38,0.00139520,35.53000000
2018-02-28 05:38:42,0.00139520,144.38000000
2018-02-28 05:38:42,0.00139640,2.14000000
2018-02-28 05:38:51,0.00139550,5.35000000
2018-02-28 05:38:54,0.00139520,2.00000000
2018-02-28 05:39:01,0.00139520,62.51000000
2018-02-28 05:39:03,0.00139520,246.96000000
2018-02-28 05:39:06,0.00139520,39.41000000
2018-02-28 05:39:07,0.00139520,1.15000000
2018-02-28 05:39:09,0.00139510,14.51000000
2018-02-28 05:39:19,0.00139510,7.44000000
2018-02-28 05:39:19,0.00139520,3.20000000
2018-02-28 05:39:27,0.00139520,80.99000000
2018-02-28 05:39:27,0.00139530,1.01000000
2018-02-28 05:39:38,0.00139530,5.85000000
2018-02-28 05:39:42,0.00139530,1.00000000
2018-02-28 05:39:44,0.00139520,89.20000000
2018-02-28 05:39:44,0.00139510,30.31000000
2018-02-28 05:39:44,0.00139500,202.08000000
2018-02-28 05:39:52,0.00139500,71.66000000
2018-02-28 05:39:53,0.00139490,1.57000000
2018-02-28 05:39:53,0.00139350,26.97000000
2018-02-28 05:39:54,0.00139350,48.70000000
2018-02-28 05:39:58,0.00139500,3.50000000
2018-02-28 05:40:00,0.00139340,0.43000000
2018-02-28 05:40:00,0.00139330,6.53000000
2018-02-28 05:40:05,0.00139410,16.83000000
2018-02-28 05:40:05,0.00139330,26.83000000
2018-02-28 05:40:07,0.00139330,3.43000000
2018-02-28 05:40:07,0.00139300,9.29000000
2018-02-28 05:40:07,0.00139250,4.82000000
2018-02-28 05:40:07,0.00139230,4.30000000
2018-02-28 05:40:07,0.00139210,1.44000000
2018-02-28 05:40:07,0.00139200,5.07000000
2018-02-28 05:40:07,0.00139170,1.67000000
2018-02-28 05:40:07,0.00139160,2.87000000
2018-02-28 05:40:07,0.00139150,97.36000000
2018-02-28 05:40:07,0.00139130,82.39000000
2018-02-28 05:40:07,0.00139120,125.37000000
2018-02-28 05:40:07,0.00139110,12.01000000
2018-02-28 05:40:07,0.00139060,3.60000000
2018-02-28 05:40:07,0.00139040,7.19000000
2018-02-28 05:40:07,0.00139010,211.11000000
2018-02-28 05:40:07,0.00139000,151.29000000
2018-02-28 05:40:11,0.00139080,1.30000000
2018-02-28 05:40:11,0.00139060,8.50000000
2018-02-28 05:40:11,0.00139020,40.00000000
2018-02-28 05:40:11,0.00139000,310.09000000
2018-02-28 05:40:13,0.00139330,1.79000000
2018-02-28 05:40:14,0.00139010,71.89000000
2018-02-28 05:40:14,0.00139000,20.02000000
2018-02-28 05:40:16,0.00139200,71.89000000
2018-02-28 05:40:16,0.00139210,24.14000000
2018-02-28 05:40:17,0.00139210,38.08000000
2018-02-28 05:40:17,0.00139210,17.00000000
2018-02-28 05:40:17,0.00139210,16.80000000
2018-02-28 05:40:18,0.00139140,1.52000000
2018-02-28 05:40:18,0.00139120,2.82000000
2018-02-28 05:40:18,0.00139000,126.71000000
2018-02-28 05:40:18,0.00138960,6.88000000
2018-02-28 05:40:18,0.00138900,358.73000000
2018-02-28 05:40:18,0.00138900,71.59000000
2018-02-28 05:40:18,0.00138900,7.17000000
2018-02-28 05:40:18,0.00138900,191.92000000
2018-02-28 05:40:18,0.00138900,7.13000000
2018-02-28 05:40:19,0.00138900,12.80000000
2018-02-28 05:40:19,0.00138900,16.00000000
2018-02-28 05:40:19,0.00138900,2.07000000
2018-02-28 05:40:19,0.00138900,7.17000000
2018-02-28 05:40:19,0.00138900,30.01000000
2018-02-28 05:40:19,0.00138900,30.01000000
2018-02-28 05:40:19,0.00138900,4.33000000
2018-02-28 05:40:21,0.00138900,1.00000000
2018-02-28 05:40:21,0.00138900,2.16000000
2018-02-28 05:40:24,0.00138900,1.80000000
2018-02-28 05:40:24,0.00138900,2.15000000
2018-02-28 05:40:25,0.00138900,11.81000000
2018-02-28 05:40:25,0.00138880,2.52000000
2018-02-28 05:40:32,0.00138830,2.16000000
2018-02-28 05:40:32,0.00138820,5.86000000
2018-02-28 05:40:33,0.00138880,2.21000000
2018-02-28 05:40:33,0.00138840,23.66000000
2018-02-28 05:40:33,0.00138880,2.21000000
2018-02-28 05:40:34,0.00138830,2.21000000
2018-02-28 05:40:34,0.00138830,2.13000000
2018-02-28 05:40:35,0.00138820,7.37000000
2018-02-28 05:40:35,0.00138810,0.80000000
2018-02-28 05:40:35,0.00138800,29.71000000
2018-02-28 05:40:35,0.00138800,100.69000000
2018-02-28 05:40:36,0.00138830,62.31000000
2018-02-28 05:40:40,0.00138800,5.85000000
2018-02-28 05:40:40,0.00138800,17.97000000
2018-02-28 05:40:41,0.00138790,2.16000000
2018-02-28 05:40:41,0.00138800,5.00000000
2018-02-28 05:40:41,0.00138800,4.18000000
2018-02-28 05:40:43,0.00138800,4.75000000
2018-02-28 05:40:44,0.00138770,0.16000000
2018-02-28 05:40:44,0.00138800,1.00000000
2018-02-28 05:40:44,0.00138800,3.60000000
2018-02-28 05:40:45,0.00138770,3.60000000
2018-02-28 05:40:45,0.00138650,13.90000000
2018-02-28 05:40:45,0.00138620,1.46000000
2018-02-28 05:40:45,0.00138610,2.50000000
2018-02-28 05:40:45,0.00138600,1.97000000
2018-02-28 05:40:45,0.00138590,3.11000000
2018-02-28 05:40:45,0.00138580,22.67000000
2018-02-28 05:40:46,0.00138800,26.21000000
2018-02-28 05:40:47,0.00138800,11.71000000
2018-02-28 05:40:47,0.00138800,11.10000000
2018-02-28 05:40:48,0.00138690,36.02000000
2018-02-28 05:40:48,0.00138600,3.60000000
2018-02-28 05:40:48,0.00138580,67.49000000
2018-02-28 05:40:48,0.00138510,211.87000000
2018-02-28 05:40:48,0.00138500,40.91000000
2018-02-28 05:40:48,0.00138800,1.00000000
2018-02-28 05:40:48,0.00138800,0.95000000
2018-02-28 05:40:50,0.00138630,102.85000000
2018-02-28 05:40:54,0.00138700,7.20000000
2018-02-28 05:40:54,0.00138700,8.65000000
2018-02-28 05:40:55,0.00138700,1.86000000
2018-02-28 05:40:55,0.00138700,3.60000000
2018-02-28 05:40:56,0.00138500,26.94000000
2018-02-28 05:40:57,0.00138500,2.00000000
2018-02-28 05:40:57,0.00138500,10.81000000
2018-02-28 05:40:57,0.00138700,0.74000000
2018-02-28 05:41:00,0.00138700,1.42000000
2018-02-28 05:41:00,0.00138510,32.88000000
2018-02-28 05:41:00,0.00138500,12.90000000
2018-02-28 05:41:01,0.00138690,1.14000000
2018-02-28 05:41:03,0.00138600,30.49000000
2018-02-28 05:41:03,0.00138520,0.99000000
2018-02-28 05:41:03,0.00138500,0.27000000
2018-02-28 05:41:03,0.00138500,3.28000000
2018-02-28 05:41:03,0.00138500,16.58000000
2018-02-28 05:41:04,0.00138460,3.59000000
2018-02-28 05:41:04,0.00138460,0.73000000
2018-02-28 05:41:04,0.00138460,0.78000000
2018-02-28 05:41:04,0.00138460,5.83000000
2018-02-28 05:41:04,0.00138450,3.53000000
2018-02-28 05:41:05,0.00138450,24.01000000
2018-02-28 05:41:05,0.00138450,4.20000000
2018-02-28 05:41:05,0.00138460,16.01000000
2018-02-28 05:41:06,0.00138500,20.14000000
2018-02-28 05:41:08,0.00138460,50.00000000
2018-02-28 05:41:08,0.00138380,3.61000000
2018-02-28 05:41:08,0.00138330,6.94000000
2018-02-28 05:41:08,0.00138290,4.07000000
2018-02-28 05:41:08,0.00138250,5.00000000
2018-02-28 05:41:08,0.00138230,431.79000000
2018-02-28 05:41:08,0.00138200,4.30000000
2018-02-28 05:41:08,0.00138200,9.36000000
2018-02-28 05:41:08,0.00138200,2.19000000
2018-02-28 05:41:08,0.00138200,187.90000000
2018-02-28 05:41:08,0.00138500,38.21000000
2018-02-28 05:41:08,0.00138380,3.75000000
2018-02-28 05:41:09,0.00138380,5.16000000
2018-02-28 05:41:11,0.00138380,5.16000000
2018-02-28 05:41:11,0.00138380,24.85000000
2018-02-28 05:41:11,0.00138450,437.91000000
2018-02-28 05:41:11,0.00138500,133.89000000
2018-02-28 05:41:12,0.00138310,72.14000000
2018-02-28 05:41:13,0.00138700,75.00000000
2018-02-28 05:41:13,0.00138790,21.42000000
2018-02-28 05:41:13,0.00138800,5.67000000
2018-02-28 05:41:13,0.00138450,5.00000000
2018-02-28 05:41:13,0.00138310,2.00000000
2018-02-28 05:41:15,0.00138400,8.00000000
2018-02-28 05:41:15,0.00138320,21.44000000
2018-02-28 05:41:15,0.00138310,1.29000000
2018-02-28 05:41:15,0.00138250,8.45000000
2018-02-28 05:41:15,0.00138240,63.98000000
2018-02-28 05:41:15,0.00138230,5.72000000
2018-02-28 05:41:15,0.00138200,5.84000000
2018-02-28 05:41:15,0.00138190,1.28000000
2018-02-28 05:41:15,0.00138170,2.62000000
2018-02-28 05:41:15,0.00138160,4.56000000
2018-02-28 05:41:15,0.00138150,25.52000000
2018-02-28 05:41:15,0.00138490,72.34000000
2018-02-28 05:41:15,0.00138500,62.78000000
2018-02-28 05:41:16,0.00138470,65.27000000
2018-02-28 05:41:16,0.00138480,1.80000000
2018-02-28 05:41:16,0.00138500,8.00000000
2018-02-28 05:41:16,0.00138380,109.68000000
2018-02-28 05:41:19,0.00138330,43.31000000
2018-02-28 05:41:22,0.00138600,11.26000000
2018-02-28 05:41:23,0.00138370,43.31000000
2018-02-28 05:41:23,0.00138380,2.67000000
2018-02-28 05:41:23,0.00138320,32.88000000
2018-02-28 05:41:23,0.00138190,37.30000000
2018-02-28 05:41:23,0.00138160,21.71000000
2018-02-28 05:41:23,0.00138150,5.26000000
2018-02-28 05:41:26,0.00138310,72.37000000
2018-02-28 05:41:26,0.00138160,32.41000000
2018-02-28 05:41:27,0.00138150,0.65000000
2018-02-28 05:41:27,0.00138150,5.49000000
2018-02-28 05:41:27,0.00138150,66.23000000
2018-02-28 05:41:27,0.00138160,0.23000000
2018-02-28 05:41:27,0.00138160,234.58000000
2018-02-28 05:41:27,0.00138160,296.55000000
2018-02-28 05:41:27,0.00138150,26.71000000
2018-02-28 05:41:27,0.00138150,2.75000000
2018-02-28 05:41:28,0.00138150,114.89000000
2018-02-28 05:41:30,0.00138310,72.36000000
2018-02-28 05:41:30,0.00138180,32.88000000
2018-02-28 05:41:30,0.00138160,99.39000000
2018-02-28 05:41:33,0.00138380,22.69000000
2018-02-28 05:41:33,0.00138560,1.44000000
2018-02-28 05:41:34,0.00138380,2.68000000
2018-02-28 05:41:34,0.00138320,38.08000000
2018-02-28 05:41:34,0.00138140,7.23000000
2018-02-28 05:41:34,0.00138110,3.46000000
2018-02-28 05:41:34,0.00138100,50.13000000
2018-02-28 05:41:36,0.00138200,8.00000000
2018-02-28 05:41:36,0.00138110,64.04000000
2018-02-28 05:41:36,0.00138100,419.16000000
2018-02-28 05:41:36,0.00138080,1.89000000
2018-02-28 05:41:36,0.00138060,103.54000000
2018-02-28 05:41:36,0.00138050,568.75000000
2018-02-28 05:41:36,0.00138030,1.52000000
2018-02-28 05:41:36,0.00138020,50.00000000
2018-02-28 05:41:36,0.00138010,115.25000000
2018-02-28 05:41:36,0.00138000,1328.87000000
2018-02-28 05:41:36,0.00137980,3.59000000
2018-02-28 05:41:36,0.00137970,2.81000000
2018-02-28 05:41:36,0.00137910,3.63000000
2018-02-28 05:41:36,0.00137900,39.07000000
2018-02-28 05:41:36,0.00137800,52.00000000
2018-02-28 05:41:36,0.00137990,5.70000000
2018-02-28 05:41:36,0.00137990,1.30000000
2018-02-28 05:41:37,0.00137890,8.00000000
2018-02-28 05:41:37,0.00137890,1.28000000
2018-02-28 05:41:37,0.00137700,43.31000000
2018-02-28 05:41:37,0.00137680,74.98000000
2018-02-28 05:41:37,0.00137670,2.49000000
2018-02-28 05:41:37,0.00137650,71.40000000
2018-02-28 05:41:37,0.00137790,7.24000000
2018-02-28 05:41:37,0.00137790,7.08000000
2018-02-28 05:41:37,0.00137790,7.24000000
2018-02-28 05:41:37,0.00137790,15.76000000
2018-02-28 05:41:38,0.00137880,5.94000000
2018-02-28 05:41:38,0.00137790,30.36000000
2018-02-28 05:41:38,0.00137870,7.08000000
2018-02-28 05:41:39,0.00137790,2.75000000
2018-02-28 05:41:39,0.00137790,14.50000000
2018-02-28 05:41:40,0.00137770,5.74000000
2018-02-28 05:41:40,0.00137770,3.63000000
2018-02-28 05:41:40,0.00137760,3.63000000
2018-02-28 05:41:41,0.00137690,0.30000000
2018-02-28 05:41:42,0.00137690,20.64000000
2018-02-28 05:41:42,0.00137760,56.89000000
2018-02-28 05:41:43,0.00137630,3.63000000
2018-02-28 05:41:43,0.00137620,3.34000000
2018-02-28 05:41:43,0.00137610,1.03000000
2018-02-28 05:41:43,0.00137680,2.70000000
2018-02-28 05:41:43,0.00137680,0.15000000
2018-02-28 05:41:43,0.00137630,72.62000000
2018-02-28 05:41:43,0.00137680,56.97000000
2018-02-28 05:41:43,0.00137760,38.87000000
2018-02-28 05:41:43,0.00137790,2.91000000
2018-02-28 05:41:44,0.00137760,2.94000000
2018-02-28 05:41:44,0.00137790,5.08000000
2018-02-28 05:41:45,0.00137790,12.01000000
2018-02-28 05:41:45,0.00137980,167.58000000
2018-02-28 05:41:45,0.00138000,5.49000000
2018-02-28 05:41:45,0.00138000,528.82000000
2018-02-28 05:41:45,0.00138000,1177.99000000
2018-02-28 05:41:45,0.00138000,29.34000000
2018-02-28 05:41:46,0.00138000,191.45000000
2018-02-28 05:41:46,0.00138220,2.35000000
2018-02-28 05:41:46,0.00138510,4.34000000
2018-02-28 05:41:46,0.00138530,21.71000000
2018-02-28 05:41:46,0.00138560,43.47000000
2018-02-28 05:41:47,0.00137840,4.00000000
2018-02-28 05:41:47,0.00138000,1.80000000
2018-02-28 05:41:48,0.00138000,12.19000000
2018-02-28 05:41:48,0.00138500,1.80000000
2018-02-28 05:41:48,0.00138500,3.97000000
2018-02-28 05:41:49,0.00138100,0.99000000
2018-02-28 05:41:49,0.00138100,2.69000000
2018-02-28 05:41:49,0.00138490,2.17000000
2018-02-28 05:41:50,0.00138400,2.65000000
2018-02-28 05:41:51,0.00138300,1.83000000
2018-02-28 05:41:51,0.00138310,114.68000000
2018-02-28 05:41:52,0.00138310,1.83000000
2018-02-28 05:41:52,0.00138490,0.34000000
2018-02-28 05:41:53,0.00138490,2.17000000
2018-02-28 05:41:54,0.00138190,29.05000000
2018-02-28 05:41:54,0.00138490,1.12000000
2018-02-28 05:41:54,0.00138280,1.00000000
2018-02-28 05:41:55,0.00138490,10.83000000
2018-02-28 05:41:56,0.00138490,10.83000000
2018-02-28 05:41:57,0.00138490,0.87000000
2018-02-28 05:41:57,0.00138490,2.17000000
2018-02-28 05:41:57,0.00138490,5.42000000
2018-02-28 05:41:58,0.00138490,0.87000000
2018-02-28 05:41:59,0.00138300,72.20000000
2018-02-28 05:42:00,0.00138300,3.90000000
2018-02-28 05:42:00,0.00138300,2.67000000
2018-02-28 05:42:02,0.00138300,174.19000000
2018-02-28 05:42:03,0.00138300,1.30000000
2018-02-28 05:42:04,0.00138300,1.81000000
2018-02-28 05:42:04,0.00138280,23.21000000
2018-02-28 05:42:06,0.00138280,2.16000000
2018-02-28 05:42:07,0.00138170,6.86000000
2018-02-28 05:42:07,0.00138010,32.88000000
2018-02-28 05:42:07,0.00138000,26.27000000
2018-02-28 05:42:07,0.00137730,6.86000000
2018-02-28 05:42:08,0.00138080,4.34000000
2018-02-28 05:42:08,0.00138080,37.30000000
2018-02-28 05:42:08,0.00138080,2.35000000
2018-02-28 05:42:09,0.00138080,3.47000000
2018-02-28 05:42:09,0.00138080,32.88000000
2018-02-28 05:42:09,0.00138170,7.00000000
2018-02-28 05:42:09,0.00138280,36.46000000
2018-02-28 05:42:26,0.00138180,3.54000000
2018-02-28 05:42:26,0.00138100,98.57000000
2018-02-28 05:42:26,0.00138080,10.29000000
2018-02-28 05:42:27,0.00138010,335.22000000
2018-02-28 05:42:27,0.00138000,206.33000000
2018-02-28 05:42:27,0.00137990,21.74000000
2018-02-28 05:42:27,0.00137900,33.35000000
2018-02-28 05:42:27,0.00138250,5.37000000
2018-02-28 05:42:27,0.00138250,11.93000000
2018-02-28 05:42:28,0.00138250,1.21000000
2018-02-28 05:42:28,0.00138250,20.10000000
2018-02-28 05:42:28,0.00138250,11.39000000
2018-02-28 05:42:30,0.00138070,123.18000000
2018-02-28 05:42:32,0.00138190,2.26000000
2018-02-28 05:42:34,0.00137910,72.53000000
2018-02-28 05:42:34,0.00138200,72.53000000
2018-02-28 05:42:35,0.00138210,21.74000000
2018-02-28 05:42:35,0.00138270,32.74000000
2018-02-28 05:42:35,0.00138270,58.60000000
2018-02-28 05:42:35,0.00138270,108.18000000
2018-02-28 05:42:35,0.00138270,197.69000000
2018-02-28 05:42:35,0.00138270,44.01000000
2018-02-28 05:42:35,0.00138280,194.18000000
2018-02-28 05:42:35,0.00138280,27.99000000
2018-02-28 05:42:35,0.00138300,106.51000000
2018-02-28 05:42:35,0.00138300,1.15000000
2018-02-28 05:42:35,0.00138300,10.37000000
2018-02-28 05:42:35,0.00138300,23.09000000
2018-02-28 05:42:35,0.00138300,1.15000000
2018-02-28 05:42:35,0.00138300,1.15000000
2018-02-28 05:42:39,0.00138300,43.92000000
2018-02-28 05:42:39,0.00138210,21.70000000
2018-02-28 05:42:39,0.00138200,1439.99000000
2018-02-28 05:42:40,0.00138300,2.69000000
2018-02-28 05:42:41,0.00138280,210.96000000
2018-02-28 05:42:41,0.00138490,142.55000000
2018-02-28 05:42:41,0.00138500,5.42000000
2018-02-28 05:42:43,0.00138500,1.00000000
2018-02-28 05:42:44,0.00138360,50.82000000
2018-02-28 05:42:46,0.00138500,1.00000000
2018-02-28 05:42:46,0.00138500,29.83000000
2018-02-28 05:42:48,0.00138500,7.42000000
2018-02-28 05:42:50,0.00138500,1.86000000
2018-02-28 05:42:53,0.00138500,0.46000000
2018-02-28 05:42:55,0.00138490,2.64000000
2018-02-28 05:42:55,0.00138500,278.82000000
2018-02-28 05:42:56,0.00138600,0.16000000
2018-02-28 05:42:58,0.00138600,205.20000000
2018-02-28 05:43:01,0.00138780,2.31000000
2018-02-28 05:43:01,0.00138680,130.01000000
2018-02-28 05:43:02,0.00138780,1.00000000
2018-02-28 05:43:05,0.00138780,1.00000000
2018-02-28 05:43:08,0.00138780,2.89000000
2018-02-28 05:43:08,0.00138790,100.00000000
2018-02-28 05:43:08,0.00138800,70.34000000
2018-02-28 05:43:11,0.00138800,1.00000000
2018-02-28 05:43:11,0.00138780,7.00000000
2018-02-28 05:43:12,0.00138800,128.66000000
2018-02-28 05:43:14,0.00138830,57.64000000
2018-02-28 05:43:16,0.00138800,1.00000000
2018-02-28 05:43:16,0.00138780,9.87000000
2018-02-28 05:43:16,0.00138880,1.00000000
2018-02-28 05:43:19,0.00138880,57.68000000
2018-02-28 05:43:25,0.00138800,36.74000000
2018-02-28 05:43:28,0.00138800,1.00000000
2018-02-28 05:43:29,0.00138740,2.00000000
2018-02-28 05:43:29,0.00138600,171.21000000
2018-02-28 05:43:29,0.00138520,21.65000000
2018-02-28 05:43:29,0.00138500,181.58000000
2018-02-28 05:43:29,0.00138510,5.00000000
2018-02-28 05:43:30,0.00138550,1.00000000
2018-02-28 05:43:32,0.00138740,2.30000000
2018-02-28 05:43:32,0.00138630,136.84000000
2018-02-28 05:43:37,0.00138730,1.00000000
2018-02-28 05:43:37,0.00138650,1.00000000
2018-02-28 05:43:37,0.00138550,1.95000000
2018-02-28 05:43:41,0.00138730,5.00000000
2018-02-28 05:43:41,0.00138740,2.70000000
2018-02-28 05:43:41,0.00138870,21.65000000
2018-02-28 05:43:41,0.00138880,0.65000000
2018-02-28 05:43:45,0.00138600,21.64000000
2018-02-28 05:43:45,0.00138590,33.05000000
2018-02-28 05:43:45,0.00138570,33.21000000
2018-02-28 05:43:45,0.00138560,16.08000000
2018-02-28 05:43:45,0.00138550,36.51000000
2018-02-28 05:43:45,0.00138800,128.35000000
2018-02-28 05:43:46,0.00138780,21.64000000
2018-02-28 05:43:46,0.00138790,29.36000000
2018-02-28 05:43:47,0.00138790,1.00000000
2018-02-28 05:43:49,0.00138640,64.47000000
2018-02-28 05:43:51,0.00138790,2.69000000
2018-02-28 05:43:51,0.00138800,2.31000000
2018-02-28 05:43:57,0.00138510,21.65000000
2018-02-28 05:43:57,0.00138500,620.78000000
2018-02-28 05:43:57,0.00138330,1.00000000
2018-02-28 05:43:57,0.00138290,1.00000000
2018-02-28 05:43:57,0.00138240,191.42000000
2018-02-28 05:43:57,0.00138110,3.63000000
2018-02-28 05:43:57,0.00138070,2.00000000
2018-02-28 05:43:57,0.00138620,0.78000000
2018-02-28 05:43:59,0.00138600,20.81000000
2018-02-28 05:43:59,0.00138610,21.65000000
2018-02-28 05:43:59,0.00138630,21.37000000
2018-02-28 05:43:59,0.00138700,48.32000000
2018-02-28 05:43:59,0.00138790,6.56000000
2018-02-28 05:44:00,0.00138650,143.66000000
2018-02-28 05:44:10,0.00138620,2.14000000
2018-02-28 05:44:12,0.00138620,1.49000000
2018-02-28 05:44:12,0.00138630,0.48000000
2018-02-28 05:44:14,0.00138620,1.87000000
2018-02-28 05:44:14,0.00138630,17.40000000
2018-02-28 05:44:14,0.00138630,2.60000000
2018-02-28 05:44:15,0.00138700,71.30000000
2018-02-28 05:44:16,0.00138700,71.37000000
2018-02-28 05:44:16,0.00138790,14.66000000
2018-02-28 05:44:18,0.00138620,0.01000000
2018-02-28 05:44:19,0.00138600,91.98000000
2018-02-28 05:44:19,0.00138600,79.65000000
2018-02-28 05:44:22,0.00138600,828.36000000
2018-02-28 05:44:23,0.00138600,7.50000000
2018-02-28 05:44:24,0.00138610,33.89000000
2018-02-28 05:44:25,0.00138610,5.00000000
2018-02-28 05:44:27,0.00138680,150.49000000
2018-02-28 05:44:27,0.00138780,5.00000000
2018-02-28 05:44:28,0.00138780,6.00000000
2018-02-28 05:44:29,0.00138780,27.89000000
2018-02-28 05:44:29,0.00138790,28.26000000
2018-02-28 05:44:29,0.00138790,89.01000000
2018-02-28 05:44:30,0.00138710,89.01000000
2018-02-28 05:44:33,0.00138630,3.04000000
2018-02-28 05:44:33,0.00138610,4.99000000
2018-02-28 05:44:34,0.00138610,39.69000000
2018-02-28 05:44:38,0.00138830,14.41000000
2018-02-28 05:44:40,0.00138610,100.00000000
2018-02-28 05:44:41,0.00138610,184.18000000
2018-02-28 05:44:42,0.00138830,2.15000000
2018-02-28 05:44:42,0.00138720,77.97000000
2018-02-28 05:44:44,0.00138830,10.00000000
2018-02-28 05:44:48,0.00138830,18.12000000
2018-02-28 05:44:48,0.00138830,61.88000000
2018-02-28 05:44:48,0.00138830,7.13000000
2018-02-28 05:44:48,0.00138830,16.62000000
2018-02-28 05:44:48,0.00138840,16.08000000
2018-02-28 05:44:48,0.00138880,3.92000000
2018-02-28 05:44:52,0.00138830,1.08000000
2018-02-28 05:44:52,0.00138880,1.00000000
2018-02-28 05:44:52,0.00138830,14.68000000
2018-02-28 05:44:54,0.00138880,60.52000000
2018-02-28 05:44:54,0.00138880,1.00000000
2018-02-28 05:45:00,0.00138880,0.86000000
2018-02-28 05:45:01,0.00138870,5.61000000
2018-02-28 05:45:04,0.00138880,67.68000000
2018-02-28 05:45:06,0.00138880,27.20000000
2018-02-28 05:45:07,0.00138870,1.00000000
2018-02-28 05:45:07,0.00138860,1.00000000
2018-02-28 05:45:07,0.00138830,3.63000000
2018-02-28 05:45:08,0.00138880,2.00000000
2018-02-28 05:45:09,0.00138830,83.87000000
2018-02-28 05:45:09,0.00138640,1.93000000
2018-02-28 05:45:10,0.00138880,1.51000000
2018-02-28 05:45:11,0.00138880,15.14000000
2018-02-28 05:45:12,0.00138940,1.51000000
2018-02-28 05:45:12,0.00138880,98.39000000
2018-02-28 05:45:13,0.00138930,20.00000000
2018-02-28 05:45:13,0.00138940,6.94000000
2018-02-28 05:45:13,0.00138980,50.00000000
2018-02-28 05:45:13,0.00139000,467.07000000
2018-02-28 05:45:16,0.00139020,59.32000000
2018-02-28 05:45:16,0.00139010,20.00000000
2018-02-28 05:45:16,0.00139000,358.67000000
2018-02-28 05:45:16,0.00139110,1.00000000
2018-02-28 05:45:16,0.00139110,83.80000000
2018-02-28 05:45:17,0.00139110,1.00000000
2018-02-28 05:45:17,0.00139030,20.00000000
2018-02-28 05:45:17,0.00139000,105.99000000
2018-02-28 05:45:18,0.00139180,1.44000000
2018-02-28 05:45:19,0.00138990,1.00000000
2018-02-28 05:45:19,0.00138990,1.00000000
2018-02-28 05:45:21,0.00138990,16.55000000
2018-02-28 05:45:24,0.00139000,1.44000000
2018-02-28 05:45:26,0.00139000,1.14000000
2018-02-28 05:45:26,0.00139000,2.41000000
2018-02-28 05:45:28,0.00139000,0.01000000
2018-02-28 05:45:28,0.00139210,0.01000000
2018-02-28 05:45:28,0.00139250,11.98000000
2018-02-28 05:45:30,0.00139230,39.47000000
2018-02-28 05:45:30,0.00139230,0.86000000
2018-02-28 05:45:30,0.00139190,1.40000000
2018-02-28 05:45:31,0.00139190,0.75000000
2018-02-28 05:45:31,0.00139230,1.25000000
2018-02-28 05:45:32,0.00138990,1.27000000
2018-02-28 05:45:33,0.00139100,12.44000000
2018-02-28 05:45:37,0.00138990,0.15000000
2018-02-28 05:45:39,0.00139250,5.76000000
2018-02-28 05:45:40,0.00139250,16.76000000
2018-02-28 05:45:40,0.00139260,15.60000000
2018-02-28 05:45:40,0.00139300,4.97000000
2018-02-28 05:45:40,0.00139330,7.13000000
2018-02-28 05:45:41,0.00139330,21.84000000
2018-02-28 05:45:41,0.00139020,0.30000000
2018-02-28 05:45:42,0.00139200,19.88000000
2018-02-28 05:45:44,0.00139250,6.21000000
2018-02-28 05:45:46,0.00139200,2.15000000
2018-02-28 05:45:47,0.00139200,5.85000000
2018-02-28 05:45:51,0.00139070,50.00000000
2018-02-28 05:45:52,0.00139200,15.53000000
2018-02-28 05:45:55,0.00139120,91.63000000
2018-02-28 05:45:59,0.00139110,9.00000000
2018-02-28 05:46:01,0.00139090,0.60000000
2018-02-28 05:46:01,0.00139020,1.30000000
2018-02-28 05:46:03,0.00139070,40.70000000
2018-02-28 05:46:03,0.00139080,1.30000000
2018-02-28 05:46:03,0.00139100,8.30000000
2018-02-28 05:46:06,0.00139000,38.85000000
2018-02-28 05:46:07,0.00139000,18.64000000
2018-02-28 05:46:08,0.00139000,9.17000000
2018-02-28 05:46:12,0.00139000,33.34000000
2018-02-28 05:46:16,0.00139090,1.20000000
2018-02-28 05:46:16,0.00139100,2.30000000
2018-02-28 05:46:17,0.00139100,5.03000000
2018-02-28 05:46:23,0.00139050,98.45000000
2018-02-28 05:46:27,0.00139010,1.00000000
2018-02-28 05:46:28,0.00139010,299.00000000
2018-02-28 05:46:28,0.00139000,197.83000000
2018-02-28 05:46:28,0.00139000,115.63000000
2018-02-28 05:46:28,0.00138990,18.75000000
2018-02-28 05:46:28,0.00138960,21.58000000
2018-02-28 05:46:31,0.00138880,7.39000000
2018-02-28 05:46:32,0.00138880,2.61000000
2018-02-28 05:46:36,0.00138760,1.00000000
2018-02-28 05:46:40,0.00138910,26.09000000
2018-02-28 05:46:48,0.00138910,1.05000000
2018-02-28 05:46:48,0.00138910,65.65000000
2018-02-28 05:46:51,0.00138830,2.96000000
2018-02-28 05:46:51,0.00138790,0.67000000
2018-02-28 05:46:52,0.00138840,105.28000000
2018-02-28 05:46:54,0.00138800,1.00000000
2018-02-28 05:46:55,0.00138800,6.91000000
2018-02-28 05:46:55,0.00138800,6.91000000
2018-02-28 05:46:56,0.00138790,27.90000000
2018-02-28 05:46:59,0.00138800,0.56000000
2018-02-28 05:47:00,0.00138800,6.00000000
2018-02-28 05:47:02,0.00138800,60.71000000
2018-02-28 05:47:02,0.00138790,20.84000000
2018-02-28 05:47:03,0.00138750,20.19000000
2018-02-28 05:47:04,0.00138740,16.00000000
2018-02-28 05:47:04,0.00138620,7.00000000
2018-02-28 05:47:04,0.00138610,4.98000000
2018-02-28 05:47:04,0.00138600,1655.38000000
2018-02-28 05:47:05,0.00138510,59.13000000
2018-02-28 05:47:05,0.00138500,102.16000000
2018-02-28 05:47:05,0.00138310,2.17000000
2018-02-28 05:47:05,0.00138280,213.44000000
2018-02-28 05:47:05,0.00138130,72.39000000
2018-02-28 05:47:05,0.00138110,3.62000000
2018-02-28 05:47:05,0.00138100,3.00000000
2018-02-28 05:47:05,0.00138060,3.33000000
2018-02-28 05:47:06,0.00138100,8.00000000
2018-02-28 05:47:07,0.00138490,8.00000000
2018-02-28 05:47:07,0.00138490,7.83000000
2018-02-28 05:47:07,0.00138490,1.01000000
2018-02-28 05:47:07,0.00138260,3.50000000
2018-02-28 05:47:07,0.00138260,3.50000000
2018-02-28 05:47:08,0.00138260,25.92000000
2018-02-28 05:47:08,0.00138260,3.50000000
2018-02-28 05:47:08,0.00138260,3.50000000
2018-02-28 05:47:08,0.00138060,63.61000000
2018-02-28 05:47:08,0.00138040,1.20000000
2018-02-28 05:47:08,0.00138480,2.10000000
2018-02-28 05:47:08,0.00138340,0.92000000
2018-02-28 05:47:09,0.00138200,1.93000000
2018-02-28 05:47:09,0.00138200,1.93000000
2018-02-28 05:47:09,0.00138090,5.36000000
2018-02-28 05:47:09,0.00138080,2.64000000
2018-02-28 05:47:09,0.00138060,5.36000000
2018-02-28 05:47:09,0.00138200,4.14000000
2018-02-28 05:47:09,0.00138330,1.47000000
2018-02-28 05:47:09,0.00138010,4.35000000
2018-02-28 05:47:09,0.00138310,3.75000000
2018-02-28 05:47:10,0.00138040,9.50000000
2018-02-28 05:47:12,0.00138040,10.85000000
2018-02-28 05:47:13,0.00138270,3.81000000
2018-02-28 05:47:13,0.00138260,2.66000000
2018-02-28 05:47:13,0.00138250,4.50000000
2018-02-28 05:47:14,0.00138250,1.21000000
2018-02-28 05:47:14,0.00138250,3.16000000
2018-02-28 05:47:14,0.00138260,1.21000000
2018-02-28 05:47:14,0.00138290,1.21000000
2018-02-28 05:47:14,0.00138290,71.18000000
2018-02-28 05:47:14,0.00138310,1.20000000
2018-02-28 05:47:14,0.00138320,4.74000000
2018-02-28 05:47:14,0.00138330,4.35000000
