DATE,PRICE,VOLUME
2018-02-28 11:00:01,0.00133690,3.00000000
2018-02-28 11:00:08,0.00133630,10.71000000
2018-02-28 11:00:09,0.00133630,1.53000000
2018-02-28 11:00:10,0.00133630,3.75000000
2018-02-28 11:00:13,0.00133630,3.47000000
2018-02-28 11:00:14,0.00133630,7.50000000
2018-02-28 11:00:20,0.00133640,6.29000000
2018-02-28 11:00:20,0.00133650,3.71000000
2018-02-28 11:00:29,0.00133640,196.80000000
2018-02-28 11:00:32,0.00133640,3.40000000
2018-02-28 11:00:32,0.00133650,13.23000000
2018-02-28 11:00:35,0.00133650,2.18000000
2018-02-28 11:00:38,0.00133690,0.90000000
2018-02-28 11:00:43,0.00133660,422.08000000
2018-02-28 11:00:56,0.00133680,3.32000000
2018-02-28 11:00:57,0.00133680,16.66000000
2018-02-28 11:00:57,0.00133650,1.80000000
2018-02-28 11:00:59,0.00133690,2.03000000
2018-02-28 11:00:59,0.00133900,107.20000000
2018-02-28 11:00:59,0.00133950,249.29000000
2018-02-28 11:00:59,0.00133660,216.22000000
2018-02-28 11:01:02,0.00133710,74.77000000
2018-02-28 11:01:02,0.00133700,22.43000000
2018-02-28 11:01:02,0.00133680,3.00000000
2018-02-28 11:01:02,0.00133660,118.74000000
2018-02-28 11:01:02,0.00133650,1.99000000
2018-02-28 11:01:15,0.00133590,2.27000000
2018-02-28 11:01:15,0.00133590,1.87000000
2018-02-28 11:01:17,0.00133490,10.35000000
2018-02-28 11:01:17,0.00133580,3.00000000
2018-02-28 11:01:17,0.00133590,68.64000000
2018-02-28 11:01:17,0.00133620,3.24000000
2018-02-28 11:01:17,0.00133640,22.43000000
2018-02-28 11:01:18,0.00133660,358.63000000
2018-02-28 11:01:18,0.00133720,23.46000000
2018-02-28 11:01:25,0.00133740,74.79000000
2018-02-28 11:01:27,0.00133740,0.01000000
2018-02-28 11:01:27,0.00133730,7.98000000
2018-02-28 11:01:27,0.00133730,14.43000000
2018-02-28 11:01:28,0.00133660,0.55000000
2018-02-28 11:01:32,0.00133720,3.08000000
2018-02-28 11:01:32,0.00133670,3.00000000
2018-02-28 11:01:32,0.00133660,0.39000000
2018-02-28 11:01:35,0.00133660,62.82000000
2018-02-28 11:01:35,0.00133650,258.01000000
2018-02-28 11:01:35,0.00133790,235.64000000
2018-02-28 11:01:38,0.00133740,74.80000000
2018-02-28 11:01:38,0.00133750,10.00000000
2018-02-28 11:01:39,0.00133740,2.87000000
2018-02-28 11:01:41,0.00133740,109.25000000
2018-02-28 11:01:46,0.00133740,22.00000000
2018-02-28 11:01:48,0.00133820,29.77000000
2018-02-28 11:01:55,0.00133820,19.21000000
2018-02-28 11:01:56,0.00133820,4.70000000
2018-02-28 11:01:59,0.00133820,2.19000000
2018-02-28 11:02:01,0.00133820,1.16000000
2018-02-28 11:02:04,0.00133820,75.38000000
2018-02-28 11:02:12,0.00133830,53.76000000
2018-02-28 11:02:12,0.00133830,3.04000000
2018-02-28 11:02:13,0.00133830,16.39000000
2018-02-28 11:02:14,0.00133830,0.02000000
2018-02-28 11:02:16,0.00133820,1.63000000
2018-02-28 11:02:17,0.00133900,3.10000000
2018-02-28 11:02:17,0.00133910,3.00000000
2018-02-28 11:02:17,0.00133920,22.41000000
2018-02-28 11:02:17,0.00133950,22.49000000
2018-02-28 11:02:24,0.00133820,0.01000000
2018-02-28 11:02:25,0.00133880,67.60000000
2018-02-28 11:02:25,0.00133950,26.17000000
2018-02-28 11:02:25,0.00133950,0.01000000
2018-02-28 11:02:31,0.00133950,25.69000000
2018-02-28 11:02:32,0.00133950,2.97000000
2018-02-28 11:02:32,0.00133950,1.31000000
2018-02-28 11:02:34,0.00133990,3.17000000
2018-02-28 11:02:34,0.00134000,3.93000000
2018-02-28 11:02:36,0.00134000,1.07000000
2018-02-28 11:02:36,0.00134050,5.00000000
2018-02-28 11:02:36,0.00134100,2429.71000000
2018-02-28 11:02:36,0.00134100,1293.02000000
2018-02-28 11:02:36,0.00134110,74.59000000
2018-02-28 11:02:36,0.00134160,8.23000000
2018-02-28 11:02:37,0.00134180,10.05000000
2018-02-28 11:02:37,0.00134200,17.87000000
2018-02-28 11:02:37,0.00134220,31.65000000
2018-02-28 11:02:37,0.00134230,3.62000000
2018-02-28 11:02:37,0.00134240,5.00000000
2018-02-28 11:02:37,0.00134250,45.63000000
2018-02-28 11:02:37,0.00134260,113.01000000
2018-02-28 11:02:38,0.00134000,5.00000000
2018-02-28 11:02:39,0.00134300,38.52000000
2018-02-28 11:02:39,0.00134310,7.50000000
2018-02-28 11:02:40,0.00133990,0.01000000
2018-02-28 11:02:40,0.00134000,1000.00000000
2018-02-28 11:02:40,0.00134110,3.00000000
2018-02-28 11:02:40,0.00134350,16.00000000
2018-02-28 11:02:40,0.00134360,7.45000000
2018-02-28 11:02:41,0.00134110,8.57000000
2018-02-28 11:02:41,0.00134300,4.00000000
2018-02-28 11:02:42,0.00134240,1.37000000
2018-02-28 11:02:42,0.00134370,0.01000000
2018-02-28 11:02:42,0.00134240,4.83000000
2018-02-28 11:02:42,0.00134240,25.23000000
2018-02-28 11:02:42,0.00134360,8.57000000
2018-02-28 11:02:42,0.00134370,45.27000000
2018-02-28 11:02:42,0.00134380,120.43000000
2018-02-28 11:02:42,0.00134390,29.97000000
2018-02-28 11:02:43,0.00134240,1.00000000
2018-02-28 11:02:44,0.00134500,6.79000000
2018-02-28 11:02:44,0.00134370,243.17000000
2018-02-28 11:02:45,0.00134250,4.62000000
2018-02-28 11:02:45,0.00134500,79.45000000
2018-02-28 11:02:45,0.00134510,1.50000000
2018-02-28 11:02:45,0.00134600,109.45000000
2018-02-28 11:02:45,0.00134640,1.27000000
2018-02-28 11:02:45,0.00134790,0.85000000
2018-02-28 11:02:45,0.00134840,1.50000000
2018-02-28 11:02:45,0.00134850,1.88000000
2018-02-28 11:02:45,0.00134890,28.54000000
2018-02-28 11:02:45,0.00135000,15.36000000
2018-02-28 11:02:46,0.00134500,0.82000000
2018-02-28 11:02:46,0.00134510,2.00000000
2018-02-28 11:02:46,0.00134530,34.21000000
2018-02-28 11:02:46,0.00134530,40.25000000
2018-02-28 11:02:47,0.00134540,4.62000000
2018-02-28 11:02:47,0.00134540,20.85000000
2018-02-28 11:02:47,0.00134540,0.01000000
2018-02-28 11:02:48,0.00134600,0.75000000
2018-02-28 11:02:49,0.00134980,0.01000000
2018-02-28 11:02:49,0.00134970,25.48000000
2018-02-28 11:02:49,0.00134990,33.58000000
2018-02-28 11:02:50,0.00134990,42.87000000
2018-02-28 11:02:50,0.00135000,270.19000000
2018-02-28 11:02:51,0.00134600,8.00000000
2018-02-28 11:02:52,0.00134900,4.25000000
2018-02-28 11:02:54,0.00134900,3.75000000
2018-02-28 11:02:54,0.00134990,2.89000000
2018-02-28 11:02:54,0.00135000,7.94000000
2018-02-28 11:02:55,0.00134810,82.73000000
2018-02-28 11:02:55,0.00135000,20.31000000
2018-02-28 11:02:56,0.00134810,61.14000000
2018-02-28 11:02:56,0.00134650,3.00000000
2018-02-28 11:02:56,0.00134630,6.99000000
2018-02-28 11:02:57,0.00134810,21.59000000
2018-02-28 11:02:57,0.00134900,1.00000000
2018-02-28 11:02:58,0.00134900,19.85000000
2018-02-28 11:02:58,0.00134900,200.00000000
2018-02-28 11:02:58,0.00134900,1.76000000
2018-02-28 11:02:58,0.00134900,88.54000000
2018-02-28 11:02:58,0.00134900,21.95000000
2018-02-28 11:02:58,0.00134970,22.69000000
2018-02-28 11:02:58,0.00134980,3.00000000
2018-02-28 11:02:58,0.00135000,1009.93000000
2018-02-28 11:02:58,0.00135000,1334.85000000
2018-02-28 11:02:58,0.00135010,3.00000000
2018-02-28 11:02:58,0.00135100,13.43000000
2018-02-28 11:02:58,0.00135140,22.26000000
2018-02-28 11:02:58,0.00135200,10.00000000
2018-02-28 11:02:58,0.00135290,16.97000000
2018-02-28 11:02:58,0.00135300,214.66000000
2018-02-28 11:02:58,0.00135300,21.90000000
2018-02-28 11:02:59,0.00134650,5.00000000
2018-02-28 11:02:59,0.00134980,24.82000000
2018-02-28 11:03:01,0.00134980,3.00000000
2018-02-28 11:03:03,0.00135150,7.00000000
2018-02-28 11:03:03,0.00135160,11.14000000
2018-02-28 11:03:03,0.00135220,16.27000000
2018-02-28 11:03:03,0.00135270,8.25000000
2018-02-28 11:03:04,0.00135200,2.52000000
2018-02-28 11:03:04,0.00134810,2.52000000
2018-02-28 11:03:05,0.00134820,1.50000000
2018-02-28 11:03:05,0.00134830,3.16000000
2018-02-28 11:03:06,0.00135250,1.64000000
2018-02-28 11:03:06,0.00135210,1.93000000
2018-02-28 11:03:06,0.00135000,1.93000000
2018-02-28 11:03:07,0.00135000,1.93000000
2018-02-28 11:03:07,0.00135000,3.04000000
2018-02-28 11:03:10,0.00135000,0.01000000
2018-02-28 11:03:10,0.00134990,4.04000000
2018-02-28 11:03:10,0.00135000,7.90000000
2018-02-28 11:03:11,0.00134980,3.14000000
2018-02-28 11:03:11,0.00135000,3.85000000
2018-02-28 11:03:12,0.00134980,1.94000000
2018-02-28 11:03:13,0.00135000,5.00000000
2018-02-28 11:03:13,0.00134980,0.02000000
2018-02-28 11:03:13,0.00134930,0.98000000
2018-02-28 11:03:15,0.00135070,258.30000000
2018-02-28 11:03:19,0.00134950,0.82000000
2018-02-28 11:03:22,0.00135140,5.00000000
2018-02-28 11:03:22,0.00135150,5.46000000
2018-02-28 11:03:22,0.00135210,7.39000000
2018-02-28 11:03:22,0.00135260,7.83000000
2018-02-28 11:03:22,0.00135270,16.40000000
2018-02-28 11:03:23,0.00134980,74.09000000
2018-02-28 11:03:24,0.00134970,3.33000000
2018-02-28 11:03:26,0.00134980,2.18000000
2018-02-28 11:03:27,0.00135090,2.71000000
2018-02-28 11:03:27,0.00135090,32.83000000
2018-02-28 11:03:29,0.00135090,11.69000000
2018-02-28 11:03:30,0.00135090,9.14000000
2018-02-28 11:03:30,0.00135040,97.53000000
2018-02-28 11:03:31,0.00135040,48.46000000
2018-02-28 11:03:32,0.00135040,49.07000000
2018-02-28 11:03:33,0.00135000,41.03000000
2018-02-28 11:03:35,0.00135000,2.33000000
2018-02-28 11:03:37,0.00135000,0.01000000
2018-02-28 11:03:37,0.00134990,18.70000000
2018-02-28 11:03:37,0.00135000,1.99000000
2018-02-28 11:03:39,0.00135040,1.28000000
2018-02-28 11:03:39,0.00135100,75.38000000
2018-02-28 11:03:39,0.00135150,1.00000000
2018-02-28 11:03:39,0.00135160,1.00000000
2018-02-28 11:03:39,0.00135170,3.77000000
2018-02-28 11:03:39,0.00135180,4.00000000
2018-02-28 11:03:39,0.00135190,1.00000000
2018-02-28 11:03:39,0.00135240,3.33000000
2018-02-28 11:03:39,0.00135260,13.24000000
2018-02-28 11:03:39,0.00135000,8.71000000
2018-02-28 11:03:41,0.00134980,1.00000000
2018-02-28 11:03:43,0.00135000,9.70000000
2018-02-28 11:03:43,0.00135000,9.66000000
2018-02-28 11:03:44,0.00135050,273.10000000
2018-02-28 11:03:45,0.00135120,0.65000000
2018-02-28 11:03:48,0.00135000,10.64000000
2018-02-28 11:03:49,0.00134980,20.44000000
2018-02-28 11:03:50,0.00135110,1.00000000
2018-02-28 11:03:50,0.00135120,0.35000000
2018-02-28 11:03:50,0.00135130,1.00000000
2018-02-28 11:03:50,0.00135140,1.00000000
2018-02-28 11:03:50,0.00135250,9.65000000
2018-02-28 11:03:54,0.00135090,1.00000000
2018-02-28 11:03:54,0.00135100,1.00000000
2018-02-28 11:03:54,0.00135110,2.71000000
2018-02-28 11:03:54,0.00135250,138.21000000
2018-02-28 11:03:54,0.00135260,57.08000000
2018-02-28 11:03:54,0.00135100,1.00000000
2018-02-28 11:03:56,0.00135000,3.00000000
2018-02-28 11:03:56,0.00134980,152.82000000
2018-02-28 11:03:56,0.00134970,50.00000000
2018-02-28 11:03:56,0.00134950,107.62000000
2018-02-28 11:03:58,0.00135110,1.00000000
2018-02-28 11:03:58,0.00135120,1.00000000
2018-02-28 11:03:58,0.00135200,66.35000000
2018-02-28 11:03:58,0.00135210,22.22000000
2018-02-28 11:03:58,0.00135260,707.75000000
2018-02-28 11:03:59,0.00135260,2.12000000
2018-02-28 11:03:59,0.00135260,2.12000000
2018-02-28 11:03:59,0.00135260,1.70000000
2018-02-28 11:03:59,0.00135260,2.12000000
2018-02-28 11:03:59,0.00135260,1.07000000
2018-02-28 11:03:59,0.00135260,3.58000000
2018-02-28 11:03:59,0.00135270,4.47000000
2018-02-28 11:03:59,0.00135340,9.23000000
2018-02-28 11:04:01,0.00135260,1.00000000
2018-02-28 11:04:01,0.00135260,0.90000000
2018-02-28 11:04:02,0.00135270,3.00000000
2018-02-28 11:04:02,0.00135260,267.56000000
2018-02-28 11:04:03,0.00135480,28.33000000
2018-02-28 11:04:05,0.00135350,112.67000000
2018-02-28 11:04:05,0.00135460,5.99000000
2018-02-28 11:04:05,0.00135470,3.00000000
2018-02-28 11:04:05,0.00135480,16.49000000
2018-02-28 11:04:05,0.00135500,38.19000000
2018-02-28 11:04:06,0.00135500,89.25000000
2018-02-28 11:04:06,0.00135500,13.38000000
2018-02-28 11:04:06,0.00135500,88.22000000
2018-02-28 11:04:06,0.00135230,0.75000000
2018-02-28 11:04:07,0.00135230,0.01000000
2018-02-28 11:04:08,0.00135350,0.01000000
2018-02-28 11:04:09,0.00135240,0.82000000
2018-02-28 11:04:11,0.00135260,3.31000000
2018-02-28 11:04:12,0.00135220,0.82000000
2018-02-28 11:04:12,0.00135260,15.12000000
2018-02-28 11:04:12,0.00135000,1.51000000
2018-02-28 11:04:12,0.00135000,3.99000000
2018-02-28 11:04:13,0.00135010,2.25000000
2018-02-28 11:04:13,0.00135010,0.82000000
2018-02-28 11:04:13,0.00135010,5.20000000
2018-02-28 11:04:14,0.00135010,3.68000000
2018-02-28 11:04:14,0.00135010,6.31000000
2018-02-28 11:04:14,0.00135010,5.47000000
2018-02-28 11:04:14,0.00135010,5.24000000
2018-02-28 11:04:14,0.00135010,49.46000000
2018-02-28 11:04:14,0.00135010,18.75000000
2018-02-28 11:04:16,0.00135000,1.50000000
2018-02-28 11:04:16,0.00135000,1.89000000
2018-02-28 11:04:16,0.00135000,8.60000000
2018-02-28 11:04:17,0.00135000,2.25000000
2018-02-28 11:04:17,0.00135000,17.44000000
2018-02-28 11:04:17,0.00135000,9.36000000
2018-02-28 11:04:17,0.00135000,4.72000000
2018-02-28 11:04:18,0.00135000,7.32000000
2018-02-28 11:04:18,0.00135000,16.31000000
2018-02-28 11:04:18,0.00135000,44.40000000
2018-02-28 11:04:18,0.00135000,20.69000000
2018-02-28 11:04:18,0.00135200,46.73000000
2018-02-28 11:04:18,0.00135340,5.93000000
2018-02-28 11:04:18,0.00135350,2.99000000
2018-02-28 11:04:18,0.00135450,2.65000000
2018-02-28 11:04:18,0.00135460,3.51000000
2018-02-28 11:04:18,0.00135500,13.54000000
2018-02-28 11:04:18,0.00135500,56.03000000
2018-02-28 11:04:21,0.00135150,3.22000000
2018-02-28 11:04:22,0.00135150,3.66000000
2018-02-28 11:04:25,0.00135170,1.88000000
2018-02-28 11:04:26,0.00135470,3.99000000
2018-02-28 11:04:26,0.00135320,288.24000000
2018-02-28 11:04:27,0.00135460,7.79000000
2018-02-28 11:04:27,0.00135180,3.24000000
2018-02-28 11:04:29,0.00135440,1.73000000
2018-02-28 11:04:29,0.00135450,0.86000000
2018-02-28 11:04:29,0.00135450,1.31000000
2018-02-28 11:04:30,0.00135130,22.56000000
2018-02-28 11:04:30,0.00135130,1.94000000
2018-02-28 11:04:31,0.00135130,6.62000000
2018-02-28 11:04:31,0.00135130,8.00000000
2018-02-28 11:04:31,0.00135130,2.32000000
2018-02-28 11:04:32,0.00135140,3.40000000
2018-02-28 11:04:34,0.00135160,0.82000000
2018-02-28 11:04:34,0.00135140,16.65000000
2018-02-28 11:04:34,0.00135130,5.57000000
2018-02-28 11:04:36,0.00135170,27.00000000
2018-02-28 11:04:36,0.00135040,15.08000000
2018-02-28 11:04:37,0.00135040,78.69000000
2018-02-28 11:04:37,0.00135010,652.89000000
2018-02-28 11:04:37,0.00135100,8.00000000
2018-02-28 11:04:38,0.00135210,1.86000000
2018-02-28 11:04:38,0.00135210,125.94000000
2018-02-28 11:04:38,0.00135050,21.65000000
2018-02-28 11:04:38,0.00135040,27.47000000
2018-02-28 11:04:39,0.00135190,20.00000000
2018-02-28 11:04:39,0.00135200,74.01000000
2018-02-28 11:04:39,0.00135210,1.86000000
2018-02-28 11:04:40,0.00135200,352.54000000
2018-02-28 11:04:40,0.00135200,410.41000000
2018-02-28 11:04:40,0.00135040,352.54000000
2018-02-28 11:04:40,0.00135010,51.69000000
2018-02-28 11:04:40,0.00135000,2.04000000
2018-02-28 11:04:40,0.00134980,20.55000000
2018-02-28 11:04:40,0.00134960,33.79000000
2018-02-28 11:04:40,0.00134950,50.51000000
2018-02-28 11:04:40,0.00134950,25.39000000
2018-02-28 11:04:40,0.00134950,54.78000000
2018-02-28 11:04:42,0.00135000,5.11000000
2018-02-28 11:04:42,0.00135380,1.92000000
2018-02-28 11:04:43,0.00135000,15.60000000
2018-02-28 11:04:44,0.00135020,15.36000000
2018-02-28 11:04:45,0.00135020,38.00000000
2018-02-28 11:04:45,0.00135000,16.13000000
2018-02-28 11:04:46,0.00134930,8.00000000
2018-02-28 11:04:46,0.00135000,44.75000000
2018-02-28 11:04:46,0.00135000,13.19000000
2018-02-28 11:04:46,0.00135010,62.00000000
2018-02-28 11:04:47,0.00134950,8.66000000
2018-02-28 11:04:48,0.00134930,7.50000000
2018-02-28 11:04:49,0.00134950,15.01000000
2018-02-28 11:04:50,0.00134930,7.00000000
2018-02-28 11:04:50,0.00134940,303.37000000
2018-02-28 11:04:51,0.00134930,8.72000000
2018-02-28 11:04:51,0.00134930,3.28000000
2018-02-28 11:04:52,0.00134930,1.50000000
2018-02-28 11:04:53,0.00134950,406.56000000
2018-02-28 11:04:53,0.00134930,260.78000000
2018-02-28 11:04:54,0.00134930,7.41000000
2018-02-28 11:04:55,0.00134860,7.00000000
2018-02-28 11:04:55,0.00134930,1.85000000
2018-02-28 11:04:56,0.00134930,7.41000000
2018-02-28 11:04:57,0.00134860,3.78000000
2018-02-28 11:04:57,0.00134860,5.56000000
2018-02-28 11:04:58,0.00134860,41.35000000
2018-02-28 11:04:59,0.00134680,2.52000000
2018-02-28 11:04:59,0.00134550,17.71000000
2018-02-28 11:04:59,0.00134540,3.34000000
2018-02-28 11:04:59,0.00134490,2.22000000
2018-02-28 11:04:59,0.00134410,0.77000000
2018-02-28 11:04:59,0.00134350,2.23000000
2018-02-28 11:04:59,0.00134310,1.19000000
2018-02-28 11:04:59,0.00134300,23.42000000
2018-02-28 11:04:59,0.00134280,3.77000000
2018-02-28 11:04:59,0.00134170,59.13000000
2018-02-28 11:05:02,0.00134590,0.90000000
2018-02-28 11:05:05,0.00134760,142.94000000
2018-02-28 11:05:05,0.00134650,3.71000000
2018-02-28 11:05:05,0.00134640,1.49000000
2018-02-28 11:05:05,0.00134610,3.71000000
2018-02-28 11:05:06,0.00134870,19.20000000
2018-02-28 11:05:07,0.00134880,10.68000000
2018-02-28 11:05:10,0.00134610,1.87000000
2018-02-28 11:05:11,0.00134620,14.00000000
2018-02-28 11:05:13,0.00134840,0.89000000
2018-02-28 11:05:14,0.00134820,1.88000000
2018-02-28 11:05:14,0.00134830,3.77000000
2018-02-28 11:05:14,0.00134870,4.41000000
2018-02-28 11:05:14,0.00134880,19.94000000
2018-02-28 11:05:15,0.00134680,99.52000000
2018-02-28 11:05:17,0.00134740,3.19000000
2018-02-28 11:05:17,0.00134740,315.32000000
2018-02-28 11:05:18,0.00134740,3.19000000
2018-02-28 11:05:18,0.00134860,2.31000000
2018-02-28 11:05:18,0.00134880,26.70000000
2018-02-28 11:05:18,0.00134930,14.88000000
2018-02-28 11:05:18,0.00135000,8.57000000
2018-02-28 11:05:19,0.00135000,60.89000000
2018-02-28 11:05:19,0.00135000,75.86000000
2018-02-28 11:05:19,0.00135000,1.88000000
2018-02-28 11:05:21,0.00135000,7.41000000
2018-02-28 11:05:23,0.00135000,246.73000000
2018-02-28 11:05:23,0.00135150,2.22000000
2018-02-28 11:05:23,0.00135210,3.34000000
2018-02-28 11:05:23,0.00135240,0.26000000
2018-02-28 11:05:23,0.00135000,29.24000000
2018-02-28 11:05:26,0.00135000,66.78000000
2018-02-28 11:05:26,0.00135000,2.06000000
2018-02-28 11:05:27,0.00135000,0.01000000
2018-02-28 11:05:30,0.00134880,1.63000000
2018-02-28 11:05:30,0.00134610,1.70000000
2018-02-28 11:05:31,0.00135000,68.84000000
2018-02-28 11:05:31,0.00135170,1.45000000
2018-02-28 11:05:31,0.00135000,13.85000000
2018-02-28 11:05:33,0.00135080,158.07000000
2018-02-28 11:05:33,0.00135000,11.66000000
2018-02-28 11:05:33,0.00134710,0.23000000
2018-02-28 11:05:34,0.00135170,0.48000000
2018-02-28 11:05:36,0.00135160,1.70000000
2018-02-28 11:05:36,0.00135170,5.70000000
2018-02-28 11:05:37,0.00135000,34.38000000
2018-02-28 11:05:37,0.00135150,13.30000000
2018-02-28 11:05:37,0.00135170,13.48000000
2018-02-28 11:05:37,0.00135000,0.57000000
2018-02-28 11:05:37,0.00134890,1.21000000
2018-02-28 11:05:38,0.00135170,11.90000000
2018-02-28 11:05:40,0.00135000,0.02000000
2018-02-28 11:05:41,0.00135000,27.32000000
2018-02-28 11:05:41,0.00134890,2.20000000
2018-02-28 11:05:42,0.00134890,0.03000000
2018-02-28 11:05:46,0.00135000,7.61000000
2018-02-28 11:05:46,0.00135170,4.84000000
2018-02-28 11:05:46,0.00135170,1.00000000
2018-02-28 11:05:47,0.00135170,16.55000000
2018-02-28 11:05:47,0.00135200,18.44000000
2018-02-28 11:05:49,0.00135000,1.00000000
2018-02-28 11:05:52,0.00135000,2.37000000
2018-02-28 11:05:52,0.00135200,9.83000000
2018-02-28 11:05:53,0.00135000,0.37000000
2018-02-28 11:05:55,0.00135090,333.64000000
2018-02-28 11:06:02,0.00135090,3.00000000
2018-02-28 11:06:02,0.00135000,11.92000000
2018-02-28 11:06:03,0.00135000,20.61000000
2018-02-28 11:06:03,0.00135000,8.55000000
2018-02-28 11:06:05,0.00135000,7.16000000
2018-02-28 11:06:07,0.00135000,0.81000000
2018-02-28 11:06:09,0.00135130,5.15000000
2018-02-28 11:06:10,0.00134930,3.00000000
2018-02-28 11:06:12,0.00134930,172.87000000
2018-02-28 11:06:15,0.00134920,11.75000000
2018-02-28 11:06:21,0.00134940,3.00000000
2018-02-28 11:06:22,0.00135090,14.99000000
2018-02-28 11:06:23,0.00134930,1.00000000
2018-02-28 11:06:26,0.00135120,3.00000000
2018-02-28 11:06:26,0.00135130,5.96000000
2018-02-28 11:06:28,0.00135050,12.44000000
2018-02-28 11:06:29,0.00134930,14.00000000
2018-02-28 11:06:30,0.00134930,7.98000000
2018-02-28 11:06:30,0.00135050,32.81000000
2018-02-28 11:06:31,0.00135180,71.47000000
2018-02-28 11:06:31,0.00134930,7.98000000
2018-02-28 11:06:31,0.00134920,54.56000000
2018-02-28 11:06:33,0.00135110,2.26000000
2018-02-28 11:06:34,0.00135180,2.94000000
2018-02-28 11:06:35,0.00134920,56.10000000
2018-02-28 11:06:38,0.00135180,110.00000000
2018-02-28 11:06:40,0.00135000,100.00000000
2018-02-28 11:06:42,0.00135180,84.06000000
2018-02-28 11:06:43,0.00135180,34.91000000
2018-02-28 11:06:44,0.00135180,35.31000000
2018-02-28 11:06:45,0.00135050,188.01000000
2018-02-28 11:06:47,0.00135000,17.10000000
2018-02-28 11:06:49,0.00135180,49.44000000
2018-02-28 11:06:49,0.00135200,458.98000000
2018-02-28 11:06:49,0.00135220,2.42000000
2018-02-28 11:06:49,0.00135240,16.80000000
2018-02-28 11:06:50,0.00135080,67.82000000
2018-02-28 11:06:51,0.00135110,20.00000000
2018-02-28 11:06:54,0.00135060,22.21000000
2018-02-28 11:06:54,0.00135050,1.24000000
2018-02-28 11:06:57,0.00135150,27.57000000
2018-02-28 11:06:58,0.00135240,1.48000000
2018-02-28 11:07:00,0.00135140,66.34000000
2018-02-28 11:07:00,0.00135150,20.00000000
2018-02-28 11:07:00,0.00135170,2.21000000
2018-02-28 11:07:01,0.00135240,1.96000000
2018-02-28 11:07:01,0.00135240,1.04000000
2018-02-28 11:07:01,0.00135060,2.67000000
2018-02-28 11:07:02,0.00135200,208.29000000
2018-02-28 11:07:06,0.00135370,22.21000000
2018-02-28 11:07:06,0.00135380,4.91000000
2018-02-28 11:07:06,0.00135450,20.00000000
2018-02-28 11:07:06,0.00135460,2.59000000
2018-02-28 11:07:07,0.00135500,14.70000000
2018-02-28 11:07:07,0.00135200,5.99000000
2018-02-28 11:07:08,0.00135400,5.99000000
2018-02-28 11:07:08,0.00135210,39.13000000
2018-02-28 11:07:11,0.00135360,203.14000000
2018-02-28 11:07:13,0.00135350,1.76000000
2018-02-28 11:07:13,0.00135350,170.15000000
2018-02-28 11:07:13,0.00135360,2.16000000
2018-02-28 11:07:14,0.00135490,1.85000000
2018-02-28 11:07:16,0.00135360,46.42000000
2018-02-28 11:07:17,0.00135360,0.01000000
2018-02-28 11:07:19,0.00135490,0.01000000
2018-02-28 11:07:20,0.00135360,0.01000000
2018-02-28 11:07:20,0.00135270,0.99000000
2018-02-28 11:07:21,0.00135360,7.66000000
2018-02-28 11:07:22,0.00135490,74.31000000
2018-02-28 11:07:22,0.00135500,131.81000000
2018-02-28 11:07:22,0.00135510,35.36000000
2018-02-28 11:07:22,0.00135560,11.50000000
2018-02-28 11:07:22,0.00135580,5.00000000
2018-02-28 11:07:22,0.00135590,7.16000000
2018-02-28 11:07:22,0.00135600,246.72000000
2018-02-28 11:07:24,0.00135500,92.16000000
2018-02-28 11:07:24,0.00135600,29.40000000
2018-02-28 11:07:24,0.00135500,0.02000000
2018-02-28 11:07:24,0.00135360,0.02000000
2018-02-28 11:07:24,0.00135330,3.67000000
2018-02-28 11:07:27,0.00135440,3.67000000
2018-02-28 11:07:27,0.00135450,3.00000000
2018-02-28 11:07:28,0.00135540,42.71000000
2018-02-28 11:07:28,0.00135490,35.35000000
2018-02-28 11:07:31,0.00135490,36.53000000
2018-02-28 11:07:32,0.00135490,4.00000000
2018-02-28 11:07:32,0.00135490,3.71000000
2018-02-28 11:07:34,0.00135590,0.19000000
2018-02-28 11:07:35,0.00135490,214.66000000
2018-02-28 11:07:37,0.00135330,15.92000000
2018-02-28 11:07:39,0.00135500,3.50000000
2018-02-28 11:07:41,0.00135500,0.01000000
2018-02-28 11:07:42,0.00135540,218.28000000
2018-02-28 11:07:42,0.00135590,0.01000000
2018-02-28 11:07:44,0.00135590,1.00000000
2018-02-28 11:07:47,0.00135500,24.40000000
2018-02-28 11:07:47,0.00135500,1.00000000
2018-02-28 11:07:49,0.00135510,2.87000000
2018-02-28 11:07:49,0.00135510,1.76000000
2018-02-28 11:07:50,0.00135510,116.41000000
2018-02-28 11:07:50,0.00135500,355.97000000
2018-02-28 11:07:50,0.00135490,183.05000000
2018-02-28 11:07:51,0.00135330,3.40000000
2018-02-28 11:07:52,0.00135510,5.00000000
2018-02-28 11:07:52,0.00135550,3.05000000
2018-02-28 11:07:52,0.00135330,4.98000000
2018-02-28 11:07:52,0.00135330,3.68000000
2018-02-28 11:07:55,0.00135510,4.11000000
2018-02-28 11:07:55,0.00135540,57.84000000
2018-02-28 11:07:55,0.00135510,111.05000000
2018-02-28 11:07:55,0.00135340,3.00000000
2018-02-28 11:07:55,0.00135330,63.32000000
2018-02-28 11:07:58,0.00135530,3.00000000
2018-02-28 11:07:58,0.00135540,57.84000000
2018-02-28 11:07:58,0.00135560,5.92000000
2018-02-28 11:07:58,0.00135580,2.07000000
2018-02-28 11:07:58,0.00135590,0.92000000
2018-02-28 11:07:58,0.00135600,285.73000000
2018-02-28 11:07:58,0.00135600,7.29000000
2018-02-28 11:07:58,0.00135600,8.97000000
2018-02-28 11:07:58,0.00135600,3.22000000
2018-02-28 11:07:58,0.00135600,161.80000000
2018-02-28 11:08:00,0.00135340,11.76000000
2018-02-28 11:08:01,0.00135620,5.54000000
2018-02-28 11:08:01,0.00135600,3.00000000
2018-02-28 11:08:01,0.00135510,12.23000000
2018-02-28 11:08:01,0.00135610,0.38000000
2018-02-28 11:08:03,0.00135490,11.38000000
2018-02-28 11:08:03,0.00135500,5.00000000
2018-02-28 11:08:03,0.00135590,76.32000000
2018-02-28 11:08:03,0.00135340,22.16000000
2018-02-28 11:08:03,0.00135330,1.52000000
2018-02-28 11:08:05,0.00135340,76.81000000
2018-02-28 11:08:06,0.00135590,0.81000000
2018-02-28 11:08:06,0.00135550,6.03000000
2018-02-28 11:08:07,0.00135600,73.84000000
2018-02-28 11:08:07,0.00135610,22.16000000
2018-02-28 11:08:07,0.00135620,203.72000000
2018-02-28 11:08:07,0.00135660,16.68000000
2018-02-28 11:08:07,0.00135350,17.42000000
2018-02-28 11:08:07,0.00135500,233.41000000
2018-02-28 11:08:08,0.00135640,20.00000000
2018-02-28 11:08:08,0.00135650,17.42000000
2018-02-28 11:08:08,0.00135660,302.46000000
2018-02-28 11:08:08,0.00135690,151.20000000
2018-02-28 11:08:08,0.00135800,293.59000000
2018-02-28 11:08:08,0.00135880,749.17000000
2018-02-28 11:08:10,0.00135620,20.00000000
2018-02-28 11:08:10,0.00135600,8.00000000
2018-02-28 11:08:10,0.00135520,22.13000000
2018-02-28 11:08:10,0.00135510,5.17000000
2018-02-28 11:08:10,0.00135490,9.20000000
2018-02-28 11:08:10,0.00135350,15.51000000
2018-02-28 11:08:10,0.00135340,41.90000000
2018-02-28 11:08:11,0.00135340,0.01000000
2018-02-28 11:08:11,0.00135620,0.01000000
2018-02-28 11:08:14,0.00135500,8.00000000
2018-02-28 11:08:14,0.00135600,2.02000000
2018-02-28 11:08:14,0.00135610,22.13000000
2018-02-28 11:08:14,0.00135620,15.50000000
2018-02-28 11:08:14,0.00135780,5.17000000
2018-02-28 11:08:14,0.00135870,42.18000000
2018-02-28 11:08:14,0.00135870,7.66000000
2018-02-28 11:08:14,0.00135870,50.87000000
2018-02-28 11:08:14,0.00135870,50.87000000
2018-02-28 11:08:14,0.00135870,19.98000000
2018-02-28 11:08:14,0.00135870,326.01000000
2018-02-28 11:08:14,0.00135340,6.61000000
2018-02-28 11:08:18,0.00135620,1.87000000
2018-02-28 11:08:18,0.00135620,2.40000000
2018-02-28 11:08:18,0.00135620,0.94000000
2018-02-28 11:08:18,0.00135580,22.12000000
2018-02-28 11:08:18,0.00135550,18.12000000
2018-02-28 11:08:18,0.00135500,9.36000000
2018-02-28 11:08:18,0.00135340,169.24000000
2018-02-28 11:08:18,0.00135340,2.77000000
2018-02-28 11:08:19,0.00135340,25.00000000
2018-02-28 11:08:19,0.00135340,7.95000000
2018-02-28 11:08:20,0.00135330,1.85000000
2018-02-28 11:08:21,0.00135330,7.12000000
2018-02-28 11:08:22,0.00135330,4.40000000
2018-02-28 11:08:22,0.00135340,25.00000000
2018-02-28 11:08:22,0.00135330,14.15000000
2018-02-28 11:08:22,0.00135330,3.74000000
2018-02-28 11:08:23,0.00135330,11.44000000
2018-02-28 11:08:23,0.00135330,32.38000000
2018-02-28 11:08:24,0.00135340,31.87000000
2018-02-28 11:08:25,0.00135330,2.92000000
2018-02-28 11:08:25,0.00135340,37.63000000
2018-02-28 11:08:25,0.00135350,1.49000000
2018-02-28 11:08:25,0.00135350,2.97000000
2018-02-28 11:08:26,0.00135350,14.15000000
2018-02-28 11:08:26,0.00135360,1.65000000
2018-02-28 11:08:27,0.00135370,3.80000000
2018-02-28 11:08:31,0.00135500,77.00000000
2018-02-28 11:08:32,0.00135500,2.41000000
2018-02-28 11:08:33,0.00135500,9.66000000
2018-02-28 11:08:33,0.00135650,22.41000000
2018-02-28 11:08:33,0.00135660,3.69000000
2018-02-28 11:08:33,0.00135690,24.10000000
2018-02-28 11:08:33,0.00135700,88.21000000
2018-02-28 11:08:34,0.00135500,32.97000000
2018-02-28 11:08:38,0.00135700,427.00000000
2018-02-28 11:08:38,0.00135700,22.05000000
2018-02-28 11:08:40,0.00135700,7.03000000
2018-02-28 11:08:41,0.00135700,31.63000000
2018-02-28 11:08:42,0.00135700,7.87000000
2018-02-28 11:08:43,0.00135770,248.21000000
2018-02-28 11:08:44,0.00135700,0.92000000
2018-02-28 11:08:44,0.00135700,16.98000000
2018-02-28 11:08:45,0.00135700,16.98000000
2018-02-28 11:08:52,0.00135700,6.57000000
2018-02-28 11:08:52,0.00135820,6.79000000
2018-02-28 11:08:52,0.00135840,7.71000000
2018-02-28 11:08:53,0.00135840,25.77000000
2018-02-28 11:08:53,0.00135850,202.73000000
2018-02-28 11:08:53,0.00135850,11.00000000
2018-02-28 11:08:54,0.00135770,87.78000000
2018-02-28 11:08:54,0.00135850,17.15000000
2018-02-28 11:08:55,0.00135850,583.24000000
2018-02-28 11:08:56,0.00135850,45.38000000
2018-02-28 11:08:57,0.00135850,317.02000000
2018-02-28 11:08:57,0.00135700,0.01000000
2018-02-28 11:08:57,0.00135700,0.90000000
2018-02-28 11:08:58,0.00135850,6.03000000
2018-02-28 11:08:58,0.00135860,141.69000000
2018-02-28 11:08:58,0.00135700,211.12000000
2018-02-28 11:08:59,0.00135700,0.01000000
2018-02-28 11:09:01,0.00135700,2.85000000
2018-02-28 11:09:02,0.00135520,2.77000000
2018-02-28 11:09:03,0.00135500,44.71000000
2018-02-28 11:09:04,0.00135690,40.62000000
2018-02-28 11:09:04,0.00135500,1.76000000
2018-02-28 11:09:04,0.00135500,2.53000000
2018-02-28 11:09:06,0.00135510,1.68000000
2018-02-28 11:09:06,0.00135690,12.93000000
2018-02-28 11:09:08,0.00135520,4.30000000
2018-02-28 11:09:08,0.00135510,124.57000000
2018-02-28 11:09:08,0.00135500,150.16000000
2018-02-28 11:09:08,0.00135500,8.89000000
2018-02-28 11:09:08,0.00135500,13.64000000
2018-02-28 11:09:08,0.00135500,1.50000000
2018-02-28 11:09:10,0.00135500,104.03000000
2018-02-28 11:09:12,0.00135500,2.66000000
2018-02-28 11:09:13,0.00135500,4.36000000
2018-02-28 11:09:13,0.00135500,2.66000000
2018-02-28 11:09:14,0.00135580,263.35000000
2018-02-28 11:09:15,0.00135500,2.66000000
2018-02-28 11:09:15,0.00135500,11.67000000
2018-02-28 11:09:16,0.00135500,2.66000000
2018-02-28 11:09:20,0.00135680,351.25000000
2018-02-28 11:09:20,0.00135690,391.65000000
2018-02-28 11:09:22,0.00135690,1.29000000
2018-02-28 11:09:23,0.00135520,7.31000000
2018-02-28 11:09:23,0.00135520,1.87000000
2018-02-28 11:09:23,0.00135520,40.17000000
2018-02-28 11:09:23,0.00135500,0.81000000
2018-02-28 11:09:24,0.00135500,246.27000000
2018-02-28 11:09:27,0.00135500,16.00000000
2018-02-28 11:09:27,0.00135450,1.57000000
2018-02-28 11:09:28,0.00135450,1.63000000
2018-02-28 11:09:28,0.00135430,2.22000000
2018-02-28 11:09:28,0.00135400,17.02000000
2018-02-28 11:09:28,0.00135340,52.24000000
2018-02-28 11:09:28,0.00135410,102.91000000
2018-02-28 11:09:30,0.00135340,542.78000000
2018-02-28 11:09:31,0.00135340,2.62000000
2018-02-28 11:09:32,0.00135450,1.50000000
2018-02-28 11:09:32,0.00135340,19.12000000
2018-02-28 11:09:33,0.00135340,11.40000000
2018-02-28 11:09:34,0.00135340,1.92000000
2018-02-28 11:09:34,0.00135340,3.64000000
2018-02-28 11:09:35,0.00135340,1.76000000
2018-02-28 11:09:35,0.00135340,11.07000000
2018-02-28 11:09:37,0.00135340,0.92000000
2018-02-28 11:09:41,0.00135450,5.64000000
2018-02-28 11:09:41,0.00135350,3.62000000
2018-02-28 11:09:43,0.00135390,278.48000000
2018-02-28 11:09:43,0.00135350,61.88000000
2018-02-28 11:09:46,0.00135350,175.19000000
2018-02-28 11:09:46,0.00135340,290.72000000
2018-02-28 11:09:46,0.00135330,10.87000000
2018-02-28 11:09:47,0.00135440,3.69000000
2018-02-28 11:09:47,0.00135450,21.23000000
2018-02-28 11:09:47,0.00135330,10.00000000
2018-02-28 11:09:50,0.00135330,72.64000000
2018-02-28 11:09:50,0.00135300,23.39000000
2018-02-28 11:09:53,0.00135250,2.51000000
2018-02-28 11:09:56,0.00135220,1.87000000
2018-02-28 11:09:58,0.00135220,4.99000000
2018-02-28 11:10:01,0.00135300,17.05000000
2018-02-28 11:10:03,0.00135250,118.05000000
2018-02-28 11:10:05,0.00135220,2.37000000
2018-02-28 11:10:05,0.00135290,10.63000000
2018-02-28 11:10:05,0.00135300,2.95000000
2018-02-28 11:10:05,0.00135330,42.26000000
2018-02-28 11:10:06,0.00135340,44.86000000
2018-02-28 11:10:07,0.00135340,6.01000000
2018-02-28 11:10:10,0.00135340,1.77000000
2018-02-28 11:10:11,0.00135340,101.61000000
2018-02-28 11:10:12,0.00135340,97.54000000
2018-02-28 11:10:12,0.00135340,100.00000000
2018-02-28 11:10:14,0.00135340,11.40000000
2018-02-28 11:10:18,0.00135220,12.95000000
2018-02-28 11:10:18,0.00135210,11.82000000
2018-02-28 11:10:18,0.00135140,31.55000000
2018-02-28 11:10:18,0.00135110,1.25000000
2018-02-28 11:10:18,0.00135100,110.15000000
2018-02-28 11:10:18,0.00135050,11.71000000
2018-02-28 11:10:18,0.00135000,61.09000000
2018-02-28 11:10:23,0.00135330,293.62000000
2018-02-28 11:10:24,0.00135440,1.81000000
2018-02-28 11:10:27,0.00135260,3.69000000
2018-02-28 11:10:28,0.00135260,1.31000000
2018-02-28 11:10:30,0.00135480,1.73000000
2018-02-28 11:10:30,0.00135480,94.27000000
2018-02-28 11:10:34,0.00135490,18.85000000
2018-02-28 11:10:35,0.00135490,0.01000000
2018-02-28 11:10:37,0.00135250,3.69000000
2018-02-28 11:10:37,0.00135220,165.36000000
2018-02-28 11:10:37,0.00135050,5.92000000
2018-02-28 11:10:37,0.00135000,240.51000000
2018-02-28 11:10:37,0.00134950,66.77000000
2018-02-28 11:10:37,0.00134950,0.77000000
2018-02-28 11:10:37,0.00134950,34.80000000
2018-02-28 11:10:37,0.00135000,3.04000000
2018-02-28 11:10:37,0.00135000,2.79000000
2018-02-28 11:10:37,0.00135000,2.79000000
2018-02-28 11:10:37,0.00135000,4.59000000
2018-02-28 11:10:38,0.00135000,33.75000000
2018-02-28 11:10:38,0.00135000,71.37000000
2018-02-28 11:10:38,0.00135000,2.00000000
2018-02-28 11:10:39,0.00135000,6.04000000
2018-02-28 11:10:39,0.00134930,1.41000000
2018-02-28 11:10:39,0.00135000,4.28000000
2018-02-28 11:10:41,0.00134960,133.18000000
2018-02-28 11:10:41,0.00134930,1.91000000
2018-02-28 11:10:41,0.00134930,5.64000000
2018-02-28 11:10:41,0.00134930,12.04000000
2018-02-28 11:10:41,0.00134900,18.79000000
2018-02-28 11:10:41,0.00134890,3.71000000
2018-02-28 11:10:41,0.00134810,23.62000000
2018-02-28 11:10:41,0.00134790,0.76000000
2018-02-28 11:10:41,0.00134720,2.19000000
2018-02-28 11:10:41,0.00134710,111.35000000
2018-02-28 11:10:41,0.00134650,2.23000000
2018-02-28 11:10:41,0.00134640,3.34000000
2018-02-28 11:10:41,0.00134520,3.72000000
2018-02-28 11:10:41,0.00134500,251.49000000
2018-02-28 11:10:41,0.00134480,7.44000000
2018-02-28 11:10:41,0.00134380,16.00000000
2018-02-28 11:10:41,0.00134340,3.72000000
2018-02-28 11:10:41,0.00134330,3.71000000
2018-02-28 11:10:41,0.00134270,5.20000000
2018-02-28 11:10:41,0.00134260,274.95000000
2018-02-28 11:10:42,0.00134930,2.22000000
2018-02-28 11:10:42,0.00135000,4.78000000
2018-02-28 11:10:44,0.00134440,74.44000000
2018-02-28 11:10:44,0.00134430,15.51000000
2018-02-28 11:10:45,0.00134420,2.84000000
2018-02-28 11:10:45,0.00134700,7.40000000
2018-02-28 11:10:45,0.00134700,7.40000000
2018-02-28 11:10:45,0.00134690,1.57000000
2018-02-28 11:10:45,0.00134500,7.40000000
2018-02-28 11:10:45,0.00134690,7.40000000
2018-02-28 11:10:45,0.00134690,7.40000000
2018-02-28 11:10:45,0.00134690,7.40000000
2018-02-28 11:10:45,0.00134690,7.40000000
2018-02-28 11:10:45,0.00134690,7.40000000
2018-02-28 11:10:45,0.00134690,7.40000000
2018-02-28 11:10:45,0.00134690,7.40000000
2018-02-28 11:10:45,0.00134690,7.40000000
2018-02-28 11:10:46,0.00134690,7.40000000
2018-02-28 11:10:46,0.00134690,3.58000000
2018-02-28 11:10:46,0.00134440,29.40000000
2018-02-28 11:10:48,0.00134490,2.68000000
2018-02-28 11:10:50,0.00134260,2.97000000
2018-02-28 11:10:50,0.00134280,1.12000000
2018-02-28 11:10:50,0.00134280,6.32000000
2018-02-28 11:10:50,0.00134400,7.40000000
2018-02-28 11:10:54,0.00134450,29.88000000
2018-02-28 11:10:55,0.00134410,74.41000000
2018-02-28 11:10:55,0.00134400,8.00000000
2018-02-28 11:10:55,0.00134400,17.09000000
2018-02-28 11:10:55,0.00134410,42.91000000
2018-02-28 11:10:56,0.00134590,7.90000000
2018-02-28 11:10:57,0.00134440,308.75000000
2018-02-28 11:10:58,0.00134500,8.00000000
2018-02-28 11:10:58,0.00134550,66.52000000
2018-02-28 11:10:58,0.00134560,22.18000000
2018-02-28 11:10:58,0.00134580,24.40000000
2018-02-28 11:10:58,0.00134690,1.69000000
2018-02-28 11:10:58,0.00134700,0.71000000
2018-02-28 11:10:58,0.00134790,23.26000000
2018-02-28 11:10:58,0.00135000,928.24000000
2018-02-28 11:11:02,0.00134970,21.65000000
2018-02-28 11:11:02,0.00134980,3.71000000
2018-02-28 11:11:02,0.00135000,19.40000000
2018-02-28 11:11:05,0.00134670,25.37000000
2018-02-28 11:11:09,0.00134980,25.37000000
2018-02-28 11:11:09,0.00134990,69.43000000
2018-02-28 11:11:13,0.00134980,26.30000000
2018-02-28 11:11:16,0.00134850,148.32000000
2018-02-28 11:11:19,0.00134980,20.72000000
2018-02-28 11:11:21,0.00134730,0.41000000
2018-02-28 11:11:23,0.00134980,0.18000000
2018-02-28 11:11:24,0.00134930,3.87000000
2018-02-28 11:11:24,0.00134980,20.19000000
2018-02-28 11:11:25,0.00134980,2.65000000
2018-02-28 11:11:26,0.00134980,27.86000000
2018-02-28 11:11:26,0.00134750,19.59000000
2018-02-28 11:11:26,0.00134740,16.65000000
2018-02-28 11:11:27,0.00134990,6.04000000
2018-02-28 11:11:30,0.00134990,61.61000000
2018-02-28 11:11:30,0.00134990,1.00000000
2018-02-28 11:11:31,0.00134990,10.76000000
2018-02-28 11:11:31,0.00134900,7.50000000
2018-02-28 11:11:32,0.00134810,4.00000000
2018-02-28 11:11:32,0.00134810,319.89000000
2018-02-28 11:11:37,0.00134810,4.00000000
2018-02-28 11:11:37,0.00134740,40.74000000
2018-02-28 11:11:39,0.00134900,2.39000000
2018-02-28 11:11:39,0.00134740,15.97000000
2018-02-28 11:11:45,0.00134900,54.00000000
2018-02-28 11:11:46,0.00134900,1.48000000
2018-02-28 11:11:47,0.00134750,0.80000000
2018-02-28 11:11:47,0.00134740,62.14000000
2018-02-28 11:11:47,0.00134720,6.06000000
2018-02-28 11:11:51,0.00134630,0.09000000
2018-02-28 11:11:53,0.00134750,163.12000000
2018-02-28 11:11:55,0.00134890,7.64000000
2018-02-28 11:11:55,0.00134900,2.36000000
2018-02-28 11:12:11,0.00134740,5.65000000
2018-02-28 11:12:12,0.00134620,74.25000000
2018-02-28 11:12:12,0.00134620,116.74000000
2018-02-28 11:12:12,0.00134610,22.28000000
2018-02-28 11:12:12,0.00134610,52.06000000
2018-02-28 11:12:12,0.00134620,5.82000000
2018-02-28 11:12:19,0.00134860,0.40000000
2018-02-28 11:12:20,0.00134860,1.00000000
2018-02-28 11:12:25,0.00134850,1.35000000
2018-02-28 11:12:25,0.00134860,20.87000000
2018-02-28 11:12:26,0.00134730,178.25000000
2018-02-28 11:12:28,0.00134850,2.00000000
2018-02-28 11:12:28,0.00134840,2.50000000
2018-02-28 11:12:31,0.00134850,46.12000000
2018-02-28 11:12:32,0.00134860,0.01000000
2018-02-28 11:12:32,0.00134870,1.55000000
2018-02-28 11:12:40,0.00134860,7.98000000
2018-02-28 11:12:40,0.00134860,2.10000000
2018-02-28 11:12:42,0.00134850,102.36000000
2018-02-28 11:12:42,0.00134860,29.31000000
2018-02-28 11:12:43,0.00134860,10.61000000
2018-02-28 11:12:48,0.00134860,45.95000000
2018-02-28 11:12:53,0.00134860,120.31000000
2018-02-28 11:12:53,0.00134850,3.70000000
2018-02-28 11:12:54,0.00134840,2.88000000
2018-02-28 11:12:54,0.00134770,193.39000000
2018-02-28 11:12:56,0.00134840,27.39000000
2018-02-28 11:12:56,0.00134840,5.11000000
2018-02-28 11:13:02,0.00134840,375.64000000
2018-02-28 11:13:02,0.00134840,796.13000000
2018-02-28 11:13:02,0.00134890,1.48000000
2018-02-28 11:13:02,0.00134900,2.83000000
2018-02-28 11:13:10,0.00134850,32.96000000
2018-02-28 11:13:12,0.00134940,1.45000000
2018-02-28 11:13:12,0.00134950,1.00000000
2018-02-28 11:13:12,0.00134980,1.62000000
2018-02-28 11:13:12,0.00134990,69.16000000
2018-02-28 11:13:17,0.00134990,29.37000000
2018-02-28 11:13:18,0.00134850,62.03000000
2018-02-28 11:13:18,0.00134780,3.00000000
2018-02-28 11:13:18,0.00134730,20.00000000
2018-02-28 11:13:18,0.00134710,2.00000000
2018-02-28 11:13:24,0.00134760,3.71000000
2018-02-28 11:13:24,0.00134730,20.00000000
2018-02-28 11:13:24,0.00134720,3.71000000
2018-02-28 11:13:24,0.00134710,22.58000000
2018-02-28 11:13:24,0.00134850,16.64000000
2018-02-28 11:13:27,0.00134850,0.01000000
2018-02-28 11:13:28,0.00134980,1.00000000
2018-02-28 11:13:29,0.00134850,66.87000000
2018-02-28 11:13:29,0.00134850,1.00000000
2018-02-28 11:13:30,0.00134820,208.52000000
2018-02-28 11:13:31,0.00134840,1.00000000
2018-02-28 11:13:32,0.00134840,0.41000000
2018-02-28 11:13:32,0.00134850,0.59000000
2018-02-28 11:13:32,0.00134850,30.12000000
2018-02-28 11:13:32,0.00134840,2.00000000
2018-02-28 11:13:32,0.00134800,3.85000000
2018-02-28 11:13:33,0.00134850,1.00000000
2018-02-28 11:13:34,0.00134850,49.28000000
2018-02-28 11:13:34,0.00134850,56.03000000
2018-02-28 11:13:35,0.00134990,1.00000000
2018-02-28 11:13:36,0.00134990,1.00000000
2018-02-28 11:13:37,0.00134990,52.36000000
2018-02-28 11:13:37,0.00134990,6.13000000
2018-02-28 11:13:37,0.00135000,1280.07000000
2018-02-28 11:13:37,0.00135000,6.13000000
2018-02-28 11:13:38,0.00135050,1.00000000
2018-02-28 11:13:40,0.00135050,1.00000000
2018-02-28 11:13:40,0.00135050,109.35000000
2018-02-28 11:13:40,0.00135080,2.98000000
2018-02-28 11:13:50,0.00135170,48.09000000
2018-02-28 11:13:58,0.00135270,1.38000000
2018-02-28 11:13:58,0.00135280,3.72000000
2018-02-28 11:13:58,0.00135290,7.44000000
2018-02-28 11:13:58,0.00135310,3.34000000
2018-02-28 11:13:58,0.00135390,4.12000000
2018-02-28 11:14:01,0.00135310,1.00000000
2018-02-28 11:14:01,0.00135390,3.00000000
2018-02-28 11:14:01,0.00135250,223.66000000
2018-02-28 11:14:02,0.00135270,6.41000000
2018-02-28 11:14:04,0.00135390,1.00000000
2018-02-28 11:14:05,0.00135390,15.00000000
2018-02-28 11:14:06,0.00135390,0.05000000
2018-02-28 11:14:06,0.00135400,0.95000000
2018-02-28 11:14:08,0.00135400,1.24000000
2018-02-28 11:14:08,0.00135410,72.56000000
2018-02-28 11:14:10,0.00135410,2.00000000
2018-02-28 11:14:10,0.00135410,25.20000000
2018-02-28 11:14:13,0.00135310,7.66000000
2018-02-28 11:14:13,0.00135380,1.35000000
2018-02-28 11:14:13,0.00135410,54.60000000
2018-02-28 11:14:13,0.00135490,4.30000000
2018-02-28 11:14:13,0.00135500,139.49000000
2018-02-28 11:14:13,0.00135510,1.00000000
2018-02-28 11:14:14,0.00135500,22.67000000
2018-02-28 11:14:15,0.00135500,1.10000000
2018-02-28 11:14:17,0.00135510,0.50000000
2018-02-28 11:14:17,0.00135550,0.95000000
2018-02-28 11:14:17,0.00135500,1260.94000000
2018-02-28 11:14:17,0.00135390,18.02000000
2018-02-28 11:14:17,0.00135350,96.47000000
2018-02-28 11:14:17,0.00135270,510.67000000
2018-02-28 11:14:20,0.00135410,63.23000000
2018-02-28 11:14:22,0.00135550,6.54000000
2018-02-28 11:14:22,0.00135550,67.27000000
2018-02-28 11:14:23,0.00135590,2.23000000
2018-02-28 11:14:23,0.00135600,8.77000000
2018-02-28 11:14:25,0.00135310,1.00000000
2018-02-28 11:14:27,0.00135580,1.00000000
2018-02-28 11:14:28,0.00135580,19.00000000
2018-02-28 11:14:28,0.00135600,81.00000000
2018-02-28 11:14:28,0.00135600,12.31000000
2018-02-28 11:14:28,0.00135600,2.89000000
2018-02-28 11:14:29,0.00135600,20.51000000
2018-02-28 11:14:29,0.00135660,1.00000000
2018-02-28 11:14:30,0.00135350,1.00000000
2018-02-28 11:14:31,0.00135590,1.00000000
2018-02-28 11:14:33,0.00135580,1.00000000
2018-02-28 11:14:34,0.00135340,1.00000000
2018-02-28 11:14:36,0.00135580,1.00000000
2018-02-28 11:14:36,0.00135590,0.32000000
2018-02-28 11:14:36,0.00135600,3.68000000
2018-02-28 11:14:36,0.00135460,238.46000000
2018-02-28 11:14:38,0.00135350,1.00000000
2018-02-28 11:14:40,0.00135600,1.00000000
2018-02-28 11:14:42,0.00135460,1.00000000
2018-02-28 11:14:42,0.00135460,0.10000000
2018-02-28 11:14:42,0.00135460,0.80000000
2018-02-28 11:14:44,0.00135460,15.13000000
2018-02-28 11:14:44,0.00135350,15.13000000
2018-02-28 11:14:44,0.00135350,7.38000000
2018-02-28 11:14:44,0.00135350,7.38000000
2018-02-28 11:14:44,0.00135350,7.38000000
2018-02-28 11:14:44,0.00135350,2.46000000
2018-02-28 11:14:44,0.00135340,1.17000000
2018-02-28 11:14:45,0.00135580,7.38000000
2018-02-28 11:14:45,0.00135600,178.75000000
2018-02-28 11:14:45,0.00135340,1.00000000
2018-02-28 11:14:46,0.00135570,0.74000000
2018-02-28 11:14:48,0.00135570,1.26000000
2018-02-28 11:14:49,0.00135570,1.00000000
2018-02-28 11:14:49,0.00135570,1.24000000
2018-02-28 11:14:49,0.00135570,59.90000000
2018-02-28 11:14:49,0.00135510,18.13000000
2018-02-28 11:14:50,0.00135510,59.90000000
2018-02-28 11:14:50,0.00135460,12.53000000
2018-02-28 11:14:50,0.00135350,2.58000000
2018-02-28 11:14:50,0.00135340,2.00000000
2018-02-28 11:14:50,0.00135320,22.16000000
2018-02-28 11:14:50,0.00135290,9.84000000
2018-02-28 11:14:51,0.00135500,14.01000000
2018-02-28 11:14:51,0.00135590,1.00000000
2018-02-28 11:14:55,0.00135570,3.00000000
2018-02-28 11:14:55,0.00135590,5.29000000
2018-02-28 11:14:56,0.00135600,1.00000000
2018-02-28 11:14:59,0.00135600,5.00000000
2018-02-28 11:15:00,0.00135600,17.49000000
2018-02-28 11:15:00,0.00135660,62.48000000
2018-02-28 11:15:01,0.00135660,7.37000000
2018-02-28 11:15:01,0.00135660,7.37000000
2018-02-28 11:15:01,0.00135660,7.37000000
2018-02-28 11:15:02,0.00135670,1.55000000
2018-02-28 11:15:02,0.00135670,252.04000000
2018-02-28 11:15:02,0.00135660,1.18000000
2018-02-28 11:15:02,0.00135670,1.55000000
2018-02-28 11:15:02,0.00135690,7.87000000
2018-02-28 11:15:02,0.00135700,3.71000000
2018-02-28 11:15:02,0.00135730,3.72000000
2018-02-28 11:15:02,0.00135770,0.65000000
2018-02-28 11:15:03,0.00135750,6.86000000
2018-02-28 11:15:03,0.00135700,1.00000000
2018-02-28 11:15:04,0.00135660,1.09000000
2018-02-28 11:15:05,0.00135750,1.00000000
2018-02-28 11:15:05,0.00135670,7.37000000
2018-02-28 11:15:07,0.00135670,89.90000000
2018-02-28 11:15:08,0.00135750,2.21000000
2018-02-28 11:15:08,0.00135750,0.54000000
2018-02-28 11:15:08,0.00135770,0.46000000
2018-02-28 11:15:10,0.00135770,1.00000000
2018-02-28 11:15:11,0.00135740,1.26000000
2018-02-28 11:15:11,0.00135770,17.19000000
2018-02-28 11:15:13,0.00135760,20.00000000
2018-02-28 11:15:13,0.00135770,19.87000000
2018-02-28 11:15:13,0.00135670,5.54000000
2018-02-28 11:15:14,0.00135770,27.51000000
2018-02-28 11:15:14,0.00135860,172.49000000
2018-02-28 11:15:15,0.00135770,130.40000000
2018-02-28 11:15:15,0.00135670,0.54000000
2018-02-28 11:15:15,0.00135590,22.22000000
2018-02-28 11:15:15,0.00135570,20.71000000
2018-02-28 11:15:17,0.00135640,93.16000000
2018-02-28 11:15:24,0.00135670,3.15000000
2018-02-28 11:15:25,0.00135710,3.00000000
2018-02-28 11:15:26,0.00135710,0.70000000
2018-02-28 11:15:26,0.00135670,49.30000000
2018-02-28 11:15:27,0.00135770,1.00000000
2018-02-28 11:15:27,0.00135860,161.34000000
2018-02-28 11:15:32,0.00135860,22.08000000
2018-02-28 11:15:32,0.00135770,72.48000000
2018-02-28 11:15:34,0.00135850,1.24000000
2018-02-28 11:15:34,0.00135860,11.40000000
2018-02-28 11:15:35,0.00135700,1.92000000
2018-02-28 11:15:35,0.00135770,0.77000000
2018-02-28 11:15:36,0.00135770,267.96000000
2018-02-28 11:15:38,0.00135770,0.77000000
2018-02-28 11:15:38,0.00135850,0.23000000
2018-02-28 11:15:42,0.00135850,1.00000000
2018-02-28 11:15:43,0.00135770,11.94000000
2018-02-28 11:15:43,0.00135850,6.26000000
2018-02-28 11:15:43,0.00135860,81.58000000
2018-02-28 11:15:43,0.00135850,5.12000000
2018-02-28 11:15:45,0.00135850,7.36000000
2018-02-28 11:15:45,0.00135850,8.27000000
2018-02-28 11:15:45,0.00135850,14.16000000
2018-02-28 11:15:45,0.00135860,15.00000000
2018-02-28 11:15:46,0.00135850,57.28000000
2018-02-28 11:15:47,0.00135860,15.00000000
2018-02-28 11:15:48,0.00135860,1.00000000
2018-02-28 11:15:48,0.00135860,8.13000000
2018-02-28 11:15:49,0.00135860,1.85000000
2018-02-28 11:15:51,0.00135860,2.00000000
2018-02-28 11:15:52,0.00135850,1.21000000
2018-02-28 11:15:54,0.00135860,5.11000000
2018-02-28 11:15:55,0.00135860,1.00000000
2018-02-28 11:15:55,0.00135860,13.05000000
2018-02-28 11:15:57,0.00135850,5.00000000
2018-02-28 11:15:58,0.00135860,1.00000000
2018-02-28 11:15:59,0.00135860,0.77000000
2018-02-28 11:15:59,0.00135860,24.68000000
2018-02-28 11:15:59,0.00135860,8.55000000
2018-02-28 11:15:59,0.00135860,7.34000000
2018-02-28 11:15:59,0.00135860,23.91000000
2018-02-28 11:15:59,0.00135860,1.35000000
2018-02-28 11:15:59,0.00135670,7.34000000
2018-02-28 11:16:01,0.00135850,15.22000000
2018-02-28 11:16:01,0.00135850,1.00000000
2018-02-28 11:16:02,0.00135850,15.14000000
2018-02-28 11:16:03,0.00135680,5.86000000
2018-02-28 11:16:03,0.00135850,13.30000000
2018-02-28 11:16:03,0.00135860,11.56000000
2018-02-28 11:16:04,0.00135760,3.66000000
2018-02-28 11:16:04,0.00135860,4.55000000
2018-02-28 11:16:04,0.00135760,280.20000000
2018-02-28 11:16:05,0.00135760,1.00000000
2018-02-28 11:16:05,0.00135760,2.66000000
2018-02-28 11:16:06,0.00135860,10.76000000
2018-02-28 11:16:06,0.00135850,16.31000000
2018-02-28 11:16:06,0.00135860,389.00000000
2018-02-28 11:16:06,0.00135870,11.00000000
2018-02-28 11:16:09,0.00135850,25.69000000
2018-02-28 11:16:13,0.00135850,45.77000000
2018-02-28 11:16:14,0.00135850,164.28000000
2018-02-28 11:16:15,0.00135850,1.00000000
2018-02-28 11:16:16,0.00135850,15.26000000
2018-02-28 11:16:19,0.00135760,123.43000000
2018-02-28 11:16:21,0.00135850,231.84000000
2018-02-28 11:16:21,0.00135850,2.00000000
2018-02-28 11:16:24,0.00135710,7.36000000
2018-02-28 11:16:24,0.00135700,41.92000000
2018-02-28 11:16:25,0.00135850,130.04000000
2018-02-28 11:16:31,0.00135760,3.23000000
2018-02-28 11:16:31,0.00135720,2.39000000
2018-02-28 11:16:31,0.00135710,11.68000000
2018-02-28 11:16:31,0.00135700,63.55000000
2018-02-28 11:16:33,0.00135840,1.00000000
2018-02-28 11:16:37,0.00135840,58.17000000
2018-02-28 11:16:37,0.00135840,5.69000000
2018-02-28 11:16:37,0.00135840,17.85000000
2018-02-28 11:16:37,0.00135840,32.14000000
2018-02-28 11:16:38,0.00135840,1.72000000
2018-02-28 11:16:39,0.00135840,34.20000000
2018-02-28 11:16:39,0.00135850,140.50000000
2018-02-28 11:16:40,0.00135850,34.85000000
2018-02-28 11:16:44,0.00135850,1.75000000
2018-02-28 11:16:45,0.00135850,41.83000000
2018-02-28 11:16:45,0.00135840,27.00000000
2018-02-28 11:16:45,0.00135800,11.36000000
2018-02-28 11:16:46,0.00135800,20.48000000
2018-02-28 11:16:46,0.00135760,3.72000000
2018-02-28 11:16:46,0.00135750,45.00000000
2018-02-28 11:16:46,0.00135740,5.00000000
2018-02-28 11:16:46,0.00135700,43.56000000
2018-02-28 11:16:46,0.00135680,5.08000000
2018-02-28 11:16:46,0.00135670,21.36000000
2018-02-28 11:16:46,0.00135610,70.00000000
2018-02-28 11:16:46,0.00135310,62.98000000
2018-02-28 11:16:46,0.00135300,34.82000000
2018-02-28 11:16:46,0.00135260,3.44000000
2018-02-28 11:16:46,0.00135250,273.95000000
2018-02-28 11:16:46,0.00135180,2.22000000
2018-02-28 11:16:46,0.00135170,77.70000000
2018-02-28 11:16:46,0.00135100,8.80000000
2018-02-28 11:16:46,0.00135080,795.59000000
2018-02-28 11:16:46,0.00135040,3.33000000
2018-02-28 11:16:46,0.00135030,3.70000000
2018-02-28 11:16:46,0.00135020,90.09000000
2018-02-28 11:16:46,0.00135000,449.66000000
2018-02-28 11:16:46,0.00135800,1.72000000
2018-02-28 11:16:47,0.00135770,2.00000000
2018-02-28 11:16:48,0.00135750,3.58000000
2018-02-28 11:16:48,0.00135210,5.72000000
2018-02-28 11:16:49,0.00135740,19.62000000
2018-02-28 11:16:50,0.00135740,6.45000000
2018-02-28 11:16:50,0.00135730,14.42000000
2018-02-28 11:16:50,0.00135740,11.21000000
2018-02-28 11:16:51,0.00135700,5.72000000
2018-02-28 11:16:52,0.00135710,2.95000000
2018-02-28 11:16:52,0.00135710,57.80000000
2018-02-28 11:16:52,0.00135740,3.44000000
2018-02-28 11:16:53,0.00135740,117.53000000
2018-02-28 11:16:53,0.00135700,350.23000000
2018-02-28 11:16:53,0.00135410,73.89000000
2018-02-28 11:16:53,0.00135400,8.00000000
2018-02-28 11:16:54,0.00135710,20.00000000
2018-02-28 11:16:54,0.00135700,53.98000000
2018-02-28 11:16:54,0.00135700,8.00000000
2018-02-28 11:16:54,0.00135700,107.30000000
2018-02-28 11:16:57,0.00135650,24.07000000
2018-02-28 11:16:57,0.00135350,5.17000000
2018-02-28 11:16:57,0.00135340,5.21000000
2018-02-28 11:16:57,0.00135290,77.34000000
2018-02-28 11:16:57,0.00135290,57.45000000
2018-02-28 11:16:57,0.00135650,1.18000000
2018-02-28 11:16:58,0.00135110,29.58000000
2018-02-28 11:16:58,0.00135000,14.51000000
2018-02-28 11:16:58,0.00135000,29.07000000
2018-02-28 11:16:58,0.00135540,48.64000000
2018-02-28 11:16:58,0.00135550,12.81000000
2018-02-28 11:16:58,0.00135550,9.35000000
2018-02-28 11:16:58,0.00135560,10.34000000
2018-02-28 11:16:58,0.00135610,20.00000000
2018-02-28 11:16:58,0.00135620,5.17000000
2018-02-28 11:16:58,0.00135660,3.72000000
2018-02-28 11:16:58,0.00135700,31.11000000
2018-02-28 11:16:59,0.00135390,38.00000000
2018-02-28 11:16:59,0.00135540,138.57000000
2018-02-28 11:17:00,0.00135380,7.27000000
2018-02-28 11:17:00,0.00135690,38.00000000
2018-02-28 11:17:00,0.00135700,211.82000000
2018-02-28 11:17:00,0.00135710,3.33000000
2018-02-28 11:17:00,0.00135760,1.58000000
2018-02-28 11:17:00,0.00135790,1.13000000
2018-02-28 11:17:00,0.00135800,24.12000000
2018-02-28 11:17:02,0.00135530,73.83000000
2018-02-28 11:17:02,0.00135520,12.73000000
2018-02-28 11:17:13,0.00135620,313.80000000
2018-02-28 11:17:15,0.00135530,8.35000000
2018-02-28 11:17:18,0.00135550,5.67000000
2018-02-28 11:17:18,0.00135540,62.63000000
2018-02-28 11:17:18,0.00135530,46.35000000
2018-02-28 11:17:21,0.00135530,68.30000000
2018-02-28 11:17:23,0.00135600,9.84000000
2018-02-28 11:17:24,0.00135600,58.86000000
2018-02-28 11:17:26,0.00135530,129.28000000
2018-02-28 11:17:26,0.00135520,9.95000000
2018-02-28 11:17:29,0.00135570,2.93000000
2018-02-28 11:17:29,0.00135520,20.05000000
2018-02-28 11:17:29,0.00135500,14.33000000
2018-02-28 11:17:30,0.00135480,153.36000000
2018-02-28 11:17:31,0.00135490,2.47000000
2018-02-28 11:17:31,0.00135490,0.79000000
2018-02-28 11:17:32,0.00135400,3.14000000
2018-02-28 11:17:32,0.00135290,7.82000000
2018-02-28 11:17:32,0.00135100,115.00000000
2018-02-28 11:17:32,0.00135100,8.15000000
2018-02-28 11:17:32,0.00135090,1.87000000
2018-02-28 11:17:32,0.00135090,65.77000000
2018-02-28 11:17:32,0.00135100,44.55000000
2018-02-28 11:17:35,0.00135480,22.15000000
2018-02-28 11:17:35,0.00135500,10.87000000
2018-02-28 11:17:35,0.00135520,24.15000000
2018-02-28 11:17:35,0.00135590,3.77000000
2018-02-28 11:17:35,0.00135600,39.06000000
2018-02-28 11:17:38,0.00135320,4.26000000
2018-02-28 11:17:42,0.00135480,3.69000000
2018-02-28 11:17:42,0.00135490,96.31000000
2018-02-28 11:17:44,0.00135490,1.48000000
2018-02-28 11:17:45,0.00135400,328.93000000
2018-02-28 11:17:50,0.00135340,1.92000000
2018-02-28 11:17:55,0.00135490,2.21000000
2018-02-28 11:17:55,0.00135590,4.26000000
2018-02-28 11:17:55,0.00135600,78.52000000
2018-02-28 11:17:57,0.00135600,2.31000000
2018-02-28 11:17:57,0.00135600,28.11000000
2018-02-28 11:17:58,0.00135590,3.09000000
2018-02-28 11:18:00,0.00135590,31.81000000
2018-02-28 11:18:03,0.00135590,2.39000000
2018-02-28 11:18:05,0.00135360,20.00000000
2018-02-28 11:18:05,0.00135320,67.15000000
2018-02-28 11:18:05,0.00135310,8.53000000
2018-02-28 11:18:05,0.00135210,13.65000000
2018-02-28 11:18:05,0.00135110,62.73000000
2018-02-28 11:18:05,0.00135100,258.48000000
2018-02-28 11:18:05,0.00135100,105.44000000
2018-02-28 11:18:07,0.00135350,168.50000000
2018-02-28 11:18:11,0.00135260,2.71000000
2018-02-28 11:18:12,0.00135210,8.57000000
2018-02-28 11:18:16,0.00135450,8.57000000
2018-02-28 11:18:16,0.00135460,20.00000000
2018-02-28 11:18:16,0.00135470,62.73000000
2018-02-28 11:18:16,0.00135480,22.18000000
2018-02-28 11:18:16,0.00135510,2.71000000
2018-02-28 11:18:16,0.00135520,69.45000000
2018-02-28 11:18:16,0.00135590,814.36000000
2018-02-28 11:18:17,0.00135210,2.22000000
2018-02-28 11:18:17,0.00135210,40.00000000
2018-02-28 11:18:17,0.00135200,8.00000000
2018-02-28 11:18:17,0.00135110,8.01000000
2018-02-28 11:18:17,0.00135110,11.99000000
2018-02-28 11:18:17,0.00135100,26.63000000
2018-02-28 11:18:17,0.00135590,0.20000000
2018-02-28 11:18:20,0.00135490,20.00000000
2018-02-28 11:18:21,0.00135400,2.35000000
2018-02-28 11:18:23,0.00135400,1.18000000
2018-02-28 11:18:24,0.00135300,4.47000000
2018-02-28 11:18:24,0.00135230,3.69000000
2018-02-28 11:18:24,0.00135210,22.18000000
2018-02-28 11:18:25,0.00135400,4.16000000
2018-02-28 11:18:26,0.00135400,0.01000000
2018-02-28 11:18:26,0.00135490,22.18000000
2018-02-28 11:18:27,0.00135520,15.13000000
2018-02-28 11:18:28,0.00135520,1.15000000
2018-02-28 11:18:28,0.00135380,8.07000000
2018-02-28 11:18:34,0.00135520,3.72000000
2018-02-28 11:18:34,0.00135390,8.04000000
2018-02-28 11:18:35,0.00135520,2.64000000
2018-02-28 11:18:37,0.00135520,172.37000000
2018-02-28 11:18:45,0.00135420,178.96000000
2018-02-28 11:18:47,0.00135500,62.71000000
2018-02-28 11:18:48,0.00135500,2.04000000
2018-02-28 11:18:48,0.00135500,0.01000000
2018-02-28 11:18:48,0.00135520,1.29000000
2018-02-28 11:18:51,0.00135520,23.52000000
2018-02-28 11:18:52,0.00135520,0.18000000
2018-02-28 11:18:53,0.00135530,4.40000000
2018-02-28 11:18:56,0.00135530,29.62000000
2018-02-28 11:18:57,0.00135530,20.00000000
2018-02-28 11:18:57,0.00135520,115.03000000
2018-02-28 11:18:57,0.00135490,6.94000000
2018-02-28 11:18:58,0.00135480,643.74000000
2018-02-28 11:18:59,0.00135570,6.00000000
2018-02-28 11:18:59,0.00135590,194.00000000
2018-02-28 11:19:05,0.00135570,16.00000000
2018-02-28 11:19:05,0.00135590,15.86000000
2018-02-28 11:19:06,0.00135570,3.54000000
2018-02-28 11:19:07,0.00135570,0.21000000
2018-02-28 11:19:07,0.00135590,5.35000000
2018-02-28 11:19:07,0.00135590,2.43000000
2018-02-28 11:19:08,0.00135600,2.00000000
2018-02-28 11:19:08,0.00135600,7.70000000
2018-02-28 11:19:09,0.00135600,9.39000000
2018-02-28 11:19:11,0.00135510,5.90000000
2018-02-28 11:19:11,0.00135500,4.10000000
2018-02-28 11:19:13,0.00135600,1.18000000
2018-02-28 11:19:16,0.00135580,219.03000000
2018-02-28 11:19:26,0.00135600,9.03000000
2018-02-28 11:19:26,0.00135640,2.54000000
2018-02-28 11:19:26,0.00135760,3.79000000
2018-02-28 11:19:30,0.00135670,683.80000000
2018-02-28 11:19:32,0.00135760,67.12000000
2018-02-28 11:19:37,0.00135760,7.65000000
2018-02-28 11:19:41,0.00135750,18.56000000
2018-02-28 11:19:41,0.00135750,85.39000000
2018-02-28 11:19:46,0.00135720,258.20000000
2018-02-28 11:19:48,0.00135750,10.17000000
2018-02-28 11:19:48,0.00135750,12.00000000
2018-02-28 11:19:49,0.00135760,29.10000000
2018-02-28 11:19:51,0.00135750,151.22000000
2018-02-28 11:19:52,0.00135760,46.74000000
2018-02-28 11:19:52,0.00135770,51.68000000
2018-02-28 11:19:53,0.00135770,49.42000000
2018-02-28 11:19:53,0.00135770,77.94000000
2018-02-28 11:19:54,0.00135790,2.19000000
2018-02-28 11:19:54,0.00135800,147.41000000
2018-02-28 11:19:56,0.00135800,1.45000000
2018-02-28 11:19:57,0.00135800,3.70000000
2018-02-28 11:19:59,0.00135800,13.25000000
2018-02-28 11:19:59,0.00135760,22.55000000
2018-02-28 11:19:59,0.00135750,5.76000000
2018-02-28 11:19:59,0.00135710,79.60000000
2018-02-28 11:19:59,0.00135600,164.34000000
2018-02-28 11:19:59,0.00135600,3.00000000
2018-02-28 11:20:01,0.00135720,722.98000000
2018-02-28 11:20:02,0.00135610,3.00000000
2018-02-28 11:20:02,0.00135600,57.81000000
2018-02-28 11:20:02,0.00135850,37.43000000
2018-02-28 11:20:02,0.00135870,7.21000000
2018-02-28 11:20:03,0.00135870,26.54000000
2018-02-28 11:20:03,0.00135880,73.46000000
2018-02-28 11:20:04,0.00135840,0.90000000
2018-02-28 11:20:05,0.00135800,10.60000000
2018-02-28 11:20:07,0.00135790,2.10000000
2018-02-28 11:20:07,0.00135800,0.02000000
2018-02-28 11:20:07,0.00135820,3.38000000
2018-02-28 11:20:07,0.00135880,201.93000000
2018-02-28 11:20:07,0.00135890,75.39000000
2018-02-28 11:20:08,0.00135880,0.01000000
2018-02-28 11:20:08,0.00135890,0.01000000
2018-02-28 11:20:10,0.00135890,21.26000000
2018-02-28 11:20:12,0.00135890,1.18000000
2018-02-28 11:20:12,0.00135890,1.18000000
2018-02-28 11:20:12,0.00135890,1.18000000
2018-02-28 11:20:12,0.00135890,3.89000000
2018-02-28 11:20:13,0.00135890,1.18000000
2018-02-28 11:20:13,0.00135890,1.18000000
2018-02-28 11:20:13,0.00135890,2.94000000
2018-02-28 11:20:14,0.00135890,1.18000000
2018-02-28 11:20:14,0.00135890,1.18000000
2018-02-28 11:20:15,0.00135890,1.18000000
2018-02-28 11:20:15,0.00135890,100.00000000
2018-02-28 11:20:16,0.00135890,86.56000000
2018-02-28 11:20:16,0.00135890,1.18000000
2018-02-28 11:20:16,0.00135890,193.11000000
2018-02-28 11:20:16,0.00135900,20.98000000
2018-02-28 11:20:16,0.00135940,0.96000000
2018-02-28 11:20:16,0.00135970,2.25000000
2018-02-28 11:20:16,0.00135980,65.81000000
2018-02-28 11:20:16,0.00135990,116.89000000
2018-02-28 11:20:17,0.00135990,49.74000000
2018-02-28 11:20:22,0.00135920,298.27000000
2018-02-28 11:20:25,0.00135970,36.85000000
2018-02-28 11:20:26,0.00135970,65.25000000
2018-02-28 11:20:26,0.00135970,34.85000000
2018-02-28 11:20:27,0.00135990,29.86000000
2018-02-28 11:20:28,0.00135960,61.64000000
2018-02-28 11:20:29,0.00135970,4.73000000
2018-02-28 11:20:32,0.00135970,3.73000000
2018-02-28 11:20:36,0.00135990,41.08000000
2018-02-28 11:20:37,0.00136000,3.46000000
2018-02-28 11:20:37,0.00136000,230.39000000
2018-02-28 11:20:38,0.00135990,7.14000000
2018-02-28 11:20:39,0.00135990,2.49000000
2018-02-28 11:20:39,0.00135990,401.23000000
2018-02-28 11:20:39,0.00136000,197.08000000
2018-02-28 11:20:39,0.00136000,1005.39000000
2018-02-28 11:20:39,0.00136010,1.50000000
2018-02-28 11:20:39,0.00136020,6.94000000
2018-02-28 11:20:39,0.00136040,0.82000000
2018-02-28 11:20:39,0.00136050,865.90000000
2018-02-28 11:20:39,0.00136060,7.40000000
2018-02-28 11:20:39,0.00136090,6.93000000
2018-02-28 11:20:39,0.00136100,33.18000000
2018-02-28 11:20:39,0.00136140,11.71000000
2018-02-28 11:20:40,0.00136170,22.40000000
2018-02-28 11:20:40,0.00136190,15.16000000
2018-02-28 11:20:41,0.00136000,0.01000000
2018-02-28 11:20:41,0.00136200,5.45000000
2018-02-28 11:20:41,0.00136230,13.95000000
2018-02-28 11:20:41,0.00136250,3.70000000
2018-02-28 11:20:41,0.00136260,281.81000000
2018-02-28 11:20:41,0.00136350,97.18000000
2018-02-28 11:20:41,0.00136470,179.69000000
2018-02-28 11:20:41,0.00136490,436.87000000
2018-02-28 11:20:41,0.00136500,632.06000000
2018-02-28 11:20:41,0.00136510,32.14000000
2018-02-28 11:20:41,0.00136600,8.80000000
2018-02-28 11:20:41,0.00136620,2.47000000
2018-02-28 11:20:41,0.00136660,160.00000000
2018-02-28 11:20:41,0.00136680,1.61000000
2018-02-28 11:20:41,0.00136700,1.00000000
2018-02-28 11:20:41,0.00136730,14.12000000
2018-02-28 11:20:41,0.00136750,8.45000000
2018-02-28 11:20:41,0.00136800,62.17000000
2018-02-28 11:20:41,0.00136810,132.29000000
2018-02-28 11:20:41,0.00136830,19.98000000
2018-02-28 11:20:41,0.00136840,13.31000000
2018-02-28 11:20:41,0.00136870,24.20000000
2018-02-28 11:20:41,0.00136900,122.05000000
2018-02-28 11:20:41,0.00136970,4.36000000
2018-02-28 11:20:41,0.00136990,252.52000000
2018-02-28 11:20:41,0.00137000,802.86000000
2018-02-28 11:20:41,0.00137000,19.26000000
2018-02-28 11:20:41,0.00137000,7.67000000
2018-02-28 11:20:41,0.00137000,108.05000000
2018-02-28 11:20:41,0.00137000,0.83000000
2018-02-28 11:20:41,0.00137000,16.00000000
2018-02-28 11:20:41,0.00137000,56.66000000
2018-02-28 11:20:41,0.00137000,918.26000000
2018-02-28 11:20:41,0.00137000,24.46000000
2018-02-28 11:20:41,0.00137120,302.63000000
2018-02-28 11:20:41,0.00137130,100.00000000
2018-02-28 11:20:41,0.00137150,1.00000000
2018-02-28 11:20:41,0.00137160,1.84000000
2018-02-28 11:20:41,0.00137210,22.55000000
2018-02-28 11:20:41,0.00137230,1.00000000
2018-02-28 11:20:41,0.00137360,10.61000000
2018-02-28 11:20:41,0.00137380,75.18000000
2018-02-28 11:20:41,0.00137440,3.56000000
2018-02-28 11:20:41,0.00137000,1.08000000
2018-02-28 11:20:41,0.00137300,10.00000000
2018-02-28 11:20:41,0.00137490,2.84000000
2018-02-28 11:20:41,0.00137500,70.06000000
2018-02-28 11:20:41,0.00137500,0.01000000
2018-02-28 11:20:41,0.00137510,9.99000000
2018-02-28 11:20:41,0.00137520,30.80000000
2018-02-28 11:20:41,0.00137010,38.10000000
2018-02-28 11:20:41,0.00137010,6.50000000
2018-02-28 11:20:42,0.00137560,3.45000000
2018-02-28 11:20:42,0.00137570,38.74000000
2018-02-28 11:20:42,0.00137600,1.00000000
2018-02-28 11:20:42,0.00137660,21.17000000
2018-02-28 11:20:42,0.00137660,6.35000000
2018-02-28 11:20:42,0.00137680,20.00000000
2018-02-28 11:20:42,0.00137680,4.53000000
2018-02-28 11:20:42,0.00137680,135.36000000
2018-02-28 11:20:42,0.00137680,5.69000000
2018-02-28 11:20:42,0.00137680,1.50000000
2018-02-28 11:20:42,0.00137700,0.01000000
2018-02-28 11:20:42,0.00137680,2.84000000
2018-02-28 11:20:42,0.00137680,3.00000000
2018-02-28 11:20:43,0.00137680,10.00000000
2018-02-28 11:20:43,0.00137680,49.00000000
2018-02-28 11:20:43,0.00137680,10.00000000
2018-02-28 11:20:43,0.00137680,1.90000000
2018-02-28 11:20:43,0.00137680,18.00000000
2018-02-28 11:20:43,0.00137680,7.31000000
2018-02-28 11:20:44,0.00137680,9.30000000
2018-02-28 11:20:44,0.00137680,1.47000000
2018-02-28 11:20:44,0.00137680,143.81000000
2018-02-28 11:20:44,0.00137680,10.00000000
2018-02-28 11:20:44,0.00137680,0.01000000
2018-02-28 11:20:44,0.00137680,5.00000000
2018-02-28 11:20:45,0.00137690,0.01000000
2018-02-28 11:20:45,0.00137690,15.00000000
2018-02-28 11:20:46,0.00137690,7.85000000
2018-02-28 11:20:46,0.00137680,34.86000000
2018-02-28 11:20:46,0.00137680,9.97000000
2018-02-28 11:20:47,0.00137680,3.73000000
2018-02-28 11:20:47,0.00137680,7.58000000
2018-02-28 11:20:48,0.00137680,2.82000000
2018-02-28 11:20:49,0.00137690,5.00000000
2018-02-28 11:20:49,0.00137690,0.84000000
2018-02-28 11:20:50,0.00137690,15.90000000
2018-02-28 11:20:50,0.00137700,1.08000000
2018-02-28 11:20:50,0.00137720,6.10000000
2018-02-28 11:20:50,0.00137680,11.06000000
2018-02-28 11:20:50,0.00137680,5.00000000
2018-02-28 11:20:51,0.00137710,13.00000000
2018-02-28 11:20:51,0.00137720,346.86000000
2018-02-28 11:20:51,0.00137720,1.47000000
2018-02-28 11:20:51,0.00137720,7.29000000
2018-02-28 11:20:51,0.00137720,86.56000000
2018-02-28 11:20:51,0.00137720,0.01000000
2018-02-28 11:20:52,0.00137720,3.81000000
2018-02-28 11:20:52,0.00137720,1.13000000
2018-02-28 11:20:52,0.00137720,5.64000000
2018-02-28 11:20:52,0.00137730,0.01000000
2018-02-28 11:20:52,0.00137730,39.82000000
2018-02-28 11:20:53,0.00137720,15.31000000
2018-02-28 11:20:54,0.00137720,5.00000000
2018-02-28 11:20:54,0.00137720,3.00000000
2018-02-28 11:20:54,0.00137720,43.82000000
2018-02-28 11:20:54,0.00137690,77.09000000
2018-02-28 11:20:55,0.00137690,7.91000000
2018-02-28 11:20:55,0.00137680,204.49000000
2018-02-28 11:20:55,0.00137160,4.99000000
2018-02-28 11:20:56,0.00137300,8.00000000
2018-02-28 11:20:56,0.00137170,3.40000000
2018-02-28 11:20:56,0.00137310,11.20000000
2018-02-28 11:20:56,0.00137310,2.92000000
2018-02-28 11:20:56,0.00137310,3.56000000
2018-02-28 11:20:56,0.00137310,51.81000000
2018-02-28 11:20:56,0.00137160,4.98000000
2018-02-28 11:20:56,0.00137590,60.00000000
2018-02-28 11:20:56,0.00137600,227.70000000
2018-02-28 11:20:56,0.00137600,158.21000000
2018-02-28 11:20:56,0.00137180,3.00000000
2018-02-28 11:20:56,0.00137160,5.12000000
2018-02-28 11:20:57,0.00137160,4.47000000
2018-02-28 11:20:57,0.00137490,9.18000000
2018-02-28 11:20:57,0.00137160,9.22000000
2018-02-28 11:20:57,0.00137160,1.05000000
2018-02-28 11:20:57,0.00137160,1.85000000
2018-02-28 11:20:57,0.00137490,63.71000000
2018-02-28 11:20:57,0.00137500,8.00000000
2018-02-28 11:20:57,0.00137160,13.76000000
2018-02-28 11:20:57,0.00137160,6.72000000
2018-02-28 11:20:58,0.00137180,72.89000000
2018-02-28 11:20:58,0.00137170,62.86000000
2018-02-28 11:20:58,0.00137160,17.89000000
2018-02-28 11:20:58,0.00137160,14.00000000
2018-02-28 11:20:58,0.00137160,17.20000000
2018-02-28 11:20:58,0.00137160,4.96000000
2018-02-28 11:20:58,0.00137160,4.62000000
2018-02-28 11:20:58,0.00137160,2.67000000
2018-02-28 11:20:58,0.00137150,0.87000000
2018-02-28 11:20:58,0.00137140,0.75000000
2018-02-28 11:20:58,0.00137120,0.60000000
2018-02-28 11:20:58,0.00137160,0.81000000
2018-02-28 11:20:58,0.00137170,3.92000000
2018-02-28 11:20:58,0.00137170,3.63000000
2018-02-28 11:20:58,0.00137170,4.38000000
2018-02-28 11:20:59,0.00137170,18.79000000
2018-02-28 11:20:59,0.00137420,9.81000000
2018-02-28 11:20:59,0.00137430,10.34000000
2018-02-28 11:20:59,0.00137470,3.00000000
2018-02-28 11:20:59,0.00137480,7.96000000
2018-02-28 11:20:59,0.00137170,2.18000000
2018-02-28 11:20:59,0.00137120,9.34000000
2018-02-28 11:20:59,0.00137040,6.01000000
2018-02-28 11:20:59,0.00137400,103.18000000
2018-02-28 11:20:59,0.00137410,71.22000000
2018-02-28 11:21:00,0.00137580,47.22000000
2018-02-28 11:21:00,0.00137590,42.05000000
2018-02-28 11:21:01,0.00137200,1.64000000
2018-02-28 11:21:01,0.00137200,0.81000000
2018-02-28 11:21:01,0.00137410,3.00000000
2018-02-28 11:21:01,0.00137200,1.38000000
2018-02-28 11:21:01,0.00137200,4.17000000
2018-02-28 11:21:01,0.00137210,59.84000000
2018-02-28 11:21:01,0.00137540,15.44000000
2018-02-28 11:21:01,0.00137540,13.60000000
2018-02-28 11:21:01,0.00137540,10.00000000
2018-02-28 11:21:01,0.00137540,299.30000000
2018-02-28 11:21:01,0.00137210,6.00000000
2018-02-28 11:21:01,0.00137210,7.08000000
2018-02-28 11:21:01,0.00137160,2.07000000
2018-02-28 11:21:01,0.00137160,2.98000000
2018-02-28 11:21:01,0.00137540,39.04000000
2018-02-28 11:21:01,0.00137160,13.50000000
2018-02-28 11:21:02,0.00137100,13.92000000
2018-02-28 11:21:02,0.00137100,9.64000000
2018-02-28 11:21:02,0.00137100,3.80000000
2018-02-28 11:21:02,0.00137100,7.43000000
2018-02-28 11:21:02,0.00137070,0.12000000
2018-02-28 11:21:02,0.00137100,1.63000000
2018-02-28 11:21:02,0.00137100,13.90000000
2018-02-28 11:21:02,0.00137100,13.95000000
2018-02-28 11:21:02,0.00137390,93.92000000
2018-02-28 11:21:02,0.00137100,2.97000000
2018-02-28 11:21:02,0.00137390,5.81000000
2018-02-28 11:21:02,0.00137400,8.00000000
2018-02-28 11:21:03,0.00137100,1.85000000
2018-02-28 11:21:03,0.00137130,0.81000000
2018-02-28 11:21:03,0.00137130,32.88000000
2018-02-28 11:21:03,0.00137540,3.64000000
2018-02-28 11:21:04,0.00137210,15.44000000
2018-02-28 11:21:04,0.00137210,31.48000000
2018-02-28 11:21:04,0.00137210,20.08000000
2018-02-28 11:21:04,0.00137210,5.11000000
2018-02-28 11:21:04,0.00137200,8.00000000
2018-02-28 11:21:04,0.00137170,81.98000000
2018-02-28 11:21:04,0.00137520,34.79000000
2018-02-28 11:21:05,0.00137140,3.00000000
2018-02-28 11:21:05,0.00137120,1.12000000
2018-02-28 11:21:05,0.00137400,1.50000000
2018-02-28 11:21:05,0.00137390,106.86000000
2018-02-28 11:21:05,0.00137390,0.06000000
2018-02-28 11:21:05,0.00137530,0.87000000
2018-02-28 11:21:05,0.00137530,0.01000000
2018-02-28 11:21:05,0.00137110,11.00000000
2018-02-28 11:21:06,0.00137120,0.88000000
2018-02-28 11:21:06,0.00137300,6.50000000
2018-02-28 11:21:06,0.00137520,6.99000000
2018-02-28 11:21:07,0.00137520,14.16000000
2018-02-28 11:21:07,0.00137520,22.35000000
2018-02-28 11:21:07,0.00137140,23.36000000
2018-02-28 11:21:07,0.00137140,101.36000000
2018-02-28 11:21:07,0.00137120,7.29000000
2018-02-28 11:21:07,0.00137110,9.75000000
2018-02-28 11:21:07,0.00137100,5.75000000
2018-02-28 11:21:07,0.00137160,3.00000000
2018-02-28 11:21:08,0.00137160,4.55000000
2018-02-28 11:21:08,0.00137390,5.43000000
2018-02-28 11:21:08,0.00137400,17.59000000
2018-02-28 11:21:08,0.00137520,73.46000000
2018-02-28 11:21:09,0.00137120,26.64000000
2018-02-28 11:21:10,0.00137200,8.00000000
2018-02-28 11:21:10,0.00137140,13.83000000
2018-02-28 11:21:10,0.00137210,5.00000000
2018-02-28 11:21:10,0.00137210,8.32000000
2018-02-28 11:21:11,0.00137150,1.12000000
2018-02-28 11:21:11,0.00137130,29.52000000
2018-02-28 11:21:11,0.00137130,29.50000000
2018-02-28 11:21:11,0.00137130,1.92000000
2018-02-28 11:21:12,0.00137130,2.98000000
2018-02-28 11:21:12,0.00137130,3.00000000
2018-02-28 11:21:12,0.00137100,1.54000000
2018-02-28 11:21:12,0.00137370,53.79000000
2018-02-28 11:21:12,0.00137380,31.68000000
2018-02-28 11:21:12,0.00137380,27.34000000
2018-02-28 11:21:12,0.00137410,23.68000000
2018-02-28 11:21:12,0.00137090,72.90000000
2018-02-28 11:21:14,0.00137390,32.43000000
2018-02-28 11:21:14,0.00137390,2.00000000
2018-02-28 11:21:14,0.00137090,7.29000000
2018-02-28 11:21:14,0.00137380,3.00000000
2018-02-28 11:21:14,0.00137390,38.47000000
2018-02-28 11:21:15,0.00137080,2.15000000
2018-02-28 11:21:15,0.00137050,0.88000000
2018-02-28 11:21:15,0.00137040,61.93000000
2018-02-28 11:21:15,0.00137000,31.70000000
2018-02-28 11:21:16,0.00137040,803.11000000
2018-02-28 11:21:16,0.00137100,4.54000000
2018-02-28 11:21:16,0.00137300,8.00000000
2018-02-28 11:21:16,0.00137380,0.88000000
2018-02-28 11:21:16,0.00137480,1.34000000
2018-02-28 11:21:16,0.00137010,2.98000000
2018-02-28 11:21:16,0.00137290,0.05000000
2018-02-28 11:21:16,0.00137010,69.99000000
2018-02-28 11:21:16,0.00137000,2365.79000000
2018-02-28 11:21:16,0.00137000,692.13000000
2018-02-28 11:21:17,0.00137000,8.00000000
2018-02-28 11:21:17,0.00136990,20.47000000
2018-02-28 11:21:18,0.00136880,10.00000000
2018-02-28 11:21:18,0.00136890,52.50000000
2018-02-28 11:21:18,0.00136900,8.00000000
2018-02-28 11:21:18,0.00136880,10.00000000
2018-02-28 11:21:19,0.00136880,41.13000000
2018-02-28 11:21:20,0.00136870,3.29000000
2018-02-28 11:21:20,0.00136870,18.53000000
2018-02-28 11:21:20,0.00136870,23.85000000
2018-02-28 11:21:21,0.00136810,2.19000000
2018-02-28 11:21:21,0.00136760,1.26000000
2018-02-28 11:21:21,0.00136870,41.20000000
2018-02-28 11:21:22,0.00136860,3.64000000
2018-02-28 11:21:22,0.00136870,4.97000000
2018-02-28 11:21:23,0.00136760,0.20000000
2018-02-28 11:21:24,0.00136770,0.89000000
2018-02-28 11:21:24,0.00136770,2.75000000
2018-02-28 11:21:25,0.00136710,73.13000000
2018-02-28 11:21:25,0.00136620,3.00000000
2018-02-28 11:21:25,0.00136600,1.12000000
2018-02-28 11:21:25,0.00136480,3.66000000
2018-02-28 11:21:25,0.00136460,2.92000000
2018-02-28 11:21:25,0.00136450,60.00000000
2018-02-28 11:21:25,0.00136450,13.00000000
2018-02-28 11:21:25,0.00136450,0.13000000
2018-02-28 11:21:25,0.00136460,43.53000000
2018-02-28 11:21:26,0.00136470,1.17000000
2018-02-28 11:21:26,0.00136470,35.47000000
2018-02-28 11:21:26,0.00136980,0.74000000
2018-02-28 11:21:26,0.00136980,28.42000000
2018-02-28 11:21:26,0.00136990,56.96000000
2018-02-28 11:21:27,0.00136700,40.18000000
2018-02-28 11:21:27,0.00136710,58.96000000
2018-02-28 11:21:27,0.00136760,3.67000000
2018-02-28 11:21:27,0.00136770,95.10000000
2018-02-28 11:21:27,0.00136970,3.00000000
2018-02-28 11:21:28,0.00137090,13.92000000
2018-02-28 11:21:28,0.00137090,7.00000000
2018-02-28 11:21:29,0.00137090,30.69000000
2018-02-28 11:21:29,0.00137090,7.45000000
2018-02-28 11:21:29,0.00137090,25.77000000
2018-02-28 11:21:29,0.00137090,13.87000000
2018-02-28 11:21:30,0.00137220,0.02000000
2018-02-28 11:21:30,0.00137090,7.23000000
2018-02-28 11:21:30,0.00137090,110.24000000
2018-02-28 11:21:30,0.00137090,2.06000000
2018-02-28 11:21:31,0.00137090,113.28000000
2018-02-28 11:21:31,0.00136710,34.79000000
2018-02-28 11:21:31,0.00136700,84.74000000
2018-02-28 11:21:31,0.00137000,2.10000000
2018-02-28 11:21:32,0.00137000,7.49000000
2018-02-28 11:21:32,0.00137000,27.41000000
2018-02-28 11:21:32,0.00137000,53.05000000
2018-02-28 11:21:33,0.00136700,60.23000000
2018-02-28 11:21:33,0.00136970,58.94000000
2018-02-28 11:21:33,0.00136980,34.79000000
2018-02-28 11:21:33,0.00136700,3.74000000
2018-02-28 11:21:34,0.00137050,0.88000000
2018-02-28 11:21:34,0.00137050,13.92000000
2018-02-28 11:21:34,0.00137070,3.45000000
2018-02-28 11:21:34,0.00137140,31.21000000
2018-02-28 11:21:35,0.00137140,6.38000000
2018-02-28 11:21:35,0.00137050,10.22000000
2018-02-28 11:21:35,0.00137130,378.41000000
2018-02-28 11:21:35,0.00137050,40.23000000
2018-02-28 11:21:35,0.00137050,4.73000000
2018-02-28 11:21:35,0.00136710,1.20000000
2018-02-28 11:21:35,0.00136710,20.74000000
2018-02-28 11:21:35,0.00136700,74.56000000
2018-02-28 11:21:35,0.00136720,1.87000000
2018-02-28 11:21:36,0.00137050,0.88000000
2018-02-28 11:21:36,0.00136720,22.05000000
2018-02-28 11:21:37,0.00136810,16.48000000
2018-02-28 11:21:37,0.00136810,2.98000000
2018-02-28 11:21:37,0.00136810,3.50000000
2018-02-28 11:21:38,0.00136810,10.06000000
2018-02-28 11:21:38,0.00137000,1.04000000
2018-02-28 11:21:38,0.00137000,7.65000000
2018-02-28 11:21:38,0.00136740,12.13000000
2018-02-28 11:21:38,0.00136750,13.21000000
2018-02-28 11:21:38,0.00136740,0.54000000
2018-02-28 11:21:39,0.00136800,8.00000000
2018-02-28 11:21:39,0.00136740,3.12000000
2018-02-28 11:21:39,0.00136870,8.24000000
2018-02-28 11:21:39,0.00137130,2.48000000
2018-02-28 11:21:41,0.00136870,1.89000000
2018-02-28 11:21:41,0.00136870,0.26000000
2018-02-28 11:21:41,0.00136970,56.94000000
2018-02-28 11:21:41,0.00136980,6.68000000
2018-02-28 11:21:42,0.00136900,8.00000000
2018-02-28 11:21:42,0.00137130,2.89000000
2018-02-28 11:21:42,0.00137100,0.87000000
2018-02-28 11:21:43,0.00137100,0.13000000
2018-02-28 11:21:43,0.00137130,3.52000000
2018-02-28 11:21:43,0.00137130,44.44000000
2018-02-28 11:21:43,0.00136870,11.13000000
2018-02-28 11:21:44,0.00136870,0.97000000
2018-02-28 11:21:44,0.00137130,23.04000000
2018-02-28 11:21:44,0.00137120,12.23000000
2018-02-28 11:21:44,0.00136870,81.75000000
2018-02-28 11:21:44,0.00136870,0.90000000
2018-02-28 11:21:45,0.00136870,10.40000000
2018-02-28 11:21:47,0.00136870,0.90000000
2018-02-28 11:21:47,0.00136870,75.00000000
2018-02-28 11:21:47,0.00137110,19.20000000
2018-02-28 11:21:48,0.00136870,1.87000000
2018-02-28 11:21:48,0.00137110,7.00000000
2018-02-28 11:21:48,0.00136870,2.65000000
2018-02-28 11:21:48,0.00136870,142.40000000
2018-02-28 11:21:48,0.00136870,1.49000000
2018-02-28 11:21:49,0.00136880,6.72000000
2018-02-28 11:21:50,0.00136880,22.24000000
2018-02-28 11:21:50,0.00137090,12.50000000
2018-02-28 11:21:50,0.00137100,238.33000000
2018-02-28 11:21:51,0.00136980,843.18000000
2018-02-28 11:21:51,0.00136880,32.96000000
2018-02-28 11:21:51,0.00137080,5.96000000
2018-02-28 11:21:52,0.00136920,7.78000000
2018-02-28 11:21:52,0.00137000,5.00000000
2018-02-28 11:21:53,0.00136920,24.51000000
2018-02-28 11:21:53,0.00136920,0.90000000
2018-02-28 11:21:53,0.00137090,0.95000000
2018-02-28 11:21:53,0.00136920,21.84000000
2018-02-28 11:21:54,0.00136920,14.71000000
2018-02-28 11:21:54,0.00136920,25.99000000
2018-02-28 11:21:54,0.00137090,60.97000000
2018-02-28 11:21:54,0.00137100,72.44000000
2018-02-28 11:21:54,0.00137110,7.29000000
2018-02-28 11:21:54,0.00137120,88.79000000
2018-02-28 11:21:54,0.00137130,103.46000000
2018-02-28 11:21:54,0.00137140,1.27000000
2018-02-28 11:21:54,0.00137210,0.88000000
2018-02-28 11:21:54,0.00137220,7.32000000
2018-02-28 11:21:54,0.00137300,3.66000000
2018-02-28 11:21:54,0.00137440,3.92000000
2018-02-28 11:21:55,0.00136940,2.76000000
2018-02-28 11:21:55,0.00137000,1.78000000
2018-02-28 11:21:55,0.00137000,6.22000000
2018-02-28 11:21:55,0.00136950,1.78000000
2018-02-28 11:21:55,0.00136960,21.89000000
2018-02-28 11:21:56,0.00137120,31.10000000
2018-02-28 11:21:56,0.00137120,3.60000000
2018-02-28 11:21:57,0.00137120,6.24000000
2018-02-28 11:21:58,0.00137130,20.75000000
2018-02-28 11:22:00,0.00137120,11.91000000
2018-02-28 11:22:01,0.00137120,8.00000000
2018-02-28 11:22:02,0.00137090,1.78000000
2018-02-28 11:22:02,0.00137100,40.37000000
2018-02-28 11:22:04,0.00137100,109.63000000
2018-02-28 11:22:06,0.00136960,0.89000000
2018-02-28 11:22:06,0.00136960,9.10000000
2018-02-28 11:22:06,0.00136960,6.35000000
2018-02-28 11:22:06,0.00136960,1.60000000
2018-02-28 11:22:06,0.00137000,1.00000000
2018-02-28 11:22:06,0.00137090,8.46000000
2018-02-28 11:22:07,0.00136960,3.58000000
2018-02-28 11:22:07,0.00137080,0.88000000
2018-02-28 11:22:07,0.00137090,91.54000000
2018-02-28 11:22:08,0.00137090,2.25000000
2018-02-28 11:22:09,0.00137170,418.47000000
2018-02-28 11:22:13,0.00137130,4.66000000
2018-02-28 11:22:15,0.00137130,2.00000000
2018-02-28 11:22:19,0.00137260,3.64000000
2018-02-28 11:22:19,0.00137270,0.20000000
2018-02-28 11:22:22,0.00137270,2.56000000
2018-02-28 11:22:22,0.00137280,1.03000000
2018-02-28 11:22:22,0.00137370,20.75000000
2018-02-28 11:22:22,0.00137380,21.89000000
2018-02-28 11:22:22,0.00137420,28.00000000
2018-02-28 11:22:24,0.00137430,3.71000000
2018-02-28 11:22:26,0.00137190,3.00000000
2018-02-28 11:22:27,0.00137270,8.59000000
2018-02-28 11:22:27,0.00137440,1.60000000
2018-02-28 11:22:27,0.00137440,8.43000000
2018-02-28 11:22:28,0.00137270,36.50000000
2018-02-28 11:22:29,0.00137340,883.25000000
2018-02-28 11:22:30,0.00137270,0.01000000
2018-02-28 11:22:30,0.00137190,13.99000000
2018-02-28 11:22:30,0.00137410,3.65000000
2018-02-28 11:22:30,0.00137430,3.00000000
2018-02-28 11:22:31,0.00137190,0.85000000
2018-02-28 11:22:32,0.00137400,5.84000000
2018-02-28 11:22:32,0.00137200,2.85000000
2018-02-28 11:22:33,0.00137420,4.34000000
2018-02-28 11:22:33,0.00137420,51.95000000
2018-02-28 11:22:33,0.00137430,3.64000000
2018-02-28 11:22:33,0.00137440,6.05000000
2018-02-28 11:22:33,0.00137450,88.93000000
2018-02-28 11:22:33,0.00137450,40.87000000
2018-02-28 11:22:34,0.00137410,5.84000000
2018-02-28 11:22:34,0.00137200,79.62000000
2018-02-28 11:22:34,0.00137450,25.71000000
2018-02-28 11:22:34,0.00137500,12.61000000
2018-02-28 11:22:34,0.00137500,11.22000000
2018-02-28 11:22:34,0.00137500,181.40000000
2018-02-28 11:22:34,0.00137500,6.50000000
2018-02-28 11:22:36,0.00137500,14.00000000
2018-02-28 11:22:37,0.00137510,0.80000000
2018-02-28 11:22:37,0.00137550,3.29000000
2018-02-28 11:22:37,0.00137680,0.14000000
2018-02-28 11:22:40,0.00137500,2.20000000
2018-02-28 11:22:43,0.00137500,2.91000000
2018-02-28 11:22:43,0.00137310,7.09000000
2018-02-28 11:22:43,0.00137550,20.44000000
2018-02-28 11:22:45,0.00137550,46.18000000
2018-02-28 11:22:45,0.00137510,7.09000000
2018-02-28 11:22:46,0.00137550,2.91000000
2018-02-28 11:22:47,0.00137510,2.58000000
2018-02-28 11:22:48,0.00137510,1.56000000
2018-02-28 11:22:48,0.00137550,29.27000000
2018-02-28 11:22:48,0.00137670,7.30000000
2018-02-28 11:22:48,0.00137680,24.86000000
2018-02-28 11:22:48,0.00137680,1.50000000
2018-02-28 11:22:48,0.00137680,46.96000000
2018-02-28 11:22:48,0.00137680,1.50000000
2018-02-28 11:22:49,0.00137680,1.87000000
2018-02-28 11:22:50,0.00137720,5.00000000
2018-02-28 11:22:50,0.00137790,3.46000000
2018-02-28 11:22:50,0.00137820,4.67000000
2018-02-28 11:22:50,0.00137820,1.50000000
2018-02-28 11:22:50,0.00137820,85.37000000
2018-02-28 11:22:51,0.00137690,0.01000000
2018-02-28 11:22:51,0.00137830,457.65000000
2018-02-28 11:22:52,0.00137720,0.01000000
2018-02-28 11:22:52,0.00137680,3.59000000
2018-02-28 11:22:52,0.00137680,3.59000000
2018-02-28 11:22:52,0.00137690,7.54000000
2018-02-28 11:22:52,0.00137690,33.75000000
2018-02-28 11:22:53,0.00137680,7.26000000
2018-02-28 11:22:53,0.00137680,6.00000000
2018-02-28 11:22:54,0.00137680,7.26000000
2018-02-28 11:22:54,0.00137680,6.79000000
2018-02-28 11:22:54,0.00137690,58.71000000
2018-02-28 11:22:54,0.00137720,2.84000000
2018-02-28 11:22:54,0.00137830,8.14000000
2018-02-28 11:22:55,0.00137680,44.43000000
2018-02-28 11:22:56,0.00137830,5.71000000
2018-02-28 11:22:56,0.00137840,2.00000000
2018-02-28 11:22:56,0.00137860,57.23000000
2018-02-28 11:22:56,0.00137680,2.19000000
2018-02-28 11:22:57,0.00137680,3.59000000
2018-02-28 11:22:57,0.00137710,3.00000000
2018-02-28 11:22:57,0.00137860,18.54000000
2018-02-28 11:22:58,0.00137680,5.00000000
2018-02-28 11:22:58,0.00137680,1.74000000
2018-02-28 11:22:58,0.00137680,1.45000000
2018-02-28 11:22:58,0.00137680,1.74000000
2018-02-28 11:22:58,0.00137680,4.26000000
2018-02-28 11:22:58,0.00137680,1.74000000
2018-02-28 11:22:59,0.00137680,1.74000000
2018-02-28 11:22:59,0.00137680,1.74000000
2018-02-28 11:22:59,0.00137820,0.87000000
2018-02-28 11:22:59,0.00137680,1.48000000
2018-02-28 11:22:59,0.00137680,1.48000000
2018-02-28 11:23:00,0.00137680,1.48000000
2018-02-28 11:23:00,0.00137700,3.90000000
2018-02-28 11:23:00,0.00137810,13.00000000
2018-02-28 11:23:00,0.00137820,4.96000000
2018-02-28 11:23:00,0.00137860,475.69000000
2018-02-28 11:23:00,0.00137860,65.52000000
2018-02-28 11:23:03,0.00137890,2.15000000
2018-02-28 11:23:03,0.00137900,381.25000000
2018-02-28 11:23:03,0.00137980,10.00000000
2018-02-28 11:23:03,0.00137990,223.51000000
2018-02-28 11:23:03,0.00138000,398.60000000
2018-02-28 11:23:03,0.00137720,1.17000000
2018-02-28 11:23:03,0.00137860,3.47000000
2018-02-28 11:23:03,0.00137710,27.24000000
2018-02-28 11:23:03,0.00137860,1.81000000
2018-02-28 11:23:04,0.00137700,19.86000000
2018-02-28 11:23:04,0.00137800,3.64000000
2018-02-28 11:23:04,0.00137860,25.00000000
2018-02-28 11:23:04,0.00137860,1594.10000000
2018-02-28 11:23:04,0.00137880,27.24000000
2018-02-28 11:23:04,0.00138000,575.82000000
2018-02-28 11:23:05,0.00138000,5.82000000
2018-02-28 11:23:05,0.00138000,1.18000000
2018-02-28 11:23:05,0.00138000,3.64000000
2018-02-28 11:23:05,0.00138000,5.94000000
2018-02-28 11:23:05,0.00138000,50.00000000
2018-02-28 11:23:06,0.00138000,13.58000000
2018-02-28 11:23:06,0.00138000,159.99000000
2018-02-28 11:23:06,0.00138000,3.43000000
2018-02-28 11:23:07,0.00138000,0.01000000
2018-02-28 11:23:07,0.00138040,0.01000000
2018-02-28 11:23:07,0.00138040,1.65000000
2018-02-28 11:23:07,0.00138050,1.87000000
2018-02-28 11:23:07,0.00138060,2.18000000
2018-02-28 11:23:07,0.00138070,40.31000000
2018-02-28 11:23:07,0.00138100,227.23000000
2018-02-28 11:23:07,0.00138110,11.60000000
2018-02-28 11:23:08,0.00138000,5.00000000
2018-02-28 11:23:08,0.00138050,32.94000000
2018-02-28 11:23:10,0.00138110,15.16000000
2018-02-28 11:23:11,0.00138110,441.94000000
2018-02-28 11:23:11,0.00138110,316.11000000
2018-02-28 11:23:11,0.00138140,11.34000000
2018-02-28 11:23:12,0.00138190,52.67000000
2018-02-28 11:23:12,0.00138200,20.00000000
2018-02-28 11:23:12,0.00138200,17.26000000
2018-02-28 11:23:13,0.00138200,54.11000000
2018-02-28 11:23:13,0.00138200,9.09000000
2018-02-28 11:23:13,0.00138200,1.22000000
2018-02-28 11:23:14,0.00138200,26.03000000
2018-02-28 11:23:14,0.00138200,0.01000000
2018-02-28 11:23:14,0.00138220,0.01000000
2018-02-28 11:23:14,0.00138200,35.81000000
2018-02-28 11:23:15,0.00138200,0.72000000
2018-02-28 11:23:15,0.00138110,1.16000000
2018-02-28 11:23:15,0.00138110,1.84000000
2018-02-28 11:23:15,0.00138220,37.64000000
2018-02-28 11:23:15,0.00138230,64.08000000
2018-02-28 11:23:15,0.00138240,8.32000000
2018-02-28 11:23:15,0.00138250,18.00000000
2018-02-28 11:23:15,0.00138300,73.09000000
2018-02-28 11:23:15,0.00138310,1.00000000
2018-02-28 11:23:15,0.00138370,8.45000000
2018-02-28 11:23:15,0.00138400,5.79000000
2018-02-28 11:23:15,0.00138450,18.74000000
2018-02-28 11:23:15,0.00138500,107.05000000
2018-02-28 11:23:15,0.00138570,5.00000000
2018-02-28 11:23:15,0.00138590,1.00000000
2018-02-28 11:23:15,0.00138600,224.81000000
2018-02-28 11:23:16,0.00138080,72.41000000
2018-02-28 11:23:16,0.00138070,452.38000000
2018-02-28 11:23:16,0.00138060,61.53000000
2018-02-28 11:23:16,0.00138050,250.69000000
2018-02-28 11:23:16,0.00138000,816.72000000
2018-02-28 11:23:16,0.00137990,56.61000000
2018-02-28 11:23:16,0.00137990,110.04000000
2018-02-28 11:23:16,0.00137990,8.00000000
2018-02-28 11:23:16,0.00137990,5.17000000
2018-02-28 11:23:16,0.00137990,5.17000000
2018-02-28 11:23:16,0.00137980,2.70000000
2018-02-28 11:23:17,0.00137980,70.88000000
2018-02-28 11:23:17,0.00137990,12.98000000
2018-02-28 11:23:17,0.00137970,5.17000000
2018-02-28 11:23:17,0.00137940,8.00000000
2018-02-28 11:23:17,0.00137970,5.17000000
2018-02-28 11:23:17,0.00137970,46.27000000
2018-02-28 11:23:17,0.00137990,1.30000000
2018-02-28 11:23:18,0.00137720,27.12000000
2018-02-28 11:23:19,0.00137730,3.00000000
2018-02-28 11:23:19,0.00137720,0.60000000
2018-02-28 11:23:19,0.00137720,3.64000000
2018-02-28 11:23:19,0.00137720,1.49000000
2018-02-28 11:23:19,0.00137720,29.31000000
2018-02-28 11:23:19,0.00137720,7.78000000
2018-02-28 11:23:19,0.00137720,45.04000000
2018-02-28 11:23:19,0.00137720,6.92000000
2018-02-28 11:23:19,0.00137720,6.88000000
2018-02-28 11:23:20,0.00137720,25.00000000
2018-02-28 11:23:20,0.00137720,2.92000000
2018-02-28 11:23:20,0.00137720,5.87000000
2018-02-28 11:23:20,0.00137720,36.52000000
2018-02-28 11:23:20,0.00137720,7.00000000
2018-02-28 11:23:20,0.00137720,18.24000000
2018-02-28 11:23:20,0.00137720,6.10000000
2018-02-28 11:23:20,0.00137720,1.84000000
2018-02-28 11:23:20,0.00137990,13.00000000
2018-02-28 11:23:20,0.00137990,36.00000000
2018-02-28 11:23:20,0.00137720,47.46000000
2018-02-28 11:23:20,0.00137720,12.16000000
2018-02-28 11:23:20,0.00137730,4.32000000
2018-02-28 11:23:21,0.00137730,2.30000000
2018-02-28 11:23:21,0.00137730,5.52000000
2018-02-28 11:23:21,0.00137730,4.82000000
2018-02-28 11:23:21,0.00137730,11.04000000
2018-02-28 11:23:21,0.00137730,24.24000000
2018-02-28 11:23:21,0.00137980,3.00000000
2018-02-28 11:23:21,0.00138230,15.00000000
2018-02-28 11:23:21,0.00137740,42.64000000
2018-02-28 11:23:21,0.00137800,2.93000000
2018-02-28 11:23:21,0.00137800,5.07000000
2018-02-28 11:23:21,0.00137740,1.57000000
2018-02-28 11:23:21,0.00137990,4.10000000
2018-02-28 11:23:21,0.00137740,8.92000000
2018-02-28 11:23:21,0.00137740,3.61000000
2018-02-28 11:23:21,0.00137720,4.79000000
2018-02-28 11:23:21,0.00137720,9.72000000
2018-02-28 11:23:21,0.00137720,15.72000000
2018-02-28 11:23:21,0.00137720,8.31000000
2018-02-28 11:23:21,0.00137720,5.14000000
2018-02-28 11:23:21,0.00137720,7.00000000
2018-02-28 11:23:22,0.00137720,33.20000000
2018-02-28 11:23:22,0.00137720,6.95000000
2018-02-28 11:23:22,0.00137900,8.00000000
2018-02-28 11:23:22,0.00137990,65.24000000
2018-02-28 11:23:22,0.00138000,0.42000000
2018-02-28 11:23:22,0.00137720,11.20000000
2018-02-28 11:23:22,0.00137730,10.49000000
2018-02-28 11:23:22,0.00137730,44.10000000
2018-02-28 11:23:22,0.00137730,4.44000000
2018-02-28 11:23:22,0.00137730,7.35000000
2018-02-28 11:23:22,0.00137730,1.46000000
2018-02-28 11:23:22,0.00138000,19.15000000
2018-02-28 11:23:22,0.00137730,4.72000000
2018-02-28 11:23:22,0.00137720,3.92000000
2018-02-28 11:23:22,0.00137720,28.28000000
2018-02-28 11:23:22,0.00137720,8.46000000
2018-02-28 11:23:22,0.00137720,17.20000000
2018-02-28 11:23:22,0.00137720,14.64000000
2018-02-28 11:23:22,0.00137720,6.96000000
2018-02-28 11:23:23,0.00137720,25.73000000
2018-02-28 11:23:23,0.00137730,3.00000000
2018-02-28 11:23:23,0.00137720,2.82000000
2018-02-28 11:23:23,0.00137990,13.34000000
2018-02-28 11:23:23,0.00137720,7.12000000
2018-02-28 11:23:23,0.00137720,609.24000000
2018-02-28 11:23:23,0.00137990,73.66000000
2018-02-28 11:23:24,0.00137720,11.08000000
2018-02-28 11:23:24,0.00137720,26.27000000
2018-02-28 11:23:24,0.00137720,3.32000000
2018-02-28 11:23:24,0.00137720,13.26000000
2018-02-28 11:23:24,0.00137720,7.00000000
2018-02-28 11:23:24,0.00137720,7.35000000
2018-02-28 11:23:25,0.00137850,1.58000000
2018-02-28 11:23:25,0.00137850,496.14000000
2018-02-28 11:23:25,0.00137720,1.49000000
2018-02-28 11:23:25,0.00137720,13.75000000
2018-02-28 11:23:26,0.00137840,10.00000000
2018-02-28 11:23:26,0.00137720,11.20000000
2018-02-28 11:23:27,0.00137820,58.28000000
2018-02-28 11:23:27,0.00137830,113.51000000
2018-02-28 11:23:28,0.00137720,5.74000000
2018-02-28 11:23:28,0.00137720,7.35000000
2018-02-28 11:23:28,0.00137720,2.94000000
2018-02-28 11:23:28,0.00137720,7.28000000
2018-02-28 11:23:28,0.00137720,16.02000000
2018-02-28 11:23:28,0.00137830,7.24000000
2018-02-28 11:23:29,0.00137720,7.84000000
2018-02-28 11:23:29,0.00137830,19.67000000
2018-02-28 11:23:30,0.00137720,6.99000000
2018-02-28 11:23:32,0.00137750,19.15000000
2018-02-28 11:23:32,0.00137750,8.76000000
2018-02-28 11:23:33,0.00137820,3.00000000
2018-02-28 11:23:33,0.00137830,154.57000000
2018-02-28 11:23:33,0.00137720,6.96000000
2018-02-28 11:23:34,0.00137720,330.98000000
2018-02-28 11:23:34,0.00137720,34.87000000
2018-02-28 11:23:35,0.00137790,139.99000000
2018-02-28 11:23:35,0.00137830,157.39000000
2018-02-28 11:23:35,0.00137850,1.58000000
2018-02-28 11:23:35,0.00137900,43.83000000
2018-02-28 11:23:35,0.00137990,331.30000000
2018-02-28 11:23:35,0.00137720,7.34000000
2018-02-28 11:23:35,0.00137780,42.30000000
2018-02-28 11:23:36,0.00137710,3.28000000
2018-02-28 11:23:36,0.00137900,8.47000000
2018-02-28 11:23:37,0.00137900,1.84000000
2018-02-28 11:23:37,0.00137900,239.87000000
2018-02-28 11:23:37,0.00137990,5.63000000
2018-02-28 11:23:38,0.00137710,4.33000000
2018-02-28 11:23:38,0.00137710,7.00000000
2018-02-28 11:23:39,0.00137990,108.98000000
2018-02-28 11:23:39,0.00137990,6.72000000
2018-02-28 11:23:39,0.00137990,8.34000000
2018-02-28 11:23:40,0.00137990,353.86000000
2018-02-28 11:23:41,0.00137990,3.68000000
2018-02-28 11:23:43,0.00138050,11.33000000
2018-02-28 11:23:43,0.00138060,61.68000000
2018-02-28 11:23:47,0.00138060,11.33000000
2018-02-28 11:23:47,0.00138130,3.30000000
2018-02-28 11:23:48,0.00138040,72.43000000
2018-02-28 11:23:48,0.00138030,21.73000000
2018-02-28 11:23:48,0.00138010,27.01000000
2018-02-28 11:23:48,0.00138000,222.02000000
2018-02-28 11:23:48,0.00137990,1371.72000000
2018-02-28 11:23:48,0.00137900,87.06000000
2018-02-28 11:23:48,0.00137800,66.42000000
2018-02-28 11:23:48,0.00137710,0.87000000
2018-02-28 11:23:48,0.00137700,107.82000000
2018-02-28 11:23:48,0.00137690,106.30000000
2018-02-28 11:23:48,0.00137680,682.50000000
2018-02-28 11:23:49,0.00137800,8.00000000
2018-02-28 11:23:49,0.00137690,10.86000000
2018-02-28 11:23:50,0.00137980,3.00000000
2018-02-28 11:23:51,0.00137950,28.14000000
2018-02-28 11:23:51,0.00137950,32.29000000
2018-02-28 11:23:53,0.00137890,6.99000000
2018-02-28 11:23:53,0.00137680,36.12000000
2018-02-28 11:23:55,0.00137790,1.76000000
2018-02-28 11:23:56,0.00137680,162.00000000
2018-02-28 11:23:58,0.00137700,0.43000000
2018-02-28 11:24:01,0.00137800,24.07000000
2018-02-28 11:24:01,0.00137690,26.05000000
2018-02-28 11:24:01,0.00137680,265.43000000
2018-02-28 11:24:02,0.00137650,0.75000000
2018-02-28 11:24:02,0.00137700,2.97000000
2018-02-28 11:24:03,0.00137700,4.60000000
2018-02-28 11:24:03,0.00137700,12.53000000
2018-02-28 11:24:04,0.00137700,1.59000000
2018-02-28 11:24:04,0.00137550,0.62000000
2018-02-28 11:24:04,0.00137550,3.80000000
2018-02-28 11:24:04,0.00137660,5.72000000
2018-02-28 11:24:04,0.00137660,532.06000000
2018-02-28 11:24:05,0.00137660,5.72000000
2018-02-28 11:24:05,0.00137780,3.00000000
2018-02-28 11:24:05,0.00137790,10.86000000
2018-02-28 11:24:05,0.00137800,8.80000000
2018-02-28 11:24:05,0.00137960,186.00000000
2018-02-28 11:24:05,0.00137560,7.75000000
2018-02-28 11:24:06,0.00137590,1.48000000
2018-02-28 11:24:06,0.00137590,18.52000000
2018-02-28 11:24:06,0.00137580,9.85000000
2018-02-28 11:24:06,0.00137800,11.04000000
2018-02-28 11:24:06,0.00137800,10.70000000
2018-02-28 11:24:06,0.00137800,273.62000000
2018-02-28 11:24:07,0.00137700,8.00000000
2018-02-28 11:24:07,0.00137900,0.89000000
2018-02-28 11:24:07,0.00137700,10.00000000
2018-02-28 11:24:07,0.00137690,2.31000000
2018-02-28 11:24:08,0.00137800,7.11000000
2018-02-28 11:24:08,0.00137870,2.88000000
2018-02-28 11:24:08,0.00137580,4.29000000
2018-02-28 11:24:08,0.00137560,10.48000000
2018-02-28 11:24:11,0.00137770,8.95000000
2018-02-28 11:24:13,0.00137670,7.60000000
2018-02-28 11:24:14,0.00137600,25.20000000
2018-02-28 11:24:15,0.00137610,7.37000000
2018-02-28 11:24:15,0.00137620,16.26000000
2018-02-28 11:24:16,0.00137610,4.29000000
2018-02-28 11:24:16,0.00137650,67.24000000
2018-02-28 11:24:18,0.00137650,11.91000000
2018-02-28 11:24:20,0.00137600,113.07000000
2018-02-28 11:24:20,0.00137650,3.73000000
2018-02-28 11:24:20,0.00137650,2.91000000
2018-02-28 11:24:21,0.00137650,50.00000000
2018-02-28 11:24:22,0.00137570,6.96000000
2018-02-28 11:24:22,0.00137570,18.53000000
2018-02-28 11:24:22,0.00137560,11.32000000
2018-02-28 11:24:22,0.00137550,138.65000000
2018-02-28 11:24:22,0.00137550,3.27000000
2018-02-28 11:24:22,0.00137550,107.48000000
2018-02-28 11:24:22,0.00137540,11.49000000
2018-02-28 11:24:22,0.00137500,13.80000000
2018-02-28 11:24:23,0.00137220,72.83000000
2018-02-28 11:24:23,0.00137210,2.19000000
2018-02-28 11:24:23,0.00137100,26.31000000
2018-02-28 11:24:23,0.00137070,109.43000000
2018-02-28 11:24:23,0.00137070,3.28000000
2018-02-28 11:24:23,0.00137070,99.99000000
2018-02-28 11:24:23,0.00137070,604.39000000
2018-02-28 11:24:23,0.00137550,26.10000000
2018-02-28 11:24:24,0.00137220,1.85000000
2018-02-28 11:24:25,0.00137220,1.48000000
2018-02-28 11:24:28,0.00137220,1.48000000
2018-02-28 11:24:28,0.00137220,5.80000000
2018-02-28 11:24:28,0.00137470,1.00000000
2018-02-28 11:24:29,0.00137200,0.80000000
2018-02-28 11:24:30,0.00137450,0.99000000
2018-02-28 11:24:30,0.00137080,0.97000000
2018-02-28 11:24:30,0.00137070,9.03000000
2018-02-28 11:24:30,0.00137070,7.23000000
2018-02-28 11:24:30,0.00137030,2.65000000
2018-02-28 11:24:30,0.00137020,52.37000000
2018-02-28 11:24:30,0.00137000,250.28000000
2018-02-28 11:24:30,0.00137000,1.14000000
2018-02-28 11:24:30,0.00137000,7.28000000
2018-02-28 11:24:30,0.00137000,7.28000000
2018-02-28 11:24:30,0.00136990,7.25000000
2018-02-28 11:24:30,0.00136990,7.26000000
2018-02-28 11:24:30,0.00136960,16.70000000
2018-02-28 11:24:31,0.00136900,58.08000000
2018-02-28 11:24:31,0.00136900,235.57000000
2018-02-28 11:24:31,0.00136880,7.30000000
2018-02-28 11:24:31,0.00136870,40.60000000
2018-02-28 11:24:31,0.00136820,4.91000000
2018-02-28 11:24:31,0.00136790,3.70000000
2018-02-28 11:24:31,0.00136990,0.80000000
2018-02-28 11:24:31,0.00136990,8.72000000
2018-02-28 11:24:31,0.00136990,5.00000000
2018-02-28 11:24:31,0.00136970,42.80000000
2018-02-28 11:24:31,0.00136980,20.00000000
2018-02-28 11:24:31,0.00137000,82.97000000
2018-02-28 11:24:32,0.00136860,1.49000000
2018-02-28 11:24:32,0.00136860,576.36000000
2018-02-28 11:24:33,0.00136860,1.49000000
2018-02-28 11:24:33,0.00137000,2.21000000
2018-02-28 11:24:34,0.00136730,1.46000000
2018-02-28 11:24:34,0.00136700,7.47000000
2018-02-28 11:24:34,0.00136700,2.53000000
2018-02-28 11:24:34,0.00136690,2.49000000
2018-02-28 11:24:34,0.00136610,2.20000000
2018-02-28 11:24:34,0.00136600,4.53000000
2018-02-28 11:24:34,0.00136550,1.67000000
2018-02-28 11:24:34,0.00136500,1.72000000
2018-02-28 11:24:34,0.00136700,5.85000000
2018-02-28 11:24:35,0.00136510,52.36000000
2018-02-28 11:24:36,0.00136690,15.29000000
2018-02-28 11:24:36,0.00136690,3.65000000
2018-02-28 11:24:37,0.00136520,6.28000000
2018-02-28 11:24:37,0.00136520,6.89000000
2018-02-28 11:24:37,0.00136500,0.58000000
2018-02-28 11:24:37,0.00136510,3.73000000
2018-02-28 11:24:37,0.00136680,2.27000000
2018-02-28 11:24:39,0.00136670,10.83000000
2018-02-28 11:24:39,0.00136670,16.18000000
2018-02-28 11:24:39,0.00136530,7.80000000
2018-02-28 11:24:39,0.00136500,12.99000000
2018-02-28 11:24:39,0.00136440,10.26000000
2018-02-28 11:24:39,0.00136400,2.85000000
2018-02-28 11:24:39,0.00136390,3.84000000
2018-02-28 11:24:39,0.00136400,1.39000000
2018-02-28 11:24:39,0.00136400,33.89000000
2018-02-28 11:24:40,0.00136670,60.41000000
2018-02-28 11:24:41,0.00136520,37.29000000
2018-02-28 11:24:42,0.00136660,17.96000000
2018-02-28 11:24:42,0.00136520,45.76000000
2018-02-28 11:24:42,0.00136520,18.54000000
2018-02-28 11:24:42,0.00136390,46.16000000
2018-02-28 11:24:42,0.00136370,7.33000000
2018-02-28 11:24:42,0.00136350,2.52000000
2018-02-28 11:24:42,0.00136340,4.88000000
2018-02-28 11:24:42,0.00136310,1.73000000
2018-02-28 11:24:42,0.00136670,42.74000000
2018-02-28 11:24:42,0.00136310,7.46000000
2018-02-28 11:24:42,0.00136670,8.54000000
2018-02-28 11:24:43,0.00136310,7.53000000
2018-02-28 11:24:43,0.00136660,13.19000000
2018-02-28 11:24:43,0.00136320,138.95000000
2018-02-28 11:24:43,0.00136300,17.63000000
2018-02-28 11:24:43,0.00136650,50.00000000
2018-02-28 11:24:44,0.00136650,17.33000000
2018-02-28 11:24:44,0.00136640,10.00000000
2018-02-28 11:24:44,0.00136640,3.15000000
2018-02-28 11:24:44,0.00136640,140.68000000
2018-02-28 11:24:44,0.00136650,14.44000000
2018-02-28 11:24:44,0.00136850,3.91000000
2018-02-28 11:24:45,0.00136680,73.12000000
2018-02-28 11:24:45,0.00136670,168.37000000
2018-02-28 11:24:46,0.00136820,73.12000000
2018-02-28 11:24:46,0.00136830,80.02000000
2018-02-28 11:24:46,0.00136680,4.30000000
2018-02-28 11:24:46,0.00136670,3.16000000
2018-02-28 11:24:47,0.00136830,73.12000000
2018-02-28 11:24:47,0.00137000,60.42000000
2018-02-28 11:24:47,0.00137000,4.30000000
2018-02-28 11:24:47,0.00137000,5.87000000
2018-02-28 11:24:49,0.00137180,2.66000000
2018-02-28 11:24:49,0.00137000,5.56000000
2018-02-28 11:24:50,0.00137180,1.04000000
2018-02-28 11:24:50,0.00137190,27.28000000
2018-02-28 11:24:50,0.00137200,13.00000000
2018-02-28 11:24:50,0.00137200,3.66000000
2018-02-28 11:24:50,0.00137210,2.93000000
2018-02-28 11:24:50,0.00137220,2.57000000
2018-02-28 11:24:50,0.00137230,3.10000000
2018-02-28 11:24:50,0.00137260,7.33000000
2018-02-28 11:24:51,0.00137200,40.21000000
2018-02-28 11:24:51,0.00137200,27.19000000
2018-02-28 11:24:51,0.00137200,3.65000000
2018-02-28 11:24:51,0.00137200,9.48000000
2018-02-28 11:24:51,0.00137200,1.03000000
2018-02-28 11:24:52,0.00137200,102.53000000
2018-02-28 11:24:53,0.00137200,1.57000000
2018-02-28 11:24:54,0.00137390,7.31000000
2018-02-28 11:24:54,0.00137400,43.23000000
2018-02-28 11:24:54,0.00137410,109.43000000
2018-02-28 11:24:54,0.00137410,3.66000000
2018-02-28 11:24:54,0.00137410,7.35000000
2018-02-28 11:24:54,0.00137410,9.19000000
2018-02-28 11:24:54,0.00137410,25.20000000
2018-02-28 11:24:54,0.00137410,5.83000000
2018-02-28 11:24:54,0.00137410,7.30000000
2018-02-28 11:24:54,0.00137410,3.67000000
2018-02-28 11:24:54,0.00137450,2.00000000
2018-02-28 11:24:55,0.00137410,7.33000000
