DATE,PRICE,VOLUME
2018-02-28 15:00:00,0.00135300,1.87000000
2018-02-28 15:00:00,0.00135300,1.13000000
2018-02-28 15:00:00,0.00135330,63.51000000
2018-02-28 15:00:00,0.00135340,69.28000000
2018-02-28 15:00:00,0.00135300,2.41000000
2018-02-28 15:00:01,0.00135300,1.14000000
2018-02-28 15:00:01,0.00135300,1.66000000
2018-02-28 15:00:01,0.00135300,0.90000000
2018-02-28 15:00:01,0.00135300,0.86000000
2018-02-28 15:00:01,0.00135300,24.28000000
2018-02-28 15:00:01,0.00135310,569.08000000
2018-02-28 15:00:01,0.00135300,2.26000000
2018-02-28 15:00:02,0.00135330,1.07000000
2018-02-28 15:00:02,0.00135300,1.07000000
2018-02-28 15:00:02,0.00135300,17.21000000
2018-02-28 15:00:03,0.00135300,6.51000000
2018-02-28 15:00:04,0.00135300,88.90000000
2018-02-28 15:00:05,0.00135300,1.42000000
2018-02-28 15:00:09,0.00135300,3.44000000
2018-02-28 15:00:09,0.00135330,13.53000000
2018-02-28 15:00:09,0.00135300,116.30000000
2018-02-28 15:00:10,0.00135330,59.33000000
2018-02-28 15:00:10,0.00135340,44.54000000
2018-02-28 15:00:10,0.00135330,156.86000000
2018-02-28 15:00:10,0.00135330,98.83000000
2018-02-28 15:00:12,0.00135340,1.35000000
2018-02-28 15:00:12,0.00135330,49.61000000
2018-02-28 15:00:12,0.00135340,157.45000000
2018-02-28 15:00:12,0.00135330,17.90000000
2018-02-28 15:00:12,0.00135330,1.00000000
2018-02-28 15:00:12,0.00135330,19.32000000
2018-02-28 15:00:12,0.00135340,26.32000000
2018-02-28 15:00:13,0.00135340,84.87000000
2018-02-28 15:00:13,0.00135340,180.42000000
2018-02-28 15:00:14,0.00135350,9.38000000
2018-02-28 15:00:14,0.00135340,3.08000000
2018-02-28 15:00:14,0.00135340,2.95000000
2018-02-28 15:00:15,0.00135340,18.17000000
2018-02-28 15:00:15,0.00135340,18.17000000
2018-02-28 15:00:15,0.00135340,18.17000000
2018-02-28 15:00:15,0.00135360,8.78000000
2018-02-28 15:00:16,0.00135340,84.00000000
2018-02-28 15:00:16,0.00135360,2.24000000
2018-02-28 15:00:16,0.00135340,10.00000000
2018-02-28 15:00:16,0.00135360,12.21000000
2018-02-28 15:00:17,0.00135360,65.09000000
2018-02-28 15:00:17,0.00135340,17.09000000
2018-02-28 15:00:17,0.00135330,82.91000000
2018-02-28 15:00:17,0.00135360,2.20000000
2018-02-28 15:00:17,0.00135340,8.90000000
2018-02-28 15:00:18,0.00135360,148.12000000
2018-02-28 15:00:19,0.00135360,1.70000000
2018-02-28 15:00:20,0.00135350,1.67000000
2018-02-28 15:00:21,0.00135360,25.57000000
2018-02-28 15:00:21,0.00135360,444.55000000
2018-02-28 15:00:22,0.00135360,50.00000000
2018-02-28 15:00:22,0.00135360,7.51000000
2018-02-28 15:00:25,0.00135360,37.21000000
2018-02-28 15:00:27,0.00135360,174.74000000
2018-02-28 15:00:29,0.00135400,11.08000000
2018-02-28 15:00:29,0.00135360,1.11000000
2018-02-28 15:00:30,0.00135400,75.92000000
2018-02-28 15:00:30,0.00135430,40.33000000
2018-02-28 15:00:33,0.00135390,1.48000000
2018-02-28 15:00:33,0.00135390,16.02000000
2018-02-28 15:00:33,0.00135430,1089.63000000
2018-02-28 15:00:33,0.00135490,18.29000000
2018-02-28 15:00:33,0.00135500,143.59000000
2018-02-28 15:00:33,0.00135530,197.38000000
2018-02-28 15:00:34,0.00135490,621.89000000
2018-02-28 15:00:35,0.00135570,3.55000000
2018-02-28 15:00:35,0.00135580,5.00000000
2018-02-28 15:00:35,0.00135610,44.72000000
2018-02-28 15:00:35,0.00135660,14.92000000
2018-02-28 15:00:35,0.00135680,6.00000000
2018-02-28 15:00:35,0.00135690,2.61000000
2018-02-28 15:00:35,0.00135710,2.00000000
2018-02-28 15:00:35,0.00135750,30.91000000
2018-02-28 15:00:36,0.00135430,23.35000000
2018-02-28 15:00:36,0.00135390,13.67000000
2018-02-28 15:00:36,0.00135380,63.16000000
2018-02-28 15:00:36,0.00135370,682.54000000
2018-02-28 15:00:36,0.00135360,278.40000000
2018-02-28 15:00:37,0.00135360,15.00000000
2018-02-28 15:00:38,0.00135600,6.70000000
2018-02-28 15:00:38,0.00135740,4.01000000
2018-02-28 15:00:40,0.00135730,6.34000000
2018-02-28 15:00:40,0.00135740,59.15000000
2018-02-28 15:00:40,0.00135750,6.03000000
2018-02-28 15:00:40,0.00135500,8.00000000
2018-02-28 15:00:41,0.00135460,3.76000000
2018-02-28 15:00:41,0.00135460,8.00000000
2018-02-28 15:00:42,0.00135500,10.28000000
2018-02-28 15:00:42,0.00135500,4.67000000
2018-02-28 15:00:42,0.00135750,0.78000000
2018-02-28 15:00:46,0.00135510,11.07000000
2018-02-28 15:00:46,0.00135400,30.23000000
2018-02-28 15:00:47,0.00135550,62.18000000
2018-02-28 15:00:47,0.00135730,2.83000000
2018-02-28 15:00:48,0.00135720,11.76000000
2018-02-28 15:00:48,0.00135730,30.23000000
2018-02-28 15:00:48,0.00135740,37.81000000
2018-02-28 15:00:48,0.00135750,462.28000000
2018-02-28 15:00:48,0.00135750,27.47000000
2018-02-28 15:00:48,0.00135750,15.00000000
2018-02-28 15:00:49,0.00135750,400.93000000
2018-02-28 15:00:54,0.00135380,3.74000000
2018-02-28 15:00:54,0.00135500,21.30000000
2018-02-28 15:00:54,0.00135730,4.22000000
2018-02-28 15:00:54,0.00135380,1.20000000
2018-02-28 15:00:54,0.00135380,5.42000000
2018-02-28 15:00:54,0.00135370,26.56000000
2018-02-28 15:00:54,0.00135360,38.02000000
2018-02-28 15:00:56,0.00135380,2.25000000
2018-02-28 15:00:56,0.00135380,116.14000000
2018-02-28 15:00:57,0.00135400,8.04000000
2018-02-28 15:00:57,0.00135390,14.64000000
2018-02-28 15:00:57,0.00135390,2.93000000
2018-02-28 15:00:57,0.00135390,1.88000000
2018-02-28 15:00:58,0.00135390,23.55000000
2018-02-28 15:00:59,0.00135390,111.63000000
2018-02-28 15:00:59,0.00135390,18.62000000
2018-02-28 15:01:01,0.00135530,674.69000000
2018-02-28 15:01:05,0.00135400,42.00000000
2018-02-28 15:01:06,0.00135410,1.88000000
2018-02-28 15:01:06,0.00135410,34.47000000
2018-02-28 15:01:06,0.00135410,3.59000000
2018-02-28 15:01:07,0.00135410,3.81000000
2018-02-28 15:01:08,0.00135530,128.73000000
2018-02-28 15:01:08,0.00135410,82.27000000
2018-02-28 15:01:08,0.00135500,31.50000000
2018-02-28 15:01:09,0.00135410,2.27000000
2018-02-28 15:01:09,0.00135500,7.37000000
2018-02-28 15:01:12,0.00135410,22.54000000
2018-02-28 15:01:12,0.00135410,46.00000000
2018-02-28 15:01:13,0.00135490,27.02000000
2018-02-28 15:01:13,0.00135500,95.77000000
2018-02-28 15:01:13,0.00135670,4.21000000
2018-02-28 15:01:14,0.00135450,17.31000000
2018-02-28 15:01:14,0.00135410,89.48000000
2018-02-28 15:01:14,0.00135400,134.79000000
2018-02-28 15:01:14,0.00135540,114.99000000
2018-02-28 15:01:21,0.00135410,16.12000000
2018-02-28 15:01:21,0.00135400,180.34000000
2018-02-28 15:01:21,0.00135390,86.46000000
2018-02-28 15:01:21,0.00135380,75.59000000
2018-02-28 15:01:21,0.00135370,685.09000000
2018-02-28 15:01:21,0.00135360,341.27000000
2018-02-28 15:01:21,0.00135300,640.65000000
2018-02-28 15:01:22,0.00135500,7.01000000
2018-02-28 15:01:23,0.00135300,3.74000000
2018-02-28 15:01:25,0.00135300,1.87000000
2018-02-28 15:01:25,0.00135300,26.74000000
2018-02-28 15:01:25,0.00135300,5.24000000
2018-02-28 15:01:25,0.00135300,4.31000000
2018-02-28 15:01:25,0.00135400,1.88000000
2018-02-28 15:01:25,0.00135400,1.86000000
2018-02-28 15:01:25,0.00135400,0.97000000
2018-02-28 15:01:25,0.00135310,0.90000000
2018-02-28 15:01:25,0.00135310,13.88000000
2018-02-28 15:01:25,0.00135300,107.93000000
2018-02-28 15:01:26,0.00135290,7.38000000
2018-02-28 15:01:26,0.00135110,3.33000000
2018-02-28 15:01:27,0.00135110,1.86000000
2018-02-28 15:01:28,0.00135110,2.41000000
2018-02-28 15:01:28,0.00135000,2.25000000
2018-02-28 15:01:28,0.00135000,3.00000000
2018-02-28 15:01:28,0.00135000,8.76000000
2018-02-28 15:01:28,0.00135000,0.90000000
2018-02-28 15:01:30,0.00135000,182.98000000
2018-02-28 15:01:30,0.00134980,3.75000000
2018-02-28 15:01:30,0.00134920,2.99000000
2018-02-28 15:01:30,0.00134760,6.91000000
2018-02-28 15:01:30,0.00135000,17.92000000
2018-02-28 15:01:30,0.00135000,1.25000000
2018-02-28 15:01:30,0.00135000,7.30000000
2018-02-28 15:01:30,0.00135000,6.55000000
2018-02-28 15:01:31,0.00135000,11.88000000
2018-02-28 15:01:32,0.00135000,1.00000000
2018-02-28 15:01:32,0.00134760,2.11000000
2018-02-28 15:01:32,0.00134760,1.88000000
2018-02-28 15:01:33,0.00134760,3.72000000
2018-02-28 15:01:33,0.00134760,0.22000000
2018-02-28 15:01:34,0.00134740,2.01000000
2018-02-28 15:01:34,0.00134730,11.73000000
2018-02-28 15:01:34,0.00134720,5.23000000
2018-02-28 15:01:34,0.00134710,2.13000000
2018-02-28 15:01:34,0.00134700,3.20000000
2018-02-28 15:01:34,0.00134640,2.97000000
2018-02-28 15:01:34,0.00134630,11.41000000
2018-02-28 15:01:36,0.00134800,727.49000000
2018-02-28 15:01:36,0.00134630,22.43000000
2018-02-28 15:01:36,0.00134570,4.46000000
2018-02-28 15:01:36,0.00134530,15.62000000
2018-02-28 15:01:37,0.00134760,27.89000000
2018-02-28 15:01:37,0.00134530,4.59000000
2018-02-28 15:01:37,0.00134520,3.00000000
2018-02-28 15:01:39,0.00134770,6.55000000
2018-02-28 15:01:39,0.00134540,35.10000000
2018-02-28 15:01:39,0.00134530,4.90000000
2018-02-28 15:01:39,0.00134760,74.31000000
2018-02-28 15:01:39,0.00134760,40.56000000
2018-02-28 15:01:39,0.00134760,14.52000000
2018-02-28 15:01:41,0.00134750,1.11000000
2018-02-28 15:01:42,0.00134520,1.89000000
2018-02-28 15:01:42,0.00134740,3.75000000
2018-02-28 15:01:42,0.00134750,19.14000000
2018-02-28 15:01:42,0.00134520,5.68000000
2018-02-28 15:01:42,0.00134750,3.71000000
2018-02-28 15:01:42,0.00134520,0.91000000
2018-02-28 15:01:43,0.00134520,13.48000000
2018-02-28 15:01:44,0.00134630,74.31000000
2018-02-28 15:01:44,0.00134630,4.16000000
2018-02-28 15:01:44,0.00134520,8.86000000
2018-02-28 15:01:44,0.00134520,0.01000000
2018-02-28 15:01:44,0.00134530,1.88000000
2018-02-28 15:01:45,0.00134630,1.11000000
2018-02-28 15:01:45,0.00134530,200.77000000
2018-02-28 15:01:45,0.00134520,7.97000000
2018-02-28 15:01:45,0.00134500,24.37000000
2018-02-28 15:01:45,0.00134490,62.90000000
2018-02-28 15:01:45,0.00134490,48.63000000
2018-02-28 15:01:46,0.00134620,11.14000000
2018-02-28 15:01:46,0.00134630,47.46000000
2018-02-28 15:01:47,0.00134630,11.41000000
2018-02-28 15:01:49,0.00134440,1.49000000
2018-02-28 15:01:49,0.00134400,80.36000000
2018-02-28 15:01:49,0.00134400,4.95000000
2018-02-28 15:01:50,0.00134400,6.47000000
2018-02-28 15:01:51,0.00134400,7.55000000
2018-02-28 15:01:51,0.00134630,553.08000000
2018-02-28 15:01:51,0.00134740,4.62000000
2018-02-28 15:01:51,0.00134760,1252.96000000
2018-02-28 15:01:51,0.00134980,14.19000000
2018-02-28 15:01:51,0.00134990,163.65000000
2018-02-28 15:01:51,0.00135000,335.28000000
2018-02-28 15:01:51,0.00135000,3.09000000
2018-02-28 15:01:51,0.00135000,1.00000000
2018-02-28 15:01:51,0.00135000,6.33000000
2018-02-28 15:01:51,0.00135290,2.51000000
2018-02-28 15:01:51,0.00135300,202.85000000
2018-02-28 15:01:51,0.00135330,3.00000000
2018-02-28 15:01:51,0.00135140,167.79000000
2018-02-28 15:01:52,0.00135010,8.36000000
2018-02-28 15:01:52,0.00135000,7.63000000
2018-02-28 15:01:52,0.00135000,7.61000000
2018-02-28 15:01:52,0.00135100,7.57000000
2018-02-28 15:01:53,0.00135010,22.22000000
2018-02-28 15:01:53,0.00135000,37.90000000
2018-02-28 15:01:54,0.00135300,7.57000000
2018-02-28 15:01:56,0.00135100,8.00000000
2018-02-28 15:01:56,0.00135000,18.56000000
2018-02-28 15:01:56,0.00135300,7.41000000
2018-02-28 15:01:57,0.00135000,0.96000000
2018-02-28 15:01:57,0.00135000,1.35000000
2018-02-28 15:01:57,0.00135300,8.00000000
2018-02-28 15:01:57,0.00135000,17.82000000
2018-02-28 15:01:58,0.00135100,3.02000000
2018-02-28 15:01:58,0.00135100,4.98000000
2018-02-28 15:01:58,0.00135000,25.54000000
2018-02-28 15:01:59,0.00135200,8.00000000
2018-02-28 15:01:59,0.00135000,2.04000000
2018-02-28 15:02:00,0.00135000,1.00000000
2018-02-28 15:02:01,0.00135000,111.53000000
2018-02-28 15:02:01,0.00135000,2.94000000
2018-02-28 15:02:01,0.00135290,22.21000000
2018-02-28 15:02:02,0.00135000,163.77000000
2018-02-28 15:02:02,0.00135010,1.88000000
2018-02-28 15:02:03,0.00135010,2.28000000
2018-02-28 15:02:04,0.00135290,47.66000000
2018-02-28 15:02:04,0.00135010,1.88000000
2018-02-28 15:02:05,0.00135010,16.16000000
2018-02-28 15:02:05,0.00135000,733.84000000
2018-02-28 15:02:05,0.00135130,7.38000000
2018-02-28 15:02:05,0.00135130,17.32000000
2018-02-28 15:02:05,0.00135130,7.38000000
2018-02-28 15:02:05,0.00135130,748.21000000
2018-02-28 15:02:06,0.00135130,1.27000000
2018-02-28 15:02:06,0.00135280,6.04000000
2018-02-28 15:02:06,0.00135290,3.96000000
2018-02-28 15:02:06,0.00135290,28.14000000
2018-02-28 15:02:07,0.00135130,2.53000000
2018-02-28 15:02:07,0.00135130,2.22000000
2018-02-28 15:02:07,0.00135250,20.76000000
2018-02-28 15:02:07,0.00135130,26.06000000
2018-02-28 15:02:07,0.00135250,0.01000000
2018-02-28 15:02:07,0.00135290,73.92000000
2018-02-28 15:02:07,0.00135290,93.75000000
2018-02-28 15:02:08,0.00135280,499.99000000
2018-02-28 15:02:09,0.00135130,0.81000000
2018-02-28 15:02:10,0.00135130,3.47000000
2018-02-28 15:02:10,0.00135130,1.53000000
2018-02-28 15:02:11,0.00135130,7.38000000
2018-02-28 15:02:11,0.00135130,7.38000000
2018-02-28 15:02:11,0.00135130,5.91000000
2018-02-28 15:02:11,0.00135130,7.38000000
2018-02-28 15:02:11,0.00135130,95.58000000
2018-02-28 15:02:11,0.00135130,12.80000000
2018-02-28 15:02:11,0.00135130,63.57000000
2018-02-28 15:02:11,0.00135000,2.66000000
2018-02-28 15:02:12,0.00135260,8.34000000
2018-02-28 15:02:12,0.00135000,1.04000000
2018-02-28 15:02:13,0.00135120,3.04000000
2018-02-28 15:02:13,0.00135120,12.59000000
2018-02-28 15:02:13,0.00135130,4.57000000
2018-02-28 15:02:13,0.00135130,26.24000000
2018-02-28 15:02:13,0.00135260,0.02000000
2018-02-28 15:02:13,0.00135270,16.16000000
2018-02-28 15:02:13,0.00135280,80.18000000
2018-02-28 15:02:14,0.00135280,65.56000000
2018-02-28 15:02:16,0.00135130,2.97000000
2018-02-28 15:02:16,0.00135260,0.90000000
2018-02-28 15:02:17,0.00135260,99.10000000
2018-02-28 15:02:17,0.00135000,11.92000000
2018-02-28 15:02:19,0.00135130,220.59000000
2018-02-28 15:02:23,0.00135020,1.87000000
2018-02-28 15:02:23,0.00135260,53.02000000
2018-02-28 15:02:23,0.00135020,1.83000000
2018-02-28 15:02:23,0.00135000,1500.03000000
2018-02-28 15:02:23,0.00135000,54.85000000
2018-02-28 15:02:24,0.00135000,52.84000000
2018-02-28 15:02:24,0.00135000,7.39000000
2018-02-28 15:02:26,0.00134760,1.00000000
2018-02-28 15:02:29,0.00134700,6.02000000
2018-02-28 15:02:29,0.00134620,8.53000000
2018-02-28 15:02:29,0.00134610,3.71000000
2018-02-28 15:02:29,0.00134600,5.56000000
2018-02-28 15:02:29,0.00134530,10.00000000
2018-02-28 15:02:29,0.00134420,30.32000000
2018-02-28 15:02:31,0.00134640,0.78000000
2018-02-28 15:02:31,0.00134430,4.22000000
2018-02-28 15:02:31,0.00134890,4.60000000
2018-02-28 15:02:32,0.00134880,3.00000000
2018-02-28 15:02:34,0.00134780,58.00000000
2018-02-28 15:02:36,0.00134500,50.06000000
2018-02-28 15:02:37,0.00134690,11.44000000
2018-02-28 15:02:39,0.00134590,1.00000000
2018-02-28 15:02:39,0.00134540,6.02000000
2018-02-28 15:02:40,0.00134540,825.90000000
2018-02-28 15:02:40,0.00134540,6.02000000
2018-02-28 15:02:40,0.00134590,17.88000000
2018-02-28 15:02:40,0.00134690,365.74000000
2018-02-28 15:02:40,0.00134500,191.46000000
2018-02-28 15:02:40,0.00134420,8.21000000
2018-02-28 15:02:40,0.00134400,60.57000000
2018-02-28 15:02:40,0.00134390,117.66000000
2018-02-28 15:02:40,0.00134310,22.52000000
2018-02-28 15:02:40,0.00134300,131.39000000
2018-02-28 15:02:41,0.00134500,71.43000000
2018-02-28 15:02:41,0.00134400,8.00000000
2018-02-28 15:02:41,0.00134310,62.94000000
2018-02-28 15:02:41,0.00134500,1.20000000
2018-02-28 15:02:41,0.00134490,1.20000000
2018-02-28 15:02:41,0.00134490,18.80000000
2018-02-28 15:02:42,0.00134500,8.00000000
2018-02-28 15:02:43,0.00134310,8.00000000
2018-02-28 15:02:44,0.00134310,0.91000000
2018-02-28 15:02:45,0.00134480,9.44000000
2018-02-28 15:02:48,0.00134470,0.91000000
2018-02-28 15:02:48,0.00134480,2.27000000
2018-02-28 15:02:48,0.00134490,6.82000000
2018-02-28 15:02:50,0.00134480,169.40000000
2018-02-28 15:02:50,0.00134320,104.87000000
2018-02-28 15:02:50,0.00134310,9.97000000
2018-02-28 15:02:50,0.00134300,7.97000000
2018-02-28 15:02:51,0.00134260,2.53000000
2018-02-28 15:02:51,0.00134230,5.00000000
2018-02-28 15:02:51,0.00134200,0.06000000
2018-02-28 15:02:51,0.00134300,1.11000000
2018-02-28 15:02:52,0.00134200,7.58000000
2018-02-28 15:02:53,0.00134300,77.00000000
2018-02-28 15:02:53,0.00134200,7.57000000
2018-02-28 15:02:53,0.00134200,1.89000000
2018-02-28 15:02:55,0.00134200,1.89000000
2018-02-28 15:02:56,0.00134200,35.51000000
2018-02-28 15:02:56,0.00134200,13.64000000
2018-02-28 15:02:56,0.00134200,7.59000000
2018-02-28 15:02:57,0.00134200,2.27000000
2018-02-28 15:02:58,0.00134200,7.60000000
2018-02-28 15:02:58,0.00134300,664.95000000
2018-02-28 15:02:58,0.00134320,202.46000000
2018-02-28 15:02:58,0.00134460,10.00000000
2018-02-28 15:02:58,0.00134470,14.94000000
2018-02-28 15:02:58,0.00134490,32.74000000
2018-02-28 15:02:58,0.00134500,177.07000000
2018-02-28 15:02:58,0.00134730,55.77000000
2018-02-28 15:02:58,0.00134950,22.22000000
2018-02-28 15:02:58,0.00134960,8.53000000
2018-02-28 15:02:58,0.00134980,15.28000000
2018-02-28 15:02:58,0.00134990,1316.75000000
2018-02-28 15:02:58,0.00135000,69.77000000
2018-02-28 15:02:59,0.00135000,3.27000000
2018-02-28 15:02:59,0.00135000,321.79000000
2018-02-28 15:02:59,0.00135000,3.19000000
2018-02-28 15:03:00,0.00135000,4.00000000
2018-02-28 15:03:00,0.00135040,272.22000000
2018-02-28 15:03:03,0.00135100,0.89000000
2018-02-28 15:03:04,0.00135000,83.34000000
2018-02-28 15:03:04,0.00135000,965.37000000
2018-02-28 15:03:05,0.00135000,1167.29000000
2018-02-28 15:03:06,0.00135040,159.70000000
2018-02-28 15:03:07,0.00134640,20.00000000
2018-02-28 15:03:07,0.00134630,9.19000000
2018-02-28 15:03:08,0.00134980,20.00000000
2018-02-28 15:03:08,0.00134990,9.19000000
2018-02-28 15:03:08,0.00135000,5.00000000
2018-02-28 15:03:09,0.00135010,7.52000000
2018-02-28 15:03:09,0.00135010,19.35000000
2018-02-28 15:03:10,0.00135000,2.05000000
2018-02-28 15:03:11,0.00134800,1.60000000
2018-02-28 15:03:14,0.00135040,5.40000000
2018-02-28 15:03:14,0.00134810,884.72000000
2018-02-28 15:03:17,0.00135000,8.41000000
2018-02-28 15:03:18,0.00134810,1.44000000
2018-02-28 15:03:18,0.00134810,7.54000000
2018-02-28 15:03:20,0.00134810,2.88000000
2018-02-28 15:03:20,0.00135000,152.82000000
2018-02-28 15:03:20,0.00135000,1.11000000
2018-02-28 15:03:23,0.00135000,91.75000000
2018-02-28 15:03:24,0.00134720,1.11000000
2018-02-28 15:03:24,0.00134710,22.27000000
2018-02-28 15:03:24,0.00134560,14.79000000
2018-02-28 15:03:24,0.00134470,2.97000000
2018-02-28 15:03:24,0.00134400,3.24000000
2018-02-28 15:03:26,0.00134740,1.77000000
2018-02-28 15:03:26,0.00134860,325.02000000
2018-02-28 15:03:26,0.00134740,1.24000000
2018-02-28 15:03:27,0.00135000,28.74000000
2018-02-28 15:03:28,0.00135000,3.01000000
2018-02-28 15:03:29,0.00135000,1.01000000
2018-02-28 15:03:29,0.00135000,7.12000000
2018-02-28 15:03:29,0.00134990,52.60000000
2018-02-28 15:03:32,0.00134990,1.00000000
2018-02-28 15:03:32,0.00134800,1.42000000
2018-02-28 15:03:32,0.00134760,3.27000000
2018-02-28 15:03:32,0.00134740,2.92000000
2018-02-28 15:03:32,0.00134630,5.14000000
2018-02-28 15:03:32,0.00134630,1.33000000
2018-02-28 15:03:32,0.00134630,5.14000000
2018-02-28 15:03:32,0.00134630,1.75000000
2018-02-28 15:03:32,0.00134630,13.04000000
2018-02-28 15:03:32,0.00134630,1.75000000
2018-02-28 15:03:32,0.00134630,27.44000000
2018-02-28 15:03:32,0.00134990,1.34000000
2018-02-28 15:03:32,0.00134430,1.75000000
2018-02-28 15:03:33,0.00134980,2.12000000
2018-02-28 15:03:37,0.00134600,8.00000000
2018-02-28 15:03:37,0.00134430,7.00000000
2018-02-28 15:03:38,0.00134600,591.35000000
2018-02-28 15:03:40,0.00134600,8.00000000
2018-02-28 15:03:41,0.00134640,937.53000000
2018-02-28 15:03:41,0.00134600,1.74000000
2018-02-28 15:03:49,0.00134610,6.55000000
2018-02-28 15:03:49,0.00134600,3.42000000
2018-02-28 15:03:50,0.00134600,8.60000000
2018-02-28 15:03:54,0.00134590,1.75000000
2018-02-28 15:03:54,0.00134600,7.80000000
2018-02-28 15:03:55,0.00134600,128.91000000
2018-02-28 15:03:55,0.00134680,13.98000000
2018-02-28 15:03:55,0.00134800,34.29000000
2018-02-28 15:03:55,0.00134860,18.38000000
2018-02-28 15:03:58,0.00134630,22.12000000
2018-02-28 15:03:59,0.00134950,17.88000000
2018-02-28 15:03:59,0.00134960,3.89000000
2018-02-28 15:03:59,0.00134990,3.88000000
2018-02-28 15:04:00,0.00134800,377.82000000
2018-02-28 15:04:09,0.00134790,5.62000000
2018-02-28 15:04:10,0.00134790,24.66000000
2018-02-28 15:04:13,0.00134710,990.33000000
2018-02-28 15:04:14,0.00134790,217.45000000
2018-02-28 15:04:19,0.00134800,2.67000000
2018-02-28 15:04:19,0.00134800,0.33000000
2018-02-28 15:04:19,0.00134990,28.75000000
2018-02-28 15:04:25,0.00134840,430.63000000
2018-02-28 15:04:25,0.00134980,2.75000000
2018-02-28 15:04:28,0.00134800,10.00000000
2018-02-28 15:04:28,0.00134800,1.95000000
2018-02-28 15:04:33,0.00134970,1.11000000
2018-02-28 15:04:35,0.00134970,0.79000000
2018-02-28 15:04:36,0.00134970,11.45000000
2018-02-28 15:04:36,0.00134980,5.55000000
2018-02-28 15:04:38,0.00134970,5.67000000
2018-02-28 15:04:38,0.00134970,1.00000000
2018-02-28 15:04:40,0.00134970,1.20000000
2018-02-28 15:04:40,0.00134970,4.37000000
2018-02-28 15:04:46,0.00134970,31.09000000
2018-02-28 15:04:47,0.00134800,13.12000000
2018-02-28 15:04:47,0.00134790,9.78000000
2018-02-28 15:04:47,0.00134770,31.13000000
2018-02-28 15:04:47,0.00134730,21.96000000
2018-02-28 15:04:47,0.00134890,1043.13000000
2018-02-28 15:04:52,0.00134980,6.73000000
2018-02-28 15:04:53,0.00134980,6.35000000
2018-02-28 15:04:53,0.00134990,500.46000000
2018-02-28 15:04:55,0.00134990,1.77000000
2018-02-28 15:04:57,0.00134800,100.00000000
2018-02-28 15:04:59,0.00134990,459.42000000
2018-02-28 15:05:00,0.00134990,3.00000000
2018-02-28 15:05:02,0.00134990,1.85000000
2018-02-28 15:05:03,0.00134960,8.98000000
2018-02-28 15:05:04,0.00134800,2.00000000
2018-02-28 15:05:05,0.00134810,5.37000000
2018-02-28 15:05:06,0.00134810,5.82000000
2018-02-28 15:05:06,0.00134960,1.78000000
2018-02-28 15:05:06,0.00134960,18.23000000
2018-02-28 15:05:07,0.00134900,483.43000000
2018-02-28 15:05:07,0.00134820,3.44000000
2018-02-28 15:05:09,0.00134990,55.31000000
2018-02-28 15:05:09,0.00135000,2696.38000000
2018-02-28 15:05:09,0.00135010,0.80000000
2018-02-28 15:05:09,0.00135020,209.00000000
2018-02-28 15:05:09,0.00135040,150.60000000
2018-02-28 15:05:10,0.00135090,14.62000000
2018-02-28 15:05:10,0.00135100,35.38000000
2018-02-28 15:05:10,0.00135100,125.03000000
2018-02-28 15:05:10,0.00135100,34.36000000
2018-02-28 15:05:10,0.00135130,36.74000000
2018-02-28 15:05:10,0.00135130,88.29000000
2018-02-28 15:05:10,0.00135000,12.77000000
2018-02-28 15:05:11,0.00135000,45.04000000
2018-02-28 15:05:13,0.00135000,183.27000000
2018-02-28 15:05:15,0.00135000,1021.15000000
2018-02-28 15:05:15,0.00135190,9.78000000
2018-02-28 15:05:15,0.00135200,29.29000000
2018-02-28 15:05:15,0.00135260,30.44000000
2018-02-28 15:05:15,0.00135270,557.88000000
2018-02-28 15:05:24,0.00135230,0.89000000
2018-02-28 15:05:24,0.00135210,1094.76000000
2018-02-28 15:05:24,0.00135230,2.08000000
2018-02-28 15:05:26,0.00135200,26.73000000
2018-02-28 15:05:26,0.00135200,0.97000000
2018-02-28 15:05:26,0.00135270,26.47000000
2018-02-28 15:05:30,0.00135270,2.00000000
2018-02-28 15:05:31,0.00135260,12.50000000
2018-02-28 15:05:31,0.00135270,32.94000000
2018-02-28 15:05:35,0.00135270,27.76000000
2018-02-28 15:05:38,0.00135270,81.25000000
2018-02-28 15:05:38,0.00135270,267.22000000
2018-02-28 15:05:38,0.00135280,234.00000000
2018-02-28 15:05:38,0.00135290,30.15000000
2018-02-28 15:05:43,0.00135380,3.00000000
2018-02-28 15:05:44,0.00135330,535.06000000
2018-02-28 15:05:46,0.00135380,1.46000000
2018-02-28 15:05:46,0.00135390,1.31000000
2018-02-28 15:05:46,0.00135400,62.85000000
2018-02-28 15:05:47,0.00135290,8.00000000
2018-02-28 15:05:50,0.00135330,65.74000000
2018-02-28 15:05:52,0.00135330,30.00000000
2018-02-28 15:05:54,0.00135330,7.77000000
2018-02-28 15:05:55,0.00135330,20.89000000
2018-02-28 15:05:55,0.00135370,1.48000000
2018-02-28 15:05:56,0.00135370,2.06000000
2018-02-28 15:05:56,0.00135370,10.91000000
2018-02-28 15:05:57,0.00135380,37.80000000
2018-02-28 15:06:01,0.00135380,1147.56000000
2018-02-28 15:06:01,0.00135400,11.79000000
2018-02-28 15:06:01,0.00135410,13.35000000
2018-02-28 15:06:13,0.00135460,24.82000000
2018-02-28 15:06:13,0.00135470,3.28000000
2018-02-28 15:06:13,0.00135490,20.19000000
2018-02-28 15:06:13,0.00135500,89.15000000
2018-02-28 15:06:15,0.00135470,587.86000000
2018-02-28 15:06:15,0.00135460,26.00000000
2018-02-28 15:06:15,0.00135440,143.87000000
2018-02-28 15:06:15,0.00135410,16.21000000
2018-02-28 15:06:15,0.00135370,15.00000000
2018-02-28 15:06:15,0.00135330,9.42000000
2018-02-28 15:06:15,0.00135290,90.71000000
2018-02-28 15:06:15,0.00135280,262.79000000
2018-02-28 15:06:15,0.00135500,39.67000000
2018-02-28 15:06:16,0.00135500,31.55000000
2018-02-28 15:06:16,0.00135500,1.19000000
2018-02-28 15:06:17,0.00135500,0.80000000
2018-02-28 15:06:22,0.00135500,7.38000000
2018-02-28 15:06:22,0.00135500,3.16000000
2018-02-28 15:06:23,0.00135500,66.65000000
2018-02-28 15:06:24,0.00135530,2.73000000
2018-02-28 15:06:26,0.00135500,100.12000000
2018-02-28 15:06:27,0.00135470,50.00000000
2018-02-28 15:06:28,0.00135410,0.81000000
2018-02-28 15:06:29,0.00135470,312.36000000
2018-02-28 15:06:29,0.00135520,16.71000000
2018-02-28 15:06:29,0.00135530,2.49000000
2018-02-28 15:06:29,0.00135600,1.77000000
2018-02-28 15:06:29,0.00135650,4.83000000
2018-02-28 15:06:29,0.00135660,12.41000000
2018-02-28 15:06:29,0.00135500,5.00000000
2018-02-28 15:06:30,0.00135500,59.82000000
2018-02-28 15:06:36,0.00135500,10.00000000
2018-02-28 15:06:43,0.00135500,0.86000000
2018-02-28 15:06:44,0.00135500,25.16000000
2018-02-28 15:06:44,0.00135510,3.00000000
2018-02-28 15:06:44,0.00135520,10.99000000
2018-02-28 15:06:47,0.00135500,54.16000000
2018-02-28 15:06:47,0.00135500,80.48000000
2018-02-28 15:06:47,0.00135520,0.70000000
2018-02-28 15:06:47,0.00135660,22.49000000
2018-02-28 15:06:47,0.00135670,0.99000000
2018-02-28 15:06:47,0.00135740,3.72000000
2018-02-28 15:06:47,0.00135750,2.00000000
2018-02-28 15:06:47,0.00135760,18.42000000
2018-02-28 15:06:47,0.00135770,2.02000000
2018-02-28 15:06:47,0.00135780,1.18000000
2018-02-28 15:06:47,0.00135790,10.30000000
2018-02-28 15:06:47,0.00135800,33.70000000
2018-02-28 15:06:48,0.00135540,1.00000000
2018-02-28 15:06:49,0.00135540,1.19000000
2018-02-28 15:06:51,0.00135800,76.30000000
2018-02-28 15:06:51,0.00135810,33.18000000
2018-02-28 15:06:51,0.00135820,1.05000000
2018-02-28 15:06:51,0.00135820,1.86000000
2018-02-28 15:06:51,0.00135820,1.00000000
2018-02-28 15:06:51,0.00135820,38.21000000
2018-02-28 15:06:51,0.00135820,57.01000000
2018-02-28 15:06:51,0.00135540,0.76000000
2018-02-28 15:06:51,0.00135430,2.96000000
2018-02-28 15:06:52,0.00135510,11.43000000
2018-02-28 15:06:54,0.00135670,640.66000000
2018-02-28 15:06:56,0.00135670,2.26000000
2018-02-28 15:06:56,0.00135840,2.96000000
2018-02-28 15:06:56,0.00135850,2.14000000
2018-02-28 15:06:56,0.00135570,1.50000000
2018-02-28 15:06:56,0.00135570,1.50000000
2018-02-28 15:06:58,0.00135630,1.00000000
2018-02-28 15:06:58,0.00135850,8.55000000
2018-02-28 15:06:58,0.00135900,128.45000000
2018-02-28 15:07:00,0.00135640,2.00000000
2018-02-28 15:07:00,0.00135900,1.00000000
2018-02-28 15:07:00,0.00135900,9.93000000
2018-02-28 15:07:00,0.00135910,26.41000000
2018-02-28 15:07:01,0.00135900,0.57000000
2018-02-28 15:07:02,0.00135550,152.68000000
2018-02-28 15:07:03,0.00135550,22.48000000
2018-02-28 15:07:05,0.00135550,0.85000000
2018-02-28 15:07:05,0.00135550,73.04000000
2018-02-28 15:07:05,0.00135550,91.63000000
2018-02-28 15:07:05,0.00135550,158.82000000
2018-02-28 15:07:06,0.00135550,0.81000000
2018-02-28 15:07:10,0.00135650,80.96000000
2018-02-28 15:07:11,0.00135600,5.00000000
2018-02-28 15:07:12,0.00135600,25.54000000
2018-02-28 15:07:16,0.00135610,4.20000000
2018-02-28 15:07:16,0.00135610,4.12000000
2018-02-28 15:07:17,0.00135610,1.70000000
2018-02-28 15:07:18,0.00135610,1.19000000
2018-02-28 15:07:19,0.00135610,5.00000000
2018-02-28 15:07:20,0.00135690,63.01000000
2018-02-28 15:07:20,0.00135700,7.64000000
2018-02-28 15:07:21,0.00135610,1.19000000
2018-02-28 15:07:21,0.00135610,1.19000000
2018-02-28 15:07:22,0.00135700,25.74000000
2018-02-28 15:07:22,0.00135850,23.53000000
2018-02-28 15:07:22,0.00135900,11.93000000
2018-02-28 15:07:22,0.00135910,38.18000000
2018-02-28 15:07:22,0.00135920,15.00000000
2018-02-28 15:07:22,0.00135930,52.88000000
2018-02-28 15:07:22,0.00135950,105.67000000
2018-02-28 15:07:25,0.00135690,0.81000000
2018-02-28 15:07:26,0.00135930,6.55000000
2018-02-28 15:07:26,0.00135950,65.29000000
2018-02-28 15:07:26,0.00135690,3.72000000
2018-02-28 15:07:27,0.00135690,3.20000000
2018-02-28 15:07:27,0.00135690,2.24000000
2018-02-28 15:07:28,0.00135850,5.00000000
2018-02-28 15:07:28,0.00135850,1.19000000
2018-02-28 15:07:29,0.00135850,1.25000000
2018-02-28 15:07:29,0.00135690,2.75000000
2018-02-28 15:07:29,0.00135690,2.49000000
2018-02-28 15:07:29,0.00135670,5.00000000
2018-02-28 15:07:29,0.00135840,2.92000000
2018-02-28 15:07:29,0.00135950,4.43000000
2018-02-28 15:07:29,0.00135670,14.60000000
2018-02-28 15:07:30,0.00135930,7.35000000
2018-02-28 15:07:31,0.00135790,693.46000000
2018-02-28 15:07:33,0.00135560,0.62000000
2018-02-28 15:07:33,0.00135560,3.35000000
2018-02-28 15:07:34,0.00135670,2.04000000
2018-02-28 15:07:35,0.00135910,19.60000000
2018-02-28 15:07:35,0.00135930,3.55000000
2018-02-28 15:07:35,0.00135950,21.85000000
2018-02-28 15:07:35,0.00135670,4.77000000
2018-02-28 15:07:35,0.00135540,1.43000000
2018-02-28 15:07:35,0.00135790,15.00000000
2018-02-28 15:07:36,0.00135790,5.00000000
2018-02-28 15:07:36,0.00135790,5.00000000
2018-02-28 15:07:36,0.00135790,1.94000000
2018-02-28 15:07:37,0.00135790,5.00000000
2018-02-28 15:07:37,0.00135790,1.00000000
2018-02-28 15:07:37,0.00135940,2.84000000
2018-02-28 15:07:37,0.00135790,17.46000000
2018-02-28 15:07:37,0.00135790,5.00000000
2018-02-28 15:07:38,0.00135790,5.00000000
2018-02-28 15:07:38,0.00135790,1.86000000
2018-02-28 15:07:38,0.00135790,5.00000000
2018-02-28 15:07:39,0.00135790,1.27000000
2018-02-28 15:07:39,0.00135790,3.58000000
2018-02-28 15:07:40,0.00135790,28.57000000
2018-02-28 15:07:42,0.00135700,3.94000000
2018-02-28 15:07:42,0.00135950,10.56000000
2018-02-28 15:07:44,0.00135610,1.87000000
2018-02-28 15:07:45,0.00135610,0.74000000
2018-02-28 15:07:45,0.00135610,29.79000000
2018-02-28 15:07:45,0.00135600,1.49000000
2018-02-28 15:07:46,0.00135600,10.10000000
2018-02-28 15:07:46,0.00135550,22.13000000
2018-02-28 15:07:46,0.00135530,12.00000000
2018-02-28 15:07:46,0.00135520,149.06000000
2018-02-28 15:07:47,0.00135610,30.35000000
2018-02-28 15:07:47,0.00135790,1.25000000
2018-02-28 15:07:47,0.00135790,57.78000000
2018-02-28 15:07:47,0.00135790,9.24000000
2018-02-28 15:07:47,0.00135790,1.37000000
2018-02-28 15:07:49,0.00135790,2.61000000
2018-02-28 15:07:49,0.00135790,1.35000000
2018-02-28 15:07:49,0.00135790,1.00000000
2018-02-28 15:07:49,0.00135790,8.73000000
2018-02-28 15:07:50,0.00135520,2.09000000
2018-02-28 15:07:51,0.00135520,1.87000000
2018-02-28 15:07:52,0.00135520,6.57000000
2018-02-28 15:07:52,0.00135550,133.76000000
2018-02-28 15:07:54,0.00135520,2.99000000
2018-02-28 15:07:54,0.00135520,7.42000000
2018-02-28 15:07:54,0.00135520,6.97000000
2018-02-28 15:07:54,0.00135520,0.75000000
2018-02-28 15:07:56,0.00135520,1.00000000
2018-02-28 15:07:56,0.00135520,281.44000000
2018-02-28 15:07:56,0.00135500,1443.68000000
2018-02-28 15:07:56,0.00135450,50.00000000
2018-02-28 15:07:57,0.00135480,20.00000000
2018-02-28 15:07:57,0.00135490,0.45000000
2018-02-28 15:07:58,0.00135410,1.19000000
2018-02-28 15:07:59,0.00135490,5.93000000
2018-02-28 15:07:59,0.00135490,0.01000000
2018-02-28 15:07:59,0.00135550,15.99000000
2018-02-28 15:08:00,0.00135400,2.51000000
2018-02-28 15:08:00,0.00135300,6.18000000
2018-02-28 15:08:00,0.00135290,60.03000000
2018-02-28 15:08:01,0.00135280,1.86000000
2018-02-28 15:08:02,0.00135280,1.92000000
2018-02-28 15:08:02,0.00135280,3.99000000
2018-02-28 15:08:02,0.00135290,6.17000000
2018-02-28 15:08:02,0.00135280,1.66000000
2018-02-28 15:08:02,0.00135280,10.00000000
2018-02-28 15:08:04,0.00135540,60.03000000
2018-02-28 15:08:04,0.00135550,11.74000000
2018-02-28 15:08:04,0.00135600,10.68000000
2018-02-28 15:08:04,0.00135600,2.61000000
2018-02-28 15:08:05,0.00135600,0.90000000
2018-02-28 15:08:05,0.00135600,72.32000000
2018-02-28 15:08:05,0.00135280,7.49000000
2018-02-28 15:08:06,0.00135520,2.63000000
2018-02-28 15:08:06,0.00135520,26.89000000
2018-02-28 15:08:07,0.00135520,6.77000000
2018-02-28 15:08:07,0.00135520,4.22000000
2018-02-28 15:08:10,0.00135310,1.87000000
2018-02-28 15:08:11,0.00135400,746.26000000
2018-02-28 15:08:11,0.00135310,8.88000000
2018-02-28 15:08:12,0.00135340,17.48000000
2018-02-28 15:08:12,0.00135340,1.87000000
2018-02-28 15:08:12,0.00135340,2.26000000
2018-02-28 15:08:13,0.00135350,5.31000000
2018-02-28 15:08:13,0.00135350,3.74000000
2018-02-28 15:08:13,0.00135350,0.97000000
2018-02-28 15:08:14,0.00135350,11.83000000
2018-02-28 15:08:14,0.00135510,25.96000000
2018-02-28 15:08:14,0.00135520,5.69000000
2018-02-28 15:08:15,0.00135520,10.75000000
2018-02-28 15:08:15,0.00135520,1.79000000
2018-02-28 15:08:15,0.00135520,21.85000000
2018-02-28 15:08:16,0.00135520,10.88000000
2018-02-28 15:08:17,0.00135520,4.32000000
2018-02-28 15:08:20,0.00135750,13.47000000
2018-02-28 15:08:20,0.00135520,14.68000000
2018-02-28 15:08:21,0.00135750,10.00000000
2018-02-28 15:08:22,0.00135520,1.00000000
2018-02-28 15:08:24,0.00135520,1.04000000
2018-02-28 15:08:25,0.00135520,45.02000000
2018-02-28 15:08:30,0.00135530,7.11000000
2018-02-28 15:08:30,0.00135520,8.86000000
2018-02-28 15:08:34,0.00135520,24.21000000
2018-02-28 15:08:36,0.00135340,62.97000000
2018-02-28 15:08:36,0.00135330,399.69000000
2018-02-28 15:08:36,0.00135300,153.52000000
2018-02-28 15:08:37,0.00135340,1.88000000
2018-02-28 15:08:39,0.00135510,62.97000000
2018-02-28 15:08:39,0.00135520,1.01000000
2018-02-28 15:08:39,0.00135420,797.89000000
2018-02-28 15:08:44,0.00135340,1.00000000
2018-02-28 15:08:45,0.00135340,14.21000000
2018-02-28 15:08:46,0.00135340,44.83000000
2018-02-28 15:08:46,0.00135310,63.02000000
2018-02-28 15:08:46,0.00135300,218.80000000
2018-02-28 15:08:46,0.00135280,249.37000000
2018-02-28 15:08:46,0.00135200,2.01000000
2018-02-28 15:08:46,0.00135020,20.53000000
2018-02-28 15:08:46,0.00135010,120.98000000
2018-02-28 15:08:46,0.00135000,1166.08000000
2018-02-28 15:08:46,0.00134980,3.70000000
2018-02-28 15:08:46,0.00134970,31.62000000
2018-02-28 15:08:46,0.00134960,0.76000000
2018-02-28 15:08:46,0.00134920,1.19000000
2018-02-28 15:08:46,0.00134890,18.29000000
2018-02-28 15:08:46,0.00134850,3.71000000
2018-02-28 15:08:46,0.00134800,81.99000000
2018-02-28 15:08:46,0.00134650,5.24000000
2018-02-28 15:08:46,0.00134970,1.00000000
2018-02-28 15:08:49,0.00134960,22.13000000
2018-02-28 15:08:49,0.00134970,2.87000000
2018-02-28 15:08:49,0.00134970,8.55000000
2018-02-28 15:08:54,0.00134630,25.23000000
2018-02-28 15:08:54,0.00134620,1.12000000
2018-02-28 15:08:54,0.00134600,337.62000000
2018-02-28 15:08:54,0.00134480,115.26000000
2018-02-28 15:08:54,0.00134480,2.23000000
2018-02-28 15:08:55,0.00134480,2.23000000
2018-02-28 15:08:55,0.00134480,2.23000000
2018-02-28 15:08:55,0.00134480,11.84000000
2018-02-28 15:08:55,0.00134480,7.42000000
2018-02-28 15:08:55,0.00134470,7.42000000
2018-02-28 15:08:55,0.00134480,3.16000000
2018-02-28 15:08:55,0.00134480,98.34000000
2018-02-28 15:09:01,0.00134480,5.00000000
2018-02-28 15:09:01,0.00134470,479.46000000
2018-02-28 15:09:01,0.00134450,27.50000000
2018-02-28 15:09:02,0.00134460,3.71000000
2018-02-28 15:09:02,0.00134470,10.66000000
2018-02-28 15:09:02,0.00134480,73.95000000
2018-02-28 15:09:02,0.00134520,29.75000000
2018-02-28 15:09:02,0.00134610,184.90000000
2018-02-28 15:09:03,0.00134510,1.20000000
2018-02-28 15:09:04,0.00134600,27.00000000
2018-02-28 15:09:07,0.00134800,2.25000000
2018-02-28 15:09:08,0.00134800,6.71000000
2018-02-28 15:09:08,0.00134800,6.71000000
2018-02-28 15:09:08,0.00134800,16.93000000
2018-02-28 15:09:08,0.00134600,0.82000000
2018-02-28 15:09:09,0.00134600,51.52000000
2018-02-28 15:09:09,0.00134520,0.82000000
2018-02-28 15:09:09,0.00134510,5.00000000
2018-02-28 15:09:09,0.00134450,74.86000000
2018-02-28 15:09:09,0.00134600,90.55000000
2018-02-28 15:09:09,0.00134910,100.00000000
2018-02-28 15:09:09,0.00134920,22.28000000
2018-02-28 15:09:12,0.00134840,24.00000000
2018-02-28 15:09:14,0.00134840,22.34000000
2018-02-28 15:09:18,0.00134710,850.70000000
2018-02-28 15:09:18,0.00134600,1.54000000
2018-02-28 15:09:18,0.00134600,6.46000000
2018-02-28 15:09:18,0.00134530,14.00000000
2018-02-28 15:09:18,0.00134470,11.23000000
2018-02-28 15:09:20,0.00134480,8.16000000
2018-02-28 15:09:20,0.00134470,3.64000000
2018-02-28 15:09:20,0.00134460,10.85000000
2018-02-28 15:09:20,0.00134700,8.00000000
2018-02-28 15:09:20,0.00134830,1.65000000
2018-02-28 15:09:23,0.00134820,8.16000000
2018-02-28 15:09:23,0.00134830,9.58000000
2018-02-28 15:09:23,0.00134840,42.76000000
2018-02-28 15:09:24,0.00134600,8.00000000
2018-02-28 15:09:24,0.00134550,2.31000000
2018-02-28 15:09:25,0.00134700,8.00000000
2018-02-28 15:09:25,0.00134840,25.26000000
2018-02-28 15:09:25,0.00134860,3.64000000
2018-02-28 15:09:25,0.00134920,9.74000000
2018-02-28 15:09:25,0.00134970,17.04000000
2018-02-28 15:09:25,0.00134550,9.42000000
2018-02-28 15:09:26,0.00134830,7.41000000
2018-02-28 15:09:26,0.00134830,2.17000000
2018-02-28 15:09:29,0.00134970,1.46000000
2018-02-28 15:09:30,0.00134970,5.93000000
2018-02-28 15:09:32,0.00134960,1.85000000
2018-02-28 15:09:33,0.00134890,290.99000000
2018-02-28 15:09:35,0.00134960,6.09000000
2018-02-28 15:09:39,0.00134960,451.37000000
2018-02-28 15:09:43,0.00134960,200.00000000
2018-02-28 15:09:50,0.00134960,23.95000000
2018-02-28 15:09:50,0.00134970,137.58000000
2018-02-28 15:09:51,0.00134970,9.33000000
2018-02-28 15:09:52,0.00134980,903.50000000
2018-02-28 15:09:56,0.00135000,2.16000000
2018-02-28 15:09:56,0.00135100,40.35000000
2018-02-28 15:09:56,0.00135220,49.95000000
2018-02-28 15:09:56,0.00135290,4.44000000
2018-02-28 15:09:56,0.00135390,18.10000000
2018-02-28 15:09:58,0.00135100,8.00000000
2018-02-28 15:09:58,0.00134980,7.81000000
2018-02-28 15:10:04,0.00135090,343.80000000
2018-02-28 15:10:06,0.00135000,22.71000000
2018-02-28 15:10:08,0.00135000,3.44000000
2018-02-28 15:10:09,0.00135000,24.00000000
2018-02-28 15:10:09,0.00135100,1.85000000
2018-02-28 15:10:11,0.00135100,6.15000000
2018-02-28 15:10:11,0.00135170,3.85000000
2018-02-28 15:10:15,0.00135000,43.03000000
2018-02-28 15:10:19,0.00135000,5.00000000
2018-02-28 15:10:21,0.00135000,173.14000000
2018-02-28 15:10:22,0.00135080,470.04000000
2018-02-28 15:10:27,0.00135170,1.00000000
2018-02-28 15:10:28,0.00135170,2.25000000
2018-02-28 15:10:31,0.00135170,3.66000000
2018-02-28 15:10:32,0.00135050,11.00000000
2018-02-28 15:10:32,0.00135000,1.94000000
2018-02-28 15:10:35,0.00135160,2.51000000
2018-02-28 15:10:38,0.00135070,33.83000000
2018-02-28 15:10:40,0.00135010,0.82000000
2018-02-28 15:10:43,0.00135010,0.82000000
2018-02-28 15:10:47,0.00135010,20.00000000
2018-02-28 15:10:49,0.00135160,5.01000000
2018-02-28 15:10:49,0.00135160,5.01000000
2018-02-28 15:10:50,0.00135160,5.01000000
2018-02-28 15:10:50,0.00135160,5.01000000
2018-02-28 15:10:51,0.00135160,5.01000000
2018-02-28 15:10:52,0.00135070,511.19000000
2018-02-28 15:10:54,0.00135010,3.36000000
2018-02-28 15:10:54,0.00135000,55.23000000
2018-02-28 15:10:54,0.00134980,2.49000000
2018-02-28 15:10:55,0.00135150,8.72000000
2018-02-28 15:10:56,0.00135160,29.96000000
2018-02-28 15:10:56,0.00135170,15.41000000
2018-02-28 15:10:57,0.00135170,13.24000000
2018-02-28 15:10:57,0.00135190,9.10000000
2018-02-28 15:10:59,0.00135190,0.02000000
2018-02-28 15:10:59,0.00135270,7.79000000
2018-02-28 15:11:02,0.00135400,8.55000000
2018-02-28 15:11:03,0.00135400,8.55000000
2018-02-28 15:11:03,0.00135390,18.46000000
2018-02-28 15:11:03,0.00135390,8.55000000
2018-02-28 15:11:03,0.00135390,7.37000000
2018-02-28 15:11:03,0.00135390,6.83000000
2018-02-28 15:11:03,0.00135390,3.71000000
2018-02-28 15:11:03,0.00135390,10.52000000
2018-02-28 15:11:03,0.00135400,2.13000000
2018-02-28 15:11:06,0.00135290,74.98000000
2018-02-28 15:11:08,0.00135400,7.78000000
2018-02-28 15:11:08,0.00135410,4.46000000
2018-02-28 15:11:08,0.00135450,19.50000000
2018-02-28 15:11:08,0.00135190,1.00000000
2018-02-28 15:11:10,0.00135270,20.00000000
2018-02-28 15:11:11,0.00135270,30.00000000
2018-02-28 15:11:11,0.00135270,27.44000000
2018-02-28 15:11:12,0.00135270,9.14000000
2018-02-28 15:11:13,0.00135270,22.49000000
2018-02-28 15:11:14,0.00135270,30.00000000
2018-02-28 15:11:16,0.00135270,10.33000000
2018-02-28 15:11:18,0.00135190,6.64000000
2018-02-28 15:11:19,0.00135190,30.44000000
2018-02-28 15:11:22,0.00135220,552.35000000
2018-02-28 15:11:22,0.00135190,60.41000000
2018-02-28 15:11:24,0.00135190,86.26000000
2018-02-28 15:11:24,0.00135120,7.82000000
2018-02-28 15:11:24,0.00135100,16.39000000
2018-02-28 15:11:24,0.00135100,16.39000000
2018-02-28 15:11:24,0.00135100,13.66000000
2018-02-28 15:11:24,0.00135100,7.37000000
2018-02-28 15:11:25,0.00135020,7.37000000
2018-02-28 15:11:25,0.00135100,24.06000000
2018-02-28 15:11:25,0.00135100,1.00000000
2018-02-28 15:11:27,0.00135080,4.20000000
2018-02-28 15:11:28,0.00135020,5.27000000
2018-02-28 15:11:29,0.00135080,0.02000000
2018-02-28 15:11:30,0.00135080,3.00000000
2018-02-28 15:11:31,0.00135090,8.33000000
2018-02-28 15:11:33,0.00135080,4.38000000
2018-02-28 15:11:33,0.00135020,0.43000000
2018-02-28 15:11:33,0.00135010,8.39000000
2018-02-28 15:11:33,0.00134990,6.96000000
2018-02-28 15:11:33,0.00134980,58.81000000
2018-02-28 15:11:33,0.00134960,125.81000000
2018-02-28 15:11:34,0.00135020,116.14000000
2018-02-28 15:11:35,0.00135000,18.00000000
2018-02-28 15:11:36,0.00135000,1.00000000
2018-02-28 15:11:36,0.00135000,1.00000000
2018-02-28 15:11:37,0.00135000,12.21000000
2018-02-28 15:11:37,0.00135000,2.81000000
2018-02-28 15:11:37,0.00134960,67.30000000
2018-02-28 15:11:37,0.00134960,2.81000000
2018-02-28 15:11:38,0.00134870,36.38000000
2018-02-28 15:11:38,0.00134830,22.77000000
2018-02-28 15:11:38,0.00134810,62.95000000
2018-02-28 15:11:38,0.00134800,107.01000000
2018-02-28 15:11:38,0.00134760,1.26000000
2018-02-28 15:11:38,0.00134610,1.14000000
2018-02-28 15:11:38,0.00134600,384.67000000
2018-02-28 15:11:38,0.00134960,6.23000000
2018-02-28 15:11:45,0.00134880,0.62000000
2018-02-28 15:11:45,0.00134630,3.71000000
2018-02-28 15:11:45,0.00134600,27.45000000
2018-02-28 15:11:47,0.00134730,593.50000000
2018-02-28 15:11:49,0.00134630,0.76000000
2018-02-28 15:11:51,0.00134630,27.97000000
2018-02-28 15:11:51,0.00134600,3.00000000
2018-02-28 15:11:51,0.00134600,1.20000000
2018-02-28 15:11:52,0.00134600,6.58000000
2018-02-28 15:11:52,0.00134600,29.58000000
2018-02-28 15:11:57,0.00134550,23.67000000
2018-02-28 15:11:57,0.00134520,2.00000000
2018-02-28 15:11:57,0.00134500,6.07000000
2018-02-28 15:11:58,0.00134600,2.42000000
2018-02-28 15:11:59,0.00134710,157.29000000
2018-02-28 15:12:06,0.00134600,31.46000000
2018-02-28 15:12:08,0.00134840,62.33000000
2018-02-28 15:12:08,0.00134850,14.80000000
2018-02-28 15:12:08,0.00134870,8.14000000
2018-02-28 15:12:08,0.00134950,5.50000000
2018-02-28 15:12:08,0.00134960,1681.41000000
2018-02-28 15:12:08,0.00135000,26.51000000
2018-02-28 15:12:09,0.00135000,30.00000000
2018-02-28 15:12:09,0.00135080,15.36000000
2018-02-28 15:12:09,0.00135090,113.01000000
2018-02-28 15:12:09,0.00135260,2.82000000
2018-02-28 15:12:09,0.00135270,336.99000000
2018-02-28 15:12:09,0.00135390,8.52000000
2018-02-28 15:12:11,0.00135390,7.41000000
2018-02-28 15:12:12,0.00135030,7.97000000
2018-02-28 15:12:13,0.00135380,5.37000000
2018-02-28 15:12:14,0.00135100,8.00000000
2018-02-28 15:12:14,0.00135040,67.99000000
2018-02-28 15:12:14,0.00135030,6.84000000
2018-02-28 15:12:14,0.00135020,42.03000000
2018-02-28 15:12:15,0.00135430,0.14000000
2018-02-28 15:12:15,0.00135390,8.00000000
2018-02-28 15:12:16,0.00135390,8.99000000
2018-02-28 15:12:16,0.00135400,1.85000000
2018-02-28 15:12:19,0.00135390,0.01000000
2018-02-28 15:12:21,0.00135390,7.94000000
2018-02-28 15:12:22,0.00135400,20.50000000
2018-02-28 15:12:24,0.00135400,19.68000000
2018-02-28 15:12:25,0.00135400,2.50000000
2018-02-28 15:12:27,0.00135400,18.79000000
2018-02-28 15:12:27,0.00135390,2.83000000
2018-02-28 15:12:31,0.00135420,1.00000000
2018-02-28 15:12:32,0.00135420,1.19000000
2018-02-28 15:12:32,0.00135400,198.44000000
2018-02-28 15:12:32,0.00135420,10.95000000
2018-02-28 15:12:32,0.00135420,13.19000000
2018-02-28 15:12:32,0.00135420,0.80000000
2018-02-28 15:12:33,0.00135420,40.85000000
2018-02-28 15:12:33,0.00135430,9.63000000
2018-02-28 15:12:33,0.00135440,130.37000000
2018-02-28 15:12:34,0.00135410,7.78000000
2018-02-28 15:12:34,0.00135410,0.02000000
2018-02-28 15:12:34,0.00135440,679.04000000
2018-02-28 15:12:34,0.00135440,402.75000000
2018-02-28 15:12:34,0.00135450,18.15000000
2018-02-28 15:12:34,0.00135460,5.23000000
2018-02-28 15:12:34,0.00135500,95.50000000
2018-02-28 15:12:34,0.00135510,9.97000000
2018-02-28 15:12:34,0.00135520,11.21000000
2018-02-28 15:12:34,0.00135530,9.04000000
2018-02-28 15:12:38,0.00135570,120.00000000
2018-02-28 15:12:38,0.00135440,28.99000000
2018-02-28 15:12:43,0.00135550,2.00000000
2018-02-28 15:12:44,0.00135450,5.00000000
2018-02-28 15:12:46,0.00135450,0.39000000
2018-02-28 15:12:46,0.00135440,4.28000000
2018-02-28 15:12:50,0.00135440,0.81000000
2018-02-28 15:12:52,0.00135510,674.89000000
2018-02-28 15:12:57,0.00135450,36.45000000
2018-02-28 15:12:57,0.00135440,3.55000000
2018-02-28 15:13:02,0.00135440,3.43000000
2018-02-28 15:13:02,0.00135440,15.01000000
2018-02-28 15:13:03,0.00135440,109.99000000
2018-02-28 15:13:03,0.00135510,12.95000000
2018-02-28 15:13:03,0.00135590,7.62000000
2018-02-28 15:13:03,0.00135600,54.42000000
2018-02-28 15:13:03,0.00135630,11.75000000
2018-02-28 15:13:03,0.00135670,6.84000000
2018-02-28 15:13:03,0.00135690,5.06000000
2018-02-28 15:13:03,0.00135700,171.92000000
2018-02-28 15:13:03,0.00135790,10.43000000
2018-02-28 15:13:03,0.00135800,138.73000000
2018-02-28 15:13:03,0.00135890,71.78000000
2018-02-28 15:13:03,0.00135900,41.52000000
2018-02-28 15:13:03,0.00135910,86.45000000
2018-02-28 15:13:03,0.00135940,49.13000000
2018-02-28 15:13:03,0.00135930,20.00000000
2018-02-28 15:13:03,0.00135940,14.50000000
2018-02-28 15:13:03,0.00135640,1.00000000
2018-02-28 15:13:06,0.00135790,238.68000000
2018-02-28 15:13:06,0.00135930,6.17000000
2018-02-28 15:13:06,0.00135940,25.95000000
2018-02-28 15:13:06,0.00135950,7.97000000
2018-02-28 15:13:06,0.00135990,19.91000000
2018-02-28 15:13:06,0.00135680,20.00000000
2018-02-28 15:13:06,0.00135670,3.28000000
2018-02-28 15:13:06,0.00135670,2.22000000
2018-02-28 15:13:06,0.00135670,5.90000000
2018-02-28 15:13:07,0.00135900,4.30000000
2018-02-28 15:13:07,0.00135990,95.08000000
2018-02-28 15:13:07,0.00136000,66.21000000
2018-02-28 15:13:09,0.00136000,41.00000000
2018-02-28 15:13:10,0.00135790,3.24000000
2018-02-28 15:13:10,0.00135990,10.43000000
2018-02-28 15:13:10,0.00135990,0.96000000
2018-02-28 15:13:12,0.00136000,530.85000000
2018-02-28 15:13:14,0.00135920,6.72000000
2018-02-28 15:13:14,0.00135640,15.56000000
2018-02-28 15:13:16,0.00135660,0.82000000
2018-02-28 15:13:16,0.00135640,7.92000000
2018-02-28 15:13:16,0.00135520,31.26000000
2018-02-28 15:13:16,0.00135910,14.74000000
2018-02-28 15:13:16,0.00135920,0.73000000
2018-02-28 15:13:16,0.00135990,19.16000000
2018-02-28 15:13:16,0.00136000,401.74000000
2018-02-28 15:13:17,0.00135640,22.24000000
2018-02-28 15:13:18,0.00136000,1107.30000000
2018-02-28 15:13:19,0.00136000,1.89000000
2018-02-28 15:13:19,0.00136000,822.19000000
2018-02-28 15:13:21,0.00135830,716.04000000
2018-02-28 15:13:22,0.00135960,1.10000000
2018-02-28 15:13:22,0.00135680,10.89000000
2018-02-28 15:13:23,0.00135990,1.42000000
2018-02-28 15:13:23,0.00135990,1.58000000
2018-02-28 15:13:23,0.00136000,109.19000000
2018-02-28 15:13:25,0.00135990,0.02000000
2018-02-28 15:13:27,0.00135690,6.63000000
2018-02-28 15:13:27,0.00135990,39.70000000
2018-02-28 15:13:27,0.00136000,38.36000000
2018-02-28 15:13:27,0.00136000,6.62000000
2018-02-28 15:13:28,0.00135660,7.99000000
2018-02-28 15:13:28,0.00135830,3.72000000
2018-02-28 15:13:28,0.00135990,26.05000000
2018-02-28 15:13:28,0.00135990,6.05000000
2018-02-28 15:13:28,0.00136000,43.95000000
2018-02-28 15:13:30,0.00135990,7.99000000
2018-02-28 15:13:30,0.00136000,77.64000000
2018-02-28 15:13:30,0.00135670,3.44000000
2018-02-28 15:13:31,0.00136000,12.04000000
2018-02-28 15:13:32,0.00135850,3.00000000
2018-02-28 15:13:32,0.00135990,3.44000000
2018-02-28 15:13:32,0.00136000,226.13000000
2018-02-28 15:13:33,0.00135980,7.28000000
2018-02-28 15:13:33,0.00135990,24.32000000
2018-02-28 15:13:33,0.00135990,24.52000000
2018-02-28 15:13:34,0.00136000,7.76000000
2018-02-28 15:13:35,0.00135900,8.00000000
2018-02-28 15:13:35,0.00135900,9.10000000
2018-02-28 15:13:36,0.00135900,21.28000000
2018-02-28 15:13:36,0.00135690,3.44000000
2018-02-28 15:13:36,0.00135680,8.01000000
2018-02-28 15:13:36,0.00135670,87.08000000
2018-02-28 15:13:36,0.00135660,49.47000000
2018-02-28 15:13:36,0.00135650,19.18000000
2018-02-28 15:13:36,0.00135640,393.58000000
2018-02-28 15:13:36,0.00135510,2.95000000
2018-02-28 15:13:36,0.00135500,83.73000000
2018-02-28 15:13:36,0.00135500,461.71000000
2018-02-28 15:13:37,0.00135690,5.00000000
2018-02-28 15:13:37,0.00135770,14.74000000
2018-02-28 15:13:37,0.00135890,11.79000000
2018-02-28 15:13:39,0.00135510,1.49000000
2018-02-28 15:13:39,0.00135690,279.83000000
2018-02-28 15:13:40,0.00135520,4.00000000
2018-02-28 15:13:40,0.00135890,50.89000000
2018-02-28 15:13:40,0.00135900,11.62000000
2018-02-28 15:13:40,0.00136000,356.02000000
2018-02-28 15:13:41,0.00135600,2.09000000
2018-02-28 15:13:43,0.00135670,3.05000000
2018-02-28 15:13:43,0.00135600,10.73000000
2018-02-28 15:13:43,0.00135530,16.38000000
2018-02-28 15:13:47,0.00135800,4.05000000
2018-02-28 15:13:49,0.00135660,1.27000000
2018-02-28 15:13:52,0.00135780,757.19000000
2018-02-28 15:13:59,0.00135650,122.87000000
2018-02-28 15:14:00,0.00135790,7.12000000
2018-02-28 15:14:00,0.00135970,1.49000000
2018-02-28 15:14:00,0.00135980,12.77000000
2018-02-28 15:14:00,0.00135990,18.62000000
2018-02-28 15:14:02,0.00135780,3.00000000
2018-02-28 15:14:02,0.00135660,30.79000000
2018-02-28 15:14:04,0.00135980,30.79000000
2018-02-28 15:14:04,0.00135990,121.38000000
2018-02-28 15:14:05,0.00135990,13.04000000
2018-02-28 15:14:05,0.00136000,79.32000000
2018-02-28 15:14:05,0.00136020,1.77000000
2018-02-28 15:14:05,0.00136030,5.79000000
2018-02-28 15:14:05,0.00136040,1.64000000
2018-02-28 15:14:05,0.00136130,47.35000000
2018-02-28 15:14:05,0.00136170,0.76000000
2018-02-28 15:14:05,0.00136200,51.37000000
2018-02-28 15:14:12,0.00136040,320.98000000
2018-02-28 15:14:14,0.00135990,6.97000000
2018-02-28 15:14:14,0.00136200,97.72000000
2018-02-28 15:14:14,0.00136270,105.68000000
2018-02-28 15:14:15,0.00135810,2.71000000
2018-02-28 15:14:15,0.00135900,8.00000000
2018-02-28 15:14:15,0.00135830,2.12000000
2018-02-28 15:14:18,0.00135910,22.46000000
2018-02-28 15:14:19,0.00135910,8.00000000
2018-02-28 15:14:24,0.00135940,798.34000000
2018-02-28 15:14:24,0.00135990,27.86000000
2018-02-28 15:14:24,0.00135910,64.03000000
2018-02-28 15:14:25,0.00135900,11.09000000
2018-02-28 15:14:25,0.00135990,40.00000000
2018-02-28 15:14:28,0.00135920,10.00000000
2018-02-28 15:14:28,0.00135990,64.00000000
2018-02-28 15:14:32,0.00135990,34.63000000
2018-02-28 15:14:33,0.00135830,0.81000000
2018-02-28 15:14:36,0.00135830,2.29000000
2018-02-28 15:14:36,0.00135800,4.94000000
2018-02-28 15:14:36,0.00135780,0.77000000
2018-02-28 15:14:37,0.00135780,1.00000000
2018-02-28 15:14:37,0.00135910,31.19000000
2018-02-28 15:14:38,0.00135780,1.86000000
2018-02-28 15:14:39,0.00135840,362.13000000
2018-02-28 15:14:39,0.00135780,3.52000000
2018-02-28 15:14:42,0.00135830,1.85000000
2018-02-28 15:14:43,0.00135830,5.16000000
2018-02-28 15:14:43,0.00135910,1.02000000
2018-02-28 15:14:44,0.00135830,17.03000000
2018-02-28 15:14:44,0.00135830,22.32000000
2018-02-28 15:14:46,0.00135830,11.36000000
2018-02-28 15:14:47,0.00135910,2.08000000
2018-02-28 15:14:51,0.00135910,14.17000000
2018-02-28 15:14:51,0.00135910,86.91000000
2018-02-28 15:14:55,0.00135870,839.50000000
2018-02-28 15:14:55,0.00135900,6.66000000
2018-02-28 15:14:55,0.00135910,42.21000000
2018-02-28 15:15:00,0.00135850,17.54000000
2018-02-28 15:15:00,0.00135830,2.46000000
2018-02-28 15:15:03,0.00135900,55.71000000
2018-02-28 15:15:03,0.00135900,3.18000000
2018-02-28 15:15:06,0.00135880,403.28000000
2018-02-28 15:15:08,0.00135900,109.19000000
2018-02-28 15:15:08,0.00135900,10.78000000
2018-02-28 15:15:08,0.00135900,70.00000000
2018-02-28 15:15:08,0.00135900,6.41000000
2018-02-28 15:15:10,0.00135870,5.00000000
2018-02-28 15:15:10,0.00135870,179.84000000
2018-02-28 15:15:10,0.00135830,279.57000000
2018-02-28 15:15:11,0.00135900,14.73000000
2018-02-28 15:15:12,0.00135900,2.38000000
2018-02-28 15:15:15,0.00135890,1.79000000
2018-02-28 15:15:16,0.00135890,4.73000000
2018-02-28 15:15:18,0.00135950,26.47000000
2018-02-28 15:15:18,0.00135980,904.84000000
2018-02-28 15:15:18,0.00135990,110.46000000
2018-02-28 15:15:18,0.00136000,1016.11000000
2018-02-28 15:15:19,0.00136180,2.12000000
2018-02-28 15:15:19,0.00136200,25.70000000
2018-02-28 15:15:21,0.00136170,880.65000000
2018-02-28 15:15:23,0.00136200,5.00000000
2018-02-28 15:15:27,0.00136350,21.56000000
2018-02-28 15:15:27,0.00136200,1.22000000
2018-02-28 15:15:28,0.00136350,2.06000000
2018-02-28 15:15:31,0.00136280,1.26000000
2018-02-28 15:15:31,0.00136280,3.73000000
2018-02-28 15:15:31,0.00136280,1.12000000
2018-02-28 15:15:32,0.00136280,1.00000000
2018-02-28 15:15:32,0.00136280,0.76000000
2018-02-28 15:15:32,0.00136280,13.58000000
2018-02-28 15:15:32,0.00136340,6.36000000
2018-02-28 15:15:32,0.00136350,29.56000000
2018-02-28 15:15:32,0.00136280,7.90000000
2018-02-28 15:15:32,0.00136250,5.00000000
2018-02-28 15:15:32,0.00136200,14.70000000
2018-02-28 15:15:33,0.00136350,59.75000000
2018-02-28 15:15:35,0.00136350,115.96000000
2018-02-28 15:15:35,0.00136350,107.73000000
2018-02-28 15:15:36,0.00136360,443.52000000
2018-02-28 15:15:37,0.00136350,1.12000000
2018-02-28 15:15:37,0.00136350,32.99000000
2018-02-28 15:15:37,0.00136350,2.52000000
2018-02-28 15:15:37,0.00136350,7.01000000
2018-02-28 15:15:43,0.00136350,11.63000000
2018-02-28 15:15:44,0.00136370,5.00000000
2018-02-28 15:15:45,0.00136350,3.14000000
2018-02-28 15:15:45,0.00136350,5.75000000
2018-02-28 15:15:45,0.00136370,13.09000000
2018-02-28 15:15:46,0.00136370,0.02000000
2018-02-28 15:15:47,0.00136400,77.00000000
2018-02-28 15:15:47,0.00136440,67.00000000
2018-02-28 15:15:49,0.00136440,1.62000000
2018-02-28 15:15:50,0.00136400,21.25000000
2018-02-28 15:15:50,0.00136400,0.88000000
2018-02-28 15:15:52,0.00136400,6.23000000
2018-02-28 15:15:56,0.00136400,387.36000000
2018-02-28 15:15:58,0.00136430,7.31000000
2018-02-28 15:15:59,0.00136400,2.76000000
2018-02-28 15:16:00,0.00136400,1252.20000000
2018-02-28 15:16:00,0.00136350,45.68000000
2018-02-28 15:16:00,0.00136200,7.86000000
2018-02-28 15:16:00,0.00136130,2.20000000
2018-02-28 15:16:00,0.00136050,14.70000000
2018-02-28 15:16:00,0.00136020,62.67000000
2018-02-28 15:16:00,0.00136010,37.55000000
2018-02-28 15:16:00,0.00136010,4.94000000
2018-02-28 15:16:00,0.00136010,36.14000000
2018-02-28 15:16:00,0.00136010,36.14000000
2018-02-28 15:16:00,0.00136010,7.32000000
2018-02-28 15:16:01,0.00136010,550.48000000
2018-02-28 15:16:01,0.00136400,10.00000000
2018-02-28 15:16:03,0.00136100,1.86000000
2018-02-28 15:16:03,0.00136100,6.14000000
2018-02-28 15:16:03,0.00136000,872.74000000
2018-02-28 15:16:03,0.00136000,7.16000000
2018-02-28 15:16:04,0.00136000,6.48000000
2018-02-28 15:16:05,0.00136000,4.09000000
2018-02-28 15:16:06,0.00136000,22.37000000
2018-02-28 15:16:06,0.00136000,4.66000000
2018-02-28 15:16:06,0.00136000,43.32000000
2018-02-28 15:16:06,0.00136100,8.00000000
2018-02-28 15:16:07,0.00136000,30.16000000
2018-02-28 15:16:07,0.00136000,1.50000000
2018-02-28 15:16:07,0.00136090,62.67000000
2018-02-28 15:16:07,0.00136000,1.12000000
2018-02-28 15:16:07,0.00136000,1.62000000
2018-02-28 15:16:08,0.00136000,11.08000000
2018-02-28 15:16:08,0.00136000,0.89000000
2018-02-28 15:16:08,0.00136180,4.94000000
2018-02-28 15:16:08,0.00136200,7.50000000
2018-02-28 15:16:08,0.00136200,3.08000000
2018-02-28 15:16:08,0.00136200,5.42000000
2018-02-28 15:16:09,0.00136200,669.72000000
2018-02-28 15:16:09,0.00136010,62.67000000
2018-02-28 15:16:09,0.00136000,1713.75000000
2018-02-28 15:16:09,0.00136000,6.71000000
2018-02-28 15:16:12,0.00136290,1.00000000
2018-02-28 15:16:13,0.00136290,1.10000000
2018-02-28 15:16:13,0.00136290,0.90000000
2018-02-28 15:16:13,0.00136300,1.10000000
2018-02-28 15:16:13,0.00136300,76.26000000
2018-02-28 15:16:14,0.00136020,14.70000000
2018-02-28 15:16:14,0.00136010,48.70000000
2018-02-28 15:16:14,0.00136000,70.21000000
2018-02-28 15:16:14,0.00136170,6.09000000
2018-02-28 15:16:15,0.00136280,10.00000000
2018-02-28 15:16:15,0.00136100,2.60000000
2018-02-28 15:16:15,0.00136100,1.86000000
2018-02-28 15:16:16,0.00136300,1.00000000
2018-02-28 15:16:17,0.00136300,3.45000000
2018-02-28 15:16:18,0.00136230,484.67000000
2018-02-28 15:16:18,0.00136030,2.53000000
2018-02-28 15:16:19,0.00136100,8.00000000
2018-02-28 15:16:19,0.00136020,85.06000000
2018-02-28 15:16:19,0.00136010,113.02000000
2018-02-28 15:16:20,0.00136300,0.99000000
2018-02-28 15:16:23,0.00136180,20.00000000
2018-02-28 15:16:23,0.00136300,62.56000000
2018-02-28 15:16:23,0.00136300,7.01000000
2018-02-28 15:16:31,0.00136350,48.46000000
2018-02-28 15:16:32,0.00136410,65.06000000
2018-02-28 15:16:32,0.00136420,14.70000000
2018-02-28 15:16:32,0.00136430,2.54000000
2018-02-28 15:16:32,0.00136440,37.55000000
2018-02-28 15:16:32,0.00136470,7.23000000
2018-02-28 15:16:32,0.00136480,307.98000000
2018-02-28 15:16:32,0.00136500,574.66000000
2018-02-28 15:16:34,0.00136300,7.54000000
2018-02-28 15:16:37,0.00136400,5.00000000
2018-02-28 15:16:37,0.00136400,0.96000000
2018-02-28 15:16:37,0.00136410,1.95000000
2018-02-28 15:16:39,0.00136300,228.58000000
2018-02-28 15:16:41,0.00136100,0.82000000
2018-02-28 15:16:41,0.00136290,11.17000000
2018-02-28 15:16:42,0.00136290,39.05000000
2018-02-28 15:16:42,0.00136100,29.24000000
2018-02-28 15:16:42,0.00136060,10.95000000
2018-02-28 15:16:42,0.00136050,44.71000000
2018-02-28 15:16:42,0.00136020,53.53000000
2018-02-28 15:16:43,0.00136290,834.99000000
2018-02-28 15:16:44,0.00136280,2.00000000
2018-02-28 15:16:48,0.00136280,20.67000000
2018-02-28 15:16:49,0.00136200,2.84000000
2018-02-28 15:16:51,0.00136140,525.83000000
2018-02-28 15:16:54,0.00136100,1.85000000
2018-02-28 15:16:55,0.00136100,5.88000000
2018-02-28 15:16:56,0.00136100,82.82000000
2018-02-28 15:16:56,0.00136020,35.00000000
2018-02-28 15:16:56,0.00136010,872.22000000
2018-02-28 15:16:56,0.00136000,388.20000000
2018-02-28 15:16:57,0.00136100,15.58000000
2018-02-28 15:16:58,0.00136000,38.22000000
2018-02-28 15:17:02,0.00136090,30.85000000
2018-02-28 15:17:03,0.00136010,1.99000000
2018-02-28 15:17:03,0.00136100,1.19000000
2018-02-28 15:17:09,0.00136010,100.00000000
2018-02-28 15:17:09,0.00136100,39.25000000
2018-02-28 15:17:10,0.00136100,8.91000000
2018-02-28 15:17:12,0.00136050,89.61000000
2018-02-28 15:17:15,0.00136090,1.00000000
2018-02-28 15:17:15,0.00136090,0.50000000
2018-02-28 15:17:15,0.00136090,4.20000000
2018-02-28 15:17:15,0.00136100,17.30000000
2018-02-28 15:17:16,0.00136100,5.01000000
2018-02-28 15:17:16,0.00136100,36.37000000
2018-02-28 15:17:16,0.00136100,1.00000000
2018-02-28 15:17:16,0.00136100,5.01000000
2018-02-28 15:17:17,0.00136100,2.00000000
2018-02-28 15:17:17,0.00136100,1.37000000
2018-02-28 15:17:17,0.00136100,3.16000000
2018-02-28 15:17:17,0.00136100,71.75000000
2018-02-28 15:17:17,0.00136100,1.87000000
2018-02-28 15:17:17,0.00136100,3.16000000
2018-02-28 15:17:17,0.00136100,10.52000000
2018-02-28 15:17:18,0.00136100,14.47000000
2018-02-28 15:17:19,0.00136100,9.08000000
2018-02-28 15:17:19,0.00136100,7.95000000
2018-02-28 15:17:19,0.00136010,19.98000000
2018-02-28 15:17:19,0.00136100,7.28000000
2018-02-28 15:17:20,0.00136100,4.37000000
2018-02-28 15:17:20,0.00136100,97.86000000
2018-02-28 15:17:21,0.00136100,0.25000000
2018-02-28 15:17:21,0.00136100,34.09000000
2018-02-28 15:17:31,0.00136100,5.05000000
2018-02-28 15:17:31,0.00136100,2.57000000
2018-02-28 15:17:32,0.00136050,566.98000000
2018-02-28 15:17:34,0.00136100,0.10000000
2018-02-28 15:17:34,0.00136100,12.42000000
2018-02-28 15:17:34,0.00136100,16.07000000
2018-02-28 15:17:34,0.00136130,5.57000000
2018-02-28 15:17:35,0.00136140,0.74000000
2018-02-28 15:17:38,0.00136020,13.53000000
2018-02-28 15:17:39,0.00136140,0.10000000
2018-02-28 15:17:39,0.00136140,1.92000000
2018-02-28 15:17:41,0.00136140,0.02000000
2018-02-28 15:17:41,0.00136190,1.08000000
2018-02-28 15:17:43,0.00136140,22.45000000
2018-02-28 15:17:43,0.00136190,11.50000000
2018-02-28 15:17:46,0.00136140,10.00000000
2018-02-28 15:17:47,0.00136200,1.19000000
2018-02-28 15:17:47,0.00136200,35.28000000
2018-02-28 15:17:47,0.00136200,1.19000000
2018-02-28 15:17:48,0.00136200,7.33000000
2018-02-28 15:17:48,0.00136140,72.30000000
2018-02-28 15:17:49,0.00136200,2.17000000
2018-02-28 15:17:49,0.00136270,5.82000000
2018-02-28 15:17:49,0.00136280,21.44000000
2018-02-28 15:17:50,0.00136280,1.87000000
2018-02-28 15:17:50,0.00136280,1.27000000
2018-02-28 15:17:51,0.00136280,9.08000000
2018-02-28 15:17:51,0.00136200,7.94000000
2018-02-28 15:17:51,0.00136200,71.88000000
2018-02-28 15:17:52,0.00136120,130.77000000
2018-02-28 15:17:52,0.00136060,7.40000000
2018-02-28 15:17:55,0.00136050,3.14000000
2018-02-28 15:17:55,0.00136010,187.32000000
2018-02-28 15:17:55,0.00136000,69.35000000
2018-02-28 15:17:55,0.00135950,24.00000000
2018-02-28 15:17:56,0.00136000,1.00000000
2018-02-28 15:17:57,0.00136000,19.00000000
2018-02-28 15:17:57,0.00135830,2.98000000
2018-02-28 15:17:58,0.00135900,128.97000000
2018-02-28 15:17:58,0.00135900,7.34000000
2018-02-28 15:17:59,0.00135830,7.34000000
2018-02-28 15:17:59,0.00135900,1.00000000
2018-02-28 15:17:59,0.00135830,1.87000000
2018-02-28 15:17:59,0.00135900,22.33000000
2018-02-28 15:18:01,0.00135830,7.44000000
2018-02-28 15:18:02,0.00135830,4.55000000
2018-02-28 15:18:03,0.00135830,13.53000000
2018-02-28 15:18:03,0.00135780,25.43000000
2018-02-28 15:18:04,0.00135900,3.36000000
2018-02-28 15:18:04,0.00135800,5.00000000
2018-02-28 15:18:04,0.00135780,35.07000000
2018-02-28 15:18:07,0.00135790,62.67000000
2018-02-28 15:18:07,0.00135780,33.40000000
2018-02-28 15:18:07,0.00135780,113.08000000
2018-02-28 15:18:08,0.00135830,608.13000000
2018-02-28 15:18:09,0.00135780,30.15000000
2018-02-28 15:18:09,0.00135750,2.50000000
2018-02-28 15:18:09,0.00135700,7.50000000
2018-02-28 15:18:10,0.00135700,59.69000000
2018-02-28 15:18:12,0.00135700,7.47000000
2018-02-28 15:18:13,0.00135700,25.46000000
2018-02-28 15:18:13,0.00135680,2.01000000
2018-02-28 15:18:13,0.00135660,27.26000000
2018-02-28 15:18:14,0.00135600,2.25000000
2018-02-28 15:18:14,0.00135580,7.10000000
2018-02-28 15:18:14,0.00135580,14.50000000
2018-02-28 15:18:15,0.00135600,42.88000000
2018-02-28 15:18:15,0.00135600,10.98000000
2018-02-28 15:18:15,0.00135780,31.54000000
2018-02-28 15:18:15,0.00135800,84.42000000
2018-02-28 15:18:15,0.00135890,5.32000000
2018-02-28 15:18:15,0.00135900,6.49000000
2018-02-28 15:18:15,0.00135990,97.67000000
2018-02-28 15:18:15,0.00136000,272.58000000
2018-02-28 15:18:16,0.00135580,3.44000000
2018-02-28 15:18:16,0.00135700,1.44000000
2018-02-28 15:18:17,0.00135580,89.46000000
2018-02-28 15:18:17,0.00135550,62.69000000
2018-02-28 15:18:17,0.00135540,10.00000000
2018-02-28 15:18:17,0.00135530,690.89000000
2018-02-28 15:18:17,0.00135520,42.34000000
2018-02-28 15:18:18,0.00135700,1.03000000
2018-02-28 15:18:18,0.00135700,10.00000000
2018-02-28 15:18:19,0.00135690,62.69000000
2018-02-28 15:18:19,0.00135700,112.04000000
2018-02-28 15:18:19,0.00135700,2.92000000
2018-02-28 15:18:19,0.00135700,22.17000000
2018-02-28 15:18:20,0.00135600,1.46000000
2018-02-28 15:18:20,0.00135530,1.25000000
2018-02-28 15:18:22,0.00135700,35.63000000
2018-02-28 15:18:22,0.00135600,5.00000000
2018-02-28 15:18:22,0.00135530,49.00000000
2018-02-28 15:18:24,0.00135600,171.92000000
2018-02-28 15:18:25,0.00135520,2.24000000
2018-02-28 15:18:26,0.00135520,7.38000000
2018-02-28 15:18:27,0.00135500,5.64000000
2018-02-28 15:18:28,0.00135500,8.62000000
2018-02-28 15:18:29,0.00135500,5.00000000
2018-02-28 15:18:36,0.00135500,1.77000000
2018-02-28 15:18:36,0.00135420,2.92000000
2018-02-28 15:18:36,0.00135500,54.64000000
2018-02-28 15:18:37,0.00135490,49.00000000
2018-02-28 15:18:37,0.00135500,39.62000000
2018-02-28 15:18:38,0.00135520,1.00000000
2018-02-28 15:18:38,0.00135680,5.20000000
2018-02-28 15:18:38,0.00135690,1.00000000
2018-02-28 15:18:38,0.00135700,2.17000000
2018-02-28 15:18:40,0.00135600,1.96000000
2018-02-28 15:18:40,0.00135600,6.04000000
2018-02-28 15:18:40,0.00135510,41.01000000
2018-02-28 15:18:42,0.00135700,648.37000000
2018-02-28 15:18:43,0.00135700,6.62000000
2018-02-28 15:18:43,0.00135520,2.30000000
2018-02-28 15:18:43,0.00135510,10.96000000
2018-02-28 15:18:44,0.00135520,20.00000000
2018-02-28 15:18:44,0.00135510,15.79000000
2018-02-28 15:18:44,0.00135500,1115.16000000
2018-02-28 15:18:44,0.00135790,14.70000000
2018-02-28 15:18:44,0.00135800,8.00000000
2018-02-28 15:18:45,0.00135870,13.26000000
2018-02-28 15:18:45,0.00135940,12.60000000
2018-02-28 15:18:53,0.00135920,7.40000000
2018-02-28 15:18:53,0.00135930,2.57000000
2018-02-28 15:18:53,0.00135930,10.38000000
2018-02-28 15:18:54,0.00135770,212.16000000
2018-02-28 15:18:55,0.00135920,12.32000000
2018-02-28 15:18:56,0.00135920,28.69000000
2018-02-28 15:18:58,0.00135920,5.08000000
2018-02-28 15:19:01,0.00135920,46.92000000
2018-02-28 15:19:03,0.00135890,7.62000000
2018-02-28 15:19:03,0.00135890,1.01000000
2018-02-28 15:19:05,0.00135780,689.52000000
2018-02-28 15:19:07,0.00135690,8.21000000
2018-02-28 15:19:07,0.00135650,2.22000000
2018-02-28 15:19:07,0.00135630,7.40000000
2018-02-28 15:19:07,0.00135620,14.74000000
2018-02-28 15:19:07,0.00135550,6.54000000
2018-02-28 15:19:08,0.00135880,10.24000000
2018-02-28 15:19:08,0.00135890,141.76000000
2018-02-28 15:19:09,0.00135690,19.69000000
2018-02-28 15:19:14,0.00135690,200.00000000
2018-02-28 15:19:14,0.00135690,1.08000000
2018-02-28 15:19:17,0.00135870,7.40000000
2018-02-28 15:19:17,0.00135880,1.94000000
2018-02-28 15:19:19,0.00135850,2.37000000
2018-02-28 15:19:19,0.00135850,3.04000000
2018-02-28 15:19:19,0.00135850,19.30000000
2018-02-28 15:19:21,0.00135880,2.13000000
2018-02-28 15:19:21,0.00135880,0.91000000
2018-02-28 15:19:21,0.00135880,1.89000000
2018-02-28 15:19:21,0.00135780,251.42000000
2018-02-28 15:19:22,0.00135890,16.62000000
2018-02-28 15:19:23,0.00135890,0.65000000
2018-02-28 15:19:25,0.00135890,0.21000000
2018-02-28 15:19:28,0.00135880,2.00000000
2018-02-28 15:19:28,0.00135890,7.14000000
2018-02-28 15:19:28,0.00135900,52.09000000
2018-02-28 15:19:30,0.00135900,12.00000000
2018-02-28 15:19:33,0.00135780,1.88000000
2018-02-28 15:19:36,0.00135800,1.00000000
2018-02-28 15:19:36,0.00135780,22.76000000
2018-02-28 15:19:39,0.00135780,686.00000000
2018-02-28 15:19:39,0.00135780,9.51000000
2018-02-28 15:19:39,0.00135880,6.00000000
2018-02-28 15:19:40,0.00135780,730.67000000
2018-02-28 15:19:41,0.00135880,13.71000000
2018-02-28 15:19:41,0.00135900,65.61000000
2018-02-28 15:19:49,0.00135900,3.00000000
2018-02-28 15:19:49,0.00135900,3.28000000
2018-02-28 15:19:52,0.00135880,4.76000000
2018-02-28 15:19:52,0.00135900,60.53000000
2018-02-28 15:19:52,0.00135900,26.35000000
2018-02-28 15:19:53,0.00135800,1106.00000000
2018-02-28 15:19:53,0.00135800,0.30000000
2018-02-28 15:19:54,0.00135790,294.46000000
2018-02-28 15:19:59,0.00135890,5.42000000
2018-02-28 15:19:59,0.00135900,249.58000000
2018-02-28 15:20:02,0.00135800,1.00000000
2018-02-28 15:20:03,0.00135800,19.18000000
2018-02-28 15:20:06,0.00135800,23.11000000
2018-02-28 15:20:06,0.00135800,2.24000000
2018-02-28 15:20:06,0.00135740,39.47000000
2018-02-28 15:20:06,0.00135690,6.58000000
2018-02-28 15:20:06,0.00135550,12.95000000
2018-02-28 15:20:06,0.00135530,175.00000000
2018-02-28 15:20:06,0.00135510,668.04000000
2018-02-28 15:20:06,0.00135500,92.75000000
2018-02-28 15:20:12,0.00135770,18.98000000
2018-02-28 15:20:13,0.00135640,771.82000000
2018-02-28 15:20:14,0.00135500,36.52000000
2018-02-28 15:20:14,0.00135420,221.04000000
2018-02-28 15:20:15,0.00135740,3.56000000
2018-02-28 15:20:16,0.00135420,1000.00000000
2018-02-28 15:20:17,0.00135500,1.00000000
2018-02-28 15:20:18,0.00135710,14.74000000
2018-02-28 15:20:18,0.00135720,220.55000000
2018-02-28 15:20:18,0.00135740,0.01000000
2018-02-28 15:20:19,0.00135740,169.88000000
2018-02-28 15:20:20,0.00135500,3.00000000
2018-02-28 15:20:20,0.00135440,14.76000000
2018-02-28 15:20:20,0.00135430,20.00000000
2018-02-28 15:20:20,0.00135420,5.30000000
2018-02-28 15:20:22,0.00135690,17.03000000
2018-02-28 15:20:22,0.00135690,7.00000000
2018-02-28 15:20:24,0.00135440,7.40000000
2018-02-28 15:20:24,0.00135420,42.61000000
2018-02-28 15:20:24,0.00135500,13.41000000
2018-02-28 15:20:24,0.00135500,6.58000000
2018-02-28 15:20:25,0.00135500,0.01000000
2018-02-28 15:20:25,0.00135640,1.09000000
2018-02-28 15:20:27,0.00135520,335.61000000
2018-02-28 15:20:28,0.00135540,5.00000000
2018-02-28 15:20:28,0.00135440,7.40000000
2018-02-28 15:20:28,0.00135420,152.14000000
2018-02-28 15:20:30,0.00135520,0.50000000
2018-02-28 15:20:32,0.00135490,4.50000000
2018-02-28 15:20:33,0.00135490,0.05000000
2018-02-28 15:20:34,0.00135490,7.48000000
2018-02-28 15:20:35,0.00135440,49.99000000
2018-02-28 15:20:35,0.00135440,4.62000000
2018-02-28 15:20:35,0.00135420,160.23000000
2018-02-28 15:20:35,0.00135420,75.91000000
2018-02-28 15:20:35,0.00135440,8.83000000
2018-02-28 15:20:36,0.00135360,4.00000000
2018-02-28 15:20:37,0.00135320,2.22000000
2018-02-28 15:20:37,0.00135420,6.08000000
2018-02-28 15:20:37,0.00135420,1.10000000
2018-02-28 15:20:40,0.00135420,0.20000000
2018-02-28 15:20:41,0.00135420,6.21000000
2018-02-28 15:20:42,0.00135260,9.48000000
2018-02-28 15:20:42,0.00135210,50.50000000
2018-02-28 15:20:43,0.00135310,812.98000000
2018-02-28 15:20:43,0.00135420,75.00000000
2018-02-28 15:20:45,0.00135420,7.38000000
2018-02-28 15:20:46,0.00135210,2.00000000
2018-02-28 15:20:46,0.00135300,4.00000000
2018-02-28 15:20:46,0.00135420,19.01000000
2018-02-28 15:20:47,0.00135300,41.27000000
2018-02-28 15:20:48,0.00135260,7.39000000
2018-02-28 15:20:48,0.00135260,0.10000000
2018-02-28 15:20:49,0.00135260,5.08000000
2018-02-28 15:20:49,0.00135260,23.07000000
2018-02-28 15:20:49,0.00135210,1.20000000
2018-02-28 15:20:50,0.00135210,57.24000000
2018-02-28 15:20:50,0.00135200,2.34000000
2018-02-28 15:20:50,0.00135170,2.96000000
2018-02-28 15:20:51,0.00135200,10.18000000
2018-02-28 15:20:51,0.00135140,4.04000000
2018-02-28 15:20:52,0.00135190,5.11000000
2018-02-28 15:20:52,0.00135190,2.29000000
2018-02-28 15:20:52,0.00135200,2.84000000
2018-02-28 15:20:52,0.00135200,1.00000000
2018-02-28 15:20:52,0.00135200,1.00000000
2018-02-28 15:20:52,0.00135200,1.00000000
2018-02-28 15:20:52,0.00135190,1.00000000
2018-02-28 15:20:52,0.00135190,9.00000000
2018-02-28 15:20:55,0.00135150,376.76000000
2018-02-28 15:20:56,0.00135200,1.00000000
2018-02-28 15:20:56,0.00135200,0.06000000
2018-02-28 15:20:57,0.00135120,14.04000000
2018-02-28 15:20:57,0.00135090,22.39000000
2018-02-28 15:20:57,0.00135040,3.70000000
2018-02-28 15:20:57,0.00135030,53.70000000
2018-02-28 15:20:57,0.00135010,217.50000000
2018-02-28 15:20:57,0.00135000,163.32000000
2018-02-28 15:20:57,0.00135000,3.97000000
2018-02-28 15:20:59,0.00135020,1.32000000
2018-02-28 15:21:01,0.00135020,2.38000000
2018-02-28 15:21:01,0.00135000,133.62000000
2018-02-28 15:21:02,0.00135200,0.05000000
2018-02-28 15:21:02,0.00135020,1.20000000
2018-02-28 15:21:02,0.00135020,1.85000000
2018-02-28 15:21:03,0.00135000,0.73000000
2018-02-28 15:21:03,0.00135000,6.27000000
2018-02-28 15:21:03,0.00134990,5.19000000
2018-02-28 15:21:03,0.00134970,3.70000000
2018-02-28 15:21:03,0.00134950,5.23000000
2018-02-28 15:21:03,0.00134940,6.67000000
2018-02-28 15:21:03,0.00134860,1.26000000
2018-02-28 15:21:03,0.00134840,1.19000000
2018-02-28 15:21:03,0.00134790,50.16000000
2018-02-28 15:21:03,0.00134730,6.31000000
2018-02-28 15:21:03,0.00134720,1.13000000
2018-02-28 15:21:03,0.00134660,1.03000000
2018-02-28 15:21:03,0.00134640,7.43000000
2018-02-28 15:21:03,0.00134620,2.16000000
2018-02-28 15:21:03,0.00134600,84.15000000
2018-02-28 15:21:03,0.00134700,2.00000000
2018-02-28 15:21:05,0.00135000,4.94000000
2018-02-28 15:21:07,0.00134990,14.77000000
2018-02-28 15:21:07,0.00135000,103.85000000
2018-02-28 15:21:07,0.00135020,713.40000000
2018-02-28 15:21:07,0.00135190,33.50000000
2018-02-28 15:21:07,0.00135200,16.68000000
2018-02-28 15:21:07,0.00135210,1.00000000
2018-02-28 15:21:07,0.00135400,193.57000000
2018-02-28 15:21:07,0.00135410,4.44000000
2018-02-28 15:21:07,0.00135420,42.14000000
2018-02-28 15:21:07,0.00135470,315.62000000
2018-02-28 15:21:07,0.00135500,1875.98000000
2018-02-28 15:21:07,0.00135580,52.50000000
2018-02-28 15:21:07,0.00135590,7.40000000
2018-02-28 15:21:07,0.00135600,157.54000000
2018-02-28 15:21:07,0.00135640,6.31000000
2018-02-28 15:21:07,0.00135500,2.25000000
2018-02-28 15:21:08,0.00135500,45.65000000
2018-02-28 15:21:11,0.00135500,40.38000000
2018-02-28 15:21:11,0.00135670,6.31000000
2018-02-28 15:21:12,0.00135630,853.21000000
2018-02-28 15:21:13,0.00135500,4.35000000
2018-02-28 15:21:15,0.00135670,50.00000000
2018-02-28 15:21:16,0.00135580,7.43000000
2018-02-28 15:21:18,0.00135780,0.96000000
2018-02-28 15:21:19,0.00135780,16.52000000
2018-02-28 15:21:19,0.00135790,4.00000000
2018-02-28 15:21:21,0.00135790,0.65000000
2018-02-28 15:21:21,0.00135790,5.96000000
2018-02-28 15:21:21,0.00135790,2.58000000
2018-02-28 15:21:22,0.00135800,8.96000000
2018-02-28 15:21:25,0.00135790,10.52000000
2018-02-28 15:21:26,0.00135820,417.00000000
2018-02-28 15:21:36,0.00135580,22.15000000
2018-02-28 15:21:36,0.00135580,7.40000000
2018-02-28 15:21:36,0.00135580,28.89000000
2018-02-28 15:21:37,0.00135640,894.37000000
2018-02-28 15:21:39,0.00135750,7.40000000
2018-02-28 15:21:39,0.00135770,5.22000000
2018-02-28 15:21:41,0.00135780,1.11000000
2018-02-28 15:21:46,0.00135780,51.90000000
2018-02-28 15:21:46,0.00135580,7.40000000
2018-02-28 15:21:46,0.00135540,7.40000000
2018-02-28 15:21:46,0.00135500,17.33000000
2018-02-28 15:21:47,0.00135720,7.40000000
2018-02-28 15:21:47,0.00135750,7.40000000
2018-02-28 15:21:47,0.00135780,5.02000000
2018-02-28 15:21:48,0.00135700,1.72000000
2018-02-28 15:21:49,0.00135500,10.95000000
2018-02-28 15:21:49,0.00135700,49.84000000
2018-02-28 15:21:49,0.00135590,458.15000000
2018-02-28 15:21:49,0.00135500,451.16000000
2018-02-28 15:21:49,0.00135500,1200.74000000
2018-02-28 15:21:50,0.00135500,1.00000000
2018-02-28 15:21:51,0.00135500,217.58000000
2018-02-28 15:21:51,0.00135510,123.96000000
2018-02-28 15:21:54,0.00135490,2.57000000
2018-02-28 15:21:57,0.00135490,6.84000000
2018-02-28 15:21:59,0.00135480,1.05000000
2018-02-28 15:22:00,0.00135470,5.34000000
2018-02-28 15:22:00,0.00135480,54.99000000
2018-02-28 15:22:01,0.00135200,12.08000000
2018-02-28 15:22:01,0.00135200,4.50000000
2018-02-28 15:22:05,0.00135100,1.00000000
2018-02-28 15:22:05,0.00135200,1.00000000
2018-02-28 15:22:05,0.00135010,7.00000000
2018-02-28 15:22:06,0.00135030,97.89000000
2018-02-28 15:22:07,0.00135100,21.94000000
2018-02-28 15:22:08,0.00135200,15.00000000
2018-02-28 15:22:08,0.00135300,4.08000000
2018-02-28 15:22:08,0.00135480,42.98000000
2018-02-28 15:22:08,0.00135190,7.00000000
2018-02-28 15:22:10,0.00135200,24.32000000
2018-02-28 15:22:11,0.00135100,7.00000000
2018-02-28 15:22:14,0.00135190,1.95000000
2018-02-28 15:22:15,0.00135190,2.11000000
2018-02-28 15:22:15,0.00135200,10.31000000
2018-02-28 15:22:15,0.00135200,6.90000000
2018-02-28 15:22:17,0.00135200,2.06000000
2018-02-28 15:22:17,0.00135200,6.85000000
2018-02-28 15:22:17,0.00135200,2.07000000
2018-02-28 15:22:17,0.00135200,1.02000000
2018-02-28 15:22:20,0.00135100,10.36000000
2018-02-28 15:22:21,0.00135190,1.00000000
2018-02-28 15:22:21,0.00135200,28.00000000
2018-02-28 15:22:22,0.00135140,499.31000000
2018-02-28 15:22:25,0.00135100,1.02000000
2018-02-28 15:22:26,0.00135200,5.01000000
2018-02-28 15:22:26,0.00135200,5.01000000
2018-02-28 15:22:27,0.00135200,5.01000000
2018-02-28 15:22:27,0.00135200,3.44000000
2018-02-28 15:22:27,0.00135440,1.57000000
2018-02-28 15:22:33,0.00135150,5.01000000
2018-02-28 15:22:33,0.00135150,5.01000000
2018-02-28 15:22:33,0.00135100,209.58000000
2018-02-28 15:22:34,0.00135150,5.01000000
2018-02-28 15:22:34,0.00135020,21.94000000
2018-02-28 15:22:34,0.00135000,9.83000000
2018-02-28 15:22:34,0.00135150,5.01000000
2018-02-28 15:22:37,0.00135140,6.12000000
2018-02-28 15:22:39,0.00134950,63.09000000
2018-02-28 15:22:40,0.00135130,4.35000000
2018-02-28 15:22:42,0.00135000,74.18000000
2018-02-28 15:22:42,0.00135000,6.66000000
2018-02-28 15:22:42,0.00135000,4.45000000
2018-02-28 15:22:42,0.00134790,14.83000000
2018-02-28 15:22:42,0.00134780,6.04000000
2018-02-28 15:22:42,0.00135000,4.45000000
2018-02-28 15:22:46,0.00135000,2.98000000
2018-02-28 15:22:49,0.00135000,297.02000000
2018-02-28 15:22:49,0.00134900,1.00000000
2018-02-28 15:22:49,0.00134900,1.00000000
2018-02-28 15:22:49,0.00134810,1.00000000
2018-02-28 15:22:49,0.00134900,0.98000000
2018-02-28 15:22:49,0.00135110,0.13000000
2018-02-28 15:22:53,0.00134950,540.46000000
2018-02-28 15:22:53,0.00135100,5.00000000
2018-02-28 15:22:54,0.00134810,2.70000000
2018-02-28 15:22:54,0.00134780,18.96000000
2018-02-28 15:22:54,0.00134770,354.24000000
2018-02-28 15:22:54,0.00134700,183.01000000
2018-02-28 15:22:54,0.00134700,4.20000000
2018-02-28 15:22:54,0.00134700,0.83000000
2018-02-28 15:22:55,0.00134700,13.14000000
2018-02-28 15:22:55,0.00134990,8.92000000
2018-02-28 15:22:55,0.00134990,62.03000000
2018-02-28 15:22:55,0.00134990,10.92000000
2018-02-28 15:22:55,0.00134940,4.20000000
2018-02-28 15:23:04,0.00134700,13.00000000
2018-02-28 15:23:04,0.00134620,5.62000000
2018-02-28 15:23:05,0.00134620,33.60000000
2018-02-28 15:23:09,0.00134960,1.64000000
2018-02-28 15:23:10,0.00134930,8.19000000
2018-02-28 15:23:10,0.00134940,4.73000000
2018-02-28 15:23:10,0.00134940,0.92000000
2018-02-28 15:23:10,0.00134970,5.44000000
2018-02-28 15:23:10,0.00134980,8.64000000
2018-02-28 15:23:10,0.00134620,10.78000000
2018-02-28 15:23:10,0.00134610,424.72000000
2018-02-28 15:23:10,0.00134600,37.97000000
2018-02-28 15:23:10,0.00134580,12.57000000
2018-02-28 15:23:10,0.00134560,9.00000000
2018-02-28 15:23:10,0.00134540,4.98000000
2018-02-28 15:23:10,0.00134530,10.00000000
2018-02-28 15:23:10,0.00134520,2.89000000
2018-02-28 15:23:10,0.00134510,50.00000000
2018-02-28 15:23:10,0.00134500,108.20000000
2018-02-28 15:23:10,0.00134500,71.60000000
2018-02-28 15:23:11,0.00134620,31.75000000
2018-02-28 15:23:11,0.00134620,5.01000000
2018-02-28 15:23:11,0.00134620,63.14000000
2018-02-28 15:23:11,0.00134740,104.25000000
2018-02-28 15:23:12,0.00134920,4.20000000
2018-02-28 15:23:12,0.00134510,1.03000000
2018-02-28 15:23:12,0.00134910,4.20000000
2018-02-28 15:23:13,0.00134910,2.43000000
2018-02-28 15:23:13,0.00134910,13.37000000
2018-02-28 15:23:13,0.00134920,0.92000000
2018-02-28 15:23:16,0.00134700,20.00000000
2018-02-28 15:23:16,0.00134700,1.92000000
2018-02-28 15:23:17,0.00134700,18.08000000
2018-02-28 15:23:17,0.00134920,2.39000000
2018-02-28 15:23:18,0.00134920,24.89000000
2018-02-28 15:23:21,0.00134660,9.69000000
2018-02-28 15:23:22,0.00134630,8.00000000
2018-02-28 15:23:22,0.00134630,6.85000000
2018-02-28 15:23:22,0.00134620,5.09000000
2018-02-28 15:23:22,0.00134620,52.92000000
2018-02-28 15:23:23,0.00134620,1.20000000
2018-02-28 15:23:24,0.00134620,1.20000000
2018-02-28 15:23:25,0.00134620,62.50000000
2018-02-28 15:23:25,0.00134620,1.20000000
2018-02-28 15:23:25,0.00134620,84.03000000
2018-02-28 15:23:25,0.00134620,14.27000000
2018-02-28 15:23:26,0.00134620,3.70000000
2018-02-28 15:23:30,0.00134780,581.61000000
2018-02-28 15:23:31,0.00134630,20.00000000
2018-02-28 15:23:31,0.00134620,51.05000000
2018-02-28 15:23:31,0.00134620,3.72000000
2018-02-28 15:23:41,0.00134890,15.00000000
2018-02-28 15:23:43,0.00134640,7.50000000
2018-02-28 15:23:43,0.00134620,21.24000000
2018-02-28 15:23:44,0.00134620,65.67000000
2018-02-28 15:23:46,0.00134620,36.30000000
2018-02-28 15:23:46,0.00134730,145.40000000
2018-02-28 15:23:47,0.00134640,2.50000000
2018-02-28 15:23:48,0.00134640,0.50000000
2018-02-28 15:23:49,0.00134690,1.00000000
2018-02-28 15:23:49,0.00134690,4.00000000
2018-02-28 15:23:50,0.00134700,10.82000000
2018-02-28 15:23:52,0.00134830,3.63000000
2018-02-28 15:23:52,0.00134850,7.50000000
2018-02-28 15:23:52,0.00134890,3.87000000
2018-02-28 15:23:54,0.00134820,7.40000000
2018-02-28 15:23:54,0.00134890,6.80000000
2018-02-28 15:24:00,0.00134890,22.46000000
2018-02-28 15:24:03,0.00134820,7.40000000
2018-02-28 15:24:03,0.00134640,33.50000000
2018-02-28 15:24:03,0.00134630,30.70000000
2018-02-28 15:24:03,0.00134620,20.07000000
2018-02-28 15:24:03,0.00134610,35.72000000
2018-02-28 15:24:03,0.00134600,291.25000000
2018-02-28 15:24:04,0.00134600,1.00000000
2018-02-28 15:24:04,0.00134600,6.83000000
2018-02-28 15:24:07,0.00134500,5.07000000
2018-02-28 15:24:08,0.00134540,621.85000000
2018-02-28 15:24:12,0.00134500,733.45000000
2018-02-28 15:24:15,0.00134490,2.00000000
2018-02-28 15:24:16,0.00134490,2.77000000
2018-02-28 15:24:16,0.00134490,8.10000000
2018-02-28 15:24:18,0.00134470,4.96000000
2018-02-28 15:24:18,0.00134460,19.04000000
2018-02-28 15:24:18,0.00134450,11.00000000
2018-02-28 15:24:18,0.00134450,2.77000000
2018-02-28 15:24:19,0.00134470,4.96000000
2018-02-28 15:24:20,0.00134470,4.00000000
2018-02-28 15:24:22,0.00134470,17.99000000
2018-02-28 15:24:25,0.00134470,3.14000000
2018-02-28 15:24:25,0.00134590,3.55000000
2018-02-28 15:24:25,0.00134620,8.36000000
2018-02-28 15:24:27,0.00134470,19.69000000
2018-02-28 15:24:29,0.00134460,20.00000000
2018-02-28 15:24:29,0.00134450,211.57000000
2018-02-28 15:24:29,0.00134800,2.60000000
2018-02-28 15:24:29,0.00134450,30.80000000
2018-02-28 15:24:30,0.00134620,185.64000000
2018-02-28 15:24:32,0.00134490,2.60000000
2018-02-28 15:24:32,0.00134480,3.71000000
2018-02-28 15:24:32,0.00134450,60.33000000
2018-02-28 15:24:32,0.00134800,4.45000000
2018-02-28 15:24:33,0.00134460,0.96000000
2018-02-28 15:24:33,0.00134500,2.18000000
2018-02-28 15:24:33,0.00134500,1.00000000
2018-02-28 15:24:33,0.00134490,15.55000000
2018-02-28 15:24:33,0.00134500,143.16000000
2018-02-28 15:24:33,0.00134500,152.66000000
2018-02-28 15:24:34,0.00134460,3.48000000
2018-02-28 15:24:36,0.00134500,22.43000000
2018-02-28 15:24:41,0.00134490,74.90000000
2018-02-28 15:24:41,0.00134450,218.76000000
2018-02-28 15:24:41,0.00134440,663.00000000
2018-02-28 15:24:41,0.00134450,114.25000000
2018-02-28 15:24:41,0.00134430,2.33000000
2018-02-28 15:24:54,0.00134430,1.46000000
2018-02-28 15:24:54,0.00134400,9.31000000
2018-02-28 15:24:54,0.00134430,39.96000000
2018-02-28 15:24:59,0.00134430,8.45000000
2018-02-28 15:24:59,0.00134420,46.03000000
2018-02-28 15:24:59,0.00134410,226.79000000
2018-02-28 15:25:00,0.00134430,21.54000000
2018-02-28 15:25:01,0.00134480,3.70000000
2018-02-28 15:25:01,0.00134490,0.46000000
2018-02-28 15:25:09,0.00134490,3.44000000
2018-02-28 15:25:10,0.00134490,2.23000000
2018-02-28 15:25:13,0.00134480,3.32000000
2018-02-28 15:25:13,0.00134490,4.11000000
2018-02-28 15:25:14,0.00134470,81.53000000
2018-02-28 15:25:14,0.00134430,18.47000000
2018-02-28 15:25:19,0.00134440,704.15000000
2018-02-28 15:25:25,0.00134470,2.97000000
2018-02-28 15:25:26,0.00134440,25.33000000
2018-02-28 15:25:27,0.00134440,27.54000000
2018-02-28 15:25:27,0.00134440,8.76000000
2018-02-28 15:25:29,0.00134470,35.12000000
2018-02-28 15:25:29,0.00134490,14.78000000
2018-02-28 15:25:31,0.00134490,16.61000000
2018-02-28 15:25:33,0.00134460,267.94000000
2018-02-28 15:25:41,0.00134460,3.25000000
2018-02-28 15:25:41,0.00134490,4.18000000
2018-02-28 15:25:42,0.00134440,0.76000000
2018-02-28 15:25:44,0.00134440,13.61000000
2018-02-28 15:25:44,0.00134430,132.61000000
2018-02-28 15:25:45,0.00134430,1.00000000
2018-02-28 15:25:45,0.00134430,95.82000000
2018-02-28 15:25:48,0.00134400,13.33000000
2018-02-28 15:25:48,0.00134400,2.23000000
2018-02-28 15:25:48,0.00134400,234.44000000
2018-02-28 15:25:48,0.00134490,1.96000000
2018-02-28 15:25:49,0.00134490,1.96000000
2018-02-28 15:25:49,0.00134490,1.37000000
2018-02-28 15:25:49,0.00134490,1.37000000
2018-02-28 15:25:49,0.00134490,1.37000000
2018-02-28 15:25:50,0.00134430,745.30000000
2018-02-28 15:25:53,0.00134420,3.18000000
2018-02-28 15:25:56,0.00134480,6.55000000
2018-02-28 15:25:56,0.00134490,199.65000000
2018-02-28 15:25:56,0.00134500,245.21000000
2018-02-28 15:25:57,0.00134500,55.88000000
2018-02-28 15:26:00,0.00134500,10.00000000
2018-02-28 15:26:05,0.00134500,338.16000000
2018-02-28 15:26:05,0.00134500,30.51000000
2018-02-28 15:26:06,0.00134530,309.09000000
2018-02-28 15:26:09,0.00134590,3.27000000
2018-02-28 15:26:12,0.00134590,0.13000000
2018-02-28 15:26:12,0.00134590,3.11000000
2018-02-28 15:26:17,0.00134620,5.53000000
2018-02-28 15:26:17,0.00134590,4.04000000
2018-02-28 15:26:24,0.00134620,5.47000000
2018-02-28 15:26:24,0.00134610,5.98000000
2018-02-28 15:26:24,0.00134610,780.48000000
2018-02-28 15:26:29,0.00134620,27.87000000
2018-02-28 15:26:29,0.00134800,4.84000000
2018-02-28 15:26:29,0.00134810,7.50000000
2018-02-28 15:26:29,0.00134880,56.66000000
2018-02-28 15:26:32,0.00134620,3.04000000
2018-02-28 15:26:35,0.00134660,233.67000000
2018-02-28 15:26:35,0.00134640,7.50000000
2018-02-28 15:26:35,0.00134620,83.42000000
2018-02-28 15:26:35,0.00134610,9.98000000
2018-02-28 15:26:35,0.00134590,50.92000000
2018-02-28 15:26:35,0.00134490,123.01000000
2018-02-28 15:26:36,0.00134670,350.24000000
2018-02-28 15:26:39,0.00134670,11.49000000
2018-02-28 15:26:39,0.00134840,3.89000000
2018-02-28 15:26:42,0.00134840,16.11000000
2018-02-28 15:26:42,0.00134850,7.50000000
2018-02-28 15:26:42,0.00134880,187.03000000
2018-02-28 15:26:43,0.00134880,54.29000000
2018-02-28 15:26:44,0.00134840,6.56000000
2018-02-28 15:26:47,0.00134870,4.25000000
2018-02-28 15:26:47,0.00134880,9.35000000
2018-02-28 15:26:50,0.00134880,4.91000000
2018-02-28 15:26:51,0.00134880,20.00000000
2018-02-28 15:26:53,0.00134840,125.30000000
2018-02-28 15:26:54,0.00134870,2.97000000
2018-02-28 15:26:54,0.00134880,50.31000000
2018-02-28 15:26:56,0.00134880,7.78000000
2018-02-28 15:26:57,0.00134580,5.61000000
2018-02-28 15:26:57,0.00134570,6.38000000
2018-02-28 15:26:58,0.00134720,3.36000000
2018-02-28 15:26:58,0.00134720,36.46000000
2018-02-28 15:27:01,0.00134880,9.43000000
2018-02-28 15:27:01,0.00134880,0.57000000
2018-02-28 15:27:01,0.00134720,3.36000000
2018-02-28 15:27:03,0.00134720,40.29000000
2018-02-28 15:27:05,0.00134720,51.18000000
2018-02-28 15:27:05,0.00134900,33.23000000
2018-02-28 15:27:06,0.00134890,12.44000000
2018-02-28 15:27:08,0.00134870,7.56000000
2018-02-28 15:27:08,0.00134880,4.16000000
2018-02-28 15:27:08,0.00134900,9.32000000
2018-02-28 15:27:11,0.00134840,3.15000000
2018-02-28 15:27:11,0.00134900,3.86000000
2018-02-28 15:27:11,0.00134710,20.00000000
2018-02-28 15:27:11,0.00134700,581.72000000
2018-02-28 15:27:14,0.00134700,20.00000000
2018-02-28 15:27:14,0.00134600,90.26000000
2018-02-28 15:27:14,0.00134570,9.01000000
2018-02-28 15:27:14,0.00134540,7.50000000
2018-02-28 15:27:14,0.00134510,472.63000000
2018-02-28 15:27:16,0.00134810,1.25000000
2018-02-28 15:27:25,0.00134800,5.61000000
2018-02-28 15:27:25,0.00134810,21.22000000
2018-02-28 15:27:28,0.00134750,88.26000000
2018-02-28 15:27:29,0.00134700,0.85000000
2018-02-28 15:27:31,0.00134600,2.62000000
2018-02-28 15:27:31,0.00134550,1.00000000
2018-02-28 15:27:31,0.00134510,10.38000000
2018-02-28 15:27:31,0.00134710,5.00000000
2018-02-28 15:27:31,0.00134600,38.18000000
2018-02-28 15:27:32,0.00134600,11.32000000
2018-02-28 15:27:32,0.00134600,50.92000000
2018-02-28 15:27:39,0.00134590,5.00000000
2018-02-28 15:27:39,0.00134600,338.07000000
2018-02-28 15:27:39,0.00134520,1.85000000
2018-02-28 15:27:40,0.00134600,21.84000000
2018-02-28 15:27:40,0.00134600,8.55000000
2018-02-28 15:27:40,0.00134550,650.16000000
2018-02-28 15:27:42,0.00134600,324.07000000
2018-02-28 15:27:44,0.00134600,23.15000000
2018-02-28 15:27:46,0.00134700,2.32000000
2018-02-28 15:27:46,0.00134600,12.24000000
2018-02-28 15:27:47,0.00134530,386.16000000
2018-02-28 15:27:47,0.00134530,49.16000000
2018-02-28 15:27:49,0.00134620,5.00000000
2018-02-28 15:27:51,0.00134600,1.00000000
2018-02-28 15:27:51,0.00134600,4.78000000
2018-02-28 15:27:58,0.00134580,136.70000000
2018-02-28 15:27:59,0.00134600,48.96000000
2018-02-28 15:27:59,0.00134620,382.99000000
2018-02-28 15:27:59,0.00134620,55.00000000
2018-02-28 15:28:08,0.00134600,21.56000000
2018-02-28 15:28:09,0.00134600,66.59000000
2018-02-28 15:28:11,0.00134690,6.76000000
2018-02-28 15:28:11,0.00134690,2.71000000
2018-02-28 15:28:13,0.00134690,53.23000000
2018-02-28 15:28:14,0.00134700,30.00000000
2018-02-28 15:28:16,0.00134690,5.77000000
2018-02-28 15:28:19,0.00134650,161.89000000
2018-02-28 15:28:22,0.00134650,68.19000000
2018-02-28 15:28:22,0.00134690,50.00000000
2018-02-28 15:28:22,0.00134700,7.47000000
2018-02-28 15:28:22,0.00134800,2.84000000
2018-02-28 15:28:22,0.00134810,70.21000000
2018-02-28 15:28:22,0.00134810,57.98000000
2018-02-28 15:28:22,0.00134820,15.00000000
2018-02-28 15:28:25,0.00134650,23.64000000
2018-02-28 15:28:30,0.00134850,3.79000000
2018-02-28 15:28:30,0.00134860,7.50000000
2018-02-28 15:28:30,0.00134880,21.95000000
2018-02-28 15:28:30,0.00134900,11.48000000
2018-02-28 15:28:31,0.00134790,185.14000000
2018-02-28 15:28:35,0.00134790,8.34000000
2018-02-28 15:28:40,0.00134810,12.75000000
2018-02-28 15:28:42,0.00134750,747.04000000
2018-02-28 15:28:45,0.00134720,7.50000000
2018-02-28 15:28:45,0.00134700,7.09000000
2018-02-28 15:28:45,0.00134670,32.50000000
2018-02-28 15:28:45,0.00134650,68.64000000
2018-02-28 15:28:45,0.00134600,21.07000000
2018-02-28 15:28:47,0.00134790,10.34000000
2018-02-28 15:28:47,0.00134840,32.66000000
2018-02-28 15:28:51,0.00134620,6.95000000
2018-02-28 15:28:56,0.00134620,0.55000000
2018-02-28 15:28:56,0.00134620,1.00000000
2018-02-28 15:28:57,0.00134620,7.86000000
2018-02-28 15:28:57,0.00134610,233.58000000
2018-02-28 15:29:00,0.00134620,2.31000000
2018-02-28 15:29:02,0.00134770,7.50000000
2018-02-28 15:29:02,0.00134780,2.59000000
2018-02-28 15:29:03,0.00134840,59.45000000
2018-02-28 15:29:04,0.00134840,6.93000000
2018-02-28 15:29:04,0.00134850,6.64000000
2018-02-28 15:29:04,0.00134860,14.85000000
2018-02-28 15:29:04,0.00134880,7.50000000
2018-02-28 15:29:04,0.00134900,59.64000000
2018-02-28 15:29:05,0.00134840,115.89000000
2018-02-28 15:29:06,0.00134850,2.00000000
2018-02-28 15:29:07,0.00134850,9.86000000
2018-02-28 15:29:07,0.00134840,152.29000000
2018-02-28 15:29:17,0.00134920,794.41000000
2018-02-28 15:29:32,0.00134980,2.54000000
2018-02-28 15:29:32,0.00134990,11.96000000
2018-02-28 15:29:32,0.00134920,8.15000000
2018-02-28 15:29:32,0.00134920,272.80000000
2018-02-28 15:29:36,0.00134920,9.95000000
2018-02-28 15:29:36,0.00134970,2.48000000
2018-02-28 15:29:36,0.00134990,15.56000000
2018-02-28 15:29:36,0.00135000,63.45000000
2018-02-28 15:29:41,0.00135010,54.39000000
2018-02-28 15:29:45,0.00135020,842.85000000
2018-02-28 15:29:45,0.00135010,229.62000000
2018-02-28 15:29:48,0.00135020,110.52000000
2018-02-28 15:29:49,0.00135050,56.13000000
2018-02-28 15:29:51,0.00135210,2.57000000
2018-02-28 15:29:53,0.00135050,2.43000000
2018-02-28 15:29:56,0.00135120,329.39000000
2018-02-28 15:30:00,0.00135120,3.00000000
2018-02-28 15:30:00,0.00135100,0.81000000
2018-02-28 15:30:06,0.00135100,5.01000000
2018-02-28 15:30:07,0.00135100,3.44000000
2018-02-28 15:30:09,0.00135100,768.86000000
2018-02-28 15:30:09,0.00135100,2.31000000
2018-02-28 15:30:12,0.00135110,16.07000000
2018-02-28 15:30:13,0.00135110,2.37000000
2018-02-28 15:30:13,0.00135110,2.62000000
2018-02-28 15:30:13,0.00135110,1.00000000
2018-02-28 15:30:13,0.00135110,11.13000000
2018-02-28 15:30:14,0.00135110,1.20000000
2018-02-28 15:30:15,0.00135110,1.70000000
2018-02-28 15:30:15,0.00135110,16.39000000
2018-02-28 15:30:17,0.00135210,2.00000000
2018-02-28 15:30:17,0.00135150,891.29000000
2018-02-28 15:30:17,0.00135210,3.34000000
2018-02-28 15:30:18,0.00135400,5.00000000
2018-02-28 15:30:24,0.00135390,52.48000000
2018-02-28 15:30:24,0.00135400,0.80000000
2018-02-28 15:30:26,0.00135400,3.85000000
2018-02-28 15:30:27,0.00135400,13.24000000
2018-02-28 15:30:27,0.00135420,0.08000000
2018-02-28 15:30:29,0.00135420,1.63000000
2018-02-28 15:30:29,0.00135440,1.70000000
2018-02-28 15:30:30,0.00135440,127.45000000
2018-02-28 15:30:30,0.00135470,2.16000000
2018-02-28 15:30:30,0.00135480,93.75000000
2018-02-28 15:30:30,0.00135480,2.15000000
2018-02-28 15:30:31,0.00135420,3.64000000
2018-02-28 15:30:31,0.00135420,43.38000000
2018-02-28 15:30:31,0.00135250,7.40000000
2018-02-28 15:30:31,0.00135230,7.40000000
2018-02-28 15:30:32,0.00135370,7.40000000
2018-02-28 15:30:32,0.00135390,7.40000000
2018-02-28 15:30:32,0.00135480,82.00000000
2018-02-28 15:30:32,0.00135500,747.83000000
2018-02-28 15:30:32,0.00135500,4.09000000
2018-02-28 15:30:32,0.00135500,225.67000000
2018-02-28 15:30:35,0.00135280,377.83000000
2018-02-28 15:30:35,0.00135260,20.00000000
2018-02-28 15:30:35,0.00135250,7.40000000
2018-02-28 15:30:36,0.00135330,3.00000000
2018-02-28 15:30:36,0.00135390,2.32000000
2018-02-28 15:30:36,0.00135450,7.40000000
2018-02-28 15:30:36,0.00135500,24.18000000
2018-02-28 15:30:38,0.00135400,0.99000000
2018-02-28 15:30:38,0.00135550,2.15000000
2018-02-28 15:30:38,0.00135500,694.98000000
2018-02-28 15:30:39,0.00135540,6.49000000
2018-02-28 15:30:39,0.00135550,1.36000000
2018-02-28 15:30:39,0.00135570,8.30000000
2018-02-28 15:30:39,0.00135600,117.51000000
2018-02-28 15:30:39,0.00135670,2.52000000
2018-02-28 15:30:39,0.00135810,5.11000000
2018-02-28 15:30:39,0.00135870,20.09000000
2018-02-28 15:30:39,0.00135510,2.32000000
2018-02-28 15:30:39,0.00135290,14.78000000
2018-02-28 15:30:40,0.00135400,11.76000000
2018-02-28 15:30:41,0.00135600,8.00000000
2018-02-28 15:30:42,0.00135520,1.87000000
2018-02-28 15:30:42,0.00135520,7.87000000
2018-02-28 15:30:47,0.00135530,3.08000000
2018-02-28 15:30:47,0.00135530,1.52000000
2018-02-28 15:30:47,0.00135600,8.00000000
2018-02-28 15:30:47,0.00135820,17.12000000
2018-02-28 15:30:47,0.00135830,7.40000000
2018-02-28 15:30:47,0.00135890,6.66000000
2018-02-28 15:30:47,0.00135900,83.65000000
2018-02-28 15:30:48,0.00135900,1.00000000
2018-02-28 15:30:48,0.00135900,176.65000000
2018-02-28 15:30:49,0.00135920,1.18000000
2018-02-28 15:30:49,0.00135930,2.94000000
2018-02-28 15:30:51,0.00135930,8.16000000
2018-02-28 15:30:51,0.00135940,12.51000000
2018-02-28 15:30:52,0.00135680,2.27000000
2018-02-28 15:30:52,0.00135770,937.46000000
2018-02-28 15:30:55,0.00135630,7.40000000
2018-02-28 15:30:55,0.00135610,14.74000000
2018-02-28 15:30:57,0.00135770,7.27000000
2018-02-28 15:30:57,0.00135820,3.21000000
2018-02-28 15:30:58,0.00135790,2.93000000
2018-02-28 15:31:00,0.00135790,3.01000000
2018-02-28 15:31:01,0.00135610,4.29000000
2018-02-28 15:31:01,0.00135610,5.71000000
2018-02-28 15:31:04,0.00135570,7.40000000
2018-02-28 15:31:04,0.00135550,7.40000000
2018-02-28 15:31:04,0.00135510,7.70000000
2018-02-28 15:31:04,0.00135510,55.16000000
2018-02-28 15:31:04,0.00135500,148.25000000
2018-02-28 15:31:05,0.00135600,2.42000000
2018-02-28 15:31:07,0.00135540,426.26000000
2018-02-28 15:31:09,0.00135600,0.14000000
2018-02-28 15:31:10,0.00135600,53.74000000
2018-02-28 15:31:10,0.00135500,146.06000000
2018-02-28 15:31:11,0.00135740,62.86000000
2018-02-28 15:31:12,0.00135740,127.54000000
2018-02-28 15:31:12,0.00135750,6.00000000
2018-02-28 15:31:14,0.00135590,2.22000000
2018-02-28 15:31:17,0.00135600,18.14000000
2018-02-28 15:31:21,0.00135590,18.12000000
2018-02-28 15:31:21,0.00135500,199.16000000
2018-02-28 15:31:22,0.00135540,988.17000000
2018-02-28 15:31:24,0.00135600,64.79000000
2018-02-28 15:31:28,0.00135600,75.10000000
2018-02-28 15:31:35,0.00135590,2.17000000
2018-02-28 15:31:43,0.00135680,474.70000000
2018-02-28 15:31:44,0.00135750,4.60000000
2018-02-28 15:31:44,0.00135780,149.82000000
2018-02-28 15:31:49,0.00135780,65.12000000
2018-02-28 15:31:51,0.00135880,0.58000000
2018-02-28 15:31:52,0.00135780,14.26000000
2018-02-28 15:31:53,0.00135780,2.12000000
2018-02-28 15:31:57,0.00135830,1036.61000000
2018-02-28 15:32:02,0.00135880,0.35000000
2018-02-28 15:32:02,0.00135880,1.28000000
2018-02-28 15:32:05,0.00135800,23.91000000
2018-02-28 15:32:05,0.00135780,76.18000000
2018-02-28 15:32:05,0.00135630,10.06000000
2018-02-28 15:32:05,0.00135610,51.23000000
2018-02-28 15:32:10,0.00135810,1.00000000
2018-02-28 15:32:11,0.00135810,47.00000000
2018-02-28 15:32:11,0.00135810,3.23000000
2018-02-28 15:32:15,0.00135800,102.39000000
2018-02-28 15:32:15,0.00135800,8.68000000
2018-02-28 15:32:16,0.00135710,522.07000000
2018-02-28 15:32:19,0.00135790,2.45000000
2018-02-28 15:32:19,0.00135800,41.72000000
2018-02-28 15:32:30,0.00135640,15.65000000
2018-02-28 15:32:30,0.00135640,7.40000000
2018-02-28 15:32:30,0.00135640,14.37000000
2018-02-28 15:32:32,0.00135730,8.61000000
2018-02-28 15:32:38,0.00135800,2.12000000
2018-02-28 15:32:43,0.00135850,7.40000000
2018-02-28 15:32:46,0.00135850,16.29000000
2018-02-28 15:32:46,0.00135800,10.90000000
2018-02-28 15:32:46,0.00135860,24.60000000
2018-02-28 15:32:48,0.00135850,108.88000000
2018-02-28 15:32:53,0.00135850,3.00000000
2018-02-28 15:32:55,0.00135790,4.00000000
2018-02-28 15:32:55,0.00135850,20.69000000
2018-02-28 15:32:57,0.00135850,4.51000000
2018-02-28 15:32:59,0.00135760,57.05000000
2018-02-28 15:33:00,0.00135680,1.19000000
2018-02-28 15:33:01,0.00135680,6.21000000
2018-02-28 15:33:11,0.00135680,38.35000000
2018-02-28 15:33:11,0.00135660,5.47000000
2018-02-28 15:33:11,0.00135640,24.99000000
2018-02-28 15:33:14,0.00135650,618.95000000
2018-02-28 15:33:14,0.00135670,1.92000000
2018-02-28 15:33:15,0.00135670,0.02000000
2018-02-28 15:33:15,0.00135680,6.71000000
2018-02-28 15:33:15,0.00135680,2.29000000
2018-02-28 15:33:18,0.00135640,62.49000000
2018-02-28 15:33:18,0.00135640,2.50000000
2018-02-28 15:33:22,0.00135640,0.01000000
2018-02-28 15:33:22,0.00135640,31.04000000
2018-02-28 15:33:22,0.00135640,41.93000000
2018-02-28 15:33:22,0.00135640,68.08000000
2018-02-28 15:33:22,0.00135800,5.65000000
2018-02-28 15:33:22,0.00135800,54.35000000
2018-02-28 15:33:22,0.00135840,7.40000000
2018-02-28 15:33:23,0.00135850,19.69000000
2018-02-28 15:33:24,0.00135850,9.75000000
2018-02-28 15:33:26,0.00135850,1.10000000
2018-02-28 15:33:27,0.00135850,33.42000000
2018-02-28 15:33:28,0.00135850,51.38000000
2018-02-28 15:33:28,0.00135850,17.87000000
2018-02-28 15:33:29,0.00135860,1.96000000
2018-02-28 15:33:29,0.00135860,0.02000000
2018-02-28 15:33:29,0.00135870,27.85000000
2018-02-28 15:33:29,0.00135870,41.07000000
2018-02-28 15:33:30,0.00135870,1.10000000
2018-02-28 15:33:31,0.00135780,7.35000000
2018-02-28 15:33:31,0.00135780,31.64000000
2018-02-28 15:33:31,0.00135780,66.50000000
2018-02-28 15:33:31,0.00135870,10.25000000
2018-02-28 15:33:32,0.00135880,2.06000000
2018-02-28 15:33:32,0.00135850,3.21000000
2018-02-28 15:33:33,0.00135840,1.89000000
2018-02-28 15:33:33,0.00135880,0.01000000
2018-02-28 15:33:33,0.00135890,1.09000000
2018-02-28 15:33:33,0.00135890,3.58000000
2018-02-28 15:33:34,0.00135890,9.55000000
2018-02-28 15:33:36,0.00135890,73.59000000
2018-02-28 15:33:36,0.00135890,1.70000000
2018-02-28 15:33:39,0.00135890,29.65000000
2018-02-28 15:33:39,0.00135870,4.51000000
2018-02-28 15:33:41,0.00135870,2.00000000
2018-02-28 15:33:43,0.00135880,667.39000000
2018-02-28 15:33:47,0.00135870,31.27000000
2018-02-28 15:33:50,0.00135870,41.91000000
2018-02-28 15:33:53,0.00135870,1.00000000
2018-02-28 15:33:53,0.00135880,47.86000000
2018-02-28 15:33:53,0.00135870,35.65000000
2018-02-28 15:33:56,0.00135870,73.76000000
2018-02-28 15:33:56,0.00135870,6.03000000
2018-02-28 15:33:56,0.00135870,49.00000000
2018-02-28 15:33:58,0.00135870,205.91000000
2018-02-28 15:33:58,0.00135850,36.50000000
2018-02-28 15:33:58,0.00135800,4.68000000
2018-02-28 15:33:58,0.00135780,44.87000000
2018-02-28 15:33:58,0.00135710,62.76000000
2018-02-28 15:33:58,0.00135700,280.02000000
2018-02-28 15:33:58,0.00135690,216.83000000
2018-02-28 15:33:58,0.00135670,46.58000000
