DATE,PRICE,VOLUME
2018-02-28 14:00:01,0.00131850,20.00000000
2018-02-28 14:00:07,0.00131980,1.86000000
2018-02-28 14:00:07,0.00131980,0.98000000
2018-02-28 14:00:09,0.00131980,30.00000000
2018-02-28 14:00:09,0.00131920,92.63000000
2018-02-28 14:00:12,0.00131920,0.76000000
2018-02-28 14:00:16,0.00131880,32.10000000
2018-02-28 14:00:16,0.00131870,10.87000000
2018-02-28 14:00:16,0.00131850,3.34000000
2018-02-28 14:00:16,0.00131810,2.89000000
2018-02-28 14:00:16,0.00131760,18.33000000
2018-02-28 14:00:16,0.00131710,260.74000000
2018-02-28 14:00:19,0.00131920,1.70000000
2018-02-28 14:00:19,0.00131900,14.73000000
2018-02-28 14:00:19,0.00131920,5.14000000
2018-02-28 14:00:19,0.00131980,31.76000000
2018-02-28 14:00:21,0.00131920,1.50000000
2018-02-28 14:00:21,0.00131920,6.00000000
2018-02-28 14:00:21,0.00131810,1.50000000
2018-02-28 14:00:24,0.00131810,0.88000000
2018-02-28 14:00:24,0.00131710,0.11000000
2018-02-28 14:00:27,0.00131920,3.79000000
2018-02-28 14:00:30,0.00131810,198.66000000
2018-02-28 14:00:31,0.00131920,1.61000000
2018-02-28 14:00:35,0.00131810,6.00000000
2018-02-28 14:00:35,0.00131910,0.94000000
2018-02-28 14:00:43,0.00131910,17.82000000
2018-02-28 14:00:47,0.00131920,30.84000000
2018-02-28 14:00:47,0.00131910,3.79000000
2018-02-28 14:00:47,0.00131910,0.99000000
2018-02-28 14:00:48,0.00131910,26.83000000
2018-02-28 14:00:50,0.00131910,3.43000000
2018-02-28 14:00:53,0.00131920,14.65000000
2018-02-28 14:00:54,0.00131910,14.34000000
2018-02-28 14:00:54,0.00131910,16.12000000
2018-02-28 14:00:54,0.00131920,3.03000000
2018-02-28 14:00:58,0.00131910,6.68000000
2018-02-28 14:01:02,0.00131910,1.56000000
2018-02-28 14:01:05,0.00131820,5.56000000
2018-02-28 14:01:09,0.00131900,1.63000000
2018-02-28 14:01:13,0.00131820,4.74000000
2018-02-28 14:01:14,0.00131820,3.82000000
2018-02-28 14:01:15,0.00131750,25.26000000
2018-02-28 14:01:15,0.00131730,19.00000000
2018-02-28 14:01:15,0.00131720,15.00000000
2018-02-28 14:01:15,0.00131710,4.94000000
2018-02-28 14:01:15,0.00131820,3.03000000
2018-02-28 14:01:16,0.00131710,246.37000000
2018-02-28 14:01:16,0.00131700,344.26000000
2018-02-28 14:01:16,0.00131690,15.18000000
2018-02-28 14:01:16,0.00131560,40.66000000
2018-02-28 14:01:16,0.00131530,1.78000000
2018-02-28 14:01:16,0.00131500,22.26000000
2018-02-28 14:01:16,0.00131480,3.04000000
2018-02-28 14:01:17,0.00131810,1.00000000
2018-02-28 14:01:17,0.00131800,20.05000000
2018-02-28 14:01:18,0.00131620,1.72000000
2018-02-28 14:01:18,0.00131620,109.19000000
2018-02-28 14:01:18,0.00131620,1.72000000
2018-02-28 14:01:18,0.00131510,76.04000000
2018-02-28 14:01:18,0.00131500,8.00000000
2018-02-28 14:01:18,0.00131440,17.16000000
2018-02-28 14:01:18,0.00131420,7.61000000
2018-02-28 14:01:18,0.00131390,36.24000000
2018-02-28 14:01:18,0.00131360,4.79000000
2018-02-28 14:01:18,0.00131340,114.21000000
2018-02-28 14:01:18,0.00131310,5.10000000
2018-02-28 14:01:18,0.00131280,8.51000000
2018-02-28 14:01:18,0.00131260,2.17000000
2018-02-28 14:01:18,0.00131250,3.15000000
2018-02-28 14:01:18,0.00131240,76.19000000
2018-02-28 14:01:18,0.00131210,3.81000000
2018-02-28 14:01:18,0.00131200,4.57000000
2018-02-28 14:01:18,0.00131190,2.29000000
2018-02-28 14:01:19,0.00131590,26.00000000
2018-02-28 14:01:19,0.00131580,19.95000000
2018-02-28 14:01:19,0.00131590,50.04000000
2018-02-28 14:01:19,0.00131600,8.00000000
2018-02-28 14:01:19,0.00131690,1228.86000000
2018-02-28 14:01:19,0.00131720,76.18000000
2018-02-28 14:01:20,0.00131800,400.43000000
2018-02-28 14:01:20,0.00131170,40.00000000
2018-02-28 14:01:20,0.00131160,76.23000000
2018-02-28 14:01:20,0.00131150,102.14000000
2018-02-28 14:01:20,0.00131140,4.00000000
2018-02-28 14:01:20,0.00131100,1.00000000
2018-02-28 14:01:20,0.00131080,0.71000000
2018-02-28 14:01:20,0.00131070,128.57000000
2018-02-28 14:01:20,0.00131060,106.27000000
2018-02-28 14:01:20,0.00131040,24.27000000
2018-02-28 14:01:23,0.00131590,5.00000000
2018-02-28 14:01:24,0.00131310,20.00000000
2018-02-28 14:01:25,0.00131560,1.38000000
2018-02-28 14:01:25,0.00131560,3.12000000
2018-02-28 14:01:26,0.00131540,1.00000000
2018-02-28 14:01:26,0.00131540,70.73000000
2018-02-28 14:01:28,0.00131550,28.42000000
2018-02-28 14:01:29,0.00131560,22.10000000
2018-02-28 14:01:29,0.00131560,0.01000000
2018-02-28 14:01:29,0.00131570,1.89000000
2018-02-28 14:01:32,0.00131450,14.01000000
2018-02-28 14:01:35,0.00131450,1.90000000
2018-02-28 14:01:36,0.00131450,20.00000000
2018-02-28 14:01:36,0.00131330,20.00000000
2018-02-28 14:01:36,0.00131320,245.12000000
2018-02-28 14:01:37,0.00131440,18.32000000
2018-02-28 14:01:37,0.00131450,149.20000000
2018-02-28 14:01:37,0.00131450,361.20000000
2018-02-28 14:01:37,0.00131450,4.87000000
2018-02-28 14:01:38,0.00131440,5.01000000
2018-02-28 14:01:38,0.00131440,1.37000000
2018-02-28 14:01:40,0.00131440,3.35000000
2018-02-28 14:01:42,0.00131440,3.72000000
2018-02-28 14:01:45,0.00131380,3.78000000
2018-02-28 14:01:45,0.00131390,2.77000000
2018-02-28 14:01:45,0.00131390,3.78000000
2018-02-28 14:01:45,0.00131390,6.55000000
2018-02-28 14:01:45,0.00131170,0.02000000
2018-02-28 14:01:47,0.00131310,39.56000000
2018-02-28 14:01:47,0.00131310,1.14000000
2018-02-28 14:01:48,0.00131240,120.05000000
2018-02-28 14:01:48,0.00131310,6.27000000
2018-02-28 14:01:48,0.00131400,28.73000000
2018-02-28 14:01:53,0.00131180,1.37000000
2018-02-28 14:01:53,0.00131390,31.32000000
2018-02-28 14:01:56,0.00131380,13.96000000
2018-02-28 14:01:56,0.00131380,77.30000000
2018-02-28 14:01:56,0.00131390,22.82000000
2018-02-28 14:01:58,0.00131390,1.38000000
2018-02-28 14:01:59,0.00131390,0.57000000
2018-02-28 14:02:00,0.00131350,1.90000000
2018-02-28 14:02:01,0.00131350,1.44000000
2018-02-28 14:02:03,0.00131350,1.67000000
2018-02-28 14:02:04,0.00131350,261.11000000
2018-02-28 14:02:05,0.00131390,1.25000000
2018-02-28 14:02:05,0.00131350,1.67000000
2018-02-28 14:02:06,0.00131350,1.07000000
2018-02-28 14:02:06,0.00131350,3.14000000
2018-02-28 14:02:06,0.00131260,23.15000000
2018-02-28 14:02:09,0.00131180,1.22000000
2018-02-28 14:02:10,0.00131350,1.44000000
2018-02-28 14:02:10,0.00131350,14.77000000
2018-02-28 14:02:10,0.00131350,12.20000000
2018-02-28 14:02:11,0.00131350,1.44000000
2018-02-28 14:02:13,0.00131350,0.88000000
2018-02-28 14:02:13,0.00131350,1.00000000
2018-02-28 14:02:13,0.00131350,36.78000000
2018-02-28 14:02:13,0.00131350,1.14000000
2018-02-28 14:02:14,0.00131350,10.00000000
2018-02-28 14:02:15,0.00131190,2.71000000
2018-02-28 14:02:15,0.00131350,1.00000000
2018-02-28 14:02:15,0.00131350,1.43000000
2018-02-28 14:02:15,0.00131350,54.96000000
2018-02-28 14:02:15,0.00131190,2.55000000
2018-02-28 14:02:15,0.00131180,0.16000000
2018-02-28 14:02:15,0.00131350,27.80000000
2018-02-28 14:02:15,0.00131350,7.66000000
2018-02-28 14:02:16,0.00131350,31.55000000
2018-02-28 14:02:16,0.00131350,31.59000000
2018-02-28 14:02:16,0.00131180,8.57000000
2018-02-28 14:02:16,0.00131350,2.23000000
2018-02-28 14:02:17,0.00131350,41.55000000
2018-02-28 14:02:17,0.00131390,24.43000000
2018-02-28 14:02:17,0.00131400,6.24000000
2018-02-28 14:02:18,0.00131490,1.14000000
2018-02-28 14:02:18,0.00131480,9.55000000
2018-02-28 14:02:20,0.00131480,3.48000000
2018-02-28 14:02:20,0.00131480,0.16000000
2018-02-28 14:02:22,0.00131490,1.44000000
2018-02-28 14:02:23,0.00131410,129.19000000
2018-02-28 14:02:25,0.00131490,1.87000000
2018-02-28 14:02:25,0.00131490,19.98000000
2018-02-28 14:02:26,0.00131500,56.17000000
2018-02-28 14:02:26,0.00131500,7.37000000
2018-02-28 14:02:27,0.00131690,2.05000000
2018-02-28 14:02:27,0.00131690,21.98000000
2018-02-28 14:02:27,0.00131700,38.02000000
2018-02-28 14:02:29,0.00131700,2.66000000
2018-02-28 14:02:29,0.00131700,73.53000000
2018-02-28 14:02:29,0.00131710,300.21000000
2018-02-28 14:02:30,0.00131720,2.17000000
2018-02-28 14:02:32,0.00131910,1.90000000
2018-02-28 14:02:32,0.00131710,42.83000000
2018-02-28 14:02:33,0.00131910,0.27000000
2018-02-28 14:02:33,0.00131920,2.95000000
2018-02-28 14:02:35,0.00131920,15.16000000
2018-02-28 14:02:37,0.00131920,1.29000000
2018-02-28 14:02:38,0.00131920,1.82000000
2018-02-28 14:02:38,0.00131920,0.76000000
2018-02-28 14:02:38,0.00131920,21.66000000
2018-02-28 14:02:39,0.00131920,2.20000000
2018-02-28 14:02:40,0.00131920,1.14000000
2018-02-28 14:02:40,0.00131920,15.08000000
2018-02-28 14:02:40,0.00131920,3.47000000
2018-02-28 14:02:40,0.00131810,32.29000000
2018-02-28 14:02:46,0.00131920,3.79000000
2018-02-28 14:02:46,0.00131920,61.70000000
2018-02-28 14:02:47,0.00131920,2.00000000
2018-02-28 14:02:50,0.00131920,13.74000000
2018-02-28 14:02:51,0.00132000,13.85000000
2018-02-28 14:02:52,0.00132000,5.68000000
2018-02-28 14:02:54,0.00132000,1.67000000
2018-02-28 14:02:55,0.00131950,138.13000000
2018-02-28 14:02:56,0.00132000,32.70000000
2018-02-28 14:02:56,0.00132000,55.27000000
2018-02-28 14:02:57,0.00132000,1.00000000
2018-02-28 14:02:57,0.00132000,2.56000000
2018-02-28 14:02:57,0.00132000,12.57000000
2018-02-28 14:02:57,0.00132000,20.87000000
2018-02-28 14:02:58,0.00132010,2.86000000
2018-02-28 14:02:59,0.00132000,74.71000000
2018-02-28 14:03:02,0.00132010,0.91000000
2018-02-28 14:03:03,0.00132010,3.00000000
2018-02-28 14:03:04,0.00132000,14.33000000
2018-02-28 14:03:04,0.00132000,1.52000000
2018-02-28 14:03:04,0.00131920,4.99000000
2018-02-28 14:03:09,0.00131820,41.23000000
2018-02-28 14:03:10,0.00131920,23.49000000
2018-02-28 14:03:10,0.00131920,1.79000000
2018-02-28 14:03:11,0.00131920,0.01000000
2018-02-28 14:03:11,0.00131920,12.49000000
2018-02-28 14:03:12,0.00131730,22.77000000
2018-02-28 14:03:12,0.00131720,12.79000000
2018-02-28 14:03:12,0.00131710,207.55000000
2018-02-28 14:03:18,0.00131740,18.92000000
2018-02-28 14:03:19,0.00131920,1.51000000
2018-02-28 14:03:20,0.00131920,1.01000000
2018-02-28 14:03:21,0.00131920,22.14000000
2018-02-28 14:03:22,0.00131710,100.00000000
2018-02-28 14:03:26,0.00131920,1.00000000
2018-02-28 14:03:28,0.00131920,1.00000000
2018-02-28 14:03:31,0.00131910,1.11000000
2018-02-28 14:03:31,0.00131820,147.27000000
2018-02-28 14:03:31,0.00131910,1.00000000
2018-02-28 14:03:33,0.00131910,1.00000000
2018-02-28 14:03:36,0.00131910,0.53000000
2018-02-28 14:03:36,0.00131920,0.47000000
2018-02-28 14:03:39,0.00131910,1.00000000
2018-02-28 14:03:39,0.00131910,1.36000000
2018-02-28 14:03:41,0.00131740,2.46000000
2018-02-28 14:03:41,0.00131730,12.24000000
2018-02-28 14:03:41,0.00131720,2.28000000
2018-02-28 14:03:41,0.00131710,11.13000000
2018-02-28 14:03:41,0.00131910,1.00000000
2018-02-28 14:03:43,0.00131910,16.47000000
2018-02-28 14:03:44,0.00131920,1.00000000
2018-02-28 14:03:44,0.00131910,10.00000000
2018-02-28 14:03:47,0.00131920,1.00000000
2018-02-28 14:03:50,0.00131910,38.27000000
2018-02-28 14:03:50,0.00131920,1.00000000
2018-02-28 14:03:50,0.00131920,32.09000000
2018-02-28 14:03:51,0.00131920,14.36000000
2018-02-28 14:03:53,0.00131920,378.63000000
2018-02-28 14:03:54,0.00131920,708.11000000
2018-02-28 14:03:54,0.00131910,192.91000000
2018-02-28 14:03:55,0.00131910,2.63000000
2018-02-28 14:03:59,0.00131920,1.00000000
2018-02-28 14:03:59,0.00131920,22.99000000
2018-02-28 14:03:59,0.00131990,128.57000000
2018-02-28 14:03:59,0.00132000,45.64000000
2018-02-28 14:04:01,0.00131910,41.43000000
2018-02-28 14:04:01,0.00131910,128.89000000
2018-02-28 14:04:02,0.00131910,1.00000000
2018-02-28 14:04:05,0.00131910,1.00000000
2018-02-28 14:04:07,0.00131910,181.16000000
2018-02-28 14:04:08,0.00131710,1.27000000
2018-02-28 14:04:09,0.00131910,1.00000000
2018-02-28 14:04:11,0.00131910,0.15000000
2018-02-28 14:04:16,0.00131910,0.91000000
2018-02-28 14:04:22,0.00131820,287.20000000
2018-02-28 14:04:24,0.00131800,1.00000000
2018-02-28 14:04:27,0.00131800,6.83000000
2018-02-28 14:04:27,0.00131800,92.81000000
2018-02-28 14:04:27,0.00131800,1.00000000
2018-02-28 14:04:28,0.00131800,17.95000000
2018-02-28 14:04:28,0.00131800,2.87000000
2018-02-28 14:04:28,0.00131800,3.87000000
2018-02-28 14:04:29,0.00131780,2.62000000
2018-02-28 14:04:29,0.00131750,7.38000000
2018-02-28 14:04:32,0.00131720,12.74000000
2018-02-28 14:04:32,0.00131710,184.26000000
2018-02-28 14:04:33,0.00131800,1.00000000
2018-02-28 14:04:37,0.00131760,3.05000000
2018-02-28 14:04:38,0.00131760,8.42000000
2018-02-28 14:04:38,0.00131750,12.00000000
2018-02-28 14:04:40,0.00131770,142.54000000
2018-02-28 14:04:41,0.00131800,1.00000000
2018-02-28 14:04:44,0.00131750,9.86000000
2018-02-28 14:04:44,0.00131800,1.00000000
2018-02-28 14:04:45,0.00131750,74.39000000
2018-02-28 14:04:45,0.00131710,156.97000000
2018-02-28 14:04:45,0.00131700,17.38000000
2018-02-28 14:04:45,0.00131510,1.91000000
2018-02-28 14:04:45,0.00131500,14.89000000
2018-02-28 14:04:45,0.00131490,76.10000000
2018-02-28 14:04:45,0.00131440,21.36000000
2018-02-28 14:04:45,0.00131390,94.84000000
2018-02-28 14:04:45,0.00131370,13.14000000
2018-02-28 14:04:45,0.00131260,76.18000000
2018-02-28 14:04:45,0.00131180,16.03000000
2018-02-28 14:04:45,0.00131150,3.82000000
2018-02-28 14:04:45,0.00131130,62.52000000
2018-02-28 14:04:46,0.00131800,2.56000000
2018-02-28 14:04:47,0.00131790,1.00000000
2018-02-28 14:04:48,0.00131780,5.00000000
2018-02-28 14:04:49,0.00131250,8.04000000
2018-02-28 14:04:49,0.00131310,97.21000000
2018-02-28 14:04:49,0.00131300,8.00000000
2018-02-28 14:04:49,0.00131220,1.97000000
2018-02-28 14:04:49,0.00131200,2.55000000
2018-02-28 14:04:49,0.00131150,70.79000000
2018-02-28 14:04:49,0.00131130,13.74000000
2018-02-28 14:04:49,0.00131100,162.55000000
2018-02-28 14:04:49,0.00131080,137.00000000
2018-02-28 14:04:50,0.00131420,1.60000000
2018-02-28 14:04:51,0.00131600,8.00000000
2018-02-28 14:04:51,0.00131670,32.43000000
2018-02-28 14:04:51,0.00131600,8.00000000
2018-02-28 14:04:51,0.00131440,20.00000000
2018-02-28 14:04:51,0.00131450,62.00000000
2018-02-28 14:04:51,0.00131430,1.44000000
2018-02-28 14:04:51,0.00131430,23.73000000
2018-02-28 14:04:52,0.00131430,26.65000000
2018-02-28 14:04:53,0.00131340,76.09000000
2018-02-28 14:04:53,0.00131330,0.09000000
2018-02-28 14:04:53,0.00131670,76.09000000
2018-02-28 14:04:59,0.00131670,177.92000000
2018-02-28 14:05:00,0.00131670,76.26000000
2018-02-28 14:05:03,0.00131670,3.82000000
2018-02-28 14:05:04,0.00131680,30.78000000
2018-02-28 14:05:04,0.00131680,7.62000000
2018-02-28 14:05:04,0.00131680,30.87000000
2018-02-28 14:05:05,0.00131680,1.90000000
2018-02-28 14:05:06,0.00131680,1.59000000
2018-02-28 14:05:06,0.00131700,26.93000000
2018-02-28 14:05:12,0.00131680,155.88000000
2018-02-28 14:05:16,0.00131700,0.03000000
2018-02-28 14:05:23,0.00131700,1.65000000
2018-02-28 14:05:37,0.00131690,3.00000000
2018-02-28 14:05:41,0.00131690,67.90000000
2018-02-28 14:05:42,0.00131690,2.46000000
2018-02-28 14:05:44,0.00131690,51.38000000
2018-02-28 14:05:51,0.00131690,10.49000000
2018-02-28 14:05:51,0.00131680,9.10000000
2018-02-28 14:05:55,0.00131680,64.35000000
2018-02-28 14:06:01,0.00131700,25.12000000
2018-02-28 14:06:01,0.00131680,1.53000000
2018-02-28 14:06:01,0.00131670,56.12000000
2018-02-28 14:06:03,0.00131680,10.00000000
2018-02-28 14:06:04,0.00131670,408.66000000
2018-02-28 14:06:04,0.00131300,39.41000000
2018-02-28 14:06:04,0.00131300,129.83000000
2018-02-28 14:06:04,0.00131300,194.53000000
2018-02-28 14:06:04,0.00131300,7.59000000
2018-02-28 14:06:04,0.00131300,12.57000000
2018-02-28 14:06:04,0.00131300,572.77000000
2018-02-28 14:06:06,0.00131480,24.86000000
2018-02-28 14:06:14,0.00131660,5.21000000
2018-02-28 14:06:17,0.00131480,1.15000000
2018-02-28 14:06:17,0.00131480,0.02000000
2018-02-28 14:06:17,0.00131500,2.78000000
2018-02-28 14:06:22,0.00131500,1.44000000
2018-02-28 14:06:22,0.00131500,1.07000000
2018-02-28 14:06:22,0.00131500,0.49000000
2018-02-28 14:06:23,0.00131550,183.18000000
2018-02-28 14:06:27,0.00131500,17.00000000
2018-02-28 14:06:30,0.00131510,10.05000000
2018-02-28 14:06:31,0.00131500,5.66000000
2018-02-28 14:06:31,0.00131500,8.72000000
2018-02-28 14:06:31,0.00131500,4.61000000
2018-02-28 14:06:36,0.00131500,0.94000000
2018-02-28 14:06:37,0.00131450,28.57000000
2018-02-28 14:06:37,0.00131410,74.02000000
2018-02-28 14:06:41,0.00131440,38.51000000
2018-02-28 14:06:45,0.00131400,18.14000000
2018-02-28 14:06:45,0.00131400,54.49000000
2018-02-28 14:06:45,0.00131500,22.93000000
2018-02-28 14:06:46,0.00131400,3.97000000
2018-02-28 14:06:46,0.00131400,65.82000000
2018-02-28 14:06:48,0.00131400,1.52000000
2018-02-28 14:06:48,0.00131400,10.49000000
2018-02-28 14:06:49,0.00131500,0.03000000
2018-02-28 14:06:51,0.00131490,0.01000000
2018-02-28 14:06:58,0.00131440,196.82000000
2018-02-28 14:06:58,0.00131410,9.83000000
2018-02-28 14:06:59,0.00131410,23.28000000
2018-02-28 14:07:03,0.00131410,5.57000000
2018-02-28 14:07:04,0.00131300,12.57000000
2018-02-28 14:07:04,0.00131210,4.90000000
2018-02-28 14:07:06,0.00131210,6.40000000
2018-02-28 14:07:07,0.00131410,5.00000000
2018-02-28 14:07:13,0.00131220,9.63000000
2018-02-28 14:07:13,0.00131210,1.16000000
2018-02-28 14:07:13,0.00131200,61.06000000
2018-02-28 14:07:13,0.00131170,14.26000000
2018-02-28 14:07:13,0.00131150,148.05000000
2018-02-28 14:07:13,0.00131140,1.38000000
2018-02-28 14:07:13,0.00131110,28.96000000
2018-02-28 14:07:14,0.00131120,2.70000000
2018-02-28 14:07:18,0.00131250,52.16000000
2018-02-28 14:07:21,0.00131390,1.26000000
2018-02-28 14:07:22,0.00131240,1.00000000
2018-02-28 14:07:22,0.00131240,0.44000000
2018-02-28 14:07:22,0.00131250,10.26000000
2018-02-28 14:07:27,0.00131370,1.20000000
2018-02-28 14:07:28,0.00131210,15.20000000
2018-02-28 14:07:28,0.00131130,5.22000000
2018-02-28 14:07:28,0.00131120,31.82000000
2018-02-28 14:07:28,0.00131110,161.93000000
2018-02-28 14:07:28,0.00131080,9.00000000
2018-02-28 14:07:28,0.00131060,371.32000000
2018-02-28 14:07:32,0.00131220,1.48000000
2018-02-28 14:07:33,0.00131290,1.37000000
2018-02-28 14:07:33,0.00131290,209.10000000
2018-02-28 14:07:34,0.00131290,1.37000000
2018-02-28 14:07:34,0.00131220,1.61000000
2018-02-28 14:07:35,0.00131360,20.17000000
2018-02-28 14:07:36,0.00131220,3.98000000
2018-02-28 14:07:38,0.00131220,2.34000000
2018-02-28 14:07:38,0.00131130,14.12000000
2018-02-28 14:07:38,0.00131070,10.31000000
2018-02-28 14:07:38,0.00131060,138.65000000
2018-02-28 14:07:38,0.00131050,4.11000000
2018-02-28 14:07:38,0.00131040,298.92000000
2018-02-28 14:07:38,0.00131040,408.55000000
2018-02-28 14:07:40,0.00131360,32.62000000
2018-02-28 14:07:40,0.00131370,0.18000000
2018-02-28 14:07:40,0.00131390,101.26000000
2018-02-28 14:07:40,0.00131400,15.94000000
2018-02-28 14:07:41,0.00131040,24.38000000
2018-02-28 14:07:42,0.00131200,22.21000000
2018-02-28 14:07:43,0.00131200,2.16000000
2018-02-28 14:07:48,0.00131050,4.42000000
2018-02-28 14:07:48,0.00131050,0.80000000
2018-02-28 14:07:48,0.00131040,44.82000000
2018-02-28 14:07:50,0.00131200,23.55000000
2018-02-28 14:07:50,0.00131200,1.14000000
2018-02-28 14:07:50,0.00131200,2.00000000
2018-02-28 14:07:50,0.00131200,2.00000000
2018-02-28 14:07:50,0.00131200,44.51000000
2018-02-28 14:07:50,0.00131200,87.45000000
2018-02-28 14:07:53,0.00131130,1.00000000
2018-02-28 14:07:53,0.00131130,64.81000000
2018-02-28 14:07:53,0.00131130,1.00000000
2018-02-28 14:07:53,0.00131070,3.29000000
2018-02-28 14:07:53,0.00131050,9.22000000
2018-02-28 14:07:53,0.00131040,99.17000000
2018-02-28 14:07:53,0.00131200,1.19000000
2018-02-28 14:07:54,0.00131200,1.01000000
2018-02-28 14:07:54,0.00131200,4.20000000
2018-02-28 14:07:55,0.00131200,1.39000000
2018-02-28 14:07:55,0.00131150,110.46000000
2018-02-28 14:07:55,0.00131150,2.65000000
2018-02-28 14:07:56,0.00131150,1.83000000
2018-02-28 14:07:56,0.00131150,21.25000000
2018-02-28 14:07:56,0.00131200,1.82000000
2018-02-28 14:07:56,0.00131200,44.00000000
2018-02-28 14:07:56,0.00131200,21.64000000
2018-02-28 14:07:59,0.00131200,8.99000000
2018-02-28 14:08:00,0.00131040,12.51000000
2018-02-28 14:08:02,0.00131200,5.41000000
2018-02-28 14:08:02,0.00131040,150.81000000
2018-02-28 14:08:02,0.00131010,70.92000000
2018-02-28 14:08:02,0.00131200,0.01000000
2018-02-28 14:08:02,0.00131210,8.33000000
2018-02-28 14:08:03,0.00131010,65.57000000
2018-02-28 14:08:03,0.00131000,2060.74000000
2018-02-28 14:08:03,0.00130990,3.82000000
2018-02-28 14:08:03,0.00130950,114.55000000
2018-02-28 14:08:03,0.00130940,47.01000000
2018-02-28 14:08:03,0.00131000,162.83000000
2018-02-28 14:08:03,0.00131210,162.83000000
2018-02-28 14:08:04,0.00131070,3.29000000
2018-02-28 14:08:04,0.00131060,11.94000000
2018-02-28 14:08:05,0.00131170,223.82000000
2018-02-28 14:08:05,0.00131150,12.22000000
2018-02-28 14:08:05,0.00131070,21.54000000
2018-02-28 14:08:05,0.00130920,5.35000000
2018-02-28 14:08:05,0.00130900,14.98000000
2018-02-28 14:08:05,0.00130840,10.09000000
2018-02-28 14:08:05,0.00130820,3.82000000
2018-02-28 14:08:05,0.00130810,7.64000000
2018-02-28 14:08:05,0.00130800,231.04000000
2018-02-28 14:08:06,0.00130910,76.40000000
2018-02-28 14:08:06,0.00130900,8.00000000
2018-02-28 14:08:06,0.00130810,70.98000000
2018-02-28 14:08:06,0.00130800,90.62000000
2018-02-28 14:08:06,0.00130800,274.06000000
2018-02-28 14:08:08,0.00130810,5.00000000
2018-02-28 14:08:08,0.00130730,3.82000000
2018-02-28 14:08:08,0.00130700,1.79000000
2018-02-28 14:08:08,0.00130690,1.15000000
2018-02-28 14:08:10,0.00130990,14.18000000
2018-02-28 14:08:10,0.00130990,3.81000000
2018-02-28 14:08:11,0.00130900,8.00000000
2018-02-28 14:08:11,0.00130810,9.03000000
2018-02-28 14:08:12,0.00130810,21.05000000
2018-02-28 14:08:12,0.00130800,2.77000000
2018-02-28 14:08:12,0.00130800,6.33000000
2018-02-28 14:08:13,0.00130800,1.59000000
2018-02-28 14:08:13,0.00130800,47.71000000
2018-02-28 14:08:16,0.00130710,3.82000000
2018-02-28 14:08:16,0.00130700,3.82000000
2018-02-28 14:08:16,0.00130690,2.91000000
2018-02-28 14:08:16,0.00130630,5.78000000
2018-02-28 14:08:16,0.00130600,9.41000000
2018-02-28 14:08:16,0.00130510,52.30000000
2018-02-28 14:08:16,0.00130500,21.96000000
2018-02-28 14:08:22,0.00130800,1.00000000
2018-02-28 14:08:22,0.00130800,69.98000000
2018-02-28 14:08:23,0.00130800,1.80000000
2018-02-28 14:08:24,0.00130680,33.32000000
2018-02-28 14:08:24,0.00130680,45.83000000
2018-02-28 14:08:26,0.00130680,1.02000000
2018-02-28 14:08:27,0.00130680,32.30000000
2018-02-28 14:08:27,0.00130590,3.82000000
2018-02-28 14:08:27,0.00130530,5.30000000
2018-02-28 14:08:28,0.00130680,1.52000000
2018-02-28 14:08:34,0.00130810,0.01000000
2018-02-28 14:08:34,0.00130830,22.87000000
2018-02-28 14:08:34,0.00131000,6.04000000
2018-02-28 14:08:35,0.00131000,2.67000000
2018-02-28 14:08:38,0.00131000,5.12000000
2018-02-28 14:08:38,0.00131000,87.48000000
2018-02-28 14:08:38,0.00131000,16.72000000
2018-02-28 14:08:39,0.00131000,1.76000000
2018-02-28 14:08:40,0.00130990,0.77000000
2018-02-28 14:08:40,0.00130990,2.29000000
2018-02-28 14:08:40,0.00131000,1.62000000
2018-02-28 14:08:41,0.00131000,1.68000000
2018-02-28 14:08:41,0.00131000,57.53000000
2018-02-28 14:08:42,0.00130930,3.50000000
2018-02-28 14:08:42,0.00131000,1.79000000
2018-02-28 14:08:42,0.00131000,1.91000000
2018-02-28 14:08:42,0.00131000,2.29000000
2018-02-28 14:08:42,0.00131000,2.29000000
2018-02-28 14:08:43,0.00131000,7.63000000
2018-02-28 14:08:43,0.00131000,10.00000000
2018-02-28 14:08:46,0.00130860,237.46000000
2018-02-28 14:08:48,0.00131000,883.57000000
2018-02-28 14:08:51,0.00131000,0.92000000
2018-02-28 14:08:52,0.00131000,28.83000000
2018-02-28 14:08:53,0.00131000,106.56000000
2018-02-28 14:08:54,0.00131000,295.66000000
2018-02-28 14:08:55,0.00131000,2.67000000
2018-02-28 14:08:56,0.00131000,10.67000000
2018-02-28 14:08:56,0.00131000,3.20000000
2018-02-28 14:08:56,0.00131000,10.68000000
2018-02-28 14:08:57,0.00131000,10.00000000
2018-02-28 14:08:58,0.00131000,374.61000000
2018-02-28 14:08:58,0.00131000,2.32000000
2018-02-28 14:08:58,0.00131120,1.14000000
2018-02-28 14:08:59,0.00131050,92.80000000
2018-02-28 14:08:59,0.00131120,0.43000000
2018-02-28 14:09:00,0.00131000,98.10000000
2018-02-28 14:09:04,0.00131120,17.11000000
2018-02-28 14:09:04,0.00131010,73.43000000
2018-02-28 14:09:04,0.00131000,115.57000000
2018-02-28 14:09:06,0.00131000,202.51000000
2018-02-28 14:09:08,0.00131120,10.46000000
2018-02-28 14:09:08,0.00131200,1.82000000
2018-02-28 14:09:08,0.00131200,1.82000000
2018-02-28 14:09:08,0.00131200,1.82000000
2018-02-28 14:09:08,0.00131200,1.82000000
2018-02-28 14:09:08,0.00131200,1.82000000
2018-02-28 14:09:08,0.00131120,1.82000000
2018-02-28 14:09:08,0.00131200,5.00000000
2018-02-28 14:09:09,0.00131200,1.25000000
2018-02-28 14:09:09,0.00131200,1.25000000
2018-02-28 14:09:09,0.00131120,1.25000000
2018-02-28 14:09:09,0.00131120,19.89000000
2018-02-28 14:09:10,0.00131200,1.91000000
2018-02-28 14:09:10,0.00131200,3.81000000
2018-02-28 14:09:10,0.00131200,3.43000000
2018-02-28 14:09:11,0.00131200,1.85000000
2018-02-28 14:09:12,0.00131150,251.11000000
2018-02-28 14:09:13,0.00131200,1.98000000
2018-02-28 14:09:13,0.00131120,10.67000000
2018-02-28 14:09:15,0.00131200,0.84000000
2018-02-28 14:09:16,0.00131200,0.91000000
2018-02-28 14:09:16,0.00131200,1.91000000
2018-02-28 14:09:18,0.00131200,0.51000000
2018-02-28 14:09:18,0.00131210,1.72000000
2018-02-28 14:09:19,0.00131200,3.00000000
2018-02-28 14:09:19,0.00131120,0.01000000
2018-02-28 14:09:23,0.00131200,9.38000000
2018-02-28 14:09:23,0.00131210,42.29000000
2018-02-28 14:09:24,0.00131210,0.91000000
2018-02-28 14:09:24,0.00131180,106.45000000
2018-02-28 14:09:27,0.00131210,79.88000000
2018-02-28 14:09:27,0.00131250,10.00000000
2018-02-28 14:09:27,0.00131300,114.55000000
2018-02-28 14:09:27,0.00131300,34.68000000
2018-02-28 14:09:29,0.00131400,10.05000000
2018-02-28 14:09:30,0.00131400,3.81000000
2018-02-28 14:09:30,0.00131400,1.90000000
2018-02-28 14:09:30,0.00131400,184.32000000
2018-02-28 14:09:31,0.00131400,154.44000000
2018-02-28 14:09:32,0.00131170,8.25000000
2018-02-28 14:09:32,0.00131160,21.94000000
2018-02-28 14:09:32,0.00131130,75.06000000
2018-02-28 14:09:32,0.00131130,2.00000000
2018-02-28 14:09:32,0.00131130,2.00000000
2018-02-28 14:09:32,0.00131130,12.62000000
2018-02-28 14:09:32,0.00131130,7.70000000
2018-02-28 14:09:32,0.00131130,2.42000000
2018-02-28 14:09:32,0.00131130,7.61000000
2018-02-28 14:09:32,0.00131130,22.34000000
2018-02-28 14:09:32,0.00131410,1.90000000
2018-02-28 14:09:34,0.00131400,24.48000000
2018-02-28 14:09:34,0.00131410,1.90000000
2018-02-28 14:09:35,0.00131200,25.37000000
2018-02-28 14:09:37,0.00131410,7.23000000
2018-02-28 14:09:37,0.00131200,21.78000000
2018-02-28 14:09:37,0.00131410,1.14000000
2018-02-28 14:09:38,0.00131410,1.52000000
2018-02-28 14:09:39,0.00131200,12.52000000
2018-02-28 14:09:39,0.00131160,54.81000000
2018-02-28 14:09:39,0.00131410,0.91000000
2018-02-28 14:09:39,0.00131410,1.90000000
2018-02-28 14:09:40,0.00131410,1.67000000
2018-02-28 14:09:40,0.00131410,2.13000000
2018-02-28 14:09:41,0.00131300,264.76000000
2018-02-28 14:09:49,0.00131410,1.52000000
2018-02-28 14:09:52,0.00131410,17.09000000
2018-02-28 14:09:52,0.00131420,22.91000000
2018-02-28 14:09:53,0.00131410,6.38000000
2018-02-28 14:09:58,0.00131410,44.43000000
2018-02-28 14:09:58,0.00131420,2.26000000
2018-02-28 14:10:01,0.00131420,120.09000000
2018-02-28 14:10:02,0.00131420,3.18000000
2018-02-28 14:10:02,0.00131420,10.44000000
2018-02-28 14:10:02,0.00131450,2.27000000
2018-02-28 14:10:06,0.00131410,312.06000000
2018-02-28 14:10:06,0.00131420,0.81000000
2018-02-28 14:10:06,0.00131440,0.71000000
2018-02-28 14:10:14,0.00131420,7.86000000
2018-02-28 14:10:14,0.00131210,8.06000000
2018-02-28 14:10:14,0.00131200,0.83000000
2018-02-28 14:10:14,0.00131180,351.69000000
2018-02-28 14:10:14,0.00131150,278.97000000
2018-02-28 14:10:14,0.00131140,18.34000000
2018-02-28 14:10:14,0.00131130,3.67000000
2018-02-28 14:10:14,0.00131120,53.86000000
2018-02-28 14:10:14,0.00131010,22.71000000
2018-02-28 14:10:14,0.00131000,40.48000000
2018-02-28 14:10:14,0.00131000,1.11000000
2018-02-28 14:10:14,0.00131000,2.26000000
2018-02-28 14:10:14,0.00131000,3.29000000
2018-02-28 14:10:14,0.00131000,3.06000000
2018-02-28 14:10:15,0.00131000,1.68000000
2018-02-28 14:10:16,0.00131000,41.68000000
2018-02-28 14:10:18,0.00131000,10.06000000
2018-02-28 14:10:19,0.00131000,31.23000000
2018-02-28 14:10:19,0.00130820,1.58000000
2018-02-28 14:10:19,0.00131000,1042.95000000
2018-02-28 14:10:19,0.00131000,2415.15000000
2018-02-28 14:10:19,0.00131060,22.87000000
2018-02-28 14:10:21,0.00131300,278.41000000
2018-02-28 14:10:22,0.00131200,76.20000000
2018-02-28 14:10:22,0.00131200,50.70000000
2018-02-28 14:10:25,0.00131120,76.23000000
2018-02-28 14:10:25,0.00131110,22.88000000
2018-02-28 14:10:25,0.00131100,22.22000000
2018-02-28 14:10:25,0.00131100,21.66000000
2018-02-28 14:10:25,0.00131100,7.60000000
2018-02-28 14:10:25,0.00131100,7.61000000
2018-02-28 14:10:25,0.00131100,12.63000000
2018-02-28 14:10:25,0.00131100,12.63000000
2018-02-28 14:10:26,0.00131000,300.14000000
2018-02-28 14:10:26,0.00131090,76.23000000
2018-02-28 14:10:26,0.00131100,130.42000000
2018-02-28 14:10:26,0.00131100,179.36000000
2018-02-28 14:10:29,0.00131100,15.00000000
2018-02-28 14:10:29,0.00131100,51.62000000
2018-02-28 14:10:33,0.00131230,133.74000000
2018-02-28 14:10:33,0.00131350,2.06000000
2018-02-28 14:10:37,0.00131350,0.68000000
2018-02-28 14:10:38,0.00131350,3.02000000
2018-02-28 14:10:38,0.00131350,2.28000000
2018-02-28 14:10:39,0.00131350,1.83000000
2018-02-28 14:10:39,0.00131350,3.80000000
2018-02-28 14:10:42,0.00131350,1.40000000
2018-02-28 14:10:43,0.00131350,1.90000000
2018-02-28 14:10:46,0.00131130,12.69000000
2018-02-28 14:10:47,0.00131130,32.68000000
2018-02-28 14:10:48,0.00131230,292.05000000
2018-02-28 14:10:49,0.00131340,1.67000000
2018-02-28 14:10:50,0.00131340,1.90000000
2018-02-28 14:11:02,0.00131140,9.67000000
2018-02-28 14:11:08,0.00131230,147.09000000
2018-02-28 14:11:08,0.00131140,0.02000000
2018-02-28 14:11:09,0.00131130,5.00000000
2018-02-28 14:11:10,0.00131130,6.70000000
2018-02-28 14:11:10,0.00131140,37.81000000
2018-02-28 14:11:13,0.00131140,7.37000000
2018-02-28 14:11:16,0.00131140,52.83000000
2018-02-28 14:11:16,0.00131140,65.21000000
2018-02-28 14:11:19,0.00131230,4.52000000
2018-02-28 14:11:19,0.00131140,11.70000000
2018-02-28 14:11:20,0.00131140,71.81000000
2018-02-28 14:11:24,0.00131140,2.61000000
2018-02-28 14:11:25,0.00131140,79.41000000
2018-02-28 14:11:32,0.00131140,12.29000000
2018-02-28 14:11:33,0.00131230,160.73000000
2018-02-28 14:11:33,0.00131340,1.36000000
2018-02-28 14:11:40,0.00131140,23.47000000
2018-02-28 14:11:44,0.00131340,0.28000000
2018-02-28 14:11:46,0.00131340,3.54000000
2018-02-28 14:11:48,0.00131340,116.29000000
2018-02-28 14:11:49,0.00131350,1.52000000
2018-02-28 14:11:53,0.00131240,16.07000000
2018-02-28 14:11:54,0.00131150,0.03000000
2018-02-28 14:11:56,0.00131150,17.01000000
2018-02-28 14:11:57,0.00131150,15.24000000
2018-02-28 14:11:57,0.00131150,152.43000000
2018-02-28 14:12:08,0.00131240,174.38000000
2018-02-28 14:12:13,0.00131350,9.98000000
2018-02-28 14:12:13,0.00131410,3.29000000
2018-02-28 14:12:13,0.00131440,1.91000000
2018-02-28 14:12:13,0.00131440,2.05000000
2018-02-28 14:12:18,0.00131440,95.56000000
2018-02-28 14:12:18,0.00131440,30.34000000
2018-02-28 14:12:19,0.00131440,1.00000000
2018-02-28 14:12:19,0.00131450,0.01000000
2018-02-28 14:12:19,0.00131440,260.42000000
2018-02-28 14:12:20,0.00131450,2.05000000
2018-02-28 14:12:25,0.00131310,29.72000000
2018-02-28 14:12:25,0.00131180,22.86000000
2018-02-28 14:12:25,0.00131160,140.02000000
2018-02-28 14:12:27,0.00131310,21.66000000
2018-02-28 14:12:28,0.00131310,1.00000000
2018-02-28 14:12:29,0.00131310,7.04000000
2018-02-28 14:12:29,0.00131310,0.02000000
2018-02-28 14:12:29,0.00131420,1.12000000
2018-02-28 14:12:34,0.00131190,6.72000000
2018-02-28 14:12:34,0.00131170,2.00000000
2018-02-28 14:12:34,0.00131170,2.00000000
2018-02-28 14:12:34,0.00131170,4.32000000
2018-02-28 14:12:35,0.00131420,0.01000000
2018-02-28 14:12:36,0.00131420,8.09000000
2018-02-28 14:12:37,0.00131290,188.03000000
2018-02-28 14:12:42,0.00131420,77.13000000
2018-02-28 14:12:43,0.00131450,5.67000000
2018-02-28 14:12:43,0.00131500,65.17000000
2018-02-28 14:12:43,0.00131530,1.20000000
2018-02-28 14:12:43,0.00131600,50.76000000
2018-02-28 14:12:43,0.00131610,3.82000000
2018-02-28 14:12:43,0.00131670,73.38000000
2018-02-28 14:12:45,0.00131670,6.36000000
2018-02-28 14:12:46,0.00131670,0.06000000
2018-02-28 14:12:47,0.00131670,50.03000000
2018-02-28 14:12:47,0.00131720,3.82000000
2018-02-28 14:12:47,0.00131730,7.64000000
2018-02-28 14:12:47,0.00131810,8.11000000
2018-02-28 14:12:47,0.00131840,5.35000000
2018-02-28 14:12:47,0.00131910,125.05000000
2018-02-28 14:12:48,0.00131610,76.01000000
2018-02-28 14:12:48,0.00131600,8.00000000
2018-02-28 14:12:48,0.00131520,12.86000000
2018-02-28 14:12:54,0.00131520,8.00000000
2018-02-28 14:12:55,0.00131580,0.76000000
2018-02-28 14:12:55,0.00131570,8.66000000
2018-02-28 14:12:57,0.00131500,178.00000000
2018-02-28 14:12:57,0.00131490,5.20000000
2018-02-28 14:12:57,0.00131490,12.66000000
2018-02-28 14:12:57,0.00131440,43.36000000
2018-02-28 14:13:00,0.00131440,3.00000000
2018-02-28 14:13:00,0.00131430,4.36000000
2018-02-28 14:13:01,0.00131430,2.19000000
2018-02-28 14:13:02,0.00131440,3.13000000
2018-02-28 14:13:02,0.00131450,43.36000000
2018-02-28 14:13:02,0.00131490,153.51000000
2018-02-28 14:13:04,0.00131430,5.01000000
2018-02-28 14:13:04,0.00131430,25.33000000
2018-02-28 14:13:04,0.00131440,1.40000000
2018-02-28 14:13:05,0.00131490,36.01000000
2018-02-28 14:13:08,0.00131490,0.52000000
2018-02-28 14:13:08,0.00131500,0.48000000
2018-02-28 14:13:08,0.00131440,70.16000000
2018-02-28 14:13:09,0.00131430,201.68000000
2018-02-28 14:13:10,0.00131440,6.41000000
2018-02-28 14:13:10,0.00131440,7.21000000
2018-02-28 14:13:12,0.00131420,2.94000000
2018-02-28 14:13:15,0.00131490,8.00000000
2018-02-28 14:13:15,0.00131500,4.52000000
2018-02-28 14:13:15,0.00131660,0.15000000
2018-02-28 14:13:17,0.00131420,96.79000000
2018-02-28 14:13:21,0.00131500,57.01000000
2018-02-28 14:13:26,0.00131370,76.09000000
2018-02-28 14:13:26,0.00131360,22.83000000
2018-02-28 14:13:26,0.00131220,36.31000000
2018-02-28 14:13:26,0.00131210,118.67000000
2018-02-28 14:13:26,0.00131200,1077.38000000
2018-02-28 14:13:26,0.00131170,187.66000000
2018-02-28 14:13:26,0.00131160,915.20000000
2018-02-28 14:13:26,0.00131150,57.43000000
2018-02-28 14:13:26,0.00131140,57.21000000
2018-02-28 14:13:26,0.00131130,303.49000000
2018-02-28 14:13:26,0.00131120,147.73000000
2018-02-28 14:13:29,0.00131570,8.51000000
2018-02-28 14:13:29,0.00131570,67.58000000
2018-02-28 14:13:29,0.00131580,52.31000000
2018-02-28 14:13:34,0.00131550,36.31000000
2018-02-28 14:13:34,0.00131630,3.56000000
2018-02-28 14:13:36,0.00131540,35.58000000
2018-02-28 14:13:41,0.00131480,215.02000000
2018-02-28 14:13:43,0.00131440,65.39000000
2018-02-28 14:13:43,0.00131430,201.90000000
2018-02-28 14:13:50,0.00131540,2.19000000
2018-02-28 14:13:51,0.00131540,0.73000000
2018-02-28 14:13:51,0.00131430,3.46000000
2018-02-28 14:13:52,0.00131430,8.54000000
2018-02-28 14:13:53,0.00131540,16.00000000
2018-02-28 14:13:54,0.00131440,6.37000000
2018-02-28 14:13:54,0.00131430,7.49000000
2018-02-28 14:13:55,0.00131380,6.28000000
2018-02-28 14:13:55,0.00131150,3.63000000
2018-02-28 14:13:55,0.00131120,55.35000000
2018-02-28 14:13:55,0.00131420,1.31000000
2018-02-28 14:13:55,0.00131420,1.51000000
2018-02-28 14:13:55,0.00131420,26.04000000
2018-02-28 14:13:55,0.00131420,2.05000000
2018-02-28 14:13:57,0.00131420,3.00000000
2018-02-28 14:13:58,0.00131420,9.85000000
2018-02-28 14:13:59,0.00131420,26.04000000
2018-02-28 14:14:00,0.00131410,70.36000000
2018-02-28 14:14:02,0.00131420,204.20000000
2018-02-28 14:14:03,0.00131430,145.28000000
2018-02-28 14:14:05,0.00131430,8.98000000
2018-02-28 14:14:11,0.00131510,228.67000000
2018-02-28 14:14:18,0.00131590,0.76000000
2018-02-28 14:14:21,0.00131590,3.80000000
2018-02-28 14:14:23,0.00131500,47.66000000
2018-02-28 14:14:23,0.00131440,14.59000000
2018-02-28 14:14:23,0.00131400,20.00000000
2018-02-28 14:14:23,0.00131330,6.66000000
2018-02-28 14:14:24,0.00131590,22.58000000
2018-02-28 14:14:26,0.00131590,4.46000000
2018-02-28 14:14:26,0.00131590,17.79000000
2018-02-28 14:14:27,0.00131600,16.66000000
2018-02-28 14:14:27,0.00131600,0.56000000
2018-02-28 14:14:27,0.00131590,344.68000000
2018-02-28 14:14:28,0.00131600,84.00000000
2018-02-28 14:14:31,0.00131590,2.28000000
2018-02-28 14:14:36,0.00131350,28.69000000
2018-02-28 14:14:36,0.00131290,1.00000000
2018-02-28 14:14:36,0.00131290,7.60000000
2018-02-28 14:14:36,0.00131290,7.60000000
2018-02-28 14:14:36,0.00131290,4.80000000
2018-02-28 14:14:36,0.00131290,4.79000000
2018-02-28 14:14:36,0.00131290,2.80000000
2018-02-28 14:14:36,0.00131290,63.14000000
2018-02-28 14:14:36,0.00131290,6.09000000
2018-02-28 14:14:37,0.00131590,1.40000000
2018-02-28 14:14:42,0.00131580,13.45000000
2018-02-28 14:14:42,0.00131510,10.03000000
2018-02-28 14:14:46,0.00131440,242.32000000
2018-02-28 14:14:48,0.00131580,9.38000000
2018-02-28 14:14:48,0.00131590,26.25000000
2018-02-28 14:14:53,0.00131590,11.58000000
2018-02-28 14:14:59,0.00131510,13.80000000
2018-02-28 14:15:03,0.00131340,1.11000000
2018-02-28 14:15:04,0.00131460,97.65000000
2018-02-28 14:15:15,0.00131550,10.89000000
2018-02-28 14:15:15,0.00131590,351.58000000
2018-02-28 14:15:18,0.00131470,20.03000000
2018-02-28 14:15:23,0.00131520,255.96000000
2018-02-28 14:15:29,0.00131510,12.00000000
2018-02-28 14:15:35,0.00131510,0.28000000
2018-02-28 14:15:36,0.00131510,2.12000000
2018-02-28 14:15:41,0.00131510,18.13000000
2018-02-28 14:15:41,0.00131510,38.10000000
2018-02-28 14:15:41,0.00131510,7.36000000
2018-02-28 14:15:42,0.00131510,29.00000000
2018-02-28 14:15:45,0.00131490,111.30000000
2018-02-28 14:15:51,0.00131510,5.63000000
2018-02-28 14:15:51,0.00131510,83.60000000
2018-02-28 14:15:52,0.00131490,5.35000000
2018-02-28 14:15:52,0.00131480,55.51000000
2018-02-28 14:15:52,0.00131470,148.65000000
2018-02-28 14:15:56,0.00131400,269.61000000
2018-02-28 14:15:56,0.00131470,27.60000000
2018-02-28 14:15:57,0.00131350,5.60000000
2018-02-28 14:15:57,0.00131340,2.71000000
2018-02-28 14:15:57,0.00131330,2.92000000
2018-02-28 14:15:57,0.00131320,5.73000000
2018-02-28 14:15:57,0.00131200,44.04000000
2018-02-28 14:15:59,0.00131470,1.00000000
2018-02-28 14:16:01,0.00131230,3.80000000
2018-02-28 14:16:01,0.00131200,16.29000000
2018-02-28 14:16:01,0.00131240,3.00000000
2018-02-28 14:16:01,0.00131350,1.26000000
2018-02-28 14:16:02,0.00131350,14.48000000
2018-02-28 14:16:02,0.00131350,11.31000000
2018-02-28 14:16:03,0.00131240,0.80000000
2018-02-28 14:16:03,0.00131200,5.20000000
2018-02-28 14:16:03,0.00131350,3.14000000
2018-02-28 14:16:04,0.00131350,8.75000000
2018-02-28 14:16:08,0.00131350,3.16000000
2018-02-28 14:16:09,0.00131340,5.54000000
2018-02-28 14:16:09,0.00131350,1.08000000
2018-02-28 14:16:14,0.00131350,20.36000000
2018-02-28 14:16:15,0.00131350,9.00000000
2018-02-28 14:16:15,0.00131400,124.95000000
2018-02-28 14:16:27,0.00131460,0.95000000
2018-02-28 14:16:27,0.00131460,13.66000000
2018-02-28 14:16:27,0.00131470,18.32000000
2018-02-28 14:16:28,0.00131710,282.96000000
2018-02-28 14:16:28,0.00131600,8.00000000
2018-02-28 14:16:35,0.00131500,5.15000000
2018-02-28 14:16:35,0.00131700,3.48000000
2018-02-28 14:16:40,0.00131430,14.58000000
2018-02-28 14:16:40,0.00131360,1.60000000
2018-02-28 14:16:41,0.00131590,5.35000000
2018-02-28 14:16:41,0.00131600,12.47000000
2018-02-28 14:16:41,0.00131360,3.52000000
2018-02-28 14:16:41,0.00131350,8.86000000
2018-02-28 14:16:41,0.00131350,0.40000000
2018-02-28 14:16:41,0.00131330,3.12000000
2018-02-28 14:16:41,0.00131330,5.13000000
2018-02-28 14:16:41,0.00131260,217.24000000
2018-02-28 14:16:41,0.00131200,197.00000000
2018-02-28 14:16:41,0.00131160,19.92000000
2018-02-28 14:16:41,0.00131150,5.24000000
2018-02-28 14:16:41,0.00131120,601.85000000
2018-02-28 14:16:41,0.00131180,0.15000000
2018-02-28 14:16:42,0.00131180,4.98000000
2018-02-28 14:16:42,0.00131310,4.28000000
2018-02-28 14:16:42,0.00131330,5.13000000
2018-02-28 14:16:43,0.00131350,4.52000000
2018-02-28 14:16:48,0.00131360,138.29000000
2018-02-28 14:16:51,0.00131390,0.02000000
2018-02-28 14:16:52,0.00131350,7.50000000
2018-02-28 14:16:53,0.00131390,1.00000000
2018-02-28 14:16:55,0.00131390,0.01000000
2018-02-28 14:16:56,0.00131360,1.60000000
2018-02-28 14:16:57,0.00131390,7.71000000
2018-02-28 14:17:02,0.00131390,21.88000000
2018-02-28 14:17:02,0.00131360,1.12000000
2018-02-28 14:17:02,0.00131430,296.60000000
2018-02-28 14:17:04,0.00131430,0.01000000
2018-02-28 14:17:05,0.00131430,0.95000000
2018-02-28 14:17:09,0.00131430,2.62000000
2018-02-28 14:17:10,0.00131430,15.22000000
2018-02-28 14:17:14,0.00131410,151.94000000
2018-02-28 14:17:16,0.00131400,2.00000000
2018-02-28 14:17:19,0.00131400,2.90000000
2018-02-28 14:17:19,0.00131390,0.77000000
2018-02-28 14:17:19,0.00131360,143.68000000
2018-02-28 14:17:19,0.00131350,172.98000000
2018-02-28 14:17:20,0.00131350,189.66000000
2018-02-28 14:17:20,0.00131400,67.98000000
2018-02-28 14:17:25,0.00131270,7.27000000
2018-02-28 14:17:32,0.00131290,17.43000000
2018-02-28 14:17:32,0.00131150,62.05000000
2018-02-28 14:17:32,0.00131400,253.13000000
2018-02-28 14:17:41,0.00131400,10.03000000
2018-02-28 14:17:43,0.00131400,34.60000000
2018-02-28 14:17:43,0.00131270,8.91000000
2018-02-28 14:17:43,0.00131270,156.68000000
2018-02-28 14:17:45,0.00131400,9.97000000
2018-02-28 14:17:45,0.00131400,9.97000000
2018-02-28 14:17:45,0.00131400,9.97000000
2018-02-28 14:17:45,0.00131400,7.29000000
2018-02-28 14:17:45,0.00131400,7.58000000
2018-02-28 14:17:45,0.00131270,7.58000000
2018-02-28 14:17:46,0.00131400,0.76000000
2018-02-28 14:17:48,0.00131270,1.33000000
2018-02-28 14:17:48,0.00131270,9.43000000
2018-02-28 14:17:54,0.00131280,1.47000000
2018-02-28 14:17:55,0.00131400,1.08000000
2018-02-28 14:17:55,0.00131400,1.10000000
2018-02-28 14:17:56,0.00131330,20.92000000
2018-02-28 14:18:01,0.00131330,3.00000000
2018-02-28 14:18:07,0.00131330,14.65000000
2018-02-28 14:18:09,0.00131330,7.01000000
2018-02-28 14:18:11,0.00131330,6.11000000
2018-02-28 14:18:13,0.00131310,179.23000000
2018-02-28 14:18:22,0.00131330,1.52000000
2018-02-28 14:18:31,0.00131310,4.47000000
2018-02-28 14:18:37,0.00131300,59.87000000
2018-02-28 14:18:37,0.00131300,225.38000000
2018-02-28 14:18:37,0.00131280,1.67000000
2018-02-28 14:18:45,0.00131240,192.88000000
2018-02-28 14:18:52,0.00131210,4.38000000
2018-02-28 14:18:52,0.00131200,30.62000000
2018-02-28 14:18:52,0.00131180,2.42000000
2018-02-28 14:18:52,0.00131160,14.02000000
2018-02-28 14:18:57,0.00131300,2.28000000
2018-02-28 14:18:58,0.00131300,9.87000000
2018-02-28 14:18:58,0.00131310,50.15000000
2018-02-28 14:18:59,0.00131310,28.13000000
2018-02-28 14:19:00,0.00131310,586.32000000
2018-02-28 14:19:00,0.00131330,65.29000000
2018-02-28 14:19:00,0.00131390,8.00000000
2018-02-28 14:19:00,0.00131400,61.99000000
2018-02-28 14:19:00,0.00131410,48.22000000
2018-02-28 14:19:03,0.00131410,3.00000000
2018-02-28 14:19:05,0.00131410,1.52000000
2018-02-28 14:19:07,0.00131400,25.39000000
2018-02-28 14:19:12,0.00131410,4.28000000
2018-02-28 14:19:12,0.00131400,55.84000000
2018-02-28 14:19:16,0.00131400,233.95000000
2018-02-28 14:19:16,0.00131400,148.47000000
2018-02-28 14:19:16,0.00131410,57.76000000
2018-02-28 14:19:19,0.00131160,55.42000000
2018-02-28 14:19:24,0.00131410,1.20000000
2018-02-28 14:19:26,0.00131160,1.49000000
2018-02-28 14:19:31,0.00131270,61.55000000
2018-02-28 14:19:31,0.00131270,0.01000000
2018-02-28 14:19:32,0.00131390,56.53000000
2018-02-28 14:19:32,0.00131400,8.71000000
2018-02-28 14:19:34,0.00131400,69.14000000
2018-02-28 14:19:34,0.00131270,30.97000000
2018-02-28 14:19:41,0.00131400,26.56000000
2018-02-28 14:19:43,0.00131410,4.30000000
2018-02-28 14:19:47,0.00131410,0.01000000
2018-02-28 14:19:50,0.00131410,4.10000000
2018-02-28 14:19:58,0.00131410,9.22000000
2018-02-28 14:20:04,0.00131410,129.64000000
2018-02-28 14:20:04,0.00131430,7.09000000
2018-02-28 14:20:04,0.00131510,52.34000000
2018-02-28 14:20:04,0.00131620,8.25000000
2018-02-28 14:20:04,0.00131690,14.58000000
2018-02-28 14:20:04,0.00131700,12.52000000
2018-02-28 14:20:04,0.00131800,31.59000000
2018-02-28 14:20:09,0.00131530,25.22000000
2018-02-28 14:20:10,0.00131650,75.21000000
2018-02-28 14:20:17,0.00131520,1.47000000
2018-02-28 14:20:22,0.00131640,45.00000000
2018-02-28 14:20:22,0.00131640,25.22000000
2018-02-28 14:20:23,0.00131640,85.80000000
2018-02-28 14:20:24,0.00131640,109.55000000
2018-02-28 14:20:28,0.00131520,11.57000000
2018-02-28 14:20:30,0.00131650,3.00000000
2018-02-28 14:20:30,0.00131780,11.90000000
2018-02-28 14:20:35,0.00131640,1.00000000
2018-02-28 14:20:43,0.00131650,569.24000000
2018-02-28 14:20:45,0.00131760,16.93000000
2018-02-28 14:20:45,0.00131780,52.43000000
2018-02-28 14:20:49,0.00131780,36.06000000
2018-02-28 14:20:58,0.00131650,282.52000000
2018-02-28 14:21:01,0.00131770,0.58000000
2018-02-28 14:21:04,0.00131660,50.00000000
2018-02-28 14:21:05,0.00131770,1.90000000
2018-02-28 14:21:06,0.00131660,4.29000000
2018-02-28 14:21:06,0.00131770,4.65000000
2018-02-28 14:21:08,0.00131660,1.76000000
2018-02-28 14:21:09,0.00131770,0.45000000
2018-02-28 14:21:09,0.00131780,3.22000000
2018-02-28 14:21:10,0.00131710,596.29000000
2018-02-28 14:21:13,0.00131660,21.52000000
2018-02-28 14:21:14,0.00131670,3.74000000
2018-02-28 14:21:16,0.00131770,5.07000000
2018-02-28 14:21:16,0.00131780,36.46000000
2018-02-28 14:21:19,0.00131770,16.24000000
2018-02-28 14:21:19,0.00131780,46.95000000
2018-02-28 14:21:19,0.00131800,76.39000000
2018-02-28 14:21:20,0.00131770,10.98000000
2018-02-28 14:21:20,0.00131770,30.17000000
2018-02-28 14:21:26,0.00131770,7.29000000
2018-02-28 14:21:29,0.00131770,1.00000000
2018-02-28 14:21:30,0.00131770,9.97000000
2018-02-28 14:21:30,0.00131770,157.53000000
2018-02-28 14:21:31,0.00131720,308.96000000
2018-02-28 14:21:34,0.00131780,3.64000000
2018-02-28 14:21:35,0.00131660,2.06000000
2018-02-28 14:21:36,0.00131800,30.63000000
2018-02-28 14:21:38,0.00131800,2.00000000
2018-02-28 14:21:41,0.00131800,143.23000000
2018-02-28 14:21:43,0.00131800,20.00000000
2018-02-28 14:21:45,0.00131800,41.75000000
2018-02-28 14:21:48,0.00131810,22.24000000
2018-02-28 14:21:48,0.00131800,12.95000000
2018-02-28 14:21:50,0.00131770,19.99000000
2018-02-28 14:21:51,0.00131800,34.51000000
2018-02-28 14:21:51,0.00131830,10.00000000
2018-02-28 14:21:51,0.00131850,28.55000000
2018-02-28 14:21:51,0.00131900,208.79000000
2018-02-28 14:21:51,0.00131910,27.40000000
2018-02-28 14:21:51,0.00131950,128.89000000
2018-02-28 14:21:51,0.00131980,5.35000000
2018-02-28 14:21:51,0.00132000,156.51000000
2018-02-28 14:21:53,0.00131810,3.56000000
2018-02-28 14:21:55,0.00132000,13.55000000
2018-02-28 14:21:57,0.00131810,0.88000000
2018-02-28 14:21:57,0.00131800,3.00000000
2018-02-28 14:21:57,0.00131770,11.39000000
2018-02-28 14:21:57,0.00131730,14.73000000
2018-02-28 14:21:57,0.00131810,7.61000000
2018-02-28 14:22:03,0.00131720,1.51000000
2018-02-28 14:22:05,0.00131660,8.18000000
2018-02-28 14:22:06,0.00131720,1.00000000
2018-02-28 14:22:06,0.00131720,4.07000000
2018-02-28 14:22:10,0.00131710,336.01000000
2018-02-28 14:22:12,0.00132000,0.59000000
2018-02-28 14:22:14,0.00131790,20.72000000
2018-02-28 14:22:15,0.00131790,44.64000000
2018-02-28 14:22:15,0.00131780,0.23000000
2018-02-28 14:22:15,0.00131780,1.00000000
2018-02-28 14:22:15,0.00131780,69.04000000
2018-02-28 14:22:25,0.00131880,49.29000000
2018-02-28 14:22:31,0.00131790,61.75000000
2018-02-28 14:22:31,0.00131780,118.20000000
2018-02-28 14:22:35,0.00131990,1.19000000
2018-02-28 14:22:37,0.00131990,0.76000000
2018-02-28 14:22:39,0.00131880,363.06000000
2018-02-28 14:22:44,0.00131880,1.00000000
2018-02-28 14:22:44,0.00131790,3.41000000
2018-02-28 14:22:47,0.00131780,41.76000000
2018-02-28 14:22:55,0.00131790,0.83000000
2018-02-28 14:23:06,0.00131790,3.00000000
2018-02-28 14:23:07,0.00131790,8.74000000
2018-02-28 14:23:11,0.00131790,3.26000000
2018-02-28 14:23:12,0.00131790,1.00000000
2018-02-28 14:23:15,0.00131790,179.78000000
2018-02-28 14:23:21,0.00131790,58.39000000
2018-02-28 14:23:23,0.00131790,18.95000000
2018-02-28 14:23:32,0.00131800,0.82000000
2018-02-28 14:23:33,0.00131800,2.37000000
2018-02-28 14:23:33,0.00131790,2.13000000
2018-02-28 14:23:41,0.00131800,417.16000000
2018-02-28 14:23:43,0.00131790,151.76000000
2018-02-28 14:23:43,0.00131780,136.14000000
2018-02-28 14:23:44,0.00131770,41.26000000
2018-02-28 14:23:44,0.00131820,77.65000000
2018-02-28 14:23:47,0.00131770,41.26000000
2018-02-28 14:23:49,0.00131710,68.32000000
2018-02-28 14:23:50,0.00131730,3.12000000
2018-02-28 14:23:52,0.00131670,1.91000000
2018-02-28 14:23:53,0.00131670,8.18000000
2018-02-28 14:23:55,0.00131680,10.00000000
2018-02-28 14:23:55,0.00131670,17.87000000
2018-02-28 14:23:55,0.00131660,0.87000000
2018-02-28 14:23:55,0.00131560,23.88000000
2018-02-28 14:23:55,0.00131550,270.79000000
2018-02-28 14:23:55,0.00131550,10.88000000
2018-02-28 14:23:55,0.00131550,304.06000000
2018-02-28 14:23:55,0.00131550,76.01000000
2018-02-28 14:23:55,0.00131550,1.32000000
2018-02-28 14:23:55,0.00131550,23.55000000
2018-02-28 14:23:56,0.00131550,1.00000000
2018-02-28 14:23:56,0.00131550,35.46000000
2018-02-28 14:23:57,0.00131550,6.66000000
2018-02-28 14:23:59,0.00131550,0.01000000
2018-02-28 14:24:00,0.00131670,41.72000000
2018-02-28 14:24:00,0.00131670,1.00000000
2018-02-28 14:24:10,0.00131670,238.90000000
2018-02-28 14:24:10,0.00131670,20.11000000
2018-02-28 14:24:12,0.00131730,443.61000000
2018-02-28 14:24:14,0.00131780,5.07000000
2018-02-28 14:24:14,0.00131790,13.22000000
2018-02-28 14:24:23,0.00131780,275.36000000
2018-02-28 14:24:23,0.00131790,82.33000000
2018-02-28 14:24:29,0.00131730,156.88000000
2018-02-28 14:24:31,0.00131790,1.60000000
2018-02-28 14:24:38,0.00131790,75.30000000
2018-02-28 14:24:40,0.00131690,7.93000000
2018-02-28 14:24:40,0.00131680,2.07000000
2018-02-28 14:24:43,0.00131730,470.66000000
2018-02-28 14:24:50,0.00131680,0.98000000
2018-02-28 14:24:50,0.00131670,6.39000000
2018-02-28 14:24:57,0.00131730,183.93000000
2018-02-28 14:25:04,0.00131690,0.02000000
2018-02-28 14:25:14,0.00131740,497.71000000
2018-02-28 14:25:19,0.00131700,2.00000000
2018-02-28 14:25:31,0.00131700,23.62000000
2018-02-28 14:25:32,0.00131700,1.62000000
2018-02-28 14:25:34,0.00131700,51.84000000
2018-02-28 14:25:34,0.00131690,4.31000000
2018-02-28 14:25:35,0.00131700,7.58000000
2018-02-28 14:25:43,0.00131700,53.10000000
2018-02-28 14:25:45,0.00131700,708.15000000
2018-02-28 14:25:45,0.00131700,710.07000000
2018-02-28 14:25:45,0.00131730,104.84000000
2018-02-28 14:25:45,0.00131740,37.44000000
2018-02-28 14:25:45,0.00131780,58.26000000
2018-02-28 14:25:45,0.00131790,1088.24000000
2018-02-28 14:25:45,0.00131800,19.55000000
2018-02-28 14:25:45,0.00131820,3.74000000
2018-02-28 14:25:45,0.00131860,4.44000000
2018-02-28 14:25:45,0.00131870,63.41000000
2018-02-28 14:25:46,0.00131690,22.93000000
2018-02-28 14:25:47,0.00131700,65.07000000
2018-02-28 14:25:47,0.00131700,5.07000000
2018-02-28 14:25:48,0.00131700,159.23000000
2018-02-28 14:25:48,0.00131790,524.76000000
2018-02-28 14:25:55,0.00131710,5.07000000
2018-02-28 14:25:55,0.00131700,2.93000000
2018-02-28 14:25:56,0.00131780,4.31000000
2018-02-28 14:25:56,0.00131780,60.76000000
2018-02-28 14:25:56,0.00131790,99.09000000
2018-02-28 14:25:56,0.00131790,11.48000000
2018-02-28 14:26:00,0.00131900,1.00000000
2018-02-28 14:26:08,0.00131840,238.03000000
2018-02-28 14:26:11,0.00131900,163.43000000
2018-02-28 14:26:17,0.00131900,8.18000000
2018-02-28 14:26:18,0.00131840,1.14000000
2018-02-28 14:26:18,0.00131900,35.60000000
2018-02-28 14:26:19,0.00131900,5.07000000
2018-02-28 14:26:20,0.00131900,0.93000000
2018-02-28 14:26:23,0.00131900,24.68000000
2018-02-28 14:26:24,0.00132000,1.95000000
2018-02-28 14:26:25,0.00131900,75.32000000
2018-02-28 14:26:25,0.00131840,26.37000000
2018-02-28 14:26:25,0.00131810,37.82000000
2018-02-28 14:26:28,0.00131840,551.81000000
2018-02-28 14:26:28,0.00131900,9.20000000
2018-02-28 14:26:28,0.00131970,4.51000000
2018-02-28 14:26:28,0.00132000,315.01000000
2018-02-28 14:26:28,0.00132000,33.31000000
2018-02-28 14:26:31,0.00132010,7.55000000
2018-02-28 14:26:31,0.00132040,1.26000000
2018-02-28 14:26:31,0.00132100,2.03000000
2018-02-28 14:26:31,0.00132110,2.29000000
2018-02-28 14:26:31,0.00132120,4.56000000
2018-02-28 14:26:31,0.00132170,3.82000000
2018-02-28 14:26:31,0.00132180,3.81000000
2018-02-28 14:26:31,0.00132190,2.42000000
2018-02-28 14:26:31,0.00132200,54.82000000
2018-02-28 14:26:31,0.00132210,64.99000000
2018-02-28 14:26:33,0.00132210,0.73000000
2018-02-28 14:26:35,0.00132100,32.42000000
2018-02-28 14:26:36,0.00132100,2.00000000
2018-02-28 14:26:36,0.00132210,35.29000000
2018-02-28 14:26:36,0.00132210,9.24000000
2018-02-28 14:26:37,0.00132220,6.48000000
2018-02-28 14:26:37,0.00132270,17.77000000
2018-02-28 14:26:38,0.00132270,50.13000000
2018-02-28 14:26:38,0.00132210,14.47000000
2018-02-28 14:26:40,0.00132180,265.08000000
2018-02-28 14:26:40,0.00132100,40.03000000
2018-02-28 14:26:40,0.00132000,15.00000000
2018-02-28 14:26:40,0.00132000,2.48000000
2018-02-28 14:26:40,0.00131820,4.58000000
2018-02-28 14:26:40,0.00131810,99.05000000
2018-02-28 14:26:40,0.00131800,170.21000000
2018-02-28 14:26:40,0.00131790,409.12000000
2018-02-28 14:26:40,0.00131780,6.98000000
2018-02-28 14:26:40,0.00131730,0.01000000
2018-02-28 14:26:40,0.00131730,14.71000000
2018-02-28 14:26:40,0.00131700,33.16000000
2018-02-28 14:26:40,0.00131690,46.90000000
2018-02-28 14:26:40,0.00131690,131.89000000
2018-02-28 14:26:40,0.00132000,128.13000000
2018-02-28 14:26:40,0.00131690,191.62000000
2018-02-28 14:26:41,0.00131690,13.44000000
2018-02-28 14:26:41,0.00132000,31.05000000
2018-02-28 14:26:41,0.00131710,80.98000000
2018-02-28 14:26:41,0.00131700,100.00000000
2018-02-28 14:26:41,0.00131670,183.35000000
2018-02-28 14:26:41,0.00131670,126.82000000
2018-02-28 14:26:42,0.00131990,75.95000000
2018-02-28 14:26:42,0.00131990,14.50000000
2018-02-28 14:26:42,0.00131630,1.60000000
2018-02-28 14:26:42,0.00131980,87.08000000
2018-02-28 14:26:43,0.00131970,2.88000000
2018-02-28 14:26:43,0.00131670,75.95000000
2018-02-28 14:26:43,0.00131660,3.79000000
2018-02-28 14:26:44,0.00131970,7.55000000
2018-02-28 14:26:44,0.00131690,3.26000000
2018-02-28 14:26:46,0.00131930,1.60000000
2018-02-28 14:26:46,0.00131930,1.14000000
2018-02-28 14:26:46,0.00131900,35.87000000
2018-02-28 14:26:47,0.00131930,73.20000000
2018-02-28 14:26:47,0.00131910,16.32000000
2018-02-28 14:26:47,0.00131920,87.00000000
2018-02-28 14:26:49,0.00132000,221.05000000
2018-02-28 14:26:49,0.00131700,19.75000000
2018-02-28 14:26:51,0.00132000,26.57000000
2018-02-28 14:26:52,0.00132000,1.15000000
2018-02-28 14:26:53,0.00132000,7.56000000
2018-02-28 14:26:53,0.00132000,1.93000000
2018-02-28 14:26:53,0.00131720,56.17000000
2018-02-28 14:26:54,0.00131990,2.87000000
2018-02-28 14:26:55,0.00131990,3.25000000
2018-02-28 14:26:56,0.00131990,41.77000000
2018-02-28 14:26:56,0.00131990,10.01000000
2018-02-28 14:26:56,0.00131990,18.03000000
2018-02-28 14:26:57,0.00132000,75.90000000
2018-02-28 14:26:58,0.00132000,75.90000000
2018-02-28 14:26:59,0.00132000,75.90000000
2018-02-28 14:26:59,0.00132000,38.60000000
2018-02-28 14:26:59,0.00132000,7.55000000
2018-02-28 14:26:59,0.00132000,1.00000000
2018-02-28 14:26:59,0.00131730,98.68000000
2018-02-28 14:26:59,0.00131700,66.22000000
2018-02-28 14:26:59,0.00131690,55.20000000
2018-02-28 14:26:59,0.00132000,41.25000000
2018-02-28 14:26:59,0.00132000,7.55000000
2018-02-28 14:26:59,0.00131690,7.55000000
2018-02-28 14:27:01,0.00131820,578.86000000
2018-02-28 14:27:05,0.00131870,1.31000000
2018-02-28 14:27:06,0.00131870,2.45000000
2018-02-28 14:27:08,0.00131810,1.00000000
2018-02-28 14:27:09,0.00131800,3.14000000
2018-02-28 14:27:10,0.00131770,67.20000000
2018-02-28 14:27:11,0.00131770,3.95000000
2018-02-28 14:27:19,0.00131860,291.53000000
2018-02-28 14:27:21,0.00131770,25.31000000
2018-02-28 14:27:26,0.00131770,9.23000000
2018-02-28 14:27:26,0.00131700,174.48000000
2018-02-28 14:27:26,0.00131690,102.02000000
2018-02-28 14:27:29,0.00131690,237.06000000
2018-02-28 14:27:29,0.00131690,5.00000000
2018-02-28 14:27:29,0.00131690,1.00000000
2018-02-28 14:27:29,0.00131690,7.57000000
2018-02-28 14:27:29,0.00131690,7.57000000
2018-02-28 14:27:29,0.00131690,7.57000000
2018-02-28 14:27:29,0.00131690,1.76000000
2018-02-28 14:27:29,0.00131690,0.80000000
2018-02-28 14:27:29,0.00131690,44.38000000
2018-02-28 14:27:30,0.00131690,7.57000000
2018-02-28 14:27:30,0.00131690,1.13000000
2018-02-28 14:27:30,0.00131690,2.43000000
2018-02-28 14:27:31,0.00131690,13.63000000
2018-02-28 14:27:31,0.00131690,6.11000000
2018-02-28 14:27:32,0.00131690,1.00000000
2018-02-28 14:27:32,0.00131690,12.55000000
2018-02-28 14:27:32,0.00131690,125.44000000
2018-02-28 14:27:32,0.00131690,7.57000000
2018-02-28 14:27:32,0.00131690,125.44000000
2018-02-28 14:27:35,0.00131690,4.25000000
2018-02-28 14:27:35,0.00131660,4.63000000
2018-02-28 14:27:36,0.00131690,9.35000000
2018-02-28 14:27:36,0.00131690,42.67000000
2018-02-28 14:27:37,0.00131640,8.00000000
2018-02-28 14:27:38,0.00131690,10.59000000
2018-02-28 14:27:39,0.00131640,11.36000000
2018-02-28 14:27:39,0.00131690,50.67000000
2018-02-28 14:27:41,0.00131690,38.26000000
2018-02-28 14:27:41,0.00131690,7.55000000
2018-02-28 14:27:41,0.00131690,23.00000000
2018-02-28 14:27:41,0.00131640,7.55000000
2018-02-28 14:27:42,0.00131690,7.59000000
2018-02-28 14:27:43,0.00131640,9.43000000
2018-02-28 14:27:43,0.00131540,84.03000000
2018-02-28 14:27:43,0.00131520,33.31000000
2018-02-28 14:27:44,0.00131690,42.67000000
2018-02-28 14:27:45,0.00131690,1.00000000
2018-02-28 14:27:45,0.00131690,6.95000000
2018-02-28 14:27:47,0.00131690,32.69000000
2018-02-28 14:27:49,0.00131660,1.68000000
2018-02-28 14:27:50,0.00131520,12.64000000
2018-02-28 14:27:53,0.00131660,11.41000000
2018-02-28 14:27:56,0.00131590,318.58000000
2018-02-28 14:27:58,0.00131530,1.00000000
2018-02-28 14:27:58,0.00131530,4.71000000
2018-02-28 14:27:58,0.00131520,58.51000000
2018-02-28 14:27:58,0.00131460,32.46000000
2018-02-28 14:27:58,0.00131410,18.66000000
2018-02-28 14:27:58,0.00131400,9.75000000
2018-02-28 14:27:58,0.00131270,13.96000000
2018-02-28 14:27:58,0.00131400,1.00000000
2018-02-28 14:27:58,0.00131400,1.00000000
2018-02-28 14:27:58,0.00131400,1.32000000
2018-02-28 14:27:58,0.00131400,1.32000000
2018-02-28 14:27:58,0.00131400,0.81000000
2018-02-28 14:27:58,0.00131400,0.93000000
2018-02-28 14:27:58,0.00131410,0.93000000
2018-02-28 14:28:01,0.00131650,1.60000000
2018-02-28 14:28:02,0.00131590,1.00000000
2018-02-28 14:28:10,0.00131610,31.85000000
2018-02-28 14:28:10,0.00131590,16.96000000
2018-02-28 14:28:14,0.00131600,2.33000000
2018-02-28 14:28:16,0.00131580,55.26000000
2018-02-28 14:28:17,0.00131340,3.26000000
2018-02-28 14:28:17,0.00131270,16.62000000
2018-02-28 14:28:17,0.00131200,38.36000000
2018-02-28 14:28:17,0.00131170,340.29000000
2018-02-28 14:28:17,0.00131160,18.51000000
2018-02-28 14:28:17,0.00131150,36.76000000
2018-02-28 14:28:17,0.00131120,1.74000000
2018-02-28 14:28:17,0.00131110,143.86000000
2018-02-28 14:28:17,0.00131580,1.00000000
2018-02-28 14:28:17,0.00131580,30.01000000
2018-02-28 14:28:17,0.00131120,69.52000000
2018-02-28 14:28:20,0.00131590,27.99000000
2018-02-28 14:28:21,0.00131570,20.00000000
2018-02-28 14:28:24,0.00131510,1.25000000
2018-02-28 14:28:24,0.00131510,20.28000000
2018-02-28 14:28:24,0.00131520,6.83000000
2018-02-28 14:28:26,0.00131250,4.81000000
2018-02-28 14:28:29,0.00131560,22.77000000
2018-02-28 14:28:29,0.00131570,6.09000000
2018-02-28 14:28:29,0.00131600,9.98000000
2018-02-28 14:28:29,0.00131630,82.93000000
2018-02-28 14:28:30,0.00131590,345.63000000
2018-02-28 14:28:32,0.00131620,3.70000000
2018-02-28 14:28:32,0.00131570,6.83000000
2018-02-28 14:28:32,0.00131560,1.76000000
2018-02-28 14:28:32,0.00131240,2.28000000
2018-02-28 14:28:32,0.00131130,0.70000000
2018-02-28 14:28:34,0.00131580,1.11000000
2018-02-28 14:28:34,0.00131590,20.00000000
2018-02-28 14:28:34,0.00131620,5.25000000
2018-02-28 14:28:34,0.00131630,83.64000000
2018-02-28 14:28:36,0.00131630,7.59000000
2018-02-28 14:28:36,0.00131630,5.00000000
2018-02-28 14:28:37,0.00131630,0.63000000
2018-02-28 14:28:37,0.00131320,40.00000000
2018-02-28 14:28:37,0.00131310,76.18000000
2018-02-28 14:28:37,0.00131300,8.00000000
2018-02-28 14:28:37,0.00131240,22.85000000
2018-02-28 14:28:37,0.00131210,1.84000000
2018-02-28 14:28:37,0.00131130,38.33000000
2018-02-28 14:28:37,0.00131120,12.83000000
2018-02-28 14:28:37,0.00131110,66.14000000
2018-02-28 14:28:37,0.00131100,35.49000000
2018-02-28 14:28:37,0.00131020,10.08000000
2018-02-28 14:28:37,0.00131010,188.26000000
2018-02-28 14:28:38,0.00131600,1.00000000
2018-02-28 14:28:38,0.00131490,11.58000000
2018-02-28 14:28:40,0.00131290,1.00000000
2018-02-28 14:28:41,0.00131270,62.60000000
2018-02-28 14:28:41,0.00131280,5.00000000
2018-02-28 14:28:42,0.00131200,3.14000000
2018-02-28 14:28:43,0.00131200,4.86000000
2018-02-28 14:28:43,0.00131230,25.26000000
2018-02-28 14:28:43,0.00131230,36.72000000
2018-02-28 14:28:43,0.00131240,15.00000000
2018-02-28 14:28:44,0.00131220,36.20000000
2018-02-28 14:28:45,0.00131280,10.80000000
2018-02-28 14:28:46,0.00131270,58.90000000
2018-02-28 14:28:51,0.00131250,1.00000000
2018-02-28 14:28:51,0.00131100,2.07000000
2018-02-28 14:28:51,0.00131100,1.00000000
2018-02-28 14:28:51,0.00131100,1.00000000
2018-02-28 14:28:51,0.00131100,1.33000000
2018-02-28 14:28:57,0.00131130,46.07000000
2018-02-28 14:29:00,0.00131130,30.20000000
2018-02-28 14:29:00,0.00131120,5.81000000
2018-02-28 14:29:00,0.00131120,12.48000000
2018-02-28 14:29:00,0.00131120,57.98000000
2018-02-28 14:29:00,0.00131130,222.64000000
2018-02-28 14:29:01,0.00131450,1.72000000
2018-02-28 14:29:03,0.00131130,25.00000000
2018-02-28 14:29:03,0.00131130,51.23000000
2018-02-28 14:29:03,0.00131120,5.25000000
2018-02-28 14:29:03,0.00131110,76.23000000
2018-02-28 14:29:03,0.00131120,352.23000000
2018-02-28 14:29:05,0.00131270,372.68000000
2018-02-28 14:29:06,0.00131440,1.84000000
2018-02-28 14:29:06,0.00131450,5.24000000
2018-02-28 14:29:19,0.00131280,85.95000000
2018-02-28 14:29:28,0.00131160,48.89000000
2018-02-28 14:29:29,0.00131160,15.00000000
2018-02-28 14:29:30,0.00131160,9.90000000
2018-02-28 14:29:32,0.00131160,2.47000000
2018-02-28 14:29:32,0.00131110,2.18000000
2018-02-28 14:29:32,0.00131100,3.09000000
2018-02-28 14:29:32,0.00131040,2.24000000
2018-02-28 14:29:32,0.00131010,22.41000000
2018-02-28 14:29:37,0.00131170,2.14000000
2018-02-28 14:29:38,0.00131190,399.73000000
2018-02-28 14:29:40,0.00131100,3.66000000
2018-02-28 14:29:42,0.00131020,5.25000000
2018-02-28 14:29:42,0.00131010,267.69000000
2018-02-28 14:29:42,0.00131000,388.53000000
2018-02-28 14:29:42,0.00131000,160.99000000
2018-02-28 14:29:42,0.00131090,6.74000000
2018-02-28 14:29:42,0.00131090,69.52000000
2018-02-28 14:29:42,0.00131100,8.00000000
2018-02-28 14:29:44,0.00131130,26.87000000
2018-02-28 14:29:45,0.00131120,3.79000000
2018-02-28 14:29:48,0.00131190,76.20000000
2018-02-28 14:29:48,0.00131190,1.54000000
2018-02-28 14:29:49,0.00131190,36.78000000
2018-02-28 14:29:51,0.00131200,2.28000000
2018-02-28 14:29:54,0.00131220,113.00000000
2018-02-28 14:30:02,0.00131190,0.02000000
2018-02-28 14:30:02,0.00131130,43.44000000
2018-02-28 14:30:02,0.00131030,2.09000000
2018-02-28 14:30:02,0.00131010,34.08000000
2018-02-28 14:30:05,0.00131200,9.08000000
2018-02-28 14:30:05,0.00131200,7.38000000
2018-02-28 14:30:06,0.00131200,8.75000000
2018-02-28 14:30:06,0.00131010,11.48000000
2018-02-28 14:30:06,0.00131210,426.18000000
2018-02-28 14:30:07,0.00131220,3.43000000
2018-02-28 14:30:12,0.00131210,2.04000000
2018-02-28 14:30:12,0.00131010,504.44000000
2018-02-28 14:30:13,0.00131200,72.33000000
2018-02-28 14:30:13,0.00131220,184.10000000
2018-02-28 14:30:15,0.00131000,0.28000000
2018-02-28 14:30:16,0.00131220,3.05000000
2018-02-28 14:30:19,0.00131120,3.16000000
2018-02-28 14:30:20,0.00131120,3.16000000
2018-02-28 14:30:21,0.00131020,100.00000000
2018-02-28 14:30:21,0.00131010,56.24000000
2018-02-28 14:30:21,0.00131000,264.72000000
2018-02-28 14:30:21,0.00130910,118.40000000
2018-02-28 14:30:21,0.00130900,19.50000000
2018-02-28 14:30:21,0.00130790,85.45000000
2018-02-28 14:30:21,0.00130780,129.76000000
2018-02-28 14:30:21,0.00130780,0.77000000
2018-02-28 14:30:21,0.00130780,0.77000000
2018-02-28 14:30:21,0.00130780,1.00000000
2018-02-28 14:30:21,0.00130780,1.00000000
2018-02-28 14:30:21,0.00130780,139.45000000
2018-02-28 14:30:21,0.00130780,5.25000000
2018-02-28 14:30:21,0.00130780,1.33000000
2018-02-28 14:30:21,0.00130780,6.83000000
2018-02-28 14:30:21,0.00130780,3.81000000
2018-02-28 14:30:21,0.00130780,1.14000000
2018-02-28 14:30:22,0.00130780,17.10000000
2018-02-28 14:30:22,0.00130780,2.33000000
2018-02-28 14:30:22,0.00130780,81.93000000
2018-02-28 14:30:22,0.00131110,1.13000000
2018-02-28 14:30:22,0.00131110,94.53000000
2018-02-28 14:30:22,0.00131000,1.57000000
2018-02-28 14:30:22,0.00130780,2.97000000
2018-02-28 14:30:22,0.00130770,26.95000000
2018-02-28 14:30:23,0.00130780,25.00000000
2018-02-28 14:30:24,0.00131090,15.50000000
2018-02-28 14:30:25,0.00130820,51.44000000
2018-02-28 14:30:26,0.00130990,1.25000000
2018-02-28 14:30:26,0.00130990,1.25000000
2018-02-28 14:30:27,0.00130990,73.94000000
2018-02-28 14:30:27,0.00130780,1.52000000
2018-02-28 14:30:28,0.00131000,40.00000000
2018-02-28 14:30:29,0.00130780,15.50000000
2018-02-28 14:30:29,0.00130780,15.50000000
2018-02-28 14:30:32,0.00131080,1.00000000
2018-02-28 14:30:32,0.00131100,17.01000000
2018-02-28 14:30:32,0.00131050,453.23000000
2018-02-28 14:30:33,0.00131010,13.98000000
2018-02-28 14:30:33,0.00131000,62.47000000
2018-02-28 14:30:35,0.00131000,309.77000000
2018-02-28 14:30:35,0.00131000,432.49000000
2018-02-28 14:30:38,0.00131000,5.01000000
2018-02-28 14:30:38,0.00130990,5.01000000
2018-02-28 14:30:39,0.00130990,0.24000000
2018-02-28 14:30:39,0.00131000,5.01000000
2018-02-28 14:30:39,0.00131000,5.01000000
2018-02-28 14:30:40,0.00130820,2.00000000
2018-02-28 14:30:41,0.00130820,1.80000000
2018-02-28 14:30:42,0.00131000,181.04000000
2018-02-28 14:30:44,0.00130780,5.00000000
2018-02-28 14:30:44,0.00130730,25.40000000
2018-02-28 14:30:44,0.00130700,10.29000000
2018-02-28 14:30:45,0.00130800,1.00000000
2018-02-28 14:30:45,0.00130700,1.88000000
2018-02-28 14:30:45,0.00130840,166.50000000
2018-02-28 14:30:51,0.00130990,22.94000000
2018-02-28 14:30:51,0.00131000,177.06000000
2018-02-28 14:30:54,0.00130730,76.46000000
2018-02-28 14:30:54,0.00130720,1.96000000
2018-02-28 14:30:55,0.00130900,15.00000000
2018-02-28 14:30:55,0.00130860,16.13000000
2018-02-28 14:30:56,0.00130950,76.46000000
2018-02-28 14:30:56,0.00130960,5.25000000
2018-02-28 14:30:58,0.00130860,17.49000000
2018-02-28 14:30:59,0.00130730,44.12000000
2018-02-28 14:30:59,0.00130990,1.42000000
2018-02-28 14:31:01,0.00130860,1.14000000
2018-02-28 14:31:01,0.00130860,16.35000000
2018-02-28 14:31:01,0.00130730,20.98000000
2018-02-28 14:31:01,0.00130710,4.42000000
2018-02-28 14:31:01,0.00130700,20.03000000
2018-02-28 14:31:02,0.00130960,110.58000000
2018-02-28 14:31:02,0.00130990,57.64000000
2018-02-28 14:31:02,0.00131000,98.81000000
2018-02-28 14:31:02,0.00131110,43.79000000
2018-02-28 14:31:02,0.00131260,114.58000000
2018-02-28 14:31:02,0.00131400,20.00000000
2018-02-28 14:31:02,0.00131500,40.72000000
2018-02-28 14:31:02,0.00131650,25.00000000
2018-02-28 14:31:02,0.00131700,3.82000000
2018-02-28 14:31:02,0.00131800,173.52000000
2018-02-28 14:31:02,0.00131870,299.01000000
2018-02-28 14:31:02,0.00131900,160.93000000
2018-02-28 14:31:02,0.00131970,208.96000000
2018-02-28 14:31:02,0.00131980,1302.28000000
2018-02-28 14:31:02,0.00132000,4262.90000000
2018-02-28 14:31:04,0.00130870,1.60000000
2018-02-28 14:31:06,0.00131040,13.89000000
2018-02-28 14:31:06,0.00131310,18.87000000
2018-02-28 14:31:06,0.00131320,76.48000000
2018-02-28 14:31:06,0.00131310,403.80000000
2018-02-28 14:31:06,0.00131310,8.00000000
2018-02-28 14:31:08,0.00131500,1.60000000
2018-02-28 14:31:08,0.00131500,7.58000000
2018-02-28 14:31:08,0.00131500,67.30000000
2018-02-28 14:31:08,0.00131510,1.33000000
2018-02-28 14:31:08,0.00131580,1.00000000
2018-02-28 14:31:08,0.00131320,13.89000000
2018-02-28 14:31:10,0.00131320,49.61000000
2018-02-28 14:31:10,0.00131580,0.60000000
2018-02-28 14:31:10,0.00131610,6.78000000
2018-02-28 14:31:12,0.00131320,12.60000000
2018-02-28 14:31:12,0.00131310,49.61000000
2018-02-28 14:31:13,0.00131300,76.10000000
2018-02-28 14:31:13,0.00131310,10.93000000
2018-02-28 14:31:13,0.00131610,76.77000000
2018-02-28 14:31:14,0.00131320,1.90000000
2018-02-28 14:31:14,0.00131320,1.32000000
2018-02-28 14:31:22,0.00131320,9.38000000
2018-02-28 14:31:22,0.00131600,74.31000000
2018-02-28 14:31:22,0.00131610,43.76000000
2018-02-28 14:31:22,0.00131800,51.09000000
2018-02-28 14:31:22,0.00131980,21.46000000
2018-02-28 14:31:22,0.00131060,32.82000000
2018-02-28 14:31:26,0.00131530,15.57000000
2018-02-28 14:31:26,0.00131530,1.14000000
2018-02-28 14:31:27,0.00131970,230.00000000
2018-02-28 14:31:28,0.00131790,193.55000000
2018-02-28 14:31:29,0.00131960,50.53000000
2018-02-28 14:31:29,0.00131970,119.82000000
2018-02-28 14:31:29,0.00131980,494.37000000
2018-02-28 14:31:29,0.00131980,1.00000000
2018-02-28 14:31:29,0.00132000,20.00000000
2018-02-28 14:31:30,0.00131980,178.47000000
2018-02-28 14:31:30,0.00131900,2.09000000
2018-02-28 14:31:30,0.00132000,7.93000000
2018-02-28 14:31:32,0.00131640,75.92000000
2018-02-28 14:31:32,0.00131630,22.79000000
2018-02-28 14:31:32,0.00131970,2.88000000
2018-02-28 14:31:32,0.00131970,365.26000000
2018-02-28 14:31:32,0.00131980,2.95000000
2018-02-28 14:31:32,0.00132000,145.16000000
2018-02-28 14:31:34,0.00131790,4.25000000
2018-02-28 14:31:35,0.00131510,15.48000000
2018-02-28 14:31:37,0.00131600,8.00000000
2018-02-28 14:31:41,0.00131670,1.00000000
2018-02-28 14:31:41,0.00131530,507.33000000
2018-02-28 14:31:42,0.00131590,2.95000000
2018-02-28 14:31:42,0.00131590,71.60000000
2018-02-28 14:31:44,0.00131400,1.00000000
2018-02-28 14:31:44,0.00131400,7.00000000
2018-02-28 14:31:45,0.00131160,8.43000000
2018-02-28 14:31:45,0.00131060,3.09000000
2018-02-28 14:31:45,0.00131040,1.92000000
2018-02-28 14:31:45,0.00131020,3.81000000
2018-02-28 14:31:45,0.00131000,12.93000000
2018-02-28 14:31:45,0.00131500,15.48000000
2018-02-28 14:31:45,0.00131510,3.99000000
2018-02-28 14:31:45,0.00131530,5.00000000
2018-02-28 14:31:45,0.00131760,6.27000000
2018-02-28 14:31:46,0.00131300,8.00000000
2018-02-28 14:31:46,0.00131200,36.32000000
2018-02-28 14:31:46,0.00131190,76.23000000
2018-02-28 14:31:46,0.00131180,290.95000000
2018-02-28 14:31:46,0.00131170,100.00000000
2018-02-28 14:31:46,0.00131100,5.57000000
2018-02-28 14:31:46,0.00131100,70.97000000
2018-02-28 14:31:49,0.00131400,16.00000000
2018-02-28 14:31:49,0.00131480,1.38000000
2018-02-28 14:31:51,0.00131400,5.12000000
2018-02-28 14:31:52,0.00131290,2.00000000
2018-02-28 14:31:52,0.00131200,1.83000000
2018-02-28 14:31:52,0.00131100,2.77000000
2018-02-28 14:31:52,0.00131000,31.31000000
2018-02-28 14:31:52,0.00130960,1.75000000
2018-02-28 14:31:52,0.00130880,1.71000000
2018-02-28 14:31:53,0.00131280,22.62000000
2018-02-28 14:31:53,0.00131300,2.88000000
2018-02-28 14:31:53,0.00131380,36.32000000
2018-02-28 14:31:53,0.00131440,100.00000000
2018-02-28 14:31:53,0.00131500,1.71000000
2018-02-28 14:31:53,0.00131500,174.24000000
2018-02-28 14:31:54,0.00131700,74.60000000
2018-02-28 14:31:54,0.00131710,48.62000000
2018-02-28 14:31:54,0.00131510,20.00000000
2018-02-28 14:31:54,0.00131500,7.60000000
2018-02-28 14:31:54,0.00131500,35.59000000
2018-02-28 14:31:54,0.00131500,7.60000000
2018-02-28 14:31:54,0.00131500,35.71000000
2018-02-28 14:31:54,0.00131500,7.60000000
2018-02-28 14:31:55,0.00131500,8.43000000
2018-02-28 14:31:56,0.00131500,26.38000000
2018-02-28 14:31:56,0.00131510,20.00000000
2018-02-28 14:31:56,0.00131710,21.71000000
2018-02-28 14:31:56,0.00131740,16.52000000
2018-02-28 14:31:56,0.00131900,1.00000000
2018-02-28 14:31:56,0.00131980,65.60000000
2018-02-28 14:31:56,0.00131990,16.72000000
2018-02-28 14:31:57,0.00131600,1.00000000
2018-02-28 14:31:58,0.00131980,13.79000000
2018-02-28 14:31:58,0.00131800,220.60000000
2018-02-28 14:31:58,0.00131620,3.51000000
2018-02-28 14:31:58,0.00131620,3.51000000
2018-02-28 14:31:58,0.00131620,7.02000000
2018-02-28 14:31:59,0.00131700,1.00000000
2018-02-28 14:31:59,0.00131710,1.37000000
2018-02-28 14:32:00,0.00131730,3.14000000
2018-02-28 14:32:02,0.00131720,3.26000000
2018-02-28 14:32:07,0.00131710,21.40000000
2018-02-28 14:32:07,0.00131700,3.00000000
2018-02-28 14:32:07,0.00131530,11.47000000
2018-02-28 14:32:09,0.00131720,3.26000000
2018-02-28 14:32:11,0.00131730,1.78000000
2018-02-28 14:32:15,0.00131610,534.38000000
2018-02-28 14:32:18,0.00131710,1.01000000
2018-02-28 14:32:19,0.00131520,10.20000000
2018-02-28 14:32:21,0.00131710,6.83000000
2018-02-28 14:32:22,0.00131520,19.02000000
2018-02-28 14:32:26,0.00131520,4.99000000
2018-02-28 14:32:27,0.00131600,247.65000000
2018-02-28 14:32:31,0.00131700,0.02000000
2018-02-28 14:32:32,0.00131700,3.53000000
2018-02-28 14:32:33,0.00131700,0.26000000
2018-02-28 14:32:33,0.00131710,0.91000000
2018-02-28 14:32:35,0.00131530,1.74000000
2018-02-28 14:32:35,0.00131520,2.26000000
2018-02-28 14:32:39,0.00131710,0.94000000
2018-02-28 14:32:39,0.00131720,28.24000000
2018-02-28 14:32:41,0.00131720,124.99000000
2018-02-28 14:32:43,0.00131620,560.83000000
2018-02-28 14:32:43,0.00131530,2.00000000
2018-02-28 14:32:49,0.00131540,42.43000000
2018-02-28 14:33:03,0.00131610,274.10000000
2018-02-28 14:33:04,0.00131690,1.31000000
2018-02-28 14:33:06,0.00131550,4.87000000
2018-02-28 14:33:08,0.00131690,43.12000000
2018-02-28 14:33:08,0.00131690,1.00000000
2018-02-28 14:33:09,0.00131690,35.69000000
2018-02-28 14:33:16,0.00131610,587.88000000
2018-02-28 14:33:18,0.00131680,3.00000000
2018-02-28 14:33:18,0.00131700,60.92000000
2018-02-28 14:33:18,0.00131710,7.44000000
2018-02-28 14:33:18,0.00131720,47.97000000
2018-02-28 14:33:18,0.00131820,22.77000000
2018-02-28 14:33:18,0.00131910,22.26000000
2018-02-28 14:33:18,0.00131950,19.11000000
2018-02-28 14:33:21,0.00131940,5.25000000
2018-02-28 14:33:21,0.00131950,24.46000000
2018-02-28 14:33:21,0.00131980,15.12000000
2018-02-28 14:33:23,0.00131980,14.94000000
2018-02-28 14:33:24,0.00131720,75.89000000
2018-02-28 14:33:24,0.00131710,22.77000000
2018-02-28 14:33:25,0.00131700,8.00000000
2018-02-28 14:33:27,0.00131670,24.83000000
2018-02-28 14:33:28,0.00131590,33.81000000
2018-02-28 14:33:29,0.00131590,17.25000000
2018-02-28 14:33:29,0.00131600,8.00000000
2018-02-28 14:33:29,0.00131680,2.21000000
2018-02-28 14:33:29,0.00131710,82.81000000
2018-02-28 14:33:29,0.00131570,218.34000000
2018-02-28 14:33:33,0.00131620,6.36000000
2018-02-28 14:33:36,0.00131660,3.00000000
2018-02-28 14:33:47,0.00131690,3.84000000
2018-02-28 14:33:48,0.00131810,14.42000000
2018-02-28 14:33:58,0.00131930,13.20000000
2018-02-28 14:33:58,0.00131940,30.57000000
2018-02-28 14:33:58,0.00131950,41.47000000
2018-02-28 14:33:58,0.00131960,81.35000000
2018-02-28 14:33:58,0.00131980,329.61000000
2018-02-28 14:34:05,0.00131730,2.07000000
2018-02-28 14:34:06,0.00131900,4.62000000
2018-02-28 14:34:08,0.00131810,328.20000000
2018-02-28 14:34:09,0.00131740,2.28000000
2018-02-28 14:34:09,0.00131810,7.00000000
2018-02-28 14:34:16,0.00131740,13.79000000
2018-02-28 14:34:16,0.00131730,3.64000000
2018-02-28 14:34:16,0.00131700,1.59000000
2018-02-28 14:34:16,0.00131690,485.14000000
2018-02-28 14:34:17,0.00131690,61.84000000
2018-02-28 14:34:22,0.00131810,1.25000000
2018-02-28 14:34:30,0.00131720,41.47000000
2018-02-28 14:34:39,0.00131640,0.50000000
2018-02-28 14:34:40,0.00131660,1.00000000
2018-02-28 14:34:40,0.00131660,2.14000000
2018-02-28 14:34:48,0.00131650,27.48000000
2018-02-28 14:34:52,0.00131660,3.04000000
2018-02-28 14:34:52,0.00131660,2.08000000
2018-02-28 14:35:00,0.00131660,16.00000000
2018-02-28 14:35:04,0.00131650,9.95000000
2018-02-28 14:35:06,0.00131650,3.43000000
2018-02-28 14:35:13,0.00131660,1.45000000
2018-02-28 14:35:18,0.00131660,0.93000000
2018-02-28 14:35:19,0.00131650,766.51000000
2018-02-28 14:35:19,0.00131640,1.02000000
2018-02-28 14:35:19,0.00131630,22.79000000
2018-02-28 14:35:24,0.00131600,1.91000000
2018-02-28 14:35:24,0.00131580,1.63000000
2018-02-28 14:35:24,0.00131570,4.95000000
2018-02-28 14:35:24,0.00131620,382.30000000
2018-02-28 14:35:26,0.00131660,49.21000000
2018-02-28 14:35:26,0.00131660,2.00000000
2018-02-28 14:35:27,0.00131660,23.53000000
2018-02-28 14:35:32,0.00131660,4.10000000
2018-02-28 14:35:32,0.00131800,2.00000000
2018-02-28 14:35:36,0.00131790,221.94000000
2018-02-28 14:35:36,0.00131800,6.71000000
2018-02-28 14:35:39,0.00131720,95.57000000
2018-02-28 14:35:51,0.00131790,5.57000000
2018-02-28 14:35:51,0.00131800,7.72000000
2018-02-28 14:35:54,0.00131750,408.75000000
2018-02-28 14:36:01,0.00131720,0.93000000
2018-02-28 14:36:02,0.00131800,71.09000000
2018-02-28 14:36:06,0.00131800,63.41000000
2018-02-28 14:36:07,0.00131750,14.36000000
2018-02-28 14:36:07,0.00131800,113.71000000
2018-02-28 14:36:07,0.00131800,144.16000000
2018-02-28 14:36:08,0.00131720,5.86000000
2018-02-28 14:36:08,0.00131730,122.02000000
2018-02-28 14:36:10,0.00131750,0.33000000
2018-02-28 14:36:11,0.00131750,2.00000000
2018-02-28 14:36:11,0.00131720,11.30000000
2018-02-28 14:36:12,0.00131660,2.00000000
2018-02-28 14:36:12,0.00131700,38.00000000
2018-02-28 14:36:12,0.00131700,37.17000000
2018-02-28 14:36:12,0.00131700,31.78000000
2018-02-28 14:36:13,0.00131700,2.75000000
2018-02-28 14:36:13,0.00131700,18.36000000
2018-02-28 14:36:14,0.00131610,6.00000000
2018-02-28 14:36:18,0.00131650,75.96000000
2018-02-28 14:36:19,0.00131590,3.23000000
2018-02-28 14:36:19,0.00131580,1.42000000
2018-02-28 14:36:19,0.00131570,77.86000000
2018-02-28 14:36:19,0.00131560,1.67000000
2018-02-28 14:36:19,0.00131550,11.99000000
2018-02-28 14:36:19,0.00131540,12.19000000
2018-02-28 14:36:20,0.00131530,6.15000000
2018-02-28 14:36:20,0.00131510,64.99000000
2018-02-28 14:36:20,0.00131500,29.39000000
2018-02-28 14:36:21,0.00131690,33.83000000
2018-02-28 14:36:22,0.00131570,7.76000000
2018-02-28 14:36:22,0.00131570,428.04000000
2018-02-28 14:36:23,0.00131570,7.76000000
2018-02-28 14:36:25,0.00131510,2.13000000
2018-02-28 14:36:25,0.00131500,60.63000000
2018-02-28 14:36:30,0.00131500,163.99000000
2018-02-28 14:36:35,0.00131500,2.00000000
2018-02-28 14:36:38,0.00131470,149.07000000
2018-02-28 14:36:43,0.00131490,6.07000000
2018-02-28 14:36:43,0.00131500,33.43000000
2018-02-28 14:36:44,0.00131500,139.37000000
2018-02-28 14:36:49,0.00131490,3.23000000
2018-02-28 14:36:49,0.00131500,352.21000000
2018-02-28 14:36:50,0.00131470,462.85000000
2018-02-28 14:36:50,0.00131450,9.00000000
2018-02-28 14:36:53,0.00131450,1.30000000
2018-02-28 14:36:55,0.00131440,4.02000000
2018-02-28 14:37:00,0.00131450,21.00000000
2018-02-28 14:37:01,0.00131440,10.53000000
2018-02-28 14:37:01,0.00131440,3.00000000
2018-02-28 14:37:06,0.00131440,9.27000000
2018-02-28 14:37:07,0.00131440,31.51000000
2018-02-28 14:37:08,0.00131440,72.42000000
2018-02-28 14:37:12,0.00131440,166.02000000
2018-02-28 14:37:13,0.00131450,1.27000000
2018-02-28 14:37:13,0.00131440,9.93000000
2018-02-28 14:37:18,0.00131460,224.14000000
2018-02-28 14:37:24,0.00131440,0.30000000
2018-02-28 14:37:26,0.00131440,172.69000000
2018-02-28 14:37:27,0.00131440,689.75000000
2018-02-28 14:37:27,0.00131400,2.00000000
2018-02-28 14:37:31,0.00131430,14.12000000
2018-02-28 14:37:32,0.00131380,1.52000000
2018-02-28 14:37:32,0.00131370,64.40000000
2018-02-28 14:37:32,0.00131360,1.24000000
2018-02-28 14:37:33,0.00131360,49.63000000
2018-02-28 14:37:33,0.00131370,34.08000000
2018-02-28 14:37:33,0.00131440,52.98000000
2018-02-28 14:37:33,0.00131500,738.76000000
2018-02-28 14:37:33,0.00131500,469.16000000
2018-02-28 14:37:38,0.00131470,473.08000000
2018-02-28 14:37:39,0.00131500,200.00000000
2018-02-28 14:37:42,0.00131500,11.30000000
2018-02-28 14:37:43,0.00131500,17.70000000
2018-02-28 14:37:46,0.00131500,132.36000000
2018-02-28 14:37:48,0.00131640,22.79000000
2018-02-28 14:37:48,0.00131650,6.27000000
2018-02-28 14:37:48,0.00131690,3.05000000
2018-02-28 14:37:48,0.00131760,4.89000000
2018-02-28 14:37:53,0.00131760,18.13000000
2018-02-28 14:37:54,0.00131760,2.40000000
2018-02-28 14:37:55,0.00131770,245.12000000
2018-02-28 14:37:57,0.00131760,1.28000000
2018-02-28 14:38:00,0.00131790,6.04000000
2018-02-28 14:38:00,0.00131790,19.47000000
2018-02-28 14:38:10,0.00131770,17.64000000
2018-02-28 14:38:12,0.00131790,15.71000000
2018-02-28 14:38:18,0.00131790,126.64000000
2018-02-28 14:38:20,0.00131800,15.71000000
2018-02-28 14:38:20,0.00131790,78.23000000
2018-02-28 14:38:21,0.00131800,22.22000000
2018-02-28 14:38:22,0.00131790,131.38000000
2018-02-28 14:38:25,0.00131790,38.22000000
2018-02-28 14:38:25,0.00131770,1.19000000
2018-02-28 14:38:25,0.00131760,33.96000000
2018-02-28 14:38:26,0.00131800,11.20000000
2018-02-28 14:38:30,0.00131780,266.58000000
2018-02-28 14:38:37,0.00131770,75.35000000
2018-02-28 14:38:37,0.00131760,96.25000000
2018-02-28 14:38:38,0.00131580,3.64000000
2018-02-28 14:38:41,0.00131510,214.01000000
2018-02-28 14:38:42,0.00131510,309.42000000
2018-02-28 14:38:42,0.00131510,388.47000000
2018-02-28 14:38:42,0.00131510,323.87000000
2018-02-28 14:38:42,0.00131630,39.10000000
2018-02-28 14:38:44,0.00131510,27.82000000
2018-02-28 14:38:44,0.00131510,25.50000000
2018-02-28 14:38:46,0.00131510,171.82000000
2018-02-28 14:38:47,0.00131510,16.71000000
2018-02-28 14:38:47,0.00131510,1.14000000
2018-02-28 14:38:49,0.00131510,3.85000000
2018-02-28 14:38:59,0.00131450,288.04000000
2018-02-28 14:39:05,0.00131510,76.12000000
2018-02-28 14:39:06,0.00131410,6.03000000
2018-02-28 14:39:15,0.00131500,22.22000000
2018-02-28 14:39:21,0.00131450,60.56000000
2018-02-28 14:39:30,0.00131500,10.24000000
2018-02-28 14:39:31,0.00131500,0.84000000
2018-02-28 14:39:32,0.00131410,14.12000000
2018-02-28 14:39:39,0.00131410,1.76000000
2018-02-28 14:39:40,0.00131500,10.42000000
2018-02-28 14:39:42,0.00131440,309.50000000
2018-02-28 14:39:44,0.00131450,907.53000000
2018-02-28 14:39:44,0.00131450,51.48000000
2018-02-28 14:39:44,0.00131410,152.51000000
2018-02-28 14:39:46,0.00131490,89.45000000
2018-02-28 14:39:46,0.00131500,229.95000000
2018-02-28 14:39:46,0.00131510,472.72000000
2018-02-28 14:39:46,0.00131800,204.16000000
2018-02-28 14:39:46,0.00131850,2.00000000
2018-02-28 14:39:46,0.00131860,4.27000000
2018-02-28 14:39:46,0.00131940,137.09000000
2018-02-28 14:39:46,0.00131960,55.24000000
2018-02-28 14:39:46,0.00131980,90.04000000
2018-02-28 14:39:46,0.00131990,182.94000000
2018-02-28 14:39:46,0.00132000,1897.99000000
2018-02-28 14:39:48,0.00131520,6.37000000
2018-02-28 14:39:49,0.00131530,7.77000000
2018-02-28 14:39:50,0.00131990,0.76000000
2018-02-28 14:39:52,0.00131700,8.00000000
2018-02-28 14:39:53,0.00131900,8.00000000
2018-02-28 14:39:53,0.00131980,190.70000000
2018-02-28 14:39:53,0.00131990,2.94000000
2018-02-28 14:39:53,0.00132000,480.99000000
2018-02-28 14:39:55,0.00131850,82.02000000
2018-02-28 14:40:01,0.00131990,7.77000000
2018-02-28 14:40:01,0.00132000,43.89000000
2018-02-28 14:40:01,0.00132180,269.42000000
2018-02-28 14:40:03,0.00131810,3.81000000
2018-02-28 14:40:03,0.00131820,1.14000000
2018-02-28 14:40:03,0.00131820,28.64000000
2018-02-28 14:40:04,0.00131820,46.10000000
2018-02-28 14:40:04,0.00131900,1.74000000
2018-02-28 14:40:05,0.00131900,1.60000000
2018-02-28 14:40:05,0.00131900,4.66000000
2018-02-28 14:40:05,0.00131820,8.08000000
2018-02-28 14:40:05,0.00131810,18.95000000
2018-02-28 14:40:06,0.00132150,75.88000000
2018-02-28 14:40:06,0.00132160,8.08000000
2018-02-28 14:40:06,0.00132180,1521.09000000
2018-02-28 14:40:06,0.00132180,63.69000000
2018-02-28 14:40:06,0.00132180,7.56000000
2018-02-28 14:40:06,0.00132180,8.88000000
2018-02-28 14:40:06,0.00132180,2.26000000
2018-02-28 14:40:06,0.00132180,8.88000000
2018-02-28 14:40:06,0.00132180,1.63000000
2018-02-28 14:40:06,0.00132180,6.03000000
2018-02-28 14:40:06,0.00132180,8.00000000
2018-02-28 14:40:06,0.00132180,2.00000000
2018-02-28 14:40:06,0.00132180,2.94000000
2018-02-28 14:40:07,0.00132180,7.60000000
2018-02-28 14:40:07,0.00132180,3.81000000
2018-02-28 14:40:07,0.00132180,1.97000000
2018-02-28 14:40:09,0.00132180,124.31000000
2018-02-28 14:40:11,0.00132180,5.00000000
2018-02-28 14:40:11,0.00132200,115.00000000
2018-02-28 14:40:14,0.00132210,5.00000000
2018-02-28 14:40:14,0.00132280,13.02000000
2018-02-28 14:40:14,0.00132300,2.81000000
2018-02-28 14:40:14,0.00132310,10.79000000
2018-02-28 14:40:15,0.00132340,2.02000000
2018-02-28 14:40:17,0.00132350,330.96000000
2018-02-28 14:40:17,0.00132340,8.88000000
2018-02-28 14:40:21,0.00132430,6.83000000
2018-02-28 14:40:21,0.00132430,4.50000000
2018-02-28 14:40:21,0.00132430,1.00000000
2018-02-28 14:40:22,0.00132500,13.92000000
2018-02-28 14:40:22,0.00132530,126.75000000
2018-02-28 14:40:23,0.00132530,3.81000000
2018-02-28 14:40:23,0.00132610,1.00000000
2018-02-28 14:40:23,0.00132690,1.26000000
2018-02-28 14:40:23,0.00132780,60.90000000
2018-02-28 14:40:24,0.00132540,1.00000000
2018-02-28 14:40:25,0.00132540,1.00000000
2018-02-28 14:40:26,0.00132540,5.04000000
2018-02-28 14:40:28,0.00132540,58.00000000
2018-02-28 14:40:28,0.00132530,36.46000000
2018-02-28 14:40:29,0.00132770,1.88000000
2018-02-28 14:40:29,0.00132540,5.00000000
2018-02-28 14:40:30,0.00132770,68.73000000
2018-02-28 14:40:30,0.00132770,3.10000000
2018-02-28 14:40:30,0.00132770,3.59000000
2018-02-28 14:40:31,0.00132770,100.15000000
2018-02-28 14:40:31,0.00132770,57.34000000
2018-02-28 14:40:31,0.00132780,15.14000000
2018-02-28 14:40:31,0.00132800,22.76000000
2018-02-28 14:40:31,0.00132820,19.81000000
2018-02-28 14:40:31,0.00132850,31.85000000
2018-02-28 14:40:31,0.00132860,1.78000000
2018-02-28 14:40:31,0.00132860,9.33000000
2018-02-28 14:40:32,0.00132860,61.28000000
2018-02-28 14:40:33,0.00132770,35.51000000
2018-02-28 14:40:35,0.00132860,2.80000000
2018-02-28 14:40:35,0.00132890,31.42000000
2018-02-28 14:40:35,0.00132900,447.58000000
2018-02-28 14:40:35,0.00132950,242.99000000
2018-02-28 14:40:35,0.00132990,166.02000000
2018-02-28 14:40:35,0.00133000,500.59000000
2018-02-28 14:40:35,0.00133040,299.37000000
2018-02-28 14:40:35,0.00132880,7.13000000
2018-02-28 14:40:35,0.00132890,7.59000000
2018-02-28 14:40:35,0.00132890,13.09000000
2018-02-28 14:40:36,0.00132560,1.40000000
2018-02-28 14:40:36,0.00132560,7.52000000
2018-02-28 14:40:36,0.00132890,7.62000000
2018-02-28 14:40:36,0.00133040,5.60000000
2018-02-28 14:40:36,0.00132780,2.79000000
2018-02-28 14:40:37,0.00133000,5.45000000
2018-02-28 14:40:38,0.00133000,1.00000000
2018-02-28 14:40:38,0.00133100,2.50000000
2018-02-28 14:40:38,0.00133000,2.28000000
2018-02-28 14:40:38,0.00133000,1.00000000
2018-02-28 14:40:38,0.00133000,32.53000000
2018-02-28 14:40:38,0.00133000,2.92000000
2018-02-28 14:40:38,0.00133000,0.91000000
2018-02-28 14:40:40,0.00133130,5.83000000
2018-02-28 14:40:40,0.00133130,3.99000000
2018-02-28 14:40:40,0.00133140,3.60000000
2018-02-28 14:40:40,0.00133150,1.06000000
2018-02-28 14:40:40,0.00133260,10.00000000
2018-02-28 14:40:40,0.00133280,1.32000000
2018-02-28 14:40:40,0.00133300,24.40000000
2018-02-28 14:40:40,0.00133330,2.25000000
2018-02-28 14:40:40,0.00133340,116.50000000
2018-02-28 14:40:40,0.00133400,7.99000000
2018-02-28 14:40:40,0.00133430,13.83000000
2018-02-28 14:40:40,0.00133500,110.22000000
2018-02-28 14:40:40,0.00133520,1.02000000
2018-02-28 14:40:40,0.00133600,5.70000000
2018-02-28 14:40:40,0.00133610,97.84000000
2018-02-28 14:40:40,0.00133620,3.01000000
2018-02-28 14:40:40,0.00133660,16.55000000
2018-02-28 14:40:41,0.00133260,1.13000000
2018-02-28 14:40:41,0.00133660,1.45000000
2018-02-28 14:40:42,0.00133660,1.87000000
2018-02-28 14:40:43,0.00133110,2.70000000
2018-02-28 14:40:43,0.00133660,6.65000000
2018-02-28 14:40:43,0.00133660,9.32000000
2018-02-28 14:40:43,0.00133700,1.00000000
2018-02-28 14:40:43,0.00133740,1.29000000
2018-02-28 14:40:43,0.00133770,2.36000000
2018-02-28 14:40:43,0.00133780,25.20000000
2018-02-28 14:40:43,0.00133790,2.43000000
2018-02-28 14:40:43,0.00133790,0.36000000
2018-02-28 14:40:43,0.00133110,6.83000000
2018-02-28 14:40:44,0.00133120,71.78000000
2018-02-28 14:40:45,0.00133200,8.00000000
2018-02-28 14:40:45,0.00133120,136.01000000
2018-02-28 14:40:45,0.00133760,0.09000000
2018-02-28 14:40:45,0.00133130,1.60000000
2018-02-28 14:40:45,0.00133760,8.15000000
2018-02-28 14:40:45,0.00133760,133.22000000
2018-02-28 14:40:46,0.00133690,0.02000000
2018-02-28 14:40:46,0.00133410,351.94000000
2018-02-28 14:40:48,0.00133600,8.00000000
2018-02-28 14:40:48,0.00133690,9.59000000
2018-02-28 14:40:48,0.00133740,1.60000000
2018-02-28 14:40:48,0.00133750,36.98000000
2018-02-28 14:40:48,0.00133760,8.83000000
2018-02-28 14:40:48,0.00133760,0.01000000
2018-02-28 14:40:49,0.00133410,0.81000000
2018-02-28 14:40:49,0.00133410,4.19000000
2018-02-28 14:40:49,0.00133690,2.22000000
2018-02-28 14:40:49,0.00133700,23.19000000
2018-02-28 14:40:49,0.00133700,2.08000000
2018-02-28 14:40:49,0.00133700,0.86000000
2018-02-28 14:40:50,0.00133700,72.60000000
2018-02-28 14:40:50,0.00133760,18.48000000
2018-02-28 14:40:50,0.00133760,2.03000000
2018-02-28 14:40:50,0.00133770,2.70000000
2018-02-28 14:40:50,0.00133790,479.39000000
2018-02-28 14:40:50,0.00133790,18.57000000
2018-02-28 14:40:50,0.00133300,7.47000000
2018-02-28 14:40:51,0.00133700,3.44000000
2018-02-28 14:40:53,0.00133600,7.47000000
2018-02-28 14:40:53,0.00133700,2.91000000
2018-02-28 14:40:53,0.00133220,25.58000000
2018-02-28 14:40:54,0.00133300,8.00000000
2018-02-28 14:40:54,0.00133230,77.70000000
2018-02-28 14:40:54,0.00133220,29.07000000
2018-02-28 14:40:54,0.00133700,1.00000000
2018-02-28 14:40:55,0.00133600,8.00000000
2018-02-28 14:40:55,0.00133500,47.46000000
2018-02-28 14:40:55,0.00133500,7.49000000
2018-02-28 14:40:55,0.00133500,7.49000000
2018-02-28 14:40:55,0.00133500,7.49000000
2018-02-28 14:40:55,0.00133500,7.49000000
2018-02-28 14:40:55,0.00133690,8.46000000
2018-02-28 14:40:55,0.00133700,6.44000000
2018-02-28 14:40:55,0.00133750,46.23000000
2018-02-28 14:40:55,0.00133790,2.60000000
2018-02-28 14:40:55,0.00133820,2.88000000
2018-02-28 14:40:55,0.00133850,53.48000000
2018-02-28 14:40:55,0.00133500,7.49000000
2018-02-28 14:40:55,0.00133500,3.70000000
2018-02-28 14:40:55,0.00133500,7.48000000
2018-02-28 14:40:55,0.00133500,1.75000000
2018-02-28 14:40:56,0.00133680,0.97000000
2018-02-28 14:40:56,0.00133240,1.13000000
2018-02-28 14:40:56,0.00133250,1.90000000
2018-02-28 14:40:57,0.00133300,2.28000000
2018-02-28 14:40:57,0.00133300,5.70000000
2018-02-28 14:40:57,0.00133300,0.95000000
2018-02-28 14:40:57,0.00133300,1.51000000
2018-02-28 14:40:58,0.00133300,52.46000000
2018-02-28 14:40:58,0.00133600,0.33000000
2018-02-28 14:40:58,0.00133310,63.81000000
2018-02-28 14:40:58,0.00133300,52.92000000
2018-02-28 14:40:58,0.00133300,26.57000000
2018-02-28 14:40:58,0.00133300,1.14000000
2018-02-28 14:40:58,0.00133310,1.01000000
2018-02-28 14:40:59,0.00133590,1.90000000
2018-02-28 14:40:59,0.00133600,4.77000000
2018-02-28 14:40:59,0.00133660,3.36000000
2018-02-28 14:41:00,0.00133600,2.88000000
2018-02-28 14:41:00,0.00133650,35.35000000
2018-02-28 14:41:00,0.00133650,29.47000000
2018-02-28 14:41:00,0.00133660,51.29000000
2018-02-28 14:41:00,0.00133680,68.28000000
2018-02-28 14:41:00,0.00133700,195.76000000
2018-02-28 14:41:00,0.00133700,11.35000000
2018-02-28 14:41:01,0.00133310,7.34000000
2018-02-28 14:41:01,0.00133400,8.00000000
2018-02-28 14:41:01,0.00133330,69.20000000
2018-02-28 14:41:01,0.00133320,73.56000000
2018-02-28 14:41:01,0.00133310,15.16000000
2018-02-28 14:41:01,0.00133300,172.88000000
2018-02-28 14:41:02,0.00133300,18.52000000
2018-02-28 14:41:02,0.00133540,105.95000000
2018-02-28 14:41:02,0.00133540,1.05000000
2018-02-28 14:41:03,0.00133330,1.88000000
2018-02-28 14:41:03,0.00133330,2.44000000
2018-02-28 14:41:03,0.00133330,1.90000000
2018-02-28 14:41:03,0.00133330,1.51000000
2018-02-28 14:41:04,0.00133140,1.68000000
2018-02-28 14:41:04,0.00133140,1.17000000
2018-02-28 14:41:04,0.00133120,63.76000000
2018-02-28 14:41:04,0.00133120,3.03000000
2018-02-28 14:41:05,0.00133120,1.65000000
2018-02-28 14:41:05,0.00133120,3.35000000
2018-02-28 14:41:05,0.00133380,2.85000000
2018-02-28 14:41:05,0.00133390,28.35000000
2018-02-28 14:41:06,0.00133120,1.65000000
2018-02-28 14:41:06,0.00133290,6.28000000
2018-02-28 14:41:06,0.00133290,1.29000000
2018-02-28 14:41:06,0.00133120,2.05000000
2018-02-28 14:41:06,0.00133120,1.60000000
2018-02-28 14:41:07,0.00133120,10.40000000
2018-02-28 14:41:07,0.00133120,3.04000000
2018-02-28 14:41:07,0.00133300,5.00000000
2018-02-28 14:41:08,0.00133120,0.92000000
2018-02-28 14:41:08,0.00133120,0.83000000
2018-02-28 14:41:08,0.00133120,1.89000000
2018-02-28 14:41:08,0.00133120,2.28000000
2018-02-28 14:41:08,0.00133120,0.84000000
2018-02-28 14:41:08,0.00133120,1.90000000
2018-02-28 14:41:08,0.00133120,0.91000000
2018-02-28 14:41:09,0.00133120,0.83000000
2018-02-28 14:41:10,0.00133120,1.59000000
2018-02-28 14:41:10,0.00133120,0.84000000
2018-02-28 14:41:10,0.00133120,1.89000000
2018-02-28 14:41:10,0.00133120,2.29000000
2018-02-28 14:41:11,0.00133120,10.24000000
2018-02-28 14:41:11,0.00133120,3.24000000
2018-02-28 14:41:11,0.00133130,28.83000000
2018-02-28 14:41:12,0.00133130,1.89000000
2018-02-28 14:41:12,0.00133130,2.03000000
2018-02-28 14:41:13,0.00133130,2.13000000
2018-02-28 14:41:14,0.00133130,0.51000000
2018-02-28 14:41:14,0.00133200,3.00000000
2018-02-28 14:41:14,0.00133290,2.47000000
2018-02-28 14:41:15,0.00133120,77.43000000
2018-02-28 14:41:15,0.00133030,2.26000000
2018-02-28 14:41:15,0.00133020,63.93000000
2018-02-28 14:41:15,0.00133010,409.59000000
2018-02-28 14:41:15,0.00133000,865.39000000
2018-02-28 14:41:15,0.00133000,2.64000000
2018-02-28 14:41:15,0.00133120,6.66000000
2018-02-28 14:41:15,0.00133130,1.44000000
2018-02-28 14:41:16,0.00133130,1.59000000
2018-02-28 14:41:16,0.00133130,39.07000000
2018-02-28 14:41:16,0.00132860,1.90000000
2018-02-28 14:41:16,0.00132860,0.95000000
2018-02-28 14:41:17,0.00133130,269.12000000
2018-02-28 14:41:17,0.00133000,8.00000000
2018-02-28 14:41:17,0.00132860,0.54000000
2018-02-28 14:41:20,0.00132810,2.67000000
2018-02-28 14:41:20,0.00133190,14.99000000
2018-02-28 14:41:20,0.00132810,2.66000000
2018-02-28 14:41:20,0.00133180,7.88000000
2018-02-28 14:41:20,0.00132810,2.19000000
2018-02-28 14:41:20,0.00133180,14.62000000
2018-02-28 14:41:20,0.00133250,329.75000000
2018-02-28 14:41:20,0.00133260,35.17000000
2018-02-28 14:41:20,0.00133280,69.20000000
2018-02-28 14:41:21,0.00133290,8.00000000
2018-02-28 14:41:21,0.00133290,1.67000000
2018-02-28 14:41:21,0.00133290,234.84000000
2018-02-28 14:41:21,0.00132840,2.67000000
2018-02-28 14:41:21,0.00132840,3.79000000
2018-02-28 14:41:21,0.00132840,1.06000000
2018-02-28 14:41:21,0.00132770,0.31000000
2018-02-28 14:41:22,0.00133200,0.06000000
2018-02-28 14:41:22,0.00133200,4.99000000
2018-02-28 14:41:22,0.00133540,2.44000000
2018-02-28 14:41:22,0.00132900,8.00000000
2018-02-28 14:41:23,0.00132810,3.90000000
2018-02-28 14:41:23,0.00132780,1.90000000
2018-02-28 14:41:23,0.00132810,124.23000000
2018-02-28 14:41:23,0.00133100,373.41000000
2018-02-28 14:41:25,0.00133400,3.00000000
2018-02-28 14:41:27,0.00132900,1.00000000
2018-02-28 14:41:27,0.00132830,1.36000000
2018-02-28 14:41:27,0.00132830,1.78000000
2018-02-28 14:41:28,0.00132860,3.80000000
2018-02-28 14:41:29,0.00132860,3.43000000
2018-02-28 14:41:29,0.00132900,4.00000000
2018-02-28 14:41:30,0.00132860,1.98000000
2018-02-28 14:41:30,0.00132860,1.91000000
2018-02-28 14:41:30,0.00132860,0.98000000
2018-02-28 14:41:30,0.00132860,41.68000000
2018-02-28 14:41:31,0.00132860,7.71000000
2018-02-28 14:41:31,0.00132860,25.10000000
2018-02-28 14:41:33,0.00132900,6.62000000
2018-02-28 14:41:34,0.00132900,0.90000000
2018-02-28 14:41:35,0.00132900,15.17000000
2018-02-28 14:41:35,0.00133000,56.21000000
2018-02-28 14:41:36,0.00133100,8.00000000
2018-02-28 14:41:36,0.00133010,3.29000000
2018-02-28 14:41:36,0.00133010,1.11000000
2018-02-28 14:41:36,0.00133400,416.18000000
2018-02-28 14:41:36,0.00133520,3.39000000
2018-02-28 14:41:36,0.00133540,15.03000000
2018-02-28 14:41:36,0.00133600,150.00000000
2018-02-28 14:41:36,0.00133660,25.35000000
2018-02-28 14:41:36,0.00133840,7.73000000
2018-02-28 14:41:36,0.00133850,102.04000000
2018-02-28 14:41:36,0.00133870,20.49000000
2018-02-28 14:41:36,0.00133900,31.19000000
2018-02-28 14:41:36,0.00133950,307.59000000
2018-02-28 14:41:36,0.00133010,1.44000000
2018-02-28 14:41:40,0.00133240,145.93000000
2018-02-28 14:41:41,0.00133440,1.70000000
2018-02-28 14:41:42,0.00133060,43.40000000
2018-02-28 14:41:42,0.00133060,3.80000000
2018-02-28 14:41:44,0.00133050,10.00000000
2018-02-28 14:41:45,0.00133300,1.69000000
2018-02-28 14:41:50,0.00133100,0.78000000
2018-02-28 14:41:50,0.00133070,1.49000000
2018-02-28 14:41:54,0.00133300,45.21000000
2018-02-28 14:41:55,0.00133300,1.60000000
2018-02-28 14:41:55,0.00133300,19.18000000
2018-02-28 14:41:55,0.00133070,8.51000000
2018-02-28 14:41:55,0.00133050,10.12000000
2018-02-28 14:41:55,0.00133310,394.87000000
2018-02-28 14:41:56,0.00133320,2.54000000
2018-02-28 14:41:56,0.00133330,1.13000000
2018-02-28 14:41:57,0.00133060,4.87000000
2018-02-28 14:41:57,0.00133050,2.42000000
2018-02-28 14:41:57,0.00133000,5.07000000
2018-02-28 14:41:57,0.00132960,63.93000000
2018-02-28 14:41:57,0.00132930,73.21000000
2018-02-28 14:41:58,0.00133000,4.08000000
2018-02-28 14:41:59,0.00133400,1.60000000
2018-02-28 14:41:59,0.00133310,10.25000000
2018-02-28 14:41:59,0.00133010,2.09000000
2018-02-28 14:41:59,0.00132940,69.09000000
2018-02-28 14:41:59,0.00132860,187.39000000
2018-02-28 14:41:59,0.00132800,13.46000000
2018-02-28 14:41:59,0.00132770,3.81000000
2018-02-28 14:41:59,0.00132700,24.48000000
2018-02-28 14:41:59,0.00132610,75.40000000
2018-02-28 14:41:59,0.00132550,17.70000000
2018-02-28 14:41:59,0.00132540,27.41000000
2018-02-28 14:41:59,0.00132530,1.39000000
2018-02-28 14:41:59,0.00132420,2.25000000
2018-02-28 14:41:59,0.00132410,24.86000000
2018-02-28 14:41:59,0.00132330,75.56000000
2018-02-28 14:41:59,0.00132280,0.77000000
2018-02-28 14:41:59,0.00132210,3.78000000
2018-02-28 14:41:59,0.00132200,696.23000000
2018-02-28 14:41:59,0.00132100,15.36000000
2018-02-28 14:41:59,0.00132060,3.81000000
2018-02-28 14:41:59,0.00132000,20.00000000
2018-02-28 14:41:59,0.00132000,266.29000000
2018-02-28 14:42:00,0.00132700,2.22000000
2018-02-28 14:42:01,0.00132180,4.87000000
2018-02-28 14:42:01,0.00132010,5.13000000
2018-02-28 14:42:01,0.00132780,11.45000000
2018-02-28 14:42:01,0.00132770,38.50000000
2018-02-28 14:42:02,0.00132770,32.68000000
2018-02-28 14:42:02,0.00132780,9.96000000
2018-02-28 14:42:02,0.00132800,4.00000000
2018-02-28 14:42:02,0.00132980,2.62000000
2018-02-28 14:42:02,0.00133030,65.44000000
2018-02-28 14:42:04,0.00132350,1.60000000
2018-02-28 14:42:06,0.00133000,0.50000000
2018-02-28 14:42:07,0.00132890,0.22000000
2018-02-28 14:42:09,0.00132800,328.75000000
2018-02-28 14:42:09,0.00132770,325.01000000
2018-02-28 14:42:09,0.00132600,7.06000000
2018-02-28 14:42:09,0.00132390,51.75000000
2018-02-28 14:42:09,0.00132380,3.77000000
2018-02-28 14:42:09,0.00132380,11.95000000
2018-02-28 14:42:09,0.00132380,7.93000000
2018-02-28 14:42:10,0.00132630,167.39000000
2018-02-28 14:42:10,0.00132500,8.00000000
2018-02-28 14:42:10,0.00132500,67.56000000
2018-02-28 14:42:10,0.00132550,20.00000000
2018-02-28 14:42:10,0.00132560,113.46000000
2018-02-28 14:42:10,0.00132630,167.39000000
2018-02-28 14:42:10,0.00132880,4.87000000
2018-02-28 14:42:10,0.00132890,11.14000000
2018-02-28 14:42:10,0.00133000,346.35000000
2018-02-28 14:42:12,0.00132400,124.99000000
2018-02-28 14:42:13,0.00132620,10.86000000
2018-02-28 14:42:14,0.00132400,5.00000000
2018-02-28 14:42:14,0.00132380,0.62000000
2018-02-28 14:42:14,0.00132320,22.67000000
2018-02-28 14:42:14,0.00132300,97.55000000
2018-02-28 14:42:14,0.00132040,3.41000000
2018-02-28 14:42:14,0.00132000,9.05000000
2018-02-28 14:42:14,0.00132000,64.38000000
2018-02-28 14:42:14,0.00132620,24.77000000
2018-02-28 14:42:14,0.00132900,39.60000000
2018-02-28 14:42:16,0.00132850,4.87000000
2018-02-28 14:42:16,0.00132970,2.68000000
2018-02-28 14:42:17,0.00132890,1.00000000
2018-02-28 14:42:17,0.00132890,8.55000000
2018-02-28 14:42:17,0.00132890,281.40000000
2018-02-28 14:42:19,0.00132850,7.03000000
2018-02-28 14:42:20,0.00132820,99.45000000
2018-02-28 14:42:20,0.00132850,0.54000000
2018-02-28 14:42:20,0.00132870,3.81000000
2018-02-28 14:42:20,0.00132880,11.53000000
