DATE,PRICE,VOLUME
2018-02-26 00:59:59,0.00128520,15.58000000
2018-02-26 00:59:59,0.00128540,81.44000000
2018-02-26 01:00:00,0.00128370,77.86000000
2018-02-26 01:00:00,0.00128360,1.00000000
2018-02-26 01:00:00,0.00128100,121.14000000
2018-02-26 01:00:00,0.00128410,1.00000000
2018-02-26 01:00:00,0.00128500,77.86000000
2018-02-26 01:00:02,0.00128530,1.00000000
2018-02-26 01:00:03,0.00128440,72.01000000
2018-02-26 01:00:03,0.00128700,0.06000000
2018-02-26 01:00:05,0.00128600,1.00000000
2018-02-26 01:00:05,0.00128700,1.00000000
2018-02-26 01:00:05,0.00128690,86.54000000
2018-02-26 01:00:05,0.00128340,113.46000000
2018-02-26 01:00:06,0.00128590,3.91000000
2018-02-26 01:00:07,0.00128600,8.35000000
2018-02-26 01:00:08,0.00128700,83.37000000
2018-02-26 01:00:08,0.00128850,13.96000000
2018-02-26 01:00:08,0.00128940,9.36000000
2018-02-26 01:00:08,0.00128990,5.43000000
2018-02-26 01:00:08,0.00129080,337.69000000
2018-02-26 01:00:09,0.00129080,3.70000000
2018-02-26 01:00:09,0.00128790,15.52000000
2018-02-26 01:00:09,0.00128780,8.35000000
2018-02-26 01:00:09,0.00128680,86.22000000
2018-02-26 01:00:09,0.00128560,89.91000000
2018-02-26 01:00:10,0.00128610,6.40000000
2018-02-26 01:00:10,0.00128820,2.34000000
2018-02-26 01:00:10,0.00128680,0.23000000
2018-02-26 01:00:10,0.00128600,6.63000000
2018-02-26 01:00:10,0.00128600,68.61000000
2018-02-26 01:00:11,0.00128700,3.87000000
2018-02-26 01:00:12,0.00128690,14.95000000
2018-02-26 01:00:13,0.00128690,0.82000000
2018-02-26 01:00:13,0.00128640,130.48000000
2018-02-26 01:00:13,0.00128690,78.30000000
2018-02-26 01:00:13,0.00128690,11.36000000
2018-02-26 01:00:13,0.00128700,76.13000000
2018-02-26 01:00:16,0.00128600,140.51000000
2018-02-26 01:00:16,0.00128580,15.55000000
2018-02-26 01:00:16,0.00128450,2.34000000
2018-02-26 01:00:16,0.00128410,6.63000000
2018-02-26 01:00:16,0.00128370,2.16000000
2018-02-26 01:00:16,0.00128350,42.92000000
2018-02-26 01:00:16,0.00128340,13.67000000
2018-02-26 01:00:16,0.00128300,2.65000000
2018-02-26 01:00:16,0.00128250,3.02000000
2018-02-26 01:00:16,0.00128110,50.87000000
2018-02-26 01:00:16,0.00128550,1.00000000
2018-02-26 01:00:16,0.00128650,1.00000000
2018-02-26 01:00:16,0.00128550,10.00000000
2018-02-26 01:00:16,0.00128650,1.34000000
2018-02-26 01:00:16,0.00128680,6.63000000
2018-02-26 01:00:17,0.00128810,20.00000000
2018-02-26 01:00:17,0.00128820,15.55000000
2018-02-26 01:00:17,0.00128830,8.41000000
2018-02-26 01:00:17,0.00128950,13.26000000
2018-02-26 01:00:17,0.00129000,1.00000000
2018-02-26 01:00:17,0.00129000,15.59000000
2018-02-26 01:00:17,0.00129000,3.94000000
2018-02-26 01:00:17,0.00128350,3.89000000
2018-02-26 01:00:17,0.00128340,10.00000000
2018-02-26 01:00:17,0.00128250,1.70000000
2018-02-26 01:00:20,0.00128700,1.70000000
2018-02-26 01:00:20,0.00129000,27.33000000
2018-02-26 01:00:20,0.00129050,2.34000000
2018-02-26 01:00:20,0.00129080,13.94000000
2018-02-26 01:00:20,0.00129120,1.01000000
2018-02-26 01:00:20,0.00129200,5.45000000
2018-02-26 01:00:20,0.00129250,48.99000000
2018-02-26 01:00:20,0.00129300,20.00000000
2018-02-26 01:00:20,0.00129410,28.07000000
2018-02-26 01:00:20,0.00129460,1.01000000
2018-02-26 01:00:20,0.00129500,258.64000000
2018-02-26 01:00:20,0.00128810,4.61000000
2018-02-26 01:00:20,0.00128920,1.06000000
2018-02-26 01:00:20,0.00128830,13.51000000
2018-02-26 01:00:21,0.00128820,1.06000000
2018-02-26 01:00:21,0.00128880,3.48000000
2018-02-26 01:00:22,0.00128880,16.34000000
2018-02-26 01:00:22,0.00128920,1.00000000
2018-02-26 01:00:23,0.00128840,5.07000000
2018-02-26 01:00:23,0.00128850,1.00000000
2018-02-26 01:00:28,0.00128860,1.00000000
2018-02-26 01:00:28,0.00129380,5.07000000
2018-02-26 01:00:28,0.00129390,70.02000000
2018-02-26 01:00:32,0.00129200,15.00000000
2018-02-26 01:00:33,0.00129070,1.00000000
2018-02-26 01:00:33,0.00128970,14.00000000
2018-02-26 01:00:33,0.00129100,1.00000000
2018-02-26 01:00:33,0.00129130,56.08000000
2018-02-26 01:00:34,0.00129120,1.93000000
2018-02-26 01:00:36,0.00129070,0.01000000
2018-02-26 01:00:44,0.00129070,102.41000000
2018-02-26 01:00:47,0.00129080,137.41000000
2018-02-26 01:00:47,0.00129070,7.61000000
2018-02-26 01:00:53,0.00128990,1.96000000
2018-02-26 01:00:53,0.00129000,23.20000000
2018-02-26 01:00:53,0.00129000,3.74000000
2018-02-26 01:00:53,0.00129000,43.34000000
2018-02-26 01:00:53,0.00129020,10.00000000
2018-02-26 01:00:53,0.00129020,23.20000000
2018-02-26 01:00:54,0.00128990,1.96000000
2018-02-26 01:00:54,0.00128970,5.89000000
2018-02-26 01:00:54,0.00128940,13.02000000
2018-02-26 01:00:54,0.00128940,2.32000000
2018-02-26 01:00:56,0.00129010,6.21000000
2018-02-26 01:00:56,0.00129020,245.87000000
2018-02-26 01:00:56,0.00129090,137.41000000
2018-02-26 01:00:56,0.00129120,10.62000000
2018-02-26 01:00:56,0.00128860,57.00000000
2018-02-26 01:00:56,0.00128860,1.07000000
2018-02-26 01:00:58,0.00129000,20.02000000
2018-02-26 01:01:01,0.00129000,38.05000000
2018-02-26 01:01:01,0.00129010,39.78000000
2018-02-26 01:01:01,0.00129110,15.34000000
2018-02-26 01:01:01,0.00129120,8.26000000
2018-02-26 01:01:02,0.00129000,6.59000000
2018-02-26 01:01:02,0.00129050,64.01000000
2018-02-26 01:01:03,0.00129000,41.36000000
2018-02-26 01:01:04,0.00129000,255.63000000
2018-02-26 01:01:04,0.00129120,412.16000000
2018-02-26 01:01:04,0.00129130,1.00000000
2018-02-26 01:01:04,0.00129200,124.12000000
2018-02-26 01:01:04,0.00129240,19.89000000
2018-02-26 01:01:04,0.00129390,168.51000000
2018-02-26 01:01:04,0.00129400,289.99000000
2018-02-26 01:01:04,0.00129500,170.40000000
2018-02-26 01:01:04,0.00129510,3.92000000
2018-02-26 01:01:04,0.00129580,16.24000000
2018-02-26 01:01:04,0.00129590,79.02000000
2018-02-26 01:01:04,0.00129600,28.59000000
2018-02-26 01:01:04,0.00129690,179.04000000
2018-02-26 01:01:04,0.00129740,153.81000000
2018-02-26 01:01:04,0.00129750,100.96000000
2018-02-26 01:01:04,0.00129500,1.00000000
2018-02-26 01:01:04,0.00129400,5.83000000
2018-02-26 01:01:04,0.00129750,99.73000000
2018-02-26 01:01:04,0.00129400,1.00000000
2018-02-26 01:01:04,0.00129400,5.00000000
2018-02-26 01:01:04,0.00129410,8.49000000
2018-02-26 01:01:04,0.00129400,2.15000000
2018-02-26 01:01:05,0.00129400,15.50000000
2018-02-26 01:01:06,0.00129410,55.57000000
2018-02-26 01:01:06,0.00129410,5.00000000
2018-02-26 01:01:07,0.00129410,1.00000000
2018-02-26 01:01:07,0.00129410,11.34000000
2018-02-26 01:01:07,0.00129400,2.57000000
2018-02-26 01:01:07,0.00129400,49.99000000
2018-02-26 01:01:08,0.00129400,19.65000000
2018-02-26 01:01:08,0.00129400,5.00000000
2018-02-26 01:01:09,0.00129490,1.00000000
2018-02-26 01:01:09,0.00129730,23.42000000
2018-02-26 01:01:10,0.00129500,20.00000000
2018-02-26 01:01:10,0.00129530,2.34000000
2018-02-26 01:01:10,0.00129500,2.34000000
2018-02-26 01:01:10,0.00129500,10.00000000
2018-02-26 01:01:10,0.00129500,5.00000000
2018-02-26 01:01:11,0.00129500,1.73000000
2018-02-26 01:01:11,0.00129500,48.12000000
2018-02-26 01:01:12,0.00129500,26.33000000
2018-02-26 01:01:12,0.00129400,23.66000000
2018-02-26 01:01:13,0.00129400,5.54000000
2018-02-26 01:01:13,0.00129400,6.01000000
2018-02-26 01:01:14,0.00129500,6.06000000
2018-02-26 01:01:15,0.00129400,1.00000000
2018-02-26 01:01:16,0.00129400,10.00000000
2018-02-26 01:01:16,0.00129500,2.02000000
2018-02-26 01:01:16,0.00129400,1.94000000
2018-02-26 01:01:19,0.00129490,1.73000000
2018-02-26 01:01:19,0.00129500,0.41000000
2018-02-26 01:01:19,0.00129700,2.34000000
2018-02-26 01:01:19,0.00129730,195.10000000
2018-02-26 01:01:19,0.00129740,49.49000000
2018-02-26 01:01:19,0.00129750,94.85000000
2018-02-26 01:01:19,0.00129800,64.73000000
2018-02-26 01:01:20,0.00129540,1.14000000
2018-02-26 01:01:21,0.00129550,2.39000000
2018-02-26 01:01:21,0.00129540,7.97000000
2018-02-26 01:01:21,0.00129670,33.07000000
2018-02-26 01:01:21,0.00129670,77.45000000
2018-02-26 01:01:24,0.00129670,30.82000000
2018-02-26 01:01:26,0.00129670,69.39000000
2018-02-26 01:01:27,0.00129670,10.40000000
2018-02-26 01:01:27,0.00129780,2.34000000
2018-02-26 01:01:27,0.00129800,5.27000000
2018-02-26 01:01:27,0.00129820,3.11000000
2018-02-26 01:01:27,0.00129870,15.51000000
2018-02-26 01:01:27,0.00129900,220.27000000
2018-02-26 01:01:27,0.00129920,479.19000000
2018-02-26 01:01:27,0.00129930,10.66000000
2018-02-26 01:01:27,0.00129940,25.81000000
2018-02-26 01:01:27,0.00129990,19.27000000
2018-02-26 01:01:27,0.00130000,2108.17000000
2018-02-26 01:01:27,0.00129760,1.00000000
2018-02-26 01:01:27,0.00129550,2.00000000
2018-02-26 01:01:28,0.00129670,6.63000000
2018-02-26 01:01:28,0.00129670,1.40000000
2018-02-26 01:01:28,0.00129900,1.00000000
2018-02-26 01:01:28,0.00129920,9.11000000
2018-02-26 01:01:28,0.00129940,6.63000000
2018-02-26 01:01:28,0.00130000,754.14000000
2018-02-26 01:01:28,0.00129770,1.38000000
2018-02-26 01:01:28,0.00129670,2.55000000
2018-02-26 01:01:28,0.00129670,1.38000000
2018-02-26 01:01:29,0.00129670,7.93000000
2018-02-26 01:01:30,0.00129670,1.38000000
2018-02-26 01:01:30,0.00129770,1.38000000
2018-02-26 01:01:30,0.00129690,2.58000000
2018-02-26 01:01:30,0.00129690,17.48000000
2018-02-26 01:01:30,0.00129940,13.26000000
2018-02-26 01:01:30,0.00130000,527.51000000
2018-02-26 01:01:30,0.00130000,340.07000000
2018-02-26 01:01:30,0.00130000,566.73000000
2018-02-26 01:01:30,0.00130000,23.34000000
2018-02-26 01:01:30,0.00130000,23.07000000
2018-02-26 01:01:30,0.00130000,4.24000000
2018-02-26 01:01:30,0.00130000,23.07000000
2018-02-26 01:01:30,0.00130000,4.66000000
2018-02-26 01:01:30,0.00130000,18.03000000
2018-02-26 01:01:31,0.00130000,20.11000000
2018-02-26 01:01:31,0.00130000,69.32000000
2018-02-26 01:01:32,0.00130000,3.93000000
2018-02-26 01:01:32,0.00130000,15.00000000
2018-02-26 01:01:32,0.00130000,7.50000000
2018-02-26 01:01:32,0.00130000,7.68000000
2018-02-26 01:01:33,0.00130000,68.56000000
2018-02-26 01:01:34,0.00130010,90.80000000
2018-02-26 01:01:35,0.00130010,1.57000000
2018-02-26 01:01:35,0.00130010,87.29000000
2018-02-26 01:01:35,0.00130050,10.79000000
2018-02-26 01:01:35,0.00130060,5.43000000
2018-02-26 01:01:35,0.00130070,43.08000000
2018-02-26 01:01:35,0.00130100,64.70000000
2018-02-26 01:01:35,0.00130010,106.27000000
2018-02-26 01:01:37,0.00130000,6.17000000
2018-02-26 01:01:37,0.00130000,3.75000000
2018-02-26 01:01:37,0.00130000,3.93000000
2018-02-26 01:01:37,0.00130000,89.27000000
2018-02-26 01:01:38,0.00130100,5.69000000
2018-02-26 01:01:38,0.00130100,104.99000000
2018-02-26 01:01:38,0.00130110,2.50000000
2018-02-26 01:01:38,0.00130150,66.70000000
2018-02-26 01:01:38,0.00130180,533.70000000
2018-02-26 01:01:38,0.00130180,0.94000000
2018-02-26 01:01:38,0.00130180,4.75000000
2018-02-26 01:01:38,0.00129810,1.70000000
2018-02-26 01:01:39,0.00129910,1.00000000
2018-02-26 01:01:39,0.00130000,43.65000000
2018-02-26 01:01:39,0.00130000,42.39000000
2018-02-26 01:01:40,0.00129810,0.64000000
2018-02-26 01:01:41,0.00129730,13.15000000
2018-02-26 01:01:42,0.00129780,27.76000000
2018-02-26 01:01:42,0.00129700,0.42000000
2018-02-26 01:01:42,0.00129700,1.92000000
2018-02-26 01:01:42,0.00129680,13.75000000
2018-02-26 01:01:42,0.00129680,4.62000000
2018-02-26 01:01:43,0.00129680,1.96000000
2018-02-26 01:01:43,0.00129680,3.53000000
2018-02-26 01:01:43,0.00129680,1.95000000
2018-02-26 01:01:43,0.00129680,1.95000000
2018-02-26 01:01:43,0.00129690,1.57000000
2018-02-26 01:01:43,0.00129690,1.87000000
2018-02-26 01:01:43,0.00129690,1.17000000
2018-02-26 01:01:44,0.00129690,1.95000000
2018-02-26 01:01:44,0.00129780,1.00000000
2018-02-26 01:01:44,0.00129880,2.34000000
2018-02-26 01:01:44,0.00129990,2.34000000
2018-02-26 01:01:44,0.00130000,255.99000000
2018-02-26 01:01:44,0.00129700,1.95000000
2018-02-26 01:01:44,0.00129700,1.00000000
2018-02-26 01:01:44,0.00129700,6.24000000
2018-02-26 01:01:44,0.00129700,5.55000000
2018-02-26 01:01:44,0.00129990,51.45000000
2018-02-26 01:01:44,0.00130000,65.19000000
2018-02-26 01:01:44,0.00129700,1.95000000
2018-02-26 01:01:45,0.00129700,22.81000000
2018-02-26 01:01:45,0.00129700,3.12000000
2018-02-26 01:01:45,0.00129710,1.73000000
2018-02-26 01:01:45,0.00129720,2.73000000
2018-02-26 01:01:45,0.00129720,7.84000000
2018-02-26 01:01:45,0.00129720,3.86000000
2018-02-26 01:01:45,0.00129720,1.95000000
2018-02-26 01:01:45,0.00129720,9.73000000
2018-02-26 01:01:46,0.00129720,35.38000000
2018-02-26 01:01:46,0.00129720,3.17000000
2018-02-26 01:01:46,0.00129710,13.68000000
2018-02-26 01:01:46,0.00129690,95.37000000
2018-02-26 01:01:46,0.00129690,1.96000000
2018-02-26 01:01:46,0.00129690,1.11000000
2018-02-26 01:01:46,0.00129680,4.21000000
2018-02-26 01:01:46,0.00129690,72.36000000
2018-02-26 01:01:47,0.00129680,1.96000000
2018-02-26 01:01:47,0.00129690,32.58000000
2018-02-26 01:01:47,0.00129700,5.88000000
2018-02-26 01:01:47,0.00129970,2.34000000
2018-02-26 01:01:47,0.00130000,42.10000000
2018-02-26 01:01:47,0.00130000,2.35000000
2018-02-26 01:01:47,0.00130000,4.22000000
2018-02-26 01:01:47,0.00130000,84.85000000
2018-02-26 01:01:48,0.00129810,2.34000000
2018-02-26 01:01:48,0.00129810,1.65000000
2018-02-26 01:01:48,0.00129810,12.14000000
2018-02-26 01:01:48,0.00129810,1.96000000
2018-02-26 01:01:49,0.00129810,2.35000000
2018-02-26 01:01:50,0.00129840,1.02000000
2018-02-26 01:01:51,0.00130000,6.10000000
2018-02-26 01:01:52,0.00130000,9.08000000
2018-02-26 01:01:52,0.00129840,1.95000000
2018-02-26 01:01:52,0.00130000,57.18000000
2018-02-26 01:01:53,0.00130000,9.23000000
2018-02-26 01:01:53,0.00130000,1.70000000
2018-02-26 01:01:53,0.00130010,27.73000000
2018-02-26 01:01:54,0.00130030,5.54000000
2018-02-26 01:01:54,0.00130030,0.78000000
2018-02-26 01:01:54,0.00130040,118.33000000
2018-02-26 01:01:54,0.00130030,27.77000000
2018-02-26 01:01:54,0.00130030,6.78000000
2018-02-26 01:01:56,0.00130010,3.56000000
2018-02-26 01:01:57,0.00130180,1.92000000
2018-02-26 01:01:59,0.00130180,2.83000000
2018-02-26 01:01:59,0.00130190,1.01000000
2018-02-26 01:01:59,0.00130190,27.99000000
2018-02-26 01:01:59,0.00130010,23.04000000
2018-02-26 01:01:59,0.00130170,13.30000000
2018-02-26 01:01:59,0.00130170,10.02000000
2018-02-26 01:01:59,0.00130180,23.04000000
2018-02-26 01:01:59,0.00130180,23.04000000
2018-02-26 01:01:59,0.00130200,41.20000000
2018-02-26 01:01:59,0.00130200,30.44000000
2018-02-26 01:01:59,0.00130210,2.50000000
2018-02-26 01:01:59,0.00130180,1.09000000
2018-02-26 01:01:59,0.00130200,5.00000000
2018-02-26 01:01:59,0.00130200,29.04000000
2018-02-26 01:02:00,0.00130200,23.04000000
2018-02-26 01:02:00,0.00130200,18.40000000
2018-02-26 01:02:00,0.00130180,9.67000000
2018-02-26 01:02:00,0.00130200,9.86000000
2018-02-26 01:02:00,0.00130200,58.32000000
2018-02-26 01:02:00,0.00130200,13.57000000
2018-02-26 01:02:00,0.00130200,13.49000000
2018-02-26 01:02:00,0.00130200,2.49000000
2018-02-26 01:02:00,0.00130200,467.46000000
2018-02-26 01:02:00,0.00130280,0.91000000
2018-02-26 01:02:00,0.00130290,15.41000000
2018-02-26 01:02:00,0.00130300,107.01000000
2018-02-26 01:02:00,0.00130300,8.88000000
2018-02-26 01:02:00,0.00130300,6.29000000
2018-02-26 01:02:00,0.00130300,8.42000000
2018-02-26 01:02:00,0.00130300,10.10000000
2018-02-26 01:02:00,0.00130300,23.02000000
2018-02-26 01:02:00,0.00130300,18.60000000
2018-02-26 01:02:00,0.00130300,8.56000000
2018-02-26 01:02:00,0.00130200,0.01000000
2018-02-26 01:02:00,0.00130200,4.75000000
2018-02-26 01:02:00,0.00130180,7.72000000
2018-02-26 01:02:00,0.00130180,4.75000000
2018-02-26 01:02:00,0.00130180,2.56000000
2018-02-26 01:02:00,0.00130180,23.02000000
2018-02-26 01:02:01,0.00130180,8.56000000
2018-02-26 01:02:01,0.00130180,6.72000000
2018-02-26 01:02:02,0.00130190,2.01000000
2018-02-26 01:02:02,0.00130190,0.53000000
2018-02-26 01:02:02,0.00130190,162.30000000
2018-02-26 01:02:02,0.00130180,3.63000000
2018-02-26 01:02:02,0.00130190,185.32000000
2018-02-26 01:02:02,0.00130300,65.10000000
2018-02-26 01:02:03,0.00130180,78.25000000
2018-02-26 01:02:06,0.00130300,66.81000000
2018-02-26 01:02:07,0.00130180,90.00000000
2018-02-26 01:02:07,0.00130180,29.97000000
2018-02-26 01:02:08,0.00130300,1.84000000
2018-02-26 01:02:08,0.00130310,86.88000000
2018-02-26 01:02:08,0.00130410,2.50000000
2018-02-26 01:02:08,0.00130480,85.96000000
2018-02-26 01:02:08,0.00130490,250.42000000
2018-02-26 01:02:08,0.00130500,305.63000000
2018-02-26 01:02:08,0.00130510,2.50000000
2018-02-26 01:02:08,0.00130520,995.19000000
2018-02-26 01:02:08,0.00130700,20.14000000
2018-02-26 01:02:08,0.00130730,27.71000000
2018-02-26 01:02:08,0.00130830,10.00000000
2018-02-26 01:02:08,0.00130900,320.00000000
2018-02-26 01:02:08,0.00130950,15.48000000
2018-02-26 01:02:08,0.00130980,21.00000000
2018-02-26 01:02:08,0.00130990,160.67000000
2018-02-26 01:02:08,0.00131000,1232.91000000
2018-02-26 01:02:08,0.00130700,22.22000000
2018-02-26 01:02:08,0.00130700,1.09000000
2018-02-26 01:02:08,0.00130700,1.09000000
2018-02-26 01:02:08,0.00130710,74.25000000
2018-02-26 01:02:08,0.00130710,2.22000000
2018-02-26 01:02:08,0.00130700,22.95000000
2018-02-26 01:02:08,0.00130700,3.62000000
2018-02-26 01:02:08,0.00130700,3.68000000
2018-02-26 01:02:08,0.00130700,1.69000000
2018-02-26 01:02:08,0.00130700,26.51000000
2018-02-26 01:02:08,0.00130450,12.09000000
2018-02-26 01:02:09,0.00130480,2.31000000
2018-02-26 01:02:09,0.00130450,11.46000000
2018-02-26 01:02:09,0.00130700,17.97000000
2018-02-26 01:02:09,0.00130450,9.84000000
2018-02-26 01:02:09,0.00130670,10.24000000
2018-02-26 01:02:10,0.00130410,1.69000000
2018-02-26 01:02:12,0.00130480,5.00000000
2018-02-26 01:02:13,0.00130500,2.31000000
2018-02-26 01:02:13,0.00130480,31.02000000
2018-02-26 01:02:13,0.00130420,2.69000000
2018-02-26 01:02:14,0.00130430,20.00000000
2018-02-26 01:02:14,0.00130640,21.75000000
2018-02-26 01:02:14,0.00130650,2.31000000
2018-02-26 01:02:14,0.00130670,1.79000000
2018-02-26 01:02:14,0.00130670,1.79000000
2018-02-26 01:02:14,0.00130670,2.00000000
2018-02-26 01:02:14,0.00130670,5.00000000
2018-02-26 01:02:15,0.00130670,75.39000000
2018-02-26 01:02:15,0.00130680,4.00000000
2018-02-26 01:02:15,0.00130690,101.00000000
2018-02-26 01:02:15,0.00130670,1.56000000
2018-02-26 01:02:15,0.00130670,10.50000000
2018-02-26 01:02:15,0.00130670,1.17000000
2018-02-26 01:02:16,0.00130670,1.69000000
2018-02-26 01:02:16,0.00130690,34.09000000
2018-02-26 01:02:16,0.00130700,8.39000000
2018-02-26 01:02:16,0.00130670,6.75000000
2018-02-26 01:02:16,0.00130670,5.00000000
2018-02-26 01:02:16,0.00130670,0.93000000
2018-02-26 01:02:16,0.00130700,14.26000000
2018-02-26 01:02:16,0.00130710,1.69000000
2018-02-26 01:02:16,0.00130670,228.83000000
2018-02-26 01:02:17,0.00130670,1.56000000
2018-02-26 01:02:17,0.00130700,15.00000000
2018-02-26 01:02:18,0.00130700,5.00000000
2018-02-26 01:02:19,0.00130700,5.65000000
2018-02-26 01:02:20,0.00130820,77.72000000
2018-02-26 01:02:20,0.00130820,2.00000000
2018-02-26 01:02:20,0.00130830,0.19000000
2018-02-26 01:02:20,0.00130700,20.00000000
2018-02-26 01:02:20,0.00130830,4.68000000
2018-02-26 01:02:20,0.00130700,5.00000000
2018-02-26 01:02:21,0.00130700,18.42000000
2018-02-26 01:02:21,0.00130830,31.15000000
2018-02-26 01:02:21,0.00130990,10.00000000
2018-02-26 01:02:21,0.00131000,473.10000000
2018-02-26 01:02:21,0.00131000,1.00000000
2018-02-26 01:02:21,0.00131000,13.00000000
2018-02-26 01:02:22,0.00131000,2.90000000
2018-02-26 01:02:23,0.00131000,3.83000000
2018-02-26 01:02:23,0.00131010,3.43000000
2018-02-26 01:02:23,0.00130840,5.00000000
2018-02-26 01:02:23,0.00131050,8.99000000
2018-02-26 01:02:23,0.00131100,54.57000000
2018-02-26 01:02:24,0.00131040,5.00000000
2018-02-26 01:02:24,0.00131100,40.00000000
2018-02-26 01:02:24,0.00130850,5.00000000
2018-02-26 01:02:24,0.00130850,69.20000000
2018-02-26 01:02:24,0.00131100,12.68000000
2018-02-26 01:02:25,0.00130830,10.00000000
2018-02-26 01:02:26,0.00131000,5.00000000
2018-02-26 01:02:27,0.00131010,1.68000000
2018-02-26 01:02:28,0.00131000,5.00000000
2018-02-26 01:02:28,0.00131000,20.01000000
2018-02-26 01:02:29,0.00130900,14.30000000
2018-02-26 01:02:29,0.00130830,10.71000000
2018-02-26 01:02:29,0.00130830,20.00000000
2018-02-26 01:02:29,0.00130830,18.42000000
2018-02-26 01:02:29,0.00130830,14.00000000
2018-02-26 01:02:29,0.00130830,131.10000000
2018-02-26 01:02:29,0.00130780,1.69000000
2018-02-26 01:02:30,0.00131010,2.33000000
2018-02-26 01:02:30,0.00131080,2.31000000
2018-02-26 01:02:30,0.00131100,43.06000000
2018-02-26 01:02:30,0.00130760,13.17000000
2018-02-26 01:02:30,0.00131000,2.66000000
2018-02-26 01:02:30,0.00130540,1.35000000
2018-02-26 01:02:30,0.00130410,10.00000000
2018-02-26 01:02:31,0.00130830,5.00000000
2018-02-26 01:02:31,0.00131000,13.17000000
2018-02-26 01:02:32,0.00131000,4.00000000
2018-02-26 01:02:32,0.00131000,15.00000000
2018-02-26 01:02:32,0.00131000,2.50000000
2018-02-26 01:02:32,0.00131000,26.60000000
2018-02-26 01:02:33,0.00131000,3.50000000
2018-02-26 01:02:33,0.00131000,1.96000000
2018-02-26 01:02:33,0.00131000,5.00000000
2018-02-26 01:02:33,0.00131000,2.27000000
2018-02-26 01:02:33,0.00131000,3.56000000
2018-02-26 01:02:34,0.00131000,320.00000000
2018-02-26 01:02:34,0.00131000,2.26000000
2018-02-26 01:02:34,0.00131010,341.11000000
2018-02-26 01:02:34,0.00131080,333.39000000
2018-02-26 01:02:34,0.00131090,158.23000000
2018-02-26 01:02:34,0.00131100,67.51000000
2018-02-26 01:02:34,0.00131100,5.88000000
2018-02-26 01:02:34,0.00131100,5.00000000
2018-02-26 01:02:34,0.00131100,52.62000000
2018-02-26 01:02:34,0.00131100,3.09000000
2018-02-26 01:02:34,0.00131100,3.09000000
2018-02-26 01:02:34,0.00131100,17.43000000
2018-02-26 01:02:34,0.00131100,42.89000000
2018-02-26 01:02:34,0.00131100,1.00000000
2018-02-26 01:02:34,0.00131100,14.00000000
2018-02-26 01:02:35,0.00131100,1.16000000
2018-02-26 01:02:35,0.00131100,10.00000000
2018-02-26 01:02:35,0.00131100,1.73000000
2018-02-26 01:02:35,0.00131100,20.00000000
2018-02-26 01:02:35,0.00131100,5.00000000
2018-02-26 01:02:35,0.00131120,1.94000000
2018-02-26 01:02:35,0.00131120,124.20000000
2018-02-26 01:02:36,0.00131100,157.27000000
2018-02-26 01:02:36,0.00131100,46.77000000
2018-02-26 01:02:36,0.00131010,71.42000000
2018-02-26 01:02:36,0.00131000,68.36000000
2018-02-26 01:02:36,0.00131000,8.00000000
2018-02-26 01:02:36,0.00131000,4.00000000
2018-02-26 01:02:36,0.00131000,25.01000000
2018-02-26 01:02:37,0.00131120,1.94000000
2018-02-26 01:02:37,0.00131150,46.30000000
2018-02-26 01:02:37,0.00131170,71.42000000
2018-02-26 01:02:37,0.00131180,115.77000000
2018-02-26 01:02:37,0.00131220,15.31000000
2018-02-26 01:02:37,0.00131000,5.00000000
2018-02-26 01:02:37,0.00131000,78.70000000
2018-02-26 01:02:38,0.00131220,15.75000000
2018-02-26 01:02:38,0.00131030,2.31000000
2018-02-26 01:02:38,0.00131000,1.10000000
2018-02-26 01:02:38,0.00131000,1.24000000
2018-02-26 01:02:38,0.00131000,16.34000000
2018-02-26 01:02:38,0.00131000,142.29000000
2018-02-26 01:02:38,0.00131100,9.84000000
2018-02-26 01:02:38,0.00131200,2.31000000
2018-02-26 01:02:38,0.00131220,19.54000000
2018-02-26 01:02:38,0.00131270,30.74000000
2018-02-26 01:02:39,0.00131150,4.00000000
2018-02-26 01:02:39,0.00131260,15.00000000
2018-02-26 01:02:39,0.00131270,98.94000000
2018-02-26 01:02:39,0.00131270,204.40000000
2018-02-26 01:02:40,0.00131270,179.42000000
2018-02-26 01:02:40,0.00131280,189.29000000
2018-02-26 01:02:40,0.00131280,627.83000000
2018-02-26 01:02:40,0.00131300,38.19000000
2018-02-26 01:02:40,0.00131370,2.59000000
2018-02-26 01:02:40,0.00131270,7.93000000
2018-02-26 01:02:40,0.00131190,0.02000000
2018-02-26 01:02:40,0.00131190,7.95000000
2018-02-26 01:02:40,0.00131410,15.22000000
2018-02-26 01:02:40,0.00131500,0.31000000
2018-02-26 01:02:40,0.00131190,7.27000000
2018-02-26 01:02:40,0.00131160,0.66000000
2018-02-26 01:02:41,0.00131260,1.00000000
2018-02-26 01:02:41,0.00131160,9.50000000
2018-02-26 01:02:41,0.00131180,6.34000000
2018-02-26 01:02:41,0.00131270,1.68000000
2018-02-26 01:02:41,0.00131400,1.00000000
2018-02-26 01:02:41,0.00131410,45.57000000
2018-02-26 01:02:41,0.00131410,15.36000000
2018-02-26 01:02:41,0.00131410,2.37000000
2018-02-26 01:02:41,0.00131410,3.07000000
2018-02-26 01:02:41,0.00131410,22.82000000
2018-02-26 01:02:41,0.00131410,22.82000000
2018-02-26 01:02:41,0.00131410,10.85000000
2018-02-26 01:02:41,0.00131410,4.46000000
2018-02-26 01:02:41,0.00131410,12.77000000
2018-02-26 01:02:42,0.00131490,3.85000000
2018-02-26 01:02:42,0.00131300,5.00000000
2018-02-26 01:02:42,0.00131500,100.00000000
2018-02-26 01:02:43,0.00131310,6.31000000
2018-02-26 01:02:43,0.00131500,2.20000000
2018-02-26 01:02:43,0.00131500,0.95000000
2018-02-26 01:02:43,0.00131500,43.70000000
2018-02-26 01:02:44,0.00131500,22.81000000
2018-02-26 01:02:44,0.00131500,9.83000000
2018-02-26 01:02:44,0.00131330,2.31000000
2018-02-26 01:02:44,0.00131300,8.25000000
2018-02-26 01:02:44,0.00131480,0.23000000
2018-02-26 01:02:44,0.00131310,5.00000000
2018-02-26 01:02:45,0.00131310,20.00000000
2018-02-26 01:02:45,0.00131310,15.28000000
2018-02-26 01:02:45,0.00131310,3.21000000
2018-02-26 01:02:45,0.00131480,2.08000000
2018-02-26 01:02:45,0.00131500,3.06000000
2018-02-26 01:02:45,0.00131510,2.50000000
2018-02-26 01:02:45,0.00131520,1.29000000
2018-02-26 01:02:46,0.00131480,4.74000000
2018-02-26 01:02:46,0.00131480,21.96000000
2018-02-26 01:02:46,0.00131480,5.00000000
2018-02-26 01:02:48,0.00131480,15.00000000
2018-02-26 01:02:48,0.00131490,0.06000000
2018-02-26 01:02:49,0.00131490,43.43000000
2018-02-26 01:02:49,0.00131520,0.71000000
2018-02-26 01:02:50,0.00131520,24.41000000
2018-02-26 01:02:50,0.00131520,4.74000000
2018-02-26 01:02:50,0.00131570,0.02000000
2018-02-26 01:02:50,0.00131520,36.68000000
2018-02-26 01:02:50,0.00131520,0.95000000
2018-02-26 01:02:51,0.00131520,20.98000000
2018-02-26 01:02:51,0.00131480,615.22000000
2018-02-26 01:02:51,0.00131400,444.52000000
2018-02-26 01:02:51,0.00131370,174.52000000
2018-02-26 01:02:52,0.00131470,3.17000000
2018-02-26 01:02:52,0.00131380,11.59000000
2018-02-26 01:02:52,0.00131500,5.97000000
2018-02-26 01:02:52,0.00131490,2.31000000
2018-02-26 01:02:53,0.00131430,43.37000000
2018-02-26 01:02:53,0.00131500,7.60000000
2018-02-26 01:02:55,0.00131500,8.32000000
2018-02-26 01:02:55,0.00131490,11.59000000
2018-02-26 01:02:55,0.00131490,64.54000000
2018-02-26 01:02:55,0.00131480,109.61000000
2018-02-26 01:02:55,0.00131500,6.42000000
2018-02-26 01:02:56,0.00131500,7.00000000
2018-02-26 01:02:56,0.00131500,23.14000000
2018-02-26 01:02:58,0.00131500,0.58000000
2018-02-26 01:02:59,0.00131500,116.50000000
2018-02-26 01:03:00,0.00131690,2.31000000
2018-02-26 01:03:00,0.00131710,0.81000000
2018-02-26 01:03:01,0.00131710,6.76000000
2018-02-26 01:03:01,0.00131720,6.91000000
2018-02-26 01:03:01,0.00131750,127.76000000
2018-02-26 01:03:02,0.00131750,37.00000000
2018-02-26 01:03:03,0.00131740,47.55000000
2018-02-26 01:03:03,0.00131750,36.41000000
2018-02-26 01:03:03,0.00131760,6.32000000
2018-02-26 01:03:03,0.00131800,141.14000000
2018-02-26 01:03:03,0.00131810,35.00000000
2018-02-26 01:03:03,0.00131840,26.67000000
2018-02-26 01:03:03,0.00131880,24.87000000
2018-02-26 01:03:03,0.00131900,96.04000000
2018-02-26 01:03:04,0.00131770,133.94000000
2018-02-26 01:03:06,0.00131840,0.76000000
2018-02-26 01:03:07,0.00131840,58.07000000
2018-02-26 01:03:08,0.00131840,80.77000000
2018-02-26 01:03:08,0.00131900,83.91000000
2018-02-26 01:03:08,0.00131920,5.90000000
2018-02-26 01:03:08,0.00131930,15.26000000
2018-02-26 01:03:08,0.00131980,10.92000000
2018-02-26 01:03:08,0.00131990,808.29000000
2018-02-26 01:03:08,0.00132000,2115.91000000
2018-02-26 01:03:08,0.00132000,15.23000000
2018-02-26 01:03:09,0.00132000,250.00000000
2018-02-26 01:03:09,0.00132020,3.47000000
2018-02-26 01:03:09,0.00132080,11.45000000
2018-02-26 01:03:09,0.00132100,13.45000000
2018-02-26 01:03:09,0.00132100,29.70000000
2018-02-26 01:03:09,0.00132110,15.62000000
2018-02-26 01:03:10,0.00132000,4.51000000
2018-02-26 01:03:10,0.00132000,232.72000000
2018-02-26 01:03:10,0.00132000,65.74000000
2018-02-26 01:03:10,0.00132000,57.49000000
2018-02-26 01:03:10,0.00131850,38.89000000
2018-02-26 01:03:11,0.00131900,0.95000000
2018-02-26 01:03:11,0.00132110,150.13000000
2018-02-26 01:03:11,0.00132020,3.82000000
2018-02-26 01:03:11,0.00131900,16.77000000
2018-02-26 01:03:11,0.00131900,9.04000000
2018-02-26 01:03:11,0.00131900,7.06000000
2018-02-26 01:03:11,0.00132110,56.48000000
2018-02-26 01:03:11,0.00131930,261.00000000
2018-02-26 01:03:11,0.00131920,126.46000000
2018-02-26 01:03:11,0.00131840,18.46000000
2018-02-26 01:03:11,0.00131800,8.14000000
2018-02-26 01:03:11,0.00131770,3.88000000
2018-02-26 01:03:11,0.00131750,137.34000000
2018-02-26 01:03:12,0.00132100,471.87000000
2018-02-26 01:03:12,0.00132100,15.60000000
2018-02-26 01:03:12,0.00132100,253.42000000
2018-02-26 01:03:12,0.00132110,144.85000000
2018-02-26 01:03:12,0.00132110,52.12000000
2018-02-26 01:03:12,0.00132110,3.20000000
2018-02-26 01:03:12,0.00132110,2.63000000
2018-02-26 01:03:12,0.00132110,113.16000000
2018-02-26 01:03:12,0.00132000,10.22000000
2018-02-26 01:03:12,0.00131950,2.28000000
2018-02-26 01:03:13,0.00131640,1.00000000
2018-02-26 01:03:13,0.00131550,9.00000000
2018-02-26 01:03:14,0.00131990,1.86000000
2018-02-26 01:03:14,0.00132000,100.87000000
2018-02-26 01:03:14,0.00131900,3.82000000
2018-02-26 01:03:14,0.00131900,1.18000000
2018-02-26 01:03:14,0.00132000,5.80000000
2018-02-26 01:03:15,0.00131660,1.29000000
2018-02-26 01:03:15,0.00131560,1.81000000
2018-02-26 01:03:15,0.00132000,11.29000000
2018-02-26 01:03:15,0.00131560,30.65000000
2018-02-26 01:03:15,0.00131890,1.29000000
2018-02-26 01:03:15,0.00131990,9.00000000
2018-02-26 01:03:15,0.00132000,22.27000000
2018-02-26 01:03:15,0.00132000,7.88000000
2018-02-26 01:03:15,0.00132090,2.28000000
2018-02-26 01:03:15,0.00132110,7.50000000
2018-02-26 01:03:15,0.00132110,1.37000000
2018-02-26 01:03:15,0.00132110,24.61000000
2018-02-26 01:03:15,0.00132110,3.86000000
2018-02-26 01:03:15,0.00132110,1.08000000
2018-02-26 01:03:15,0.00132110,6.79000000
2018-02-26 01:03:15,0.00132110,3.84000000
2018-02-26 01:03:15,0.00132110,5.69000000
2018-02-26 01:03:15,0.00132110,32.46000000
2018-02-26 01:03:15,0.00132110,15.28000000
2018-02-26 01:03:15,0.00132110,1.96000000
2018-02-26 01:03:15,0.00132110,49.44000000
2018-02-26 01:03:15,0.00132110,2.34000000
2018-02-26 01:03:15,0.00132110,2.48000000
2018-02-26 01:03:15,0.00132110,15.68000000
2018-02-26 01:03:15,0.00132110,50.68000000
2018-02-26 01:03:15,0.00131770,10.57000000
2018-02-26 01:03:16,0.00131660,0.94000000
2018-02-26 01:03:16,0.00131570,15.47000000
2018-02-26 01:03:16,0.00131570,4.70000000
2018-02-26 01:03:16,0.00131670,9.22000000
2018-02-26 01:03:16,0.00131570,0.60000000
2018-02-26 01:03:16,0.00131570,1.78000000
2018-02-26 01:03:16,0.00131570,1.94000000
2018-02-26 01:03:16,0.00132020,10.16000000
2018-02-26 01:03:16,0.00132120,0.84000000
2018-02-26 01:03:16,0.00131680,1.69000000
2018-02-26 01:03:16,0.00131680,1.57000000
2018-02-26 01:03:16,0.00131680,22.78000000
2018-02-26 01:03:16,0.00131680,1.57000000
2018-02-26 01:03:16,0.00131680,6.84000000
2018-02-26 01:03:16,0.00131680,1.96000000
2018-02-26 01:03:16,0.00131680,19.39000000
2018-02-26 01:03:16,0.00132000,12.63000000
2018-02-26 01:03:16,0.00132110,4.93000000
2018-02-26 01:03:16,0.00132120,0.12000000
2018-02-26 01:03:16,0.00132120,13.35000000
2018-02-26 01:03:16,0.00132120,17.10000000
2018-02-26 01:03:16,0.00132020,30.45000000
2018-02-26 01:03:16,0.00132020,1.43000000
2018-02-26 01:03:16,0.00132020,2.09000000
2018-02-26 01:03:16,0.00132020,38.79000000
2018-02-26 01:03:16,0.00132020,4.24000000
2018-02-26 01:03:16,0.00131690,2.51000000
2018-02-26 01:03:16,0.00131590,0.01000000
2018-02-26 01:03:16,0.00131590,29.64000000
2018-02-26 01:03:16,0.00132000,2.11000000
2018-02-26 01:03:16,0.00131590,1.17000000
2018-02-26 01:03:16,0.00131590,3.39000000
2018-02-26 01:03:17,0.00131620,2.28000000
2018-02-26 01:03:17,0.00131590,20.44000000
2018-02-26 01:03:17,0.00131590,3.08000000
2018-02-26 01:03:17,0.00131590,1.95000000
2018-02-26 01:03:17,0.00131590,12.82000000
2018-02-26 01:03:17,0.00131590,1.56000000
2018-02-26 01:03:17,0.00131590,0.94000000
2018-02-26 01:03:17,0.00131590,11.69000000
2018-02-26 01:03:17,0.00131590,82.08000000
2018-02-26 01:03:17,0.00131590,2.74000000
2018-02-26 01:03:17,0.00131590,1.95000000
2018-02-26 01:03:17,0.00131890,80.29000000
2018-02-26 01:03:17,0.00131980,2.28000000
2018-02-26 01:03:17,0.00132000,586.94000000
2018-02-26 01:03:17,0.00132110,4.13000000
2018-02-26 01:03:17,0.00131590,11.38000000
2018-02-26 01:03:17,0.00131590,1.55000000
2018-02-26 01:03:17,0.00131590,20.38000000
2018-02-26 01:03:17,0.00131590,15.18000000
2018-02-26 01:03:17,0.00131600,2.35000000
2018-02-26 01:03:17,0.00131600,1.79000000
2018-02-26 01:03:17,0.00131600,4.70000000
2018-02-26 01:03:17,0.00131790,51.18000000
2018-02-26 01:03:18,0.00131600,3.82000000
2018-02-26 01:03:18,0.00131600,7.40000000
2018-02-26 01:03:18,0.00131600,7.68000000
2018-02-26 01:03:18,0.00131600,15.98000000
2018-02-26 01:03:18,0.00131600,3.14000000
2018-02-26 01:03:18,0.00131600,6.73000000
2018-02-26 01:03:18,0.00131660,0.94000000
2018-02-26 01:03:18,0.00131900,1.90000000
2018-02-26 01:03:18,0.00132000,1.16000000
2018-02-26 01:03:18,0.00132000,26.61000000
2018-02-26 01:03:18,0.00132000,12.51000000
2018-02-26 01:03:18,0.00131660,5.87000000
2018-02-26 01:03:18,0.00131600,3.83000000
2018-02-26 01:03:18,0.00131600,5.07000000
2018-02-26 01:03:19,0.00131530,4.34000000
2018-02-26 01:03:19,0.00131790,10.16000000
2018-02-26 01:03:19,0.00131850,14.99000000
2018-02-26 01:03:19,0.00131850,2.41000000
2018-02-26 01:03:19,0.00131890,7.65000000
2018-02-26 01:03:19,0.00131850,5.92000000
2018-02-26 01:03:19,0.00131530,2.99000000
2018-02-26 01:03:20,0.00131780,35.35000000
2018-02-26 01:03:20,0.00131540,16.86000000
2018-02-26 01:03:20,0.00131540,6.69000000
2018-02-26 01:03:20,0.00131540,0.94000000
2018-02-26 01:03:20,0.00131760,2.31000000
2018-02-26 01:03:20,0.00131780,2.34000000
2018-02-26 01:03:20,0.00131780,0.69000000
2018-02-26 01:03:20,0.00131540,26.19000000
2018-02-26 01:03:20,0.00131540,0.82000000
2018-02-26 01:03:21,0.00131540,3.13000000
2018-02-26 01:03:21,0.00131540,1.96000000
2018-02-26 01:03:21,0.00131540,3.46000000
2018-02-26 01:03:21,0.00131540,13.14000000
2018-02-26 01:03:21,0.00131520,5.14000000
2018-02-26 01:03:21,0.00131520,13.25000000
2018-02-26 01:03:22,0.00131760,2.51000000
2018-02-26 01:03:22,0.00131750,8.90000000
2018-02-26 01:03:22,0.00131760,75.93000000
2018-02-26 01:03:22,0.00131770,3.88000000
2018-02-26 01:03:22,0.00131780,4.67000000
2018-02-26 01:03:22,0.00131790,6.81000000
2018-02-26 01:03:22,0.00131870,2.37000000
2018-02-26 01:03:22,0.00131890,2.37000000
2018-02-26 01:03:22,0.00131890,282.14000000
2018-02-26 01:03:23,0.00131890,1.93000000
2018-02-26 01:03:23,0.00131890,16.81000000
2018-02-26 01:03:23,0.00131890,1.49000000
2018-02-26 01:03:23,0.00131890,3.92000000
2018-02-26 01:03:23,0.00131890,11.14000000
2018-02-26 01:03:23,0.00131890,7.88000000
2018-02-26 01:03:23,0.00131890,1.68000000
2018-02-26 01:03:23,0.00131890,1.96000000
2018-02-26 01:03:23,0.00131890,97.90000000
2018-02-26 01:03:23,0.00131890,1.95000000
2018-02-26 01:03:23,0.00131890,107.51000000
2018-02-26 01:03:23,0.00131890,3.90000000
2018-02-26 01:03:23,0.00131890,1.93000000
2018-02-26 01:03:23,0.00131890,4.41000000
2018-02-26 01:03:23,0.00131890,3.68000000
2018-02-26 01:03:24,0.00131890,2.32000000
2018-02-26 01:03:24,0.00131890,10.98000000
2018-02-26 01:03:24,0.00131890,9.10000000
2018-02-26 01:03:24,0.00131890,5.36000000
2018-02-26 01:03:24,0.00131890,6.46000000
2018-02-26 01:03:24,0.00131890,1.56000000
2018-02-26 01:03:24,0.00131890,6.90000000
2018-02-26 01:03:24,0.00131890,4.68000000
2018-02-26 01:03:24,0.00131890,2.27000000
2018-02-26 01:03:24,0.00131890,3.82000000
2018-02-26 01:03:24,0.00131900,10.45000000
2018-02-26 01:03:24,0.00132000,55.59000000
2018-02-26 01:03:24,0.00131890,417.39000000
2018-02-26 01:03:24,0.00131890,424.16000000
2018-02-26 01:03:24,0.00131550,2.20000000
2018-02-26 01:03:25,0.00131760,5.33000000
2018-02-26 01:03:25,0.00131550,0.41000000
2018-02-26 01:03:25,0.00131550,1.69000000
2018-02-26 01:03:25,0.00131760,49.15000000
2018-02-26 01:03:26,0.00131550,7.96000000
2018-02-26 01:03:26,0.00131790,5.33000000
2018-02-26 01:03:26,0.00131890,363.21000000
2018-02-26 01:03:26,0.00131890,338.80000000
2018-02-26 01:03:26,0.00132000,311.20000000
2018-02-26 01:03:26,0.00131760,2.36000000
2018-02-26 01:03:26,0.00131760,1.92000000
2018-02-26 01:03:26,0.00131760,1.93000000
2018-02-26 01:03:27,0.00131760,1.34000000
2018-02-26 01:03:27,0.00131790,2.28000000
2018-02-26 01:03:28,0.00131970,101.34000000
2018-02-26 01:03:29,0.00131890,4.32000000
2018-02-26 01:03:29,0.00131890,7.12000000
2018-02-26 01:03:29,0.00131890,1.73000000
2018-02-26 01:03:29,0.00131890,64.83000000
2018-02-26 01:03:29,0.00131760,2.45000000
2018-02-26 01:03:29,0.00131730,4.67000000
2018-02-26 01:03:30,0.00131790,3.61000000
2018-02-26 01:03:30,0.00131900,554.62000000
2018-02-26 01:03:31,0.00131620,9.29000000
2018-02-26 01:03:31,0.00131620,7.42000000
2018-02-26 01:03:31,0.00131700,3.72000000
2018-02-26 01:03:31,0.00131700,16.02000000
2018-02-26 01:03:31,0.00131660,2.34000000
2018-02-26 01:03:31,0.00131660,4.47000000
2018-02-26 01:03:32,0.00131690,1.89000000
2018-02-26 01:03:32,0.00131550,1.00000000
2018-02-26 01:03:32,0.00131550,3.99000000
2018-02-26 01:03:33,0.00131690,8.35000000
2018-02-26 01:03:33,0.00131550,8.78000000
2018-02-26 01:03:33,0.00131550,1.96000000
2018-02-26 01:03:33,0.00131550,1.95000000
2018-02-26 01:03:34,0.00131550,1.39000000
2018-02-26 01:03:34,0.00131550,3.19000000
2018-02-26 01:03:34,0.00131550,1.57000000
2018-02-26 01:03:34,0.00131550,5.81000000
2018-02-26 01:03:34,0.00131550,33.67000000
2018-02-26 01:03:34,0.00131550,0.57000000
2018-02-26 01:03:35,0.00131540,6.47000000
2018-02-26 01:03:35,0.00131550,2.00000000
2018-02-26 01:03:35,0.00131680,120.61000000
2018-02-26 01:03:35,0.00131700,230.09000000
2018-02-26 01:03:35,0.00131700,1.96000000
2018-02-26 01:03:35,0.00131700,1.96000000
2018-02-26 01:03:35,0.00131700,1.96000000
2018-02-26 01:03:35,0.00131700,10.08000000
2018-02-26 01:03:35,0.00131700,2.32000000
2018-02-26 01:03:35,0.00131810,4.67000000
2018-02-26 01:03:35,0.00131890,60.03000000
2018-02-26 01:03:35,0.00131700,5.43000000
2018-02-26 01:03:35,0.00131700,9.08000000
2018-02-26 01:03:35,0.00131700,3.84000000
2018-02-26 01:03:35,0.00131700,111.75000000
2018-02-26 01:03:35,0.00131700,6.81000000
2018-02-26 01:03:36,0.00131700,7.05000000
2018-02-26 01:03:36,0.00131700,1.94000000
2018-02-26 01:03:36,0.00131700,1.95000000
2018-02-26 01:03:36,0.00131710,0.62000000
2018-02-26 01:03:37,0.00131710,45.01000000
2018-02-26 01:03:37,0.00131710,2.79000000
2018-02-26 01:03:37,0.00131710,20.00000000
2018-02-26 01:03:38,0.00131700,1.71000000
2018-02-26 01:03:38,0.00131700,18.92000000
2018-02-26 01:03:38,0.00131780,141.75000000
2018-02-26 01:03:39,0.00131700,90.78000000
2018-02-26 01:03:39,0.00131700,1.52000000
2018-02-26 01:03:39,0.00131700,44.76000000
2018-02-26 01:03:39,0.00131700,10.52000000
2018-02-26 01:03:39,0.00131700,521.20000000
2018-02-26 01:03:39,0.00131620,4.67000000
2018-02-26 01:03:39,0.00131560,3.80000000
2018-02-26 01:03:39,0.00131550,159.21000000
2018-02-26 01:03:39,0.00131530,1.13000000
2018-02-26 01:03:39,0.00131520,23.00000000
2018-02-26 01:03:39,0.00131510,34.69000000
2018-02-26 01:03:39,0.00131500,27.60000000
2018-02-26 01:03:39,0.00131490,10.53000000
2018-02-26 01:03:40,0.00131600,1.00000000
2018-02-26 01:03:40,0.00131700,231.76000000
2018-02-26 01:03:40,0.00131450,1.00000000
2018-02-26 01:03:40,0.00131340,0.57000000
2018-02-26 01:03:40,0.00131700,1.67000000
2018-02-26 01:03:41,0.00131340,1.03000000
2018-02-26 01:03:41,0.00131300,22.75000000
2018-02-26 01:03:41,0.00131600,3.73000000
2018-02-26 01:03:41,0.00131660,93.80000000
2018-02-26 01:03:41,0.00131700,3.73000000
2018-02-26 01:03:41,0.00131660,3.90000000
2018-02-26 01:03:41,0.00131700,64.64000000
2018-02-26 01:03:41,0.00131780,48.08000000
2018-02-26 01:03:41,0.00131780,2.56000000
2018-02-26 01:03:41,0.00131660,1.31000000
2018-02-26 01:03:41,0.00131660,5.24000000
2018-02-26 01:03:41,0.00131660,2.68000000
2018-02-26 01:03:42,0.00131660,8.31000000
2018-02-26 01:03:42,0.00131660,2.26000000
2018-02-26 01:03:43,0.00131660,1.96000000
2018-02-26 01:03:43,0.00131660,1.95000000
2018-02-26 01:03:43,0.00131660,1.84000000
2018-02-26 01:03:43,0.00131660,2.96000000
2018-02-26 01:03:43,0.00131660,9.58000000
2018-02-26 01:03:43,0.00131660,16.78000000
2018-02-26 01:03:43,0.00131660,4.09000000
2018-02-26 01:03:43,0.00131710,12.97000000
2018-02-26 01:03:43,0.00131710,1.60000000
2018-02-26 01:03:43,0.00131710,3.14000000
2018-02-26 01:03:43,0.00131710,33.18000000
2018-02-26 01:03:43,0.00131710,1.95000000
2018-02-26 01:03:44,0.00131710,21.40000000
2018-02-26 01:03:44,0.00131710,68.75000000
2018-02-26 01:03:44,0.00131710,1.70000000
2018-02-26 01:03:44,0.00131710,1.95000000
2018-02-26 01:03:44,0.00131710,7.88000000
2018-02-26 01:03:44,0.00131710,2.15000000
2018-02-26 01:03:44,0.00131710,117.32000000
2018-02-26 01:03:45,0.00131710,6.11000000
2018-02-26 01:03:45,0.00131710,1.21000000
2018-02-26 01:03:45,0.00131710,16.07000000
2018-02-26 01:03:45,0.00131710,0.17000000
2018-02-26 01:03:45,0.00131710,13.64000000
2018-02-26 01:03:45,0.00131710,15.68000000
2018-02-26 01:03:45,0.00131790,1.92000000
2018-02-26 01:03:45,0.00131790,5.91000000
2018-02-26 01:03:45,0.00131870,68.42000000
2018-02-26 01:03:46,0.00131880,2.47000000
2018-02-26 01:03:46,0.00131880,1.00000000
2018-02-26 01:03:46,0.00131880,5.13000000
2018-02-26 01:03:46,0.00131880,25.78000000
2018-02-26 01:03:46,0.00131880,3.04000000
2018-02-26 01:03:46,0.00131880,127.30000000
2018-02-26 01:03:46,0.00131790,82.97000000
2018-02-26 01:03:46,0.00131790,84.14000000
2018-02-26 01:03:47,0.00131790,3.80000000
2018-02-26 01:03:47,0.00131790,3.92000000
2018-02-26 01:03:47,0.00131790,2.06000000
2018-02-26 01:03:48,0.00131790,0.99000000
2018-02-26 01:03:48,0.00131790,15.27000000
2018-02-26 01:03:48,0.00131730,50.34000000
2018-02-26 01:03:48,0.00131720,71.04000000
2018-02-26 01:03:48,0.00131710,486.99000000
2018-02-26 01:03:48,0.00131660,107.71000000
2018-02-26 01:03:48,0.00131660,11.78000000
2018-02-26 01:03:49,0.00131890,3.79000000
2018-02-26 01:03:49,0.00131800,17.21000000
2018-02-26 01:03:50,0.00131660,101.56000000
2018-02-26 01:03:52,0.00131670,0.76000000
2018-02-26 01:03:52,0.00131660,3.47000000
2018-02-26 01:03:52,0.00131660,11.84000000
2018-02-26 01:03:52,0.00131780,71.04000000
2018-02-26 01:03:52,0.00131790,12.71000000
2018-02-26 01:03:52,0.00131800,51.79000000
2018-02-26 01:03:52,0.00131880,3.80000000
2018-02-26 01:03:52,0.00131890,7.30000000
2018-02-26 01:03:53,0.00131710,58.81000000
2018-02-26 01:03:53,0.00131660,58.01000000
2018-02-26 01:03:53,0.00131660,1.72000000
2018-02-26 01:03:54,0.00131660,1.55000000
2018-02-26 01:03:54,0.00131660,548.52000000
2018-02-26 01:03:54,0.00131890,3.03000000
2018-02-26 01:03:55,0.00131670,71.10000000
2018-02-26 01:03:55,0.00131660,65.82000000
2018-02-26 01:03:55,0.00131890,153.28000000
2018-02-26 01:03:55,0.00131900,224.94000000
2018-02-26 01:03:55,0.00131970,15.20000000
2018-02-26 01:03:55,0.00131980,385.08000000
2018-02-26 01:03:55,0.00131990,40.30000000
2018-02-26 01:03:55,0.00132000,1063.94000000
2018-02-26 01:03:56,0.00131870,27.62000000
2018-02-26 01:03:57,0.00131880,1.89000000
2018-02-26 01:03:57,0.00131670,2.62000000
2018-02-26 01:04:01,0.00131720,2.91000000
2018-02-26 01:04:03,0.00131850,2.91000000
2018-02-26 01:04:03,0.00131870,15.57000000
2018-02-26 01:04:03,0.00131870,141.37000000
2018-02-26 01:04:04,0.00131880,4.90000000
2018-02-26 01:04:04,0.00131700,1.54000000
2018-02-26 01:04:05,0.00131700,14.47000000
2018-02-26 01:04:05,0.00131720,1.01000000
2018-02-26 01:04:05,0.00131720,0.15000000
2018-02-26 01:04:06,0.00131720,1.12000000
2018-02-26 01:04:06,0.00131700,1.03000000
2018-02-26 01:04:06,0.00131670,63.94000000
2018-02-26 01:04:07,0.00131860,1.67000000
2018-02-26 01:04:07,0.00131700,1.00000000
2018-02-26 01:04:07,0.00131690,605.36000000
2018-02-26 01:04:09,0.00131780,146.06000000
2018-02-26 01:04:09,0.00131780,3.33000000
2018-02-26 01:04:10,0.00131780,37.48000000
2018-02-26 01:04:10,0.00131780,36.54000000
2018-02-26 01:04:11,0.00131770,0.79000000
2018-02-26 01:04:11,0.00131760,31.54000000
2018-02-26 01:04:11,0.00131710,6.88000000
2018-02-26 01:04:11,0.00131690,55.08000000
2018-02-26 01:04:13,0.00131690,1.00000000
2018-02-26 01:04:13,0.00131690,137.20000000
2018-02-26 01:04:13,0.00131690,18.02000000
2018-02-26 01:04:14,0.00131730,4.92000000
2018-02-26 01:04:14,0.00131770,25.35000000
2018-02-26 01:04:14,0.00131770,31.89000000
2018-02-26 01:04:16,0.00131750,21.43000000
2018-02-26 01:04:16,0.00131760,6.88000000
2018-02-26 01:04:16,0.00131770,6.28000000
2018-02-26 01:04:16,0.00131780,37.45000000
2018-02-26 01:04:16,0.00131780,32.14000000
2018-02-26 01:04:17,0.00131780,9.00000000
2018-02-26 01:04:17,0.00131770,3.01000000
2018-02-26 01:04:17,0.00131690,33.56000000
2018-02-26 01:04:18,0.00131690,89.33000000
2018-02-26 01:04:19,0.00131780,36.52000000
2018-02-26 01:04:19,0.00131860,44.27000000
2018-02-26 01:04:19,0.00131870,578.62000000
2018-02-26 01:04:20,0.00131870,3.59000000
2018-02-26 01:04:20,0.00131870,2.33000000
2018-02-26 01:04:20,0.00131870,64.71000000
2018-02-26 01:04:20,0.00131690,244.81000000
2018-02-26 01:04:21,0.00131740,17.12000000
2018-02-26 01:04:21,0.00131690,154.00000000
2018-02-26 01:04:22,0.00131710,66.62000000
2018-02-26 01:04:23,0.00131690,9.95000000
2018-02-26 01:04:23,0.00131740,69.71000000
2018-02-26 01:04:23,0.00131740,61.81000000
2018-02-26 01:04:24,0.00131740,9.12000000
2018-02-26 01:04:24,0.00131690,33.29000000
2018-02-26 01:04:24,0.00131690,55.39000000
2018-02-26 01:04:24,0.00131670,190.83000000
2018-02-26 01:04:24,0.00131660,283.88000000
2018-02-26 01:04:24,0.00131620,9.94000000
2018-02-26 01:04:25,0.00131690,29.07000000
2018-02-26 01:04:25,0.00131740,48.89000000
2018-02-26 01:04:25,0.00131690,68.20000000
2018-02-26 01:04:25,0.00131690,8.86000000
2018-02-26 01:04:25,0.00131530,1.38000000
2018-02-26 01:04:25,0.00131500,54.46000000
2018-02-26 01:04:25,0.00131410,3.80000000
2018-02-26 01:04:25,0.00131310,19.18000000
2018-02-26 01:04:25,0.00131640,1.00000000
2018-02-26 01:04:25,0.00131650,2.92000000
2018-02-26 01:04:25,0.00131740,1.00000000
2018-02-26 01:04:25,0.00131690,2.49000000
2018-02-26 01:04:26,0.00131330,35.73000000
2018-02-26 01:04:27,0.00131340,2.36000000
2018-02-26 01:04:28,0.00131370,3.92000000
2018-02-26 01:04:28,0.00131370,11.30000000
2018-02-26 01:04:29,0.00131350,0.12000000
2018-02-26 01:04:29,0.00131350,9.09000000
2018-02-26 01:04:29,0.00131300,2.47000000
2018-02-26 01:04:30,0.00131300,7.59000000
2018-02-26 01:04:30,0.00131300,24.45000000
2018-02-26 01:04:30,0.00131300,7.59000000
2018-02-26 01:04:30,0.00131300,13.49000000
2018-02-26 01:04:30,0.00131470,2.36000000
2018-02-26 01:04:30,0.00131480,6.90000000
2018-02-26 01:04:30,0.00131590,2.50000000
2018-02-26 01:04:30,0.00131300,3.87000000
2018-02-26 01:04:30,0.00131300,346.90000000
2018-02-26 01:04:30,0.00131290,1.90000000
2018-02-26 01:04:30,0.00131270,1.40000000
2018-02-26 01:04:30,0.00131080,5.34000000
2018-02-26 01:04:30,0.00131050,10.22000000
2018-02-26 01:04:30,0.00131000,275.56000000
2018-02-26 01:04:32,0.00131030,76.33000000
2018-02-26 01:04:32,0.00131020,8.84000000
2018-02-26 01:04:32,0.00131010,59.34000000
2018-02-26 01:04:32,0.00131000,67.84000000
2018-02-26 01:04:32,0.00130990,3.82000000
2018-02-26 01:04:32,0.00130940,1.10000000
2018-02-26 01:04:32,0.00130870,3.77000000
2018-02-26 01:04:32,0.00130720,116.58000000
2018-02-26 01:04:32,0.00130720,59.91000000
2018-02-26 01:04:32,0.00130980,2.29000000
2018-02-26 01:04:32,0.00130980,5.90000000
2018-02-26 01:04:32,0.00130980,59.34000000
2018-02-26 01:04:33,0.00130720,9.67000000
2018-02-26 01:04:33,0.00130960,8.80000000
2018-02-26 01:04:33,0.00130970,3.80000000
2018-02-26 01:04:34,0.00130740,7.64000000
2018-02-26 01:04:34,0.00130720,28.92000000
2018-02-26 01:04:34,0.00130730,9.56000000
2018-02-26 01:04:34,0.00130730,3.44000000
2018-02-26 01:04:36,0.00130790,6.93000000
2018-02-26 01:04:36,0.00130750,0.84000000
2018-02-26 01:04:36,0.00130910,13.00000000
2018-02-26 01:04:36,0.00130920,6.93000000
2018-02-26 01:04:37,0.00130900,145.21000000
2018-02-26 01:04:37,0.00130900,14.13000000
2018-02-26 01:04:38,0.00130760,1.00000000
2018-02-26 01:04:38,0.00130900,8.84000000
2018-02-26 01:04:38,0.00130910,109.76000000
2018-02-26 01:04:39,0.00130820,157.19000000
2018-02-26 01:04:39,0.00130760,1.78000000
2018-02-26 01:04:40,0.00130760,8.38000000
2018-02-26 01:04:40,0.00130760,6.93000000
2018-02-26 01:04:40,0.00130760,3.82000000
2018-02-26 01:04:40,0.00130760,48.60000000
2018-02-26 01:04:40,0.00130900,33.93000000
2018-02-26 01:04:41,0.00130750,0.84000000
2018-02-26 01:04:41,0.00130750,1.71000000
2018-02-26 01:04:42,0.00130750,2.11000000
2018-02-26 01:04:42,0.00130720,140.52000000
2018-02-26 01:04:42,0.00130720,7.82000000
2018-02-26 01:04:42,0.00130820,122.04000000
2018-02-26 01:04:42,0.00130890,6.93000000
2018-02-26 01:04:43,0.00130770,3.10000000
2018-02-26 01:04:43,0.00130720,4.72000000
2018-02-26 01:04:43,0.00130980,25.21000000
2018-02-26 01:04:44,0.00130730,7.78000000
2018-02-26 01:04:44,0.00130720,2.86000000
2018-02-26 01:04:44,0.00130720,7.89000000
2018-02-26 01:04:44,0.00130720,1.02000000
2018-02-26 01:04:44,0.00130720,7.82000000
2018-02-26 01:04:44,0.00130720,7.79000000
2018-02-26 01:04:44,0.00130720,7.81000000
2018-02-26 01:04:44,0.00130810,7.78000000
2018-02-26 01:04:44,0.00130820,157.19000000
2018-02-26 01:04:45,0.00130720,3.90000000
2018-02-26 01:04:45,0.00130730,14.78000000
2018-02-26 01:04:45,0.00130730,7.79000000
2018-02-26 01:04:45,0.00130730,7.77000000
2018-02-26 01:04:46,0.00130730,4.51000000
2018-02-26 01:04:46,0.00130730,35.86000000
2018-02-26 01:04:48,0.00130770,6.93000000
2018-02-26 01:04:48,0.00130760,4.84000000
2018-02-26 01:04:49,0.00130890,70.71000000
2018-02-26 01:04:49,0.00130900,6.93000000
2018-02-26 01:04:49,0.00130980,232.37000000
2018-02-26 01:04:49,0.00130990,12.56000000
2018-02-26 01:04:49,0.00131000,14.28000000
2018-02-26 01:04:49,0.00131350,19.18000000
2018-02-26 01:04:49,0.00131370,2.29000000
2018-02-26 01:04:49,0.00131380,2.35000000
2018-02-26 01:04:49,0.00131500,13.03000000
2018-02-26 01:04:49,0.00131540,1.00000000
2018-02-26 01:04:49,0.00131540,10.07000000
2018-02-26 01:04:49,0.00131540,10.07000000
2018-02-26 01:04:49,0.00131540,2.72000000
2018-02-26 01:04:49,0.00131540,11.90000000
2018-02-26 01:04:49,0.00131540,32.00000000
2018-02-26 01:04:49,0.00131540,1.68000000
2018-02-26 01:04:49,0.00131540,83.04000000
2018-02-26 01:04:49,0.00131540,3.05000000
2018-02-26 01:04:49,0.00131540,6.92000000
2018-02-26 01:04:49,0.00131540,15.82000000
2018-02-26 01:04:49,0.00131540,40.09000000
2018-02-26 01:04:49,0.00131540,40.98000000
2018-02-26 01:04:49,0.00131540,1.46000000
2018-02-26 01:04:49,0.00131540,1.00000000
2018-02-26 01:04:49,0.00131540,8.86000000
2018-02-26 01:04:49,0.00131540,121.04000000
2018-02-26 01:04:49,0.00130750,32.37000000
2018-02-26 01:04:50,0.00130900,5.00000000
2018-02-26 01:04:50,0.00130960,1.00000000
2018-02-26 01:04:50,0.00130860,76.44000000
2018-02-26 01:04:50,0.00130770,100.00000000
2018-02-26 01:04:50,0.00130760,3.83000000
2018-02-26 01:04:50,0.00130750,43.67000000
2018-02-26 01:04:50,0.00130820,157.19000000
2018-02-26 01:04:51,0.00130770,2.37000000
2018-02-26 01:04:51,0.00130760,97.63000000
2018-02-26 01:04:51,0.00130760,10.28000000
2018-02-26 01:04:51,0.00130750,115.52000000
2018-02-26 01:04:51,0.00130750,11.75000000
2018-02-26 01:04:53,0.00130850,1.00000000
2018-02-26 01:04:53,0.00130910,20.00000000
2018-02-26 01:04:53,0.00130920,82.56000000
2018-02-26 01:04:54,0.00130960,59.45000000
2018-02-26 01:04:54,0.00130980,1.00000000
2018-02-26 01:04:55,0.00131010,39.00000000
2018-02-26 01:04:55,0.00131010,14.61000000
2018-02-26 01:04:55,0.00130960,7.82000000
2018-02-26 01:04:55,0.00131010,1.90000000
2018-02-26 01:04:56,0.00130960,3.10000000
2018-02-26 01:04:56,0.00130950,6.78000000
2018-02-26 01:04:56,0.00130800,15.29000000
2018-02-26 01:04:56,0.00130790,2.31000000
2018-02-26 01:04:56,0.00130750,15.52000000
2018-02-26 01:04:56,0.00130750,91.33000000
2018-02-26 01:04:56,0.00130740,8.67000000
2018-02-26 01:04:58,0.00130830,2.31000000
2018-02-26 01:05:01,0.00130840,74.43000000
2018-02-26 01:05:01,0.00130920,47.90000000
2018-02-26 01:05:01,0.00130890,50.00000000
2018-02-26 01:05:01,0.00130890,26.47000000
2018-02-26 01:05:01,0.00130900,19.37000000
2018-02-26 01:05:02,0.00130780,1.96000000
2018-02-26 01:05:03,0.00130890,8.84000000
2018-02-26 01:05:03,0.00130910,3.83000000
2018-02-26 01:05:05,0.00130910,0.98000000
2018-02-26 01:05:05,0.00130780,44.01000000
2018-02-26 01:05:05,0.00130750,41.01000000
2018-02-26 01:05:07,0.00130740,6.00000000
2018-02-26 01:05:07,0.00130800,5.02000000
2018-02-26 01:05:08,0.00130800,0.94000000
2018-02-26 01:05:08,0.00130930,6.78000000
2018-02-26 01:05:08,0.00130960,100.00000000
2018-02-26 01:05:08,0.00130990,2.31000000
2018-02-26 01:05:08,0.00131010,15.29000000
2018-02-26 01:05:09,0.00130810,5.81000000
2018-02-26 01:05:09,0.00130990,5.81000000
2018-02-26 01:05:09,0.00131000,44.49000000
2018-02-26 01:05:10,0.00131120,1.00000000
2018-02-26 01:05:10,0.00131220,2.31000000
2018-02-26 01:05:10,0.00131270,2.37000000
2018-02-26 01:05:10,0.00131500,61.32000000
2018-02-26 01:05:10,0.00130920,1.00000000
2018-02-26 01:05:10,0.00130900,2.00000000
2018-02-26 01:05:10,0.00131160,20.00000000
2018-02-26 01:05:11,0.00130890,5.00000000
2018-02-26 01:05:11,0.00131060,3.50000000
2018-02-26 01:05:11,0.00131160,2.50000000
2018-02-26 01:05:12,0.00131040,1.59000000
2018-02-26 01:05:12,0.00131040,1.91000000
2018-02-26 01:05:12,0.00130940,11.26000000
2018-02-26 01:05:13,0.00131150,2.00000000
2018-02-26 01:05:13,0.00131160,1.57000000
2018-02-26 01:05:13,0.00130960,1.95000000
2018-02-26 01:05:16,0.00131220,5.00000000
2018-02-26 01:05:16,0.00131270,4.32000000
2018-02-26 01:05:18,0.00131010,76.31000000
2018-02-26 01:05:18,0.00131000,380.41000000
2018-02-26 01:05:18,0.00130960,0.36000000
2018-02-26 01:05:18,0.00130940,180.69000000
2018-02-26 01:05:19,0.00131130,2.31000000
2018-02-26 01:05:19,0.00131260,23.31000000
2018-02-26 01:05:19,0.00131030,1.95000000
2018-02-26 01:05:19,0.00131030,0.36000000
2018-02-26 01:05:19,0.00130940,29.19000000
2018-02-26 01:05:19,0.00131100,165.00000000
2018-02-26 01:05:20,0.00131020,53.00000000
2018-02-26 01:05:20,0.00131030,1.69000000
2018-02-26 01:05:20,0.00131200,7.47000000
2018-02-26 01:05:20,0.00131250,2.31000000
2018-02-26 01:05:20,0.00131270,32.31000000
2018-02-26 01:05:23,0.00131160,1.00000000
2018-02-26 01:05:23,0.00131160,3.10000000
2018-02-26 01:05:23,0.00131260,16.45000000
2018-02-26 01:05:23,0.00131270,5.38000000
2018-02-26 01:05:23,0.00131500,78.54000000
2018-02-26 01:05:24,0.00131160,1.96000000
2018-02-26 01:05:24,0.00131390,95.82000000
2018-02-26 01:05:24,0.00131500,10.02000000
2018-02-26 01:05:24,0.00131170,1.90000000
2018-02-26 01:05:27,0.00131190,1.00000000
2018-02-26 01:05:28,0.00131260,1.90000000
2018-02-26 01:05:28,0.00131270,10.04000000
2018-02-26 01:05:28,0.00131270,193.77000000
2018-02-26 01:05:28,0.00131270,22.22000000
2018-02-26 01:05:28,0.00131180,15.24000000
2018-02-26 01:05:28,0.00131170,88.06000000
2018-02-26 01:05:31,0.00131270,12.49000000
2018-02-26 01:05:31,0.00131270,1.52000000
2018-02-26 01:05:31,0.00131220,82.24000000
2018-02-26 01:05:32,0.00131270,58.05000000
2018-02-26 01:05:33,0.00131270,0.84000000
2018-02-26 01:05:33,0.00131190,15.36000000
2018-02-26 01:05:33,0.00131170,22.78000000
2018-02-26 01:05:33,0.00131160,61.86000000
2018-02-26 01:05:35,0.00131270,41.88000000
2018-02-26 01:05:36,0.00131160,1.55000000
2018-02-26 01:05:38,0.00131170,8.00000000
2018-02-26 01:05:38,0.00131160,71.76000000
2018-02-26 01:05:41,0.00131220,16.36000000
2018-02-26 01:05:41,0.00131270,2.16000000
2018-02-26 01:05:41,0.00131320,10.00000000
2018-02-26 01:05:41,0.00131320,1.64000000
2018-02-26 01:05:41,0.00131320,2.31000000
2018-02-26 01:05:42,0.00131320,1.01000000
2018-02-26 01:05:42,0.00131450,5.67000000
2018-02-26 01:05:43,0.00131320,390.03000000
2018-02-26 01:05:44,0.00131480,7.61000000
2018-02-26 01:05:44,0.00131440,55.77000000
2018-02-26 01:05:44,0.00131480,71.01000000
2018-02-26 01:05:44,0.00131490,65.47000000
2018-02-26 01:05:46,0.00131440,1.81000000
2018-02-26 01:05:46,0.00131320,380.41000000
2018-02-26 01:05:47,0.00131320,126.37000000
2018-02-26 01:05:48,0.00131320,27.04000000
2018-02-26 01:05:49,0.00131310,172.81000000
2018-02-26 01:05:50,0.00131300,1.24000000
2018-02-26 01:05:51,0.00131320,62.05000000
2018-02-26 01:05:51,0.00131440,48.19000000
2018-02-26 01:05:51,0.00131490,102.24000000
2018-02-26 01:05:54,0.00131320,1.55000000
2018-02-26 01:05:58,0.00131440,48.70000000
2018-02-26 01:06:01,0.00131440,69.59000000
2018-02-26 01:06:03,0.00131440,7.03000000
2018-02-26 01:06:04,0.00131440,2.69000000
2018-02-26 01:06:05,0.00131440,22.31000000
2018-02-26 01:06:05,0.00131450,1.55000000
2018-02-26 01:06:05,0.00131480,47.83000000
2018-02-26 01:06:06,0.00131450,90.05000000
2018-02-26 01:06:07,0.00131440,5.46000000
2018-02-26 01:06:10,0.00131450,17.09000000
2018-02-26 01:06:10,0.00131480,29.32000000
2018-02-26 01:06:10,0.00131480,44.71000000
2018-02-26 01:06:10,0.00131440,132.47000000
2018-02-26 01:06:11,0.00131480,33.50000000
2018-02-26 01:06:11,0.00131490,43.72000000
2018-02-26 01:06:11,0.00131400,8.34000000
2018-02-26 01:06:11,0.00131350,3.00000000
2018-02-26 01:06:11,0.00131320,2.66000000
2018-02-26 01:06:11,0.00131300,36.00000000
2018-02-26 01:06:11,0.00131300,200.00000000
2018-02-26 01:06:11,0.00131490,11.28000000
2018-02-26 01:06:11,0.00131450,55.04000000
2018-02-26 01:06:12,0.00131300,22.70000000
2018-02-26 01:06:12,0.00131460,142.93000000
2018-02-26 01:06:15,0.00131300,96.68000000
2018-02-26 01:06:16,0.00131440,11.98000000
2018-02-26 01:06:17,0.00131440,1.90000000
2018-02-26 01:06:18,0.00131320,10.00000000
2018-02-26 01:06:18,0.00131440,4.99000000
2018-02-26 01:06:18,0.00131480,11.85000000
2018-02-26 01:06:19,0.00131300,371.03000000
2018-02-26 01:06:19,0.00131300,141.28000000
2018-02-26 01:06:19,0.00131260,0.89000000
2018-02-26 01:06:19,0.00131260,1.53000000
2018-02-26 01:06:20,0.00131320,0.78000000
2018-02-26 01:06:21,0.00131200,12.38000000
2018-02-26 01:06:21,0.00131440,6.42000000
2018-02-26 01:06:21,0.00131200,11.37000000
2018-02-26 01:06:22,0.00131280,7.28000000
2018-02-26 01:06:24,0.00131410,1.53000000
2018-02-26 01:06:25,0.00131160,26.63000000
2018-02-26 01:06:26,0.00131160,28.21000000
2018-02-26 01:06:27,0.00131410,170.54000000
2018-02-26 01:06:27,0.00131170,76.19000000
2018-02-26 01:06:27,0.00131160,23.00000000
2018-02-26 01:06:31,0.00131150,51.67000000
2018-02-26 01:06:32,0.00131150,0.37000000
2018-02-26 01:06:34,0.00131080,3.81000000
2018-02-26 01:06:34,0.00131070,0.99000000
2018-02-26 01:06:34,0.00131100,2.28000000
2018-02-26 01:06:34,0.00131070,0.72000000
2018-02-26 01:06:35,0.00131070,24.15000000
2018-02-26 01:06:35,0.00131080,13.30000000
2018-02-26 01:06:36,0.00131090,1.25000000
2018-02-26 01:06:36,0.00131150,24.15000000
2018-02-26 01:06:36,0.00131120,73.53000000
2018-02-26 01:06:38,0.00131120,24.15000000
2018-02-26 01:06:38,0.00131090,10.70000000
2018-02-26 01:06:38,0.00131090,34.35000000
2018-02-26 01:06:38,0.00131070,87.97000000
2018-02-26 01:06:39,0.00131020,30.53000000
2018-02-26 01:06:39,0.00131010,8.60000000
2018-02-26 01:06:39,0.00131000,3.92000000
2018-02-26 01:06:39,0.00130890,31.17000000
2018-02-26 01:06:39,0.00130800,85.47000000
2018-02-26 01:06:39,0.00131040,1.00000000
2018-02-26 01:06:39,0.00131140,872.20000000
2018-02-26 01:06:40,0.00131140,1.00000000
2018-02-26 01:06:40,0.00131140,92.02000000
2018-02-26 01:06:40,0.00131090,3.81000000
2018-02-26 01:06:40,0.00130800,42.60000000
2018-02-26 01:06:42,0.00130920,6.11000000
2018-02-26 01:06:42,0.00130830,7.64000000
2018-02-26 01:06:42,0.00130810,0.92000000
2018-02-26 01:06:42,0.00131100,0.12000000
2018-02-26 01:06:46,0.00130940,3.95000000
2018-02-26 01:06:46,0.00130840,5.95000000
2018-02-26 01:06:46,0.00130810,2.90000000
2018-02-26 01:06:46,0.00130800,24.19000000
2018-02-26 01:06:46,0.00130800,29.27000000
2018-02-26 01:06:47,0.00131100,2.00000000
2018-02-26 01:06:51,0.00130830,81.54000000
2018-02-26 01:06:51,0.00130790,61.62000000
2018-02-26 01:06:51,0.00130750,12.00000000
2018-02-26 01:06:51,0.00130740,4.00000000
2018-02-26 01:06:51,0.00130720,208.44000000
2018-02-26 01:06:51,0.00130830,1.49000000
2018-02-26 01:06:51,0.00130830,1.49000000
2018-02-26 01:06:52,0.00130830,20.00000000
2018-02-26 01:06:53,0.00130820,3.82000000
2018-02-26 01:06:53,0.00130830,11.18000000
2018-02-26 01:06:56,0.00130830,1.91000000
2018-02-26 01:06:56,0.00130810,14.92000000
2018-02-26 01:06:56,0.00130830,95.61000000
2018-02-26 01:06:57,0.00130800,14.25000000
2018-02-26 01:06:59,0.00130800,12.34000000
2018-02-26 01:07:00,0.00130800,186.74000000
2018-02-26 01:07:00,0.00130800,9.04000000
2018-02-26 01:07:02,0.00130800,20.17000000
2018-02-26 01:07:02,0.00130720,268.02000000
2018-02-26 01:07:04,0.00130720,359.85000000
2018-02-26 01:07:06,0.00130800,241.26000000
2018-02-26 01:07:06,0.00130600,58.00000000
2018-02-26 01:07:06,0.00130560,73.95000000
2018-02-26 01:07:06,0.00130500,228.18000000
2018-02-26 01:07:06,0.00130500,4.01000000
2018-02-26 01:07:06,0.00130500,72.66000000
2018-02-26 01:07:09,0.00130480,459.88000000
2018-02-26 01:07:09,0.00130600,4.77000000
2018-02-26 01:07:09,0.00130630,9.03000000
2018-02-26 01:07:10,0.00130470,77.14000000
2018-02-26 01:07:10,0.00130470,25.16000000
2018-02-26 01:07:10,0.00130470,5.08000000
2018-02-26 01:07:10,0.00130380,36.96000000
2018-02-26 01:07:11,0.00130630,22.19000000
2018-02-26 01:07:11,0.00130800,5.48000000
2018-02-26 01:07:12,0.00130830,7.92000000
2018-02-26 01:07:14,0.00130800,282.33000000
2018-02-26 01:07:14,0.00130530,105.49000000
2018-02-26 01:07:16,0.00130490,10.00000000
2018-02-26 01:07:18,0.00130380,11.21000000
2018-02-26 01:07:18,0.00130360,0.77000000
2018-02-26 01:07:18,0.00130350,10.65000000
2018-02-26 01:07:18,0.00130300,11.51000000
2018-02-26 01:07:18,0.00130230,1.15000000
2018-02-26 01:07:18,0.00130200,107.63000000
2018-02-26 01:07:18,0.00130200,192.03000000
2018-02-26 01:07:18,0.00130470,1.92000000
2018-02-26 01:07:19,0.00130470,2.15000000
2018-02-26 01:07:19,0.00130470,42.10000000
2018-02-26 01:07:21,0.00130470,50.12000000
2018-02-26 01:07:21,0.00130490,380.67000000
2018-02-26 01:07:21,0.00130500,1232.97000000
2018-02-26 01:07:21,0.00130800,245.59000000
2018-02-26 01:07:21,0.00130830,5.17000000
2018-02-26 01:07:21,0.00131000,226.67000000
2018-02-26 01:07:21,0.00131080,926.40000000
2018-02-26 01:07:21,0.00131100,4.95000000
2018-02-26 01:07:21,0.00131120,2.31000000
2018-02-26 01:07:21,0.00131130,15.24000000
2018-02-26 01:07:21,0.00131160,28.54000000
2018-02-26 01:07:21,0.00131180,385.74000000
2018-02-26 01:07:21,0.00131260,40.33000000
2018-02-26 01:07:21,0.00131290,7.67000000
2018-02-26 01:07:22,0.00131300,1.00000000
2018-02-26 01:07:22,0.00131400,249.76000000
2018-02-26 01:07:23,0.00131410,34.20000000
2018-02-26 01:07:23,0.00131120,5.00000000
2018-02-26 01:07:23,0.00131230,1.00000000
2018-02-26 01:07:23,0.00131130,2.83000000
2018-02-26 01:07:24,0.00131430,700.99000000
2018-02-26 01:07:24,0.00131130,12.42000000
2018-02-26 01:07:24,0.00131000,1.31000000
2018-02-26 01:07:24,0.00131000,7.75000000
2018-02-26 01:07:24,0.00131220,5.00000000
2018-02-26 01:07:24,0.00131230,7.62000000
2018-02-26 01:07:24,0.00131240,137.52000000
2018-02-26 01:07:24,0.00131330,1.36000000
2018-02-26 01:07:24,0.00131430,166.54000000
2018-02-26 01:07:25,0.00131240,1.36000000
2018-02-26 01:07:25,0.00131140,2.23000000
2018-02-26 01:07:25,0.00131140,9.21000000
2018-02-26 01:07:25,0.00131460,15.25000000
2018-02-26 01:07:25,0.00131470,3.83000000
2018-02-26 01:07:26,0.00131420,6.63000000
2018-02-26 01:07:26,0.00131480,52.50000000
2018-02-26 01:07:26,0.00131480,92.62000000
2018-02-26 01:07:27,0.00131480,98.72000000
2018-02-26 01:07:27,0.00131490,145.21000000
2018-02-26 01:07:27,0.00131500,52.98000000
2018-02-26 01:07:27,0.00131500,85.29000000
2018-02-26 01:07:27,0.00131500,134.12000000
2018-02-26 01:07:27,0.00131500,92.28000000
2018-02-26 01:07:27,0.00131430,5.43000000
2018-02-26 01:07:27,0.00131430,2.51000000
2018-02-26 01:07:28,0.00131560,0.98000000
2018-02-26 01:07:28,0.00131600,106.77000000
2018-02-26 01:07:28,0.00131490,8.39000000
2018-02-26 01:07:28,0.00131490,14.33000000
2018-02-26 01:07:28,0.00131490,8.39000000
2018-02-26 01:07:28,0.00131600,8.39000000
2018-02-26 01:07:28,0.00131600,3.38000000
2018-02-26 01:07:29,0.00131460,25.58000000
2018-02-26 01:07:30,0.00131600,15.00000000
2018-02-26 01:07:30,0.00131460,2.55000000
2018-02-26 01:07:30,0.00131460,5.38000000
2018-02-26 01:07:31,0.00131500,2.09000000
2018-02-26 01:07:31,0.00131600,20.73000000
2018-02-26 01:07:31,0.00131600,4.00000000
2018-02-26 01:07:32,0.00131600,1.15000000
2018-02-26 01:07:33,0.00131600,144.89000000
2018-02-26 01:07:33,0.00131470,33.07000000
2018-02-26 01:07:33,0.00131470,38.18000000
2018-02-26 01:07:33,0.00131460,2.00000000
2018-02-26 01:07:33,0.00131460,18.67000000
2018-02-26 01:07:33,0.00131460,22.82000000
2018-02-26 01:07:33,0.00131460,140.06000000
2018-02-26 01:07:33,0.00131470,46.00000000
2018-02-26 01:07:33,0.00131560,15.26000000
2018-02-26 01:07:34,0.00131460,18.18000000
2018-02-26 01:07:35,0.00131600,2.30000000
2018-02-26 01:07:35,0.00131600,3.30000000
2018-02-26 01:07:36,0.00131600,57.43000000
2018-02-26 01:07:37,0.00131600,17.13000000
2018-02-26 01:07:37,0.00131460,14.16000000
2018-02-26 01:07:39,0.00131460,8.96000000
2018-02-26 01:07:39,0.00131590,71.25000000
2018-02-26 01:07:39,0.00131600,67.69000000
2018-02-26 01:07:41,0.00131590,32.53000000
2018-02-26 01:07:41,0.00131460,234.99000000
2018-02-26 01:07:42,0.00131520,113.30000000
2018-02-26 01:07:43,0.00131590,44.28000000
2018-02-26 01:07:44,0.00131590,16.55000000
2018-02-26 01:07:44,0.00131460,261.31000000
2018-02-26 01:07:44,0.00131460,89.18000000
2018-02-26 01:07:44,0.00131590,202.75000000
2018-02-26 01:07:44,0.00131590,33.21000000
2018-02-26 01:07:44,0.00131420,1.05000000
2018-02-26 01:07:45,0.00131590,136.44000000
2018-02-26 01:07:45,0.00131590,61.79000000
2018-02-26 01:07:45,0.00131590,38.17000000
2018-02-26 01:07:47,0.00131420,24.29000000
2018-02-26 01:07:47,0.00131320,15.22000000
2018-02-26 01:07:47,0.00131300,19.89000000
2018-02-26 01:07:47,0.00131280,34.00000000
2018-02-26 01:07:47,0.00131260,3.80000000
2018-02-26 01:07:47,0.00131150,70.94000000
2018-02-26 01:07:47,0.00131140,16.77000000
2018-02-26 01:07:47,0.00131100,204.26000000
2018-02-26 01:07:48,0.00131590,2.66000000
2018-02-26 01:07:49,0.00131160,76.29000000
2018-02-26 01:07:49,0.00131050,71.88000000
2018-02-26 01:07:49,0.00131040,149.60000000
2018-02-26 01:07:49,0.00130940,125.49000000
2018-02-26 01:07:49,0.00130940,2.31000000
2018-02-26 01:07:49,0.00130940,162.25000000
2018-02-26 01:07:49,0.00130940,8.30000000
2018-02-26 01:07:49,0.00131040,1.00000000
2018-02-26 01:07:49,0.00131000,30.98000000
2018-02-26 01:07:49,0.00130940,6.00000000
2018-02-26 01:07:50,0.00131270,0.01000000
2018-02-26 01:07:50,0.00130950,19.23000000
2018-02-26 01:07:51,0.00130700,2.67000000
2018-02-26 01:07:51,0.00130660,2.37000000
2018-02-26 01:07:51,0.00130650,2.35000000
2018-02-26 01:07:52,0.00130800,30.98000000
2018-02-26 01:07:53,0.00130800,2.29000000
2018-02-26 01:07:53,0.00130780,15.00000000
2018-02-26 01:07:54,0.00130620,11.82000000
2018-02-26 01:07:54,0.00130620,18.71000000
2018-02-26 01:07:55,0.00130610,28.02000000
2018-02-26 01:07:55,0.00130620,11.82000000
2018-02-26 01:07:56,0.00130650,49.75000000
2018-02-26 01:07:56,0.00130620,15.00000000
2018-02-26 01:07:56,0.00130750,20.00000000
2018-02-26 01:07:56,0.00130760,4.49000000
2018-02-26 01:07:56,0.00130520,3.78000000
2018-02-26 01:07:56,0.00130510,138.05000000
2018-02-26 01:07:56,0.00130500,107.14000000
2018-02-26 01:07:56,0.00130200,15.79000000
2018-02-26 01:07:56,0.00130180,1.61000000
2018-02-26 01:07:56,0.00130160,3.84000000
2018-02-26 01:07:56,0.00130120,6.68000000
2018-02-26 01:07:56,0.00130100,6.15000000
2018-02-26 01:07:56,0.00130040,108.77000000
2018-02-26 01:07:56,0.00130020,60.59000000
2018-02-26 01:07:56,0.00130000,227.27000000
2018-02-26 01:07:56,0.00130000,17.00000000
2018-02-26 01:07:56,0.00130000,403.93000000
2018-02-26 01:07:56,0.00130000,60.55000000
2018-02-26 01:07:56,0.00130000,11.50000000
2018-02-26 01:07:57,0.00130440,4.60000000
2018-02-26 01:07:57,0.00130540,20.00000000
2018-02-26 01:07:58,0.00130640,3.80000000
2018-02-26 01:07:58,0.00130650,20.00000000
2018-02-26 01:07:58,0.00130540,80.00000000
2018-02-26 01:08:00,0.00130530,23.88000000
2018-02-26 01:08:04,0.00130530,15.00000000
2018-02-26 01:08:05,0.00130500,56.06000000
2018-02-26 01:08:05,0.00130530,153.33000000
2018-02-26 01:08:05,0.00130540,49.10000000
2018-02-26 01:08:08,0.00130700,121.10000000
2018-02-26 01:08:09,0.00130760,3.83000000
2018-02-26 01:08:09,0.00131000,22.10000000
2018-02-26 01:08:12,0.00130690,76.51000000
2018-02-26 01:08:12,0.00130680,15.30000000
2018-02-26 01:08:12,0.00130660,3.82000000
2018-02-26 01:08:12,0.00130650,35.75000000
2018-02-26 01:08:12,0.00130600,273.31000000
2018-02-26 01:08:13,0.00130720,2.31000000
2018-02-26 01:08:13,0.00130600,159.83000000
2018-02-26 01:08:13,0.00130600,0.67000000
2018-02-26 01:08:14,0.00130910,1.00000000
2018-02-26 01:08:15,0.00130600,51.62000000
2018-02-26 01:08:16,0.00130910,15.35000000
2018-02-26 01:08:16,0.00130890,60.16000000
2018-02-26 01:08:16,0.00130900,13.37000000
2018-02-26 01:08:16,0.00130900,1.93000000
2018-02-26 01:08:19,0.00131000,9.50000000
2018-02-26 01:08:22,0.00131000,14.50000000
2018-02-26 01:08:22,0.00130900,1.00000000
2018-02-26 01:08:22,0.00131000,118.40000000
2018-02-26 01:08:24,0.00130850,1.80000000
2018-02-26 01:08:24,0.00130820,9.71000000
2018-02-26 01:08:25,0.00130770,38.34000000
2018-02-26 01:08:26,0.00130900,1.00000000
2018-02-26 01:08:27,0.00130990,3.82000000
2018-02-26 01:08:27,0.00131000,72.94000000
2018-02-26 01:08:28,0.00130910,0.02000000
2018-02-26 01:08:29,0.00130910,1.00000000
2018-02-26 01:08:32,0.00130910,1.48000000
2018-02-26 01:08:33,0.00130910,2.12000000
2018-02-26 01:08:35,0.00130980,2.31000000
2018-02-26 01:08:35,0.00130990,70.94000000
2018-02-26 01:08:35,0.00131000,248.43000000
2018-02-26 01:08:35,0.00130910,0.74000000
2018-02-26 01:08:35,0.00130900,34.26000000
2018-02-26 01:08:37,0.00131000,7.63000000
2018-02-26 01:08:38,0.00131000,0.99000000
2018-02-26 01:08:38,0.00131000,3.44000000
2018-02-26 01:08:39,0.00130910,2.99000000
2018-02-26 01:08:39,0.00130950,128.91000000
2018-02-26 01:08:40,0.00131000,16.56000000
2018-02-26 01:08:40,0.00130910,143.62000000
2018-02-26 01:08:41,0.00130910,2.09000000
2018-02-26 01:08:41,0.00130910,17.12000000
2018-02-26 01:08:41,0.00131000,21.74000000
2018-02-26 01:08:41,0.00131000,36.00000000
2018-02-26 01:08:41,0.00130910,6.98000000
2018-02-26 01:08:41,0.00131000,4.95000000
2018-02-26 01:08:42,0.00131000,15.00000000
2018-02-26 01:08:44,0.00130910,5.24000000
2018-02-26 01:08:44,0.00130910,207.34000000
2018-02-26 01:08:44,0.00130900,232.06000000
2018-02-26 01:08:44,0.00130790,2.31000000
2018-02-26 01:08:44,0.00130700,11.48000000
2018-02-26 01:08:44,0.00130670,3.82000000
2018-02-26 01:08:44,0.00130640,328.04000000
2018-02-26 01:08:44,0.00130630,910.79000000
2018-02-26 01:08:47,0.00130950,15.30000000
2018-02-26 01:08:47,0.00130960,2.31000000
2018-02-26 01:08:47,0.00130980,1.00000000
2018-02-26 01:08:47,0.00131000,15.00000000
2018-02-26 01:08:47,0.00131020,2.31000000
2018-02-26 01:08:47,0.00131070,6.13000000
2018-02-26 01:08:47,0.00131090,1.61000000
2018-02-26 01:08:47,0.00131100,48.36000000
2018-02-26 01:08:47,0.00131150,2.35000000
2018-02-26 01:08:47,0.00131160,46.55000000
2018-02-26 01:08:49,0.00131150,3.81000000
2018-02-26 01:08:51,0.00130940,46.15000000
2018-02-26 01:08:51,0.00130990,1.72000000
2018-02-26 01:08:51,0.00131150,9.89000000
2018-02-26 01:08:51,0.00130820,0.67000000
2018-02-26 01:08:53,0.00131020,6.36000000
2018-02-26 01:08:53,0.00131110,3.82000000
2018-02-26 01:08:53,0.00131120,33.21000000
2018-02-26 01:08:53,0.00131150,61.30000000
2018-02-26 01:08:53,0.00131160,35.18000000
2018-02-26 01:08:56,0.00131160,47.00000000
2018-02-26 01:08:57,0.00131140,8.02000000
2018-02-26 01:09:07,0.00131140,3.97000000
2018-02-26 01:09:08,0.00131130,0.98000000
2018-02-26 01:09:08,0.00130900,2.42000000
2018-02-26 01:09:08,0.00131140,209.67000000
2018-02-26 01:09:08,0.00131140,15.09000000
2018-02-26 01:09:09,0.00131140,7.64000000
2018-02-26 01:09:11,0.00131140,5.58000000
2018-02-26 01:09:11,0.00131140,6.69000000
2018-02-26 01:09:11,0.00131140,13.88000000
2018-02-26 01:09:11,0.00131140,6.71000000
2018-02-26 01:09:11,0.00131140,1.10000000
2018-02-26 01:09:12,0.00131150,59.57000000
2018-02-26 01:09:12,0.00131140,65.87000000
2018-02-26 01:09:13,0.00131150,172.36000000
2018-02-26 01:09:13,0.00131150,2.20000000
2018-02-26 01:09:15,0.00131150,57.37000000
2018-02-26 01:09:16,0.00131150,33.16000000
2018-02-26 01:09:21,0.00131150,413.73000000
2018-02-26 01:09:25,0.00131140,3.96000000
2018-02-26 01:09:26,0.00131160,10.33000000
2018-02-26 01:09:28,0.00131150,417.14000000
2018-02-26 01:09:28,0.00131140,289.91000000
2018-02-26 01:09:28,0.00130900,11.01000000
2018-02-26 01:09:33,0.00130900,88.15000000
2018-02-26 01:09:34,0.00130900,177.08000000
2018-02-26 01:09:34,0.00130900,170.33000000
2018-02-26 01:09:44,0.00130900,24.26000000
2018-02-26 01:09:44,0.00130940,144.35000000
2018-02-26 01:09:45,0.00130900,261.67000000
2018-02-26 01:09:45,0.00130900,76.74000000
2018-02-26 01:09:49,0.00130900,1.72000000
2018-02-26 01:09:50,0.00130900,1.91000000
2018-02-26 01:09:50,0.00130830,258.16000000
2018-02-26 01:09:51,0.00130830,41.37000000
2018-02-26 01:09:52,0.00130840,2.29000000
2018-02-26 01:09:52,0.00130900,90.93000000
2018-02-26 01:09:53,0.00130900,117.46000000
2018-02-26 01:09:58,0.00130940,61.59000000
2018-02-26 01:09:58,0.00131000,6.11000000
2018-02-26 01:10:01,0.00130900,100.00000000
2018-02-26 01:10:01,0.00131000,1.49000000
2018-02-26 01:10:04,0.00130940,42.51000000
2018-02-26 01:10:04,0.00131000,31.21000000
2018-02-26 01:10:05,0.00130940,12.00000000
2018-02-26 01:10:05,0.00130900,1.17000000
2018-02-26 01:10:07,0.00130940,8.15000000
2018-02-26 01:10:07,0.00131000,46.85000000
2018-02-26 01:10:09,0.00131000,15.00000000
2018-02-26 01:10:10,0.00130900,138.80000000
2018-02-26 01:10:10,0.00130830,73.99000000
2018-02-26 01:10:11,0.00130830,1.00000000
2018-02-26 01:10:12,0.00131000,601.87000000
2018-02-26 01:10:12,0.00130900,71.39000000
2018-02-26 01:10:17,0.00130860,152.16000000
2018-02-26 01:10:22,0.00130830,55.83000000
2018-02-26 01:10:29,0.00130830,137.92000000
2018-02-26 01:10:31,0.00130890,20.00000000
2018-02-26 01:10:34,0.00130830,436.80000000
2018-02-26 01:10:34,0.00130830,400.62000000
2018-02-26 01:10:35,0.00130850,69.40000000
2018-02-26 01:10:38,0.00130890,36.36000000
2018-02-26 01:10:39,0.00130830,50.00000000
2018-02-26 01:10:40,0.00130890,11.30000000
2018-02-26 01:10:40,0.00130830,14.51000000
2018-02-26 01:10:40,0.00130750,0.99000000
2018-02-26 01:10:40,0.00130730,8.87000000
2018-02-26 01:10:43,0.00130830,5.00000000
2018-02-26 01:10:43,0.00130830,5.50000000
2018-02-26 01:10:48,0.00130720,159.97000000
2018-02-26 01:10:48,0.00130800,1.86000000
2018-02-26 01:10:48,0.00130830,66.78000000
2018-02-26 01:10:51,0.00130830,52.39000000
2018-02-26 01:10:53,0.00130830,6.74000000
2018-02-26 01:10:53,0.00130860,6.35000000
2018-02-26 01:10:55,0.00130850,1.59000000
2018-02-26 01:10:55,0.00130860,3.27000000
2018-02-26 01:10:55,0.00130680,10.00000000
2018-02-26 01:10:55,0.00130660,2.31000000
2018-02-26 01:10:55,0.00130640,65.90000000
2018-02-26 01:10:56,0.00130810,2.31000000
2018-02-26 01:10:56,0.00130860,3.92000000
2018-02-26 01:10:56,0.00130880,15.63000000
2018-02-26 01:10:56,0.00130890,21.45000000
2018-02-26 01:10:57,0.00130890,0.82000000
2018-02-26 01:11:01,0.00130890,255.55000000
2018-02-26 01:11:02,0.00130830,9.98000000
2018-02-26 01:11:06,0.00130890,2.29000000
2018-02-26 01:11:08,0.00130850,77.21000000
2018-02-26 01:11:09,0.00130890,267.23000000
2018-02-26 01:11:10,0.00130830,30.00000000
2018-02-26 01:11:19,0.00130830,56.66000000
2018-02-26 01:11:22,0.00130860,380.64000000
2018-02-26 01:11:22,0.00130830,491.69000000
2018-02-26 01:11:24,0.00130830,45.71000000
2018-02-26 01:11:26,0.00130830,215.78000000
2018-02-26 01:11:27,0.00130830,197.94000000
2018-02-26 01:11:28,0.00130850,167.78000000
2018-02-26 01:11:29,0.00130850,28.55000000
2018-02-26 01:11:29,0.00130850,1.72000000
2018-02-26 01:11:30,0.00130850,31.48000000
2018-02-26 01:11:30,0.00130830,91.84000000
2018-02-26 01:11:43,0.00130800,1.00000000
2018-02-26 01:11:45,0.00130760,85.01000000
2018-02-26 01:11:49,0.00130790,2.83000000
2018-02-26 01:11:50,0.00130730,3.94000000
2018-02-26 01:11:50,0.00130720,14.46000000
2018-02-26 01:11:50,0.00130640,17.56000000
2018-02-26 01:11:56,0.00130640,10.00000000
2018-02-26 01:11:56,0.00130640,30.78000000
2018-02-26 01:11:57,0.00130640,1.49000000
2018-02-26 01:11:58,0.00130640,20.40000000
2018-02-26 01:11:58,0.00130700,4.84000000
2018-02-26 01:11:59,0.00130640,4.62000000
2018-02-26 01:11:59,0.00130630,13.02000000
2018-02-26 01:12:01,0.00130640,10.50000000
2018-02-26 01:12:01,0.00130640,7.63000000
2018-02-26 01:12:01,0.00130640,5.43000000
2018-02-26 01:12:01,0.00130640,1.00000000
2018-02-26 01:12:02,0.00130640,1.96000000
2018-02-26 01:12:03,0.00130630,1.00000000
2018-02-26 01:12:04,0.00130630,9.30000000
2018-02-26 01:12:04,0.00130640,79.79000000
2018-02-26 01:12:04,0.00130700,24.20000000
2018-02-26 01:12:04,0.00130630,0.66000000
2018-02-26 01:12:04,0.00130630,239.28000000
2018-02-26 01:12:06,0.00130640,35.00000000
2018-02-26 01:12:06,0.00130780,1.89000000
2018-02-26 01:12:09,0.00130640,8.98000000
2018-02-26 01:12:09,0.00130700,6.87000000
2018-02-26 01:12:11,0.00130660,92.65000000
2018-02-26 01:12:16,0.00130700,684.12000000
2018-02-26 01:12:17,0.00130800,314.14000000
2018-02-26 01:12:17,0.00130830,70.46000000
2018-02-26 01:12:17,0.00130890,122.41000000
2018-02-26 01:12:25,0.00130960,5.37000000
2018-02-26 01:12:29,0.00130890,9.88000000
2018-02-26 01:12:29,0.00130890,9.88000000
2018-02-26 01:12:30,0.00130960,2.28000000
2018-02-26 01:12:30,0.00130960,5.00000000
2018-02-26 01:12:31,0.00130980,9.54000000
2018-02-26 01:12:31,0.00130990,165.17000000
2018-02-26 01:12:32,0.00130960,5.00000000
2018-02-26 01:12:32,0.00130960,15.00000000
2018-02-26 01:12:33,0.00130960,28.93000000
2018-02-26 01:12:33,0.00130960,2.49000000
2018-02-26 01:12:34,0.00130990,13.35000000
2018-02-26 01:12:36,0.00130990,28.72000000
2018-02-26 01:12:36,0.00131000,118.76000000
2018-02-26 01:12:36,0.00131000,265.46000000
2018-02-26 01:12:36,0.00130990,22.90000000
2018-02-26 01:12:36,0.00131000,63.30000000
2018-02-26 01:12:36,0.00130990,206.08000000
2018-02-26 01:12:36,0.00130990,173.51000000
2018-02-26 01:12:38,0.00130990,115.47000000
2018-02-26 01:12:40,0.00131000,1.66000000
2018-02-26 01:12:41,0.00131000,861.70000000
2018-02-26 01:12:41,0.00130990,47.22000000
2018-02-26 01:12:41,0.00130890,104.75000000
2018-02-26 01:12:41,0.00130840,9.88000000
2018-02-26 01:12:41,0.00130800,23.60000000
2018-02-26 01:12:41,0.00130770,3.82000000
2018-02-26 01:12:41,0.00130740,132.21000000
2018-02-26 01:12:41,0.00130730,149.11000000
2018-02-26 01:12:41,0.00130700,590.50000000
2018-02-26 01:12:45,0.00131100,2.59000000
2018-02-26 01:12:48,0.00131100,15.80000000
2018-02-26 01:12:50,0.00131040,100.46000000
2018-02-26 01:12:50,0.00130990,5.72000000
2018-02-26 01:12:51,0.00130990,164.47000000
2018-02-26 01:12:51,0.00130860,7.31000000
2018-02-26 01:12:51,0.00130840,30.70000000
2018-02-26 01:12:51,0.00130820,13.04000000
2018-02-26 01:12:54,0.00131070,3.82000000
2018-02-26 01:12:54,0.00131080,2.31000000
2018-02-26 01:12:54,0.00131100,53.02000000
2018-02-26 01:12:56,0.00130890,6.46000000
2018-02-26 01:12:56,0.00130820,2.24000000
2018-02-26 01:12:56,0.00130700,324.78000000
2018-02-26 01:12:59,0.00131000,1.23000000
2018-02-26 01:13:00,0.00131000,12.50000000
2018-02-26 01:13:03,0.00130840,2.31000000
2018-02-26 01:13:03,0.00130820,12.39000000
2018-02-26 01:13:03,0.00130710,122.20000000
2018-02-26 01:13:03,0.00130700,5.89000000
2018-02-26 01:13:04,0.00130980,2.31000000
2018-02-26 01:13:04,0.00131000,12.95000000
2018-02-26 01:13:05,0.00130990,5.00000000
2018-02-26 01:13:06,0.00130990,10.28000000
2018-02-26 01:13:06,0.00131000,28.12000000
2018-02-26 01:13:06,0.00131000,151.34000000
2018-02-26 01:13:06,0.00131000,50.74000000
2018-02-26 01:13:06,0.00131000,22.77000000
2018-02-26 01:13:07,0.00131000,102.58000000
2018-02-26 01:13:07,0.00131100,547.42000000
2018-02-26 01:13:09,0.00131010,17.69000000
2018-02-26 01:13:10,0.00130980,1.67000000
2018-02-26 01:13:11,0.00130960,3.97000000
2018-02-26 01:13:11,0.00131060,15.30000000
2018-02-26 01:13:11,0.00131100,153.38000000
2018-02-26 01:13:13,0.00131100,138.39000000
2018-02-26 01:13:15,0.00130850,8.42000000
2018-02-26 01:13:15,0.00130830,3.28000000
2018-02-26 01:13:20,0.00131000,291.99000000
2018-02-26 01:13:20,0.00131080,2.31000000
2018-02-26 01:13:20,0.00131090,3.28000000
2018-02-26 01:13:20,0.00131100,119.70000000
2018-02-26 01:13:20,0.00131140,5.00000000
2018-02-26 01:13:20,0.00131150,15.25000000
2018-02-26 01:13:20,0.00131160,1.00000000
2018-02-26 01:13:20,0.00131170,85.19000000
2018-02-26 01:13:24,0.00131170,14.81000000
2018-02-26 01:13:24,0.00131180,17.22000000
2018-02-26 01:13:25,0.00131130,108.26000000
2018-02-26 01:13:26,0.00131100,580.81000000
2018-02-26 01:13:26,0.00131100,142.41000000
2018-02-26 01:13:29,0.00131100,6.82000000
2018-02-26 01:13:34,0.00131180,2.65000000
2018-02-26 01:13:41,0.00131130,25.50000000
2018-02-26 01:13:41,0.00131100,0.92000000
2018-02-26 01:13:51,0.00131090,40.19000000
2018-02-26 01:13:52,0.00131090,130.00000000
2018-02-26 01:13:52,0.00131100,301.43000000
2018-02-26 01:13:54,0.00131000,7.08000000
2018-02-26 01:13:55,0.00131000,5.82000000
2018-02-26 01:13:55,0.00131100,92.59000000
2018-02-26 01:13:58,0.00131110,2.17000000
2018-02-26 01:14:00,0.00131110,30.79000000
2018-02-26 01:14:03,0.00131110,8.47000000
2018-02-26 01:14:03,0.00131110,41.14000000
2018-02-26 01:14:04,0.00131180,134.54000000
2018-02-26 01:14:08,0.00131200,34.99000000
2018-02-26 01:14:13,0.00131180,63.19000000
2018-02-26 01:14:13,0.00131180,2.36000000
2018-02-26 01:14:16,0.00131180,34.45000000
2018-02-26 01:14:16,0.00131200,21.08000000
2018-02-26 01:14:16,0.00131330,12.02000000
2018-02-26 01:14:16,0.00131340,2.98000000
2018-02-26 01:14:17,0.00131340,3.69000000
2018-02-26 01:14:18,0.00131260,33.31000000
2018-02-26 01:14:18,0.00131340,4.84000000
2018-02-26 01:14:19,0.00131400,29.73000000
2018-02-26 01:14:19,0.00131420,112.95000000
2018-02-26 01:14:19,0.00131440,397.46000000
2018-02-26 01:14:19,0.00131480,18.93000000
2018-02-26 01:14:19,0.00131490,436.29000000
2018-02-26 01:14:24,0.00131490,0.02000000
2018-02-26 01:14:25,0.00131490,32.80000000
2018-02-26 01:14:27,0.00131490,88.85000000
2018-02-26 01:14:27,0.00131500,300.11000000
2018-02-26 01:14:27,0.00131500,621.67000000
2018-02-26 01:14:27,0.00131550,2.77000000
2018-02-26 01:14:27,0.00131550,0.55000000
2018-02-26 01:14:27,0.00131260,2.77000000
2018-02-26 01:14:27,0.00131470,2.31000000
2018-02-26 01:14:27,0.00131500,31.90000000
2018-02-26 01:14:29,0.00131500,56.00000000
2018-02-26 01:14:29,0.00131500,3.81000000
2018-02-26 01:14:30,0.00131520,123.88000000
2018-02-26 01:14:32,0.00131550,6.64000000
2018-02-26 01:14:32,0.00131580,19.89000000
2018-02-26 01:14:32,0.00131600,56.07000000
2018-02-26 01:14:33,0.00131600,104.38000000
2018-02-26 01:14:33,0.00131620,7.23000000
2018-02-26 01:14:33,0.00131690,15.13000000
2018-02-26 01:14:33,0.00131740,131.64000000
2018-02-26 01:14:34,0.00131740,96.00000000
2018-02-26 01:14:34,0.00131780,25.00000000
2018-02-26 01:14:34,0.00131790,0.98000000
2018-02-26 01:14:34,0.00131800,66.02000000
2018-02-26 01:14:35,0.00131750,102.74000000
2018-02-26 01:14:35,0.00131600,9.80000000
2018-02-26 01:14:36,0.00131530,1.07000000
2018-02-26 01:14:36,0.00131800,260.73000000
2018-02-26 01:14:37,0.00131550,2.31000000
2018-02-26 01:14:37,0.00131540,71.39000000
2018-02-26 01:14:37,0.00131530,15.20000000
2018-02-26 01:14:37,0.00131520,1.89000000
2018-02-26 01:14:37,0.00131510,700.99000000
2018-02-26 01:14:37,0.00131470,3.82000000
2018-02-26 01:14:37,0.00131780,2.31000000
2018-02-26 01:14:37,0.00131790,67.69000000
2018-02-26 01:14:38,0.00131540,76.14000000
2018-02-26 01:14:38,0.00131320,2.00000000
2018-02-26 01:14:40,0.00131600,24.11000000
2018-02-26 01:14:41,0.00131430,1.00000000
2018-02-26 01:14:41,0.00131460,1.99000000
2018-02-26 01:14:41,0.00131480,1.90000000
2018-02-26 01:14:42,0.00131460,0.32000000
2018-02-26 01:14:44,0.00131430,51.34000000
2018-02-26 01:14:44,0.00131480,14.14000000
2018-02-26 01:14:45,0.00131390,41.12000000
2018-02-26 01:14:48,0.00131320,211.94000000
2018-02-26 01:14:50,0.00131310,14.17000000
2018-02-26 01:14:50,0.00131310,22.58000000
2018-02-26 01:14:51,0.00131200,2.69000000
2018-02-26 01:14:51,0.00131310,24.42000000
2018-02-26 01:14:51,0.00131320,275.76000000
2018-02-26 01:14:52,0.00131320,213.29000000
2018-02-26 01:14:53,0.00131430,40.69000000
2018-02-26 01:14:57,0.00131290,15.00000000
2018-02-26 01:14:57,0.00131290,35.00000000
2018-02-26 01:14:58,0.00131300,1.00000000
2018-02-26 01:14:58,0.00131200,33.99000000
2018-02-26 01:14:58,0.00131330,1.00000000
2018-02-26 01:14:58,0.00131430,3.82000000
2018-02-26 01:14:58,0.00131550,23.02000000
2018-02-26 01:14:59,0.00131430,55.08000000
2018-02-26 01:15:01,0.00131490,203.73000000
2018-02-26 01:15:01,0.00131540,6.09000000
2018-02-26 01:15:02,0.00131540,0.78000000
2018-02-26 01:15:04,0.00131520,9.62000000
2018-02-26 01:15:04,0.00131550,0.38000000
2018-02-26 01:15:07,0.00131550,2.90000000
2018-02-26 01:15:07,0.00131640,34.74000000
2018-02-26 01:15:08,0.00131520,13.02000000
2018-02-26 01:15:10,0.00131550,5.37000000
2018-02-26 01:15:15,0.00131550,29.34000000
2018-02-26 01:15:17,0.00131550,2.83000000
2018-02-26 01:15:17,0.00131550,6.04000000
2018-02-26 01:15:19,0.00131550,8.09000000
2018-02-26 01:15:20,0.00131640,36.65000000
2018-02-26 01:15:21,0.00131640,0.93000000
2018-02-26 01:15:23,0.00131650,7.00000000
2018-02-26 01:15:25,0.00131650,7.72000000
2018-02-26 01:15:25,0.00131550,113.22000000
2018-02-26 01:15:25,0.00131680,2.31000000
2018-02-26 01:15:26,0.00131680,36.43000000
2018-02-26 01:15:26,0.00131500,1.00000000
2018-02-26 01:15:26,0.00131400,3.81000000
2018-02-26 01:15:26,0.00131390,2.31000000
2018-02-26 01:15:26,0.00131380,70.78000000
2018-02-26 01:15:26,0.00131370,15.22000000
2018-02-26 01:15:26,0.00131360,2.31000000
2018-02-26 01:15:26,0.00131330,35.98000000
2018-02-26 01:15:28,0.00131430,1.00000000
2018-02-26 01:15:28,0.00131530,4.62000000
2018-02-26 01:15:28,0.00131580,70.78000000
2018-02-26 01:15:28,0.00131590,15.20000000
2018-02-26 01:15:28,0.00131600,1.23000000
2018-02-26 01:15:30,0.00131680,2.00000000
2018-02-26 01:15:30,0.00131780,7.00000000
2018-02-26 01:15:31,0.00131780,30.22000000
2018-02-26 01:15:31,0.00131780,187.30000000
2018-02-26 01:15:31,0.00131650,219.21000000
2018-02-26 01:15:31,0.00131650,804.41000000
2018-02-26 01:15:31,0.00131650,9.84000000
2018-02-26 01:15:31,0.00131690,1.00000000
2018-02-26 01:15:31,0.00131790,8.47000000
2018-02-26 01:15:31,0.00131800,10.53000000
2018-02-26 01:15:32,0.00131600,1.00000000
2018-02-26 01:15:32,0.00131500,6.63000000
2018-02-26 01:15:32,0.00131380,4.95000000
2018-02-26 01:15:32,0.00131330,121.44000000
2018-02-26 01:15:33,0.00131550,4.00000000
2018-02-26 01:15:33,0.00131510,71.99000000
2018-02-26 01:15:33,0.00131510,4.00000000
2018-02-26 01:15:33,0.00131500,19.89000000
2018-02-26 01:15:35,0.00131350,139.32000000
2018-02-26 01:15:35,0.00131380,1.71000000
2018-02-26 01:15:36,0.00131380,74.28000000
2018-02-26 01:15:36,0.00131390,57.41000000
2018-02-26 01:15:37,0.00131390,81.91000000
2018-02-26 01:15:39,0.00131340,1.90000000
2018-02-26 01:15:41,0.00131340,7.72000000
2018-02-26 01:15:42,0.00131390,30.14000000
2018-02-26 01:15:42,0.00131400,76.09000000
2018-02-26 01:15:42,0.00131390,34.64000000
2018-02-26 01:15:51,0.00131550,291.53000000
2018-02-26 01:15:51,0.00131500,100.08000000
2018-02-26 01:15:51,0.00131500,22.75000000
2018-02-26 01:15:52,0.00131500,56.56000000
2018-02-26 01:15:55,0.00131590,76.09000000
2018-02-26 01:15:55,0.00131600,3.81000000
2018-02-26 01:15:56,0.00131610,25.00000000
2018-02-26 01:16:02,0.00131610,32.68000000
2018-02-26 01:16:02,0.00131590,30.31000000
2018-02-26 01:16:02,0.00131500,561.99000000
2018-02-26 01:16:02,0.00131750,12.98000000
2018-02-26 01:16:05,0.00131730,2.94000000
2018-02-26 01:16:05,0.00131750,88.60000000
2018-02-26 01:16:09,0.00131770,0.97000000
2018-02-26 01:16:10,0.00131760,147.13000000
2018-02-26 01:16:11,0.00131770,1.63000000
2018-02-26 01:16:11,0.00131780,0.15000000
2018-02-26 01:16:12,0.00131780,201.61000000
2018-02-26 01:16:12,0.00131800,138.39000000
2018-02-26 01:16:12,0.00131750,14.40000000
2018-02-26 01:16:12,0.00131750,54.47000000
2018-02-26 01:16:14,0.00131870,9.62000000
2018-02-26 01:16:14,0.00131900,60.20000000
2018-02-26 01:16:16,0.00131800,5.20000000
2018-02-26 01:16:16,0.00131900,325.12000000
2018-02-26 01:16:17,0.00131900,26.71000000
2018-02-26 01:16:17,0.00131940,4.09000000
2018-02-26 01:16:19,0.00131940,26.44000000
2018-02-26 01:16:19,0.00131940,8.87000000
2018-02-26 01:16:22,0.00131950,1.55000000
2018-02-26 01:16:22,0.00131960,871.31000000
2018-02-26 01:16:23,0.00131960,264.03000000
2018-02-26 01:16:24,0.00131960,719.19000000
2018-02-26 01:16:24,0.00131960,700.99000000
2018-02-26 01:16:24,0.00131950,53.11000000
2018-02-26 01:16:25,0.00131950,1.85000000
2018-02-26 01:16:26,0.00131940,12.72000000
2018-02-26 01:16:26,0.00131950,62.26000000
2018-02-26 01:16:26,0.00131950,9.40000000
2018-02-26 01:16:29,0.00131950,150.21000000
2018-02-26 01:16:30,0.00131960,39.12000000
2018-02-26 01:16:31,0.00131960,866.20000000
2018-02-26 01:16:32,0.00131960,81.43000000
2018-02-26 01:16:32,0.00131970,2.59000000
2018-02-26 01:16:32,0.00132000,370.97000000
2018-02-26 01:16:32,0.00132000,624.99000000
2018-02-26 01:16:32,0.00132000,69.51000000
2018-02-26 01:16:33,0.00132000,30.06000000
2018-02-26 01:16:33,0.00132000,30.01000000
2018-02-26 01:16:33,0.00132000,30.01000000
2018-02-26 01:16:33,0.00132000,30.01000000
2018-02-26 01:16:33,0.00132000,25.01000000
2018-02-26 01:16:33,0.00132000,22.59000000
2018-02-26 01:16:33,0.00132000,33.88000000
2018-02-26 01:16:33,0.00131960,22.59000000
2018-02-26 01:16:33,0.00132000,1.66000000
2018-02-26 01:16:33,0.00132000,299.99000000
2018-02-26 01:16:34,0.00132000,319.60000000
2018-02-26 01:16:34,0.00132070,2.70000000
2018-02-26 01:16:34,0.00132110,2.54000000
2018-02-26 01:16:34,0.00132120,5.10000000
2018-02-26 01:16:34,0.00132170,10.24000000
2018-02-26 01:16:34,0.00132220,9.90000000
2018-02-26 01:16:34,0.00132270,2.52000000
2018-02-26 01:16:34,0.00132290,8.24000000
2018-02-26 01:16:34,0.00132110,161.96000000
2018-02-26 01:16:35,0.00132110,66.36000000
2018-02-26 01:16:35,0.00132290,18.91000000
2018-02-26 01:16:35,0.00132300,306.55000000
2018-02-26 01:16:35,0.00132320,17.28000000
2018-02-26 01:16:35,0.00132330,7.59000000
2018-02-26 01:16:35,0.00132340,3.87000000
2018-02-26 01:16:36,0.00132350,50.34000000
2018-02-26 01:16:37,0.00132370,0.89000000
2018-02-26 01:16:37,0.00132130,2.28000000
2018-02-26 01:16:37,0.00132120,35.85000000
2018-02-26 01:16:37,0.00132270,0.89000000
2018-02-26 01:16:37,0.00132120,0.89000000
2018-02-26 01:16:38,0.00132270,1.39000000
2018-02-26 01:16:38,0.00132370,29.01000000
2018-02-26 01:16:38,0.00132390,82.41000000
2018-02-26 01:16:38,0.00132270,5.93000000
2018-02-26 01:16:38,0.00132270,6.88000000
2018-02-26 01:16:38,0.00132270,22.67000000
2018-02-26 01:16:38,0.00132370,22.66000000
2018-02-26 01:16:38,0.00132370,2.89000000
2018-02-26 01:16:38,0.00132370,2.39000000
2018-02-26 01:16:38,0.00132270,2.39000000
2018-02-26 01:16:38,0.00132270,1.50000000
2018-02-26 01:16:39,0.00132370,32.63000000
2018-02-26 01:16:39,0.00132270,0.04000000
2018-02-26 01:16:40,0.00132280,7.55000000
2018-02-26 01:16:40,0.00132280,2.28000000
2018-02-26 01:16:41,0.00132280,26.91000000
2018-02-26 01:16:41,0.00132300,77.00000000
2018-02-26 01:16:43,0.00132280,154.94000000
2018-02-26 01:16:44,0.00132300,4.72000000
2018-02-26 01:16:44,0.00132300,18.28000000
2018-02-26 01:16:44,0.00132420,0.97000000
2018-02-26 01:16:44,0.00132460,2.28000000
2018-02-26 01:16:44,0.00132480,14.58000000
2018-02-26 01:16:45,0.00132500,270.00000000
2018-02-26 01:16:45,0.00132500,11.64000000
2018-02-26 01:16:46,0.00132480,10.95000000
2018-02-26 01:16:47,0.00132500,5.57000000
2018-02-26 01:16:47,0.00132500,106.67000000
2018-02-26 01:16:47,0.00132480,11.09000000
2018-02-26 01:16:49,0.00132490,29.66000000
2018-02-26 01:16:50,0.00132490,0.35000000
2018-02-26 01:16:50,0.00132500,5.00000000
2018-02-26 01:16:50,0.00132500,95.34000000
2018-02-26 01:16:50,0.00132480,10.00000000
2018-02-26 01:16:51,0.00132500,175.32000000
2018-02-26 01:16:51,0.00132500,140.90000000
2018-02-26 01:16:51,0.00132530,16.00000000
2018-02-26 01:16:54,0.00132500,2.00000000
2018-02-26 01:16:54,0.00132500,1.27000000
2018-02-26 01:16:56,0.00132530,36.11000000
2018-02-26 01:16:57,0.00132550,0.76000000
2018-02-26 01:16:57,0.00132600,70.00000000
2018-02-26 01:16:57,0.00132640,16.73000000
2018-02-26 01:16:57,0.00132650,201.51000000
2018-02-26 01:16:57,0.00132520,72.17000000
2018-02-26 01:16:57,0.00132500,7.88000000
2018-02-26 01:17:00,0.00132650,5.00000000
2018-02-26 01:17:00,0.00132650,5.00000000
2018-02-26 01:17:00,0.00132650,4.17000000
2018-02-26 01:17:00,0.00132650,5.01000000
2018-02-26 01:17:00,0.00132650,5.00000000
2018-02-26 01:17:00,0.00132530,1.97000000
2018-02-26 01:17:00,0.00132650,15.00000000
2018-02-26 01:17:00,0.00132530,3.69000000
2018-02-26 01:17:01,0.00132650,15.00000000
2018-02-26 01:17:02,0.00132650,16.61000000
2018-02-26 01:17:02,0.00132670,14.78000000
2018-02-26 01:17:02,0.00132680,1.37000000
2018-02-26 01:17:02,0.00132710,342.46000000
2018-02-26 01:17:03,0.00132690,3.84000000
2018-02-26 01:17:03,0.00132690,11.16000000
2018-02-26 01:17:03,0.00132530,3.84000000
2018-02-26 01:17:03,0.00132530,95.09000000
2018-02-26 01:17:04,0.00132710,33.00000000
2018-02-26 01:17:04,0.00132670,5.00000000
2018-02-26 01:17:04,0.00132710,38.00000000
2018-02-26 01:17:04,0.00132670,0.13000000
2018-02-26 01:17:04,0.00132670,15.00000000
2018-02-26 01:17:07,0.00132700,92.91000000
2018-02-26 01:17:07,0.00132670,29.01000000
2018-02-26 01:17:07,0.00132670,5.00000000
2018-02-26 01:17:07,0.00132670,0.04000000
2018-02-26 01:17:08,0.00132700,680.97000000
2018-02-26 01:17:08,0.00132710,171.68000000
2018-02-26 01:17:09,0.00132710,15.00000000
2018-02-26 01:17:09,0.00132710,23.50000000
2018-02-26 01:17:09,0.00132710,86.78000000
2018-02-26 01:17:09,0.00132670,15.22000000
2018-02-26 01:17:09,0.00132680,162.75000000
2018-02-26 01:17:11,0.00132700,4.77000000
2018-02-26 01:17:11,0.00132690,347.27000000
2018-02-26 01:17:11,0.00132710,4.14000000
2018-02-26 01:17:12,0.00132710,26.50000000
2018-02-26 01:17:12,0.00132700,50.00000000
2018-02-26 01:17:12,0.00132710,12.51000000
2018-02-26 01:17:12,0.00132700,10.00000000
2018-02-26 01:17:13,0.00132710,541.60000000
2018-02-26 01:17:14,0.00132770,705.07000000
2018-02-26 01:17:14,0.00132790,1.53000000
2018-02-26 01:17:14,0.00132800,177.07000000
2018-02-26 01:17:14,0.00132830,18.42000000
2018-02-26 01:17:14,0.00132840,1.00000000
2018-02-26 01:17:14,0.00132860,26.46000000
2018-02-26 01:17:14,0.00132870,5.00000000
2018-02-26 01:17:14,0.00132750,1.00000000
2018-02-26 01:17:17,0.00132900,136.14000000
2018-02-26 01:17:17,0.00132990,479.33000000
2018-02-26 01:17:17,0.00133000,866.94000000
2018-02-26 01:17:17,0.00132940,13.34000000
2018-02-26 01:17:17,0.00133000,462.44000000
2018-02-26 01:17:17,0.00133000,13.34000000
2018-02-26 01:17:17,0.00133100,21.48000000
2018-02-26 01:17:17,0.00133120,12.86000000
2018-02-26 01:17:18,0.00132990,2.29000000
2018-02-26 01:17:18,0.00133260,10.00000000
2018-02-26 01:17:18,0.00133290,11.20000000
2018-02-26 01:17:18,0.00133290,125.10000000
2018-02-26 01:17:18,0.00133310,1.00000000
2018-02-26 01:17:18,0.00133400,155.44000000
2018-02-26 01:17:18,0.00133410,38.12000000
2018-02-26 01:17:18,0.00133010,2.28000000
2018-02-26 01:17:18,0.00132990,6.04000000
2018-02-26 01:17:19,0.00133090,1.00000000
2018-02-26 01:17:20,0.00133120,2.29000000
2018-02-26 01:17:20,0.00133130,1.00000000
2018-02-26 01:17:21,0.00133010,3.01000000
2018-02-26 01:17:24,0.00133230,4.17000000
2018-02-26 01:17:24,0.00133240,2.28000000
2018-02-26 01:17:25,0.00133240,0.97000000
2018-02-26 01:17:25,0.00133410,9.34000000
2018-02-26 01:17:25,0.00133410,13.56000000
2018-02-26 01:17:25,0.00133430,2.12000000
2018-02-26 01:17:26,0.00133410,25.00000000
2018-02-26 01:17:27,0.00133320,79.98000000
2018-02-26 01:17:27,0.00133410,5.32000000
2018-02-26 01:17:27,0.00133410,244.28000000
2018-02-26 01:17:29,0.00133410,60.83000000
2018-02-26 01:17:29,0.00133410,167.11000000
2018-02-26 01:17:29,0.00133380,22.63000000
2018-02-26 01:17:29,0.00133380,548.00000000
2018-02-26 01:17:30,0.00133380,15.51000000
2018-02-26 01:17:30,0.00133380,15.15000000
2018-02-26 01:17:30,0.00133380,23.69000000
2018-02-26 01:17:30,0.00133410,74.28000000
2018-02-26 01:17:30,0.00133240,152.27000000
2018-02-26 01:17:30,0.00133210,70.35000000
2018-02-26 01:17:30,0.00133200,350.20000000
2018-02-26 01:17:30,0.00133130,39.16000000
2018-02-26 01:17:30,0.00133070,11.35000000
2018-02-26 01:17:30,0.00133030,2.28000000
2018-02-26 01:17:30,0.00133010,248.51000000
2018-02-26 01:17:30,0.00132990,15.03000000
2018-02-26 01:17:30,0.00132900,18.81000000
2018-02-26 01:17:30,0.00132780,3.76000000
2018-02-26 01:17:30,0.00132750,2452.39000000
2018-02-26 01:17:31,0.00133200,172.65000000
2018-02-26 01:17:31,0.00133220,2.28000000
2018-02-26 01:17:31,0.00133410,16.49000000
2018-02-26 01:17:31,0.00133430,60.76000000
2018-02-26 01:17:31,0.00133370,3.78000000
2018-02-26 01:17:31,0.00133370,66.57000000
2018-02-26 01:17:31,0.00133430,472.82000000
2018-02-26 01:17:31,0.00133490,273.76000000
2018-02-26 01:17:31,0.00133500,230.59000000
2018-02-26 01:17:31,0.00133500,20.03000000
2018-02-26 01:17:32,0.00133500,528.61000000
2018-02-26 01:17:32,0.00133300,33.68000000
2018-02-26 01:17:32,0.00132980,0.84000000
2018-02-26 01:17:32,0.00133240,0.94000000
2018-02-26 01:17:32,0.00133080,2.53000000
2018-02-26 01:17:33,0.00132910,3.37000000
2018-02-26 01:17:33,0.00132990,1.92000000
2018-02-26 01:17:33,0.00133010,13.32000000
2018-02-26 01:17:33,0.00133010,0.24000000
2018-02-26 01:17:34,0.00132990,51.88000000
2018-02-26 01:17:34,0.00133010,77.56000000
2018-02-26 01:17:34,0.00133010,27.87000000
2018-02-26 01:17:34,0.00132880,1.90000000
2018-02-26 01:17:34,0.00132880,0.38000000
2018-02-26 01:17:34,0.00132770,86.31000000
2018-02-26 01:17:34,0.00132770,7.50000000
2018-02-26 01:17:35,0.00132910,3.78000000
2018-02-26 01:17:35,0.00132910,3.69000000
2018-02-26 01:17:35,0.00133010,20.23000000
2018-02-26 01:17:35,0.00133200,357.93000000
2018-02-26 01:17:35,0.00132910,12.08000000
2018-02-26 01:17:35,0.00132920,17.58000000
2018-02-26 01:17:35,0.00132910,5.75000000
2018-02-26 01:17:35,0.00132910,16.00000000
2018-02-26 01:17:36,0.00132910,1.78000000
2018-02-26 01:17:36,0.00132910,3.74000000
2018-02-26 01:17:36,0.00132990,0.06000000
2018-02-26 01:17:36,0.00132910,1.92000000
2018-02-26 01:17:37,0.00132910,11.48000000
2018-02-26 01:17:37,0.00132990,14.28000000
2018-02-26 01:17:37,0.00132910,7.66000000
2018-02-26 01:17:37,0.00132910,7.41000000
2018-02-26 01:17:37,0.00132990,0.01000000
2018-02-26 01:17:37,0.00132910,12.22000000
2018-02-26 01:17:37,0.00132880,2.94000000
2018-02-26 01:17:37,0.00132990,10.00000000
2018-02-26 01:17:37,0.00132990,0.01000000
2018-02-26 01:17:38,0.00132880,4.00000000
2018-02-26 01:17:38,0.00132880,3.56000000
2018-02-26 01:17:38,0.00132880,4.59000000
2018-02-26 01:17:38,0.00132880,1.68000000
2018-02-26 01:17:39,0.00132980,9.16000000
2018-02-26 01:17:39,0.00132980,81.67000000
2018-02-26 01:17:39,0.00133110,2.59000000
2018-02-26 01:17:39,0.00133200,17.29000000
2018-02-26 01:17:39,0.00133350,12.48000000
2018-02-26 01:17:39,0.00133410,2.28000000
2018-02-26 01:17:39,0.00133500,109.07000000
2018-02-26 01:17:40,0.00132910,1.92000000
2018-02-26 01:17:41,0.00132910,1.92000000
2018-02-26 01:17:42,0.00132920,1.69000000
2018-02-26 01:17:42,0.00132930,71.40000000
2018-02-26 01:17:42,0.00132920,40.48000000
2018-02-26 01:17:42,0.00133010,6.98000000
2018-02-26 01:17:43,0.00133140,170.38000000
2018-02-26 01:17:43,0.00133010,3.78000000
2018-02-26 01:17:45,0.00133010,3.72000000
2018-02-26 01:17:46,0.00133010,2.83000000
2018-02-26 01:17:47,0.00133010,1.91000000
2018-02-26 01:17:47,0.00133010,15.33000000
