DATE,PRICE,VOLUME
2018-03-01 13:00:00,0.00145500,4.99000000
2018-03-01 13:00:02,0.00145500,76.05000000
2018-03-01 13:00:03,0.00145670,1.69000000
2018-03-01 13:00:03,0.00145660,283.81000000
2018-03-01 13:00:03,0.00145670,2396.55000000
2018-03-01 13:00:03,0.00145700,290.45000000
2018-03-01 13:00:03,0.00145690,372.09000000
2018-03-01 13:00:04,0.00145690,459.03000000
2018-03-01 13:00:05,0.00145510,1.68000000
2018-03-01 13:00:06,0.00145790,15.68000000
2018-03-01 13:00:07,0.00145510,4.32000000
2018-03-01 13:00:07,0.00145600,3.51000000
2018-03-01 13:00:07,0.00145590,5.14000000
2018-03-01 13:00:08,0.00145590,0.86000000
2018-03-01 13:00:08,0.00145600,1.20000000
2018-03-01 13:00:08,0.00145500,5.01000000
2018-03-01 13:00:08,0.00145500,8.02000000
2018-03-01 13:00:08,0.00145500,11.15000000
2018-03-01 13:00:09,0.00145500,5.01000000
2018-03-01 13:00:09,0.00145500,3.34000000
2018-03-01 13:00:13,0.00145590,10.07000000
2018-03-01 13:00:13,0.00145590,92.66000000
2018-03-01 13:00:14,0.00145590,12.24000000
2018-03-01 13:00:15,0.00145680,14.62000000
2018-03-01 13:00:15,0.00145680,125.78000000
2018-03-01 13:00:17,0.00145590,6.71000000
2018-03-01 13:00:18,0.00145600,11.43000000
2018-03-01 13:00:19,0.00145680,1.37000000
2018-03-01 13:00:19,0.00145680,1.80000000
2018-03-01 13:00:20,0.00145590,10.01000000
2018-03-01 13:00:23,0.00145680,12.43000000
2018-03-01 13:00:25,0.00145680,1.51000000
2018-03-01 13:00:27,0.00145600,6.23000000
2018-03-01 13:00:27,0.00145690,5.51000000
2018-03-01 13:00:28,0.00145790,2.70000000
2018-03-01 13:00:29,0.00145790,25.52000000
2018-03-01 13:00:29,0.00145900,83.70000000
2018-03-01 13:00:29,0.00146000,68.86000000
2018-03-01 13:00:29,0.00146000,245.57000000
2018-03-01 13:00:31,0.00145670,0.86000000
2018-03-01 13:00:32,0.00145670,3.89000000
2018-03-01 13:00:32,0.00146000,163.41000000
2018-03-01 13:00:32,0.00146000,74.35000000
2018-03-01 13:00:32,0.00145990,2.05000000
2018-03-01 13:00:33,0.00145680,6.84000000
2018-03-01 13:00:34,0.00145990,7.00000000
2018-03-01 13:00:35,0.00145700,2.00000000
2018-03-01 13:00:35,0.00145700,2.70000000
2018-03-01 13:00:35,0.00145890,0.26000000
2018-03-01 13:00:36,0.00145880,1.35000000
2018-03-01 13:00:37,0.00145880,1.58000000
2018-03-01 13:00:38,0.00145880,4.11000000
2018-03-01 13:00:39,0.00145880,1.69000000
2018-03-01 13:00:40,0.00145880,2.81000000
2018-03-01 13:00:40,0.00145890,194.47000000
2018-03-01 13:00:40,0.00145910,9.05000000
2018-03-01 13:00:41,0.00145900,1.11000000
2018-03-01 13:00:41,0.00145900,51.85000000
2018-03-01 13:00:41,0.00145900,12.38000000
2018-03-01 13:00:42,0.00146000,1.00000000
2018-03-01 13:00:43,0.00146000,50.60000000
2018-03-01 13:00:44,0.00146000,174.25000000
2018-03-01 13:00:45,0.00146000,50.00000000
2018-03-01 13:00:45,0.00146000,21.50000000
2018-03-01 13:00:45,0.00146000,123.46000000
2018-03-01 13:00:46,0.00146000,162.85000000
2018-03-01 13:00:46,0.00146010,34.68000000
2018-03-01 13:00:47,0.00146010,14.95000000
2018-03-01 13:00:48,0.00146010,249.43000000
2018-03-01 13:00:48,0.00146100,6.49000000
2018-03-01 13:00:48,0.00146050,153.53000000
2018-03-01 13:00:49,0.00146010,598.73000000
2018-03-01 13:00:49,0.00146000,10.95000000
2018-03-01 13:00:49,0.00145890,72.46000000
2018-03-01 13:00:49,0.00145880,2.51000000
2018-03-01 13:00:50,0.00146000,27.25000000
2018-03-01 13:00:50,0.00146000,1.60000000
2018-03-01 13:00:50,0.00146000,167.10000000
2018-03-01 13:00:52,0.00146010,4.49000000
2018-03-01 13:00:52,0.00146010,596.61000000
2018-03-01 13:00:52,0.00146000,362.29000000
2018-03-01 13:00:52,0.00146100,1.10000000
2018-03-01 13:00:52,0.00146100,1.10000000
2018-03-01 13:00:53,0.00145880,1.10000000
2018-03-01 13:00:54,0.00146010,2.79000000
2018-03-01 13:00:54,0.00146010,2.79000000
2018-03-01 13:00:54,0.00146010,0.42000000
2018-03-01 13:00:54,0.00146100,10.31000000
2018-03-01 13:00:54,0.00146100,1.14000000
2018-03-01 13:00:55,0.00146100,1.05000000
2018-03-01 13:00:55,0.00146100,14.78000000
2018-03-01 13:00:55,0.00146180,2.68000000
2018-03-01 13:00:55,0.00146190,13.60000000
2018-03-01 13:00:55,0.00146220,4.12000000
2018-03-01 13:00:55,0.00146240,16.89000000
2018-03-01 13:01:00,0.00146240,1.08000000
2018-03-01 13:01:02,0.00146240,1.60000000
2018-03-01 13:01:02,0.00146240,1.34000000
2018-03-01 13:01:03,0.00146190,50.96000000
2018-03-01 13:01:03,0.00146240,1.36000000
2018-03-01 13:01:04,0.00146240,7.95000000
2018-03-01 13:01:04,0.00146240,50.00000000
2018-03-01 13:01:04,0.00146240,80.41000000
2018-03-01 13:01:06,0.00146230,43.94000000
2018-03-01 13:01:07,0.00146100,10.50000000
2018-03-01 13:01:09,0.00146160,91.26000000
2018-03-01 13:01:09,0.00146230,1.67000000
2018-03-01 13:01:10,0.00146100,67.48000000
2018-03-01 13:01:10,0.00146000,93.20000000
2018-03-01 13:01:10,0.00145890,58.02000000
2018-03-01 13:01:10,0.00145880,286.83000000
2018-03-01 13:01:14,0.00146220,42.41000000
2018-03-01 13:01:14,0.00146230,36.70000000
2018-03-01 13:01:16,0.00146110,32.74000000
2018-03-01 13:01:22,0.00146110,7.48000000
2018-03-01 13:01:22,0.00146100,17.33000000
2018-03-01 13:01:22,0.00145910,306.11000000
2018-03-01 13:01:23,0.00146110,9.68000000
2018-03-01 13:01:23,0.00146110,10.08000000
2018-03-01 13:01:25,0.00146000,302.07000000
2018-03-01 13:01:25,0.00146100,8.12000000
2018-03-01 13:01:25,0.00146110,89.92000000
2018-03-01 13:01:25,0.00146210,20.56000000
2018-03-01 13:01:25,0.00146230,56.54000000
2018-03-01 13:01:25,0.00146100,1.47000000
2018-03-01 13:01:26,0.00146100,6.64000000
2018-03-01 13:01:26,0.00145930,2.36000000
2018-03-01 13:01:26,0.00145920,58.02000000
2018-03-01 13:01:26,0.00145910,61.27000000
2018-03-01 13:01:28,0.00145950,7.53000000
2018-03-01 13:01:28,0.00145930,20.55000000
2018-03-01 13:01:28,0.00145920,14.30000000
2018-03-01 13:01:28,0.00145910,20.71000000
2018-03-01 13:01:33,0.00145930,0.30000000
2018-03-01 13:01:38,0.00146050,1.21000000
2018-03-01 13:01:38,0.00145990,109.44000000
2018-03-01 13:01:41,0.00146000,100.00000000
2018-03-01 13:01:41,0.00146020,7.53000000
2018-03-01 13:01:41,0.00146090,2.47000000
2018-03-01 13:01:51,0.00146080,4.00000000
2018-03-01 13:01:54,0.00146000,33.09000000
2018-03-01 13:01:54,0.00146080,37.09000000
2018-03-01 13:01:56,0.00146030,319.84000000
2018-03-01 13:01:57,0.00146080,3.07000000
2018-03-01 13:02:02,0.00146080,17.04000000
2018-03-01 13:02:02,0.00146090,15.96000000
2018-03-01 13:02:02,0.00146090,15.83000000
2018-03-01 13:02:03,0.00146180,8.02000000
2018-03-01 13:02:03,0.00146200,0.99000000
2018-03-01 13:02:03,0.00146220,35.67000000
2018-03-01 13:02:03,0.00146230,30.99000000
2018-03-01 13:02:05,0.00146230,3.00000000
2018-03-01 13:02:08,0.00146230,0.82000000
2018-03-01 13:02:09,0.00146220,38.92000000
2018-03-01 13:02:09,0.00146230,13.11000000
2018-03-01 13:02:11,0.00146230,4.35000000
2018-03-01 13:02:13,0.00146230,11.49000000
2018-03-01 13:02:15,0.00146240,6.87000000
2018-03-01 13:02:15,0.00146230,6.07000000
2018-03-01 13:02:18,0.00146240,0.01000000
2018-03-01 13:02:22,0.00146290,100.00000000
2018-03-01 13:02:22,0.00146300,105.00000000
2018-03-01 13:02:24,0.00146300,654.80000000
2018-03-01 13:02:24,0.00146320,598.12000000
2018-03-01 13:02:24,0.00146340,7.91000000
2018-03-01 13:02:24,0.00146400,10.97000000
2018-03-01 13:02:24,0.00146490,99.67000000
2018-03-01 13:02:24,0.00146500,1924.25000000
2018-03-01 13:02:24,0.00146500,122.81000000
2018-03-01 13:02:25,0.00146540,20.55000000
2018-03-01 13:02:25,0.00146400,1.00000000
2018-03-01 13:02:26,0.00146590,338.01000000
2018-03-01 13:02:26,0.00146280,6.82000000
2018-03-01 13:02:26,0.00146270,13.23000000
2018-03-01 13:02:26,0.00146600,3.00000000
2018-03-01 13:02:27,0.00146500,1.90000000
2018-03-01 13:02:29,0.00146580,1.08000000
2018-03-01 13:02:29,0.00146510,6.82000000
2018-03-01 13:02:29,0.00146500,0.81000000
2018-03-01 13:02:30,0.00146490,1.90000000
2018-03-01 13:02:30,0.00146500,1.39000000
2018-03-01 13:02:30,0.00146510,7.55000000
2018-03-01 13:02:30,0.00146300,0.72000000
2018-03-01 13:02:31,0.00146570,6.82000000
2018-03-01 13:02:31,0.00146580,8.39000000
2018-03-01 13:02:31,0.00146580,2.05000000
2018-03-01 13:02:31,0.00146580,1.71000000
2018-03-01 13:02:34,0.00146570,0.93000000
2018-03-01 13:02:35,0.00146300,2.46000000
2018-03-01 13:02:36,0.00146300,295.35000000
2018-03-01 13:02:36,0.00146290,22.35000000
2018-03-01 13:02:37,0.00146570,5.89000000
2018-03-01 13:02:37,0.00146570,37.52000000
2018-03-01 13:02:37,0.00146570,2.46000000
2018-03-01 13:02:41,0.00146570,1.14000000
2018-03-01 13:02:43,0.00146570,607.38000000
2018-03-01 13:02:44,0.00146570,6.75000000
2018-03-01 13:02:44,0.00146570,145.38000000
2018-03-01 13:02:44,0.00146570,10.92000000
2018-03-01 13:02:47,0.00146570,39.44000000
2018-03-01 13:02:47,0.00146570,1.16000000
2018-03-01 13:02:47,0.00146570,5.88000000
2018-03-01 13:02:48,0.00146570,203.68000000
2018-03-01 13:02:48,0.00146580,96.32000000
2018-03-01 13:02:49,0.00146570,10.96000000
2018-03-01 13:02:50,0.00146570,171.58000000
2018-03-01 13:02:52,0.00146580,1.00000000
2018-03-01 13:02:53,0.00146580,48.06000000
2018-03-01 13:02:53,0.00146600,27.25000000
2018-03-01 13:02:53,0.00146570,4.18000000
2018-03-01 13:02:55,0.00146580,3.00000000
2018-03-01 13:02:57,0.00146760,1.36000000
2018-03-01 13:02:58,0.00146760,1.37000000
2018-03-01 13:02:58,0.00146770,41.64000000
2018-03-01 13:02:59,0.00146760,68.00000000
2018-03-01 13:02:59,0.00146600,4.24000000
2018-03-01 13:02:59,0.00146590,57.50000000
2018-03-01 13:02:59,0.00146580,17.95000000
2018-03-01 13:03:01,0.00146580,4.53000000
2018-03-01 13:03:02,0.00146580,143.50000000
2018-03-01 13:03:05,0.00146580,28.36000000
2018-03-01 13:03:05,0.00146580,2.75000000
2018-03-01 13:03:06,0.00146580,22.12000000
2018-03-01 13:03:06,0.00146580,0.77000000
2018-03-01 13:03:08,0.00146580,231.62000000
2018-03-01 13:03:08,0.00146580,3070.20000000
2018-03-01 13:03:08,0.00146770,57.50000000
2018-03-01 13:03:08,0.00146780,4.25000000
2018-03-01 13:03:08,0.00146800,0.72000000
2018-03-01 13:03:09,0.00146580,75.71000000
2018-03-01 13:03:09,0.00146570,52.75000000
2018-03-01 13:03:10,0.00146560,1.47000000
2018-03-01 13:03:11,0.00146560,67.43000000
2018-03-01 13:03:11,0.00146570,162.80000000
2018-03-01 13:03:11,0.00146570,18.06000000
2018-03-01 13:03:13,0.00146570,4.05000000
2018-03-01 13:03:13,0.00146570,161.07000000
2018-03-01 13:03:15,0.00146570,1029.65000000
2018-03-01 13:03:16,0.00146740,163.55000000
2018-03-01 13:03:18,0.00146790,7.53000000
2018-03-01 13:03:20,0.00146690,90.16000000
2018-03-01 13:03:22,0.00146800,37.69000000
2018-03-01 13:03:24,0.00146800,6.21000000
2018-03-01 13:03:24,0.00146870,20.00000000
2018-03-01 13:03:25,0.00146870,9.46000000
2018-03-01 13:03:25,0.00146800,123.79000000
2018-03-01 13:03:26,0.00146790,109.43000000
2018-03-01 13:03:26,0.00146870,5.95000000
2018-03-01 13:03:26,0.00146870,6.33000000
2018-03-01 13:03:27,0.00146870,0.01000000
2018-03-01 13:03:28,0.00146880,0.01000000
2018-03-01 13:03:29,0.00146880,1.43000000
2018-03-01 13:03:29,0.00146880,136.43000000
2018-03-01 13:03:29,0.00147000,3.25000000
2018-03-01 13:03:30,0.00147000,23.81000000
2018-03-01 13:03:32,0.00147000,43.37000000
2018-03-01 13:03:32,0.00146880,4.00000000
2018-03-01 13:03:33,0.00147000,177.23000000
2018-03-01 13:03:33,0.00147090,0.68000000
2018-03-01 13:03:33,0.00147090,373.68000000
2018-03-01 13:03:33,0.00147000,5.00000000
2018-03-01 13:03:34,0.00147000,3.11000000
2018-03-01 13:03:35,0.00147090,0.68000000
2018-03-01 13:03:35,0.00147190,0.69000000
2018-03-01 13:03:35,0.00147000,0.01000000
2018-03-01 13:03:36,0.00147190,0.01000000
2018-03-01 13:03:37,0.00147090,68.00000000
2018-03-01 13:03:37,0.00147190,24.67000000
2018-03-01 13:03:38,0.00147190,60.20000000
2018-03-01 13:03:39,0.00147020,2.70000000
2018-03-01 13:03:39,0.00147190,10.00000000
2018-03-01 13:03:40,0.00147190,12.66000000
2018-03-01 13:03:40,0.00147190,43.53000000
2018-03-01 13:03:40,0.00147200,19.60000000
2018-03-01 13:03:40,0.00147200,46.93000000
2018-03-01 13:03:40,0.00147250,0.01000000
2018-03-01 13:03:41,0.00147190,3.70000000
2018-03-01 13:03:42,0.00147190,18.22000000
2018-03-01 13:03:42,0.00147250,1.37000000
2018-03-01 13:03:42,0.00147190,6.94000000
2018-03-01 13:03:43,0.00147190,55.35000000
2018-03-01 13:03:43,0.00147030,119.53000000
2018-03-01 13:03:43,0.00147020,4.29000000
2018-03-01 13:03:43,0.00147100,1.37000000
2018-03-01 13:03:44,0.00147090,55.67000000
2018-03-01 13:03:45,0.00147090,4.60000000
2018-03-01 13:03:45,0.00147100,267.69000000
2018-03-01 13:03:45,0.00147250,462.33000000
2018-03-01 13:03:46,0.00147190,5.80000000
2018-03-01 13:03:47,0.00147250,0.95000000
2018-03-01 13:03:48,0.00147220,50.00000000
2018-03-01 13:03:48,0.00147220,50.00000000
2018-03-01 13:03:48,0.00147220,50.00000000
2018-03-01 13:03:48,0.00147220,31.72000000
2018-03-01 13:03:48,0.00147200,11.06000000
2018-03-01 13:03:48,0.00147220,9.99000000
2018-03-01 13:03:48,0.00147220,4.07000000
2018-03-01 13:03:48,0.00147220,167.66000000
2018-03-01 13:03:48,0.00147250,6.96000000
2018-03-01 13:03:48,0.00147300,37.06000000
2018-03-01 13:03:48,0.00147400,7.31000000
2018-03-01 13:03:48,0.00147400,21.45000000
2018-03-01 13:03:48,0.00147430,19.42000000
2018-03-01 13:03:48,0.00147480,5.00000000
2018-03-01 13:03:49,0.00147480,207.38000000
2018-03-01 13:03:49,0.00147250,3.36000000
2018-03-01 13:03:50,0.00147260,67.93000000
2018-03-01 13:03:50,0.00147250,16.14000000
2018-03-01 13:03:50,0.00147200,7.00000000
2018-03-01 13:03:52,0.00147390,10.17000000
2018-03-01 13:03:52,0.00147250,3.91000000
2018-03-01 13:03:53,0.00147250,23.13000000
2018-03-01 13:03:53,0.00147290,1.37000000
2018-03-01 13:03:53,0.00147290,56.39000000
2018-03-01 13:03:53,0.00147300,7.00000000
2018-03-01 13:03:53,0.00147550,20.00000000
2018-03-01 13:03:53,0.00147560,228.74000000
2018-03-01 13:03:53,0.00147250,38.82000000
2018-03-01 13:03:53,0.00147210,20.37000000
2018-03-01 13:03:53,0.00147200,2.77000000
2018-03-01 13:03:53,0.00147250,10.00000000
2018-03-01 13:03:53,0.00147250,2.00000000
2018-03-01 13:03:54,0.00147270,7.55000000
2018-03-01 13:03:54,0.00147260,26.23000000
2018-03-01 13:03:54,0.00147260,0.01000000
2018-03-01 13:03:54,0.00147560,3.78000000
2018-03-01 13:03:55,0.00147400,5.07000000
2018-03-01 13:03:55,0.00147260,37.97000000
2018-03-01 13:03:55,0.00147250,16.74000000
2018-03-01 13:03:55,0.00147200,27.00000000
2018-03-01 13:03:56,0.00147530,1.69000000
2018-03-01 13:03:56,0.00147530,0.01000000
2018-03-01 13:03:56,0.00147290,14.76000000
2018-03-01 13:03:57,0.00147290,27.80000000
2018-03-01 13:03:58,0.00147490,35.50000000
2018-03-01 13:03:58,0.00147500,20.37000000
2018-03-01 13:03:58,0.00147520,186.18000000
2018-03-01 13:03:58,0.00147540,6.83000000
2018-03-01 13:03:58,0.00147560,116.52000000
2018-03-01 13:03:58,0.00147200,1.60000000
2018-03-01 13:03:58,0.00147190,14.68000000
2018-03-01 13:03:58,0.00147310,2.88000000
2018-03-01 13:03:59,0.00147490,9.34000000
2018-03-01 13:04:00,0.00147570,30.21000000
2018-03-01 13:04:00,0.00147310,528.90000000
2018-03-01 13:04:00,0.00147290,7.05000000
2018-03-01 13:04:00,0.00147270,20.37000000
2018-03-01 13:04:00,0.00147190,49.97000000
2018-03-01 13:04:00,0.00147130,60.15000000
2018-03-01 13:04:02,0.00147130,6.73000000
2018-03-01 13:04:02,0.00147130,526.83000000
2018-03-01 13:04:02,0.00147310,1.36000000
2018-03-01 13:04:04,0.00147210,13.28000000
2018-03-01 13:04:04,0.00147480,22.19000000
2018-03-01 13:04:04,0.00147230,54.68000000
2018-03-01 13:04:04,0.00147220,7.47000000
2018-03-01 13:04:04,0.00147100,171.46000000
2018-03-01 13:04:04,0.00147000,1202.19000000
2018-03-01 13:04:04,0.00146880,179.41000000
2018-03-01 13:04:04,0.00146880,2.00000000
2018-03-01 13:04:04,0.00146880,2.00000000
2018-03-01 13:04:04,0.00146880,2.00000000
2018-03-01 13:04:04,0.00146880,2.00000000
2018-03-01 13:04:04,0.00146880,2.00000000
2018-03-01 13:04:04,0.00146880,0.46000000
2018-03-01 13:04:04,0.00147530,30.00000000
2018-03-01 13:04:05,0.00147300,47.48000000
2018-03-01 13:04:06,0.00147500,4.34000000
2018-03-01 13:04:06,0.00147500,4.08000000
2018-03-01 13:04:08,0.00147250,2.81000000
2018-03-01 13:04:08,0.00147300,4.11000000
2018-03-01 13:04:08,0.00147300,13.28000000
2018-03-01 13:04:08,0.00147430,1.45000000
2018-03-01 13:04:09,0.00147300,1.13000000
2018-03-01 13:04:09,0.00147430,58.09000000
2018-03-01 13:04:09,0.00147440,25.98000000
2018-03-01 13:04:09,0.00147480,20.37000000
2018-03-01 13:04:09,0.00147540,45.69000000
2018-03-01 13:04:09,0.00147330,392.53000000
2018-03-01 13:04:09,0.00147130,13.28000000
2018-03-01 13:04:10,0.00147140,2.08000000
2018-03-01 13:04:11,0.00147530,5.50000000
2018-03-01 13:04:13,0.00147480,1.97000000
2018-03-01 13:04:13,0.00147490,3.81000000
2018-03-01 13:04:13,0.00147540,12.67000000
2018-03-01 13:04:15,0.00147470,2.08000000
2018-03-01 13:04:15,0.00147480,7.22000000
2018-03-01 13:04:15,0.00147540,89.84000000
2018-03-01 13:04:15,0.00147540,25.61000000
2018-03-01 13:04:18,0.00147300,158.39000000
2018-03-01 13:04:18,0.00147480,74.03000000
2018-03-01 13:04:18,0.00147480,337.94000000
2018-03-01 13:04:19,0.00147530,117.24000000
2018-03-01 13:04:19,0.00147540,170.51000000
2018-03-01 13:04:19,0.00147530,11.57000000
2018-03-01 13:04:19,0.00147250,7.48000000
2018-03-01 13:04:19,0.00147230,5.43000000
2018-03-01 13:04:19,0.00147210,20.37000000
2018-03-01 13:04:19,0.00147200,8.89000000
2018-03-01 13:04:19,0.00147190,3.39000000
2018-03-01 13:04:19,0.00147190,89.34000000
2018-03-01 13:04:20,0.00147190,16.12000000
2018-03-01 13:04:20,0.00147190,319.87000000
2018-03-01 13:04:20,0.00147530,1.69000000
2018-03-01 13:04:20,0.00147530,74.67000000
2018-03-01 13:04:21,0.00147270,1.50000000
2018-03-01 13:04:22,0.00147510,11.03000000
2018-03-01 13:04:25,0.00147320,199.90000000
2018-03-01 13:04:27,0.00147130,27.75000000
2018-03-01 13:04:27,0.00147290,4.00000000
2018-03-01 13:04:28,0.00147130,34.65000000
2018-03-01 13:04:28,0.00147130,456.79000000
2018-03-01 13:04:28,0.00147130,1.38000000
2018-03-01 13:04:28,0.00147130,1.13000000
2018-03-01 13:04:29,0.00147100,1.00000000
2018-03-01 13:04:29,0.00147130,9.31000000
2018-03-01 13:04:29,0.00147130,11.34000000
2018-03-01 13:04:29,0.00147130,7.81000000
2018-03-01 13:04:30,0.00147130,12.60000000
2018-03-01 13:04:30,0.00147130,9.27000000
2018-03-01 13:04:30,0.00147130,9.28000000
2018-03-01 13:04:31,0.00147120,3.48000000
2018-03-01 13:04:31,0.00147130,0.28000000
2018-03-01 13:04:31,0.00147300,220.24000000
2018-03-01 13:04:31,0.00147300,25.09000000
2018-03-01 13:04:31,0.00147470,3.73000000
2018-03-01 13:04:31,0.00147480,20.37000000
2018-03-01 13:04:31,0.00147490,314.80000000
2018-03-01 13:04:33,0.00147150,67.93000000
2018-03-01 13:04:33,0.00147120,20.39000000
2018-03-01 13:04:33,0.00147100,22.80000000
2018-03-01 13:04:34,0.00147090,1.70000000
2018-03-01 13:04:34,0.00147090,7.48000000
2018-03-01 13:04:35,0.00147090,3.18000000
2018-03-01 13:04:35,0.00147090,55.57000000
2018-03-01 13:04:35,0.00147100,68.44000000
2018-03-01 13:04:36,0.00147090,3.18000000
2018-03-01 13:04:37,0.00147090,112.49000000
2018-03-01 13:04:37,0.00147090,35.47000000
2018-03-01 13:04:37,0.00147090,2.70000000
2018-03-01 13:04:37,0.00147050,6.86000000
2018-03-01 13:04:38,0.00147020,76.71000000
2018-03-01 13:04:38,0.00147020,5.93000000
2018-03-01 13:04:40,0.00147000,26.72000000
2018-03-01 13:04:40,0.00147000,3.83000000
2018-03-01 13:04:40,0.00146990,10.00000000
2018-03-01 13:04:40,0.00146870,12.28000000
2018-03-01 13:04:40,0.00146840,2.04000000
2018-03-01 13:04:40,0.00146800,0.73000000
2018-03-01 13:04:40,0.00146750,76.15000000
2018-03-01 13:04:46,0.00146750,3.76000000
2018-03-01 13:04:46,0.00146580,2.00000000
2018-03-01 13:04:46,0.00146520,100.00000000
2018-03-01 13:04:46,0.00146500,48.04000000
2018-03-01 13:04:46,0.00146500,1.44000000
2018-03-01 13:04:46,0.00146500,0.72000000
2018-03-01 13:04:46,0.00146500,0.01000000
2018-03-01 13:04:47,0.00146500,0.01000000
2018-03-01 13:04:47,0.00146970,2.45000000
2018-03-01 13:04:48,0.00146750,16.89000000
2018-03-01 13:04:48,0.00146350,129.51000000
2018-03-01 13:04:48,0.00146320,2.01000000
2018-03-01 13:04:48,0.00146310,50.07000000
2018-03-01 13:04:48,0.00146300,20.29000000
2018-03-01 13:04:49,0.00146670,217.67000000
2018-03-01 13:04:52,0.00146520,57.19000000
2018-03-01 13:04:58,0.00146500,1.12000000
2018-03-01 13:05:01,0.00146680,100.00000000
2018-03-01 13:05:01,0.00146700,483.57000000
2018-03-01 13:05:01,0.00146700,150.49000000
2018-03-01 13:05:02,0.00146510,50.91000000
2018-03-01 13:05:05,0.00146690,0.85000000
2018-03-01 13:05:05,0.00146690,0.85000000
2018-03-01 13:05:05,0.00146690,0.85000000
2018-03-01 13:05:06,0.00146600,301.00000000
2018-03-01 13:05:06,0.00146510,3.48000000
2018-03-01 13:05:07,0.00146590,50.91000000
2018-03-01 13:05:07,0.00146700,8.60000000
2018-03-01 13:05:08,0.00146580,4.93000000
2018-03-01 13:05:08,0.00146700,0.27000000
2018-03-01 13:05:10,0.00146700,0.85000000
2018-03-01 13:05:10,0.00146600,25.03000000
2018-03-01 13:05:10,0.00146700,10.38000000
2018-03-01 13:05:11,0.00146680,3.57000000
2018-03-01 13:05:11,0.00146700,5.06000000
2018-03-01 13:05:11,0.00146580,2.33000000
2018-03-01 13:05:11,0.00146700,4.00000000
2018-03-01 13:05:12,0.00146700,20.35000000
2018-03-01 13:05:14,0.00146700,62.71000000
2018-03-01 13:05:14,0.00146700,242.39000000
2018-03-01 13:05:18,0.00146810,10.08000000
2018-03-01 13:05:18,0.00146860,10.36000000
2018-03-01 13:05:19,0.00146860,6.81000000
2018-03-01 13:05:19,0.00146860,1.80000000
2018-03-01 13:05:19,0.00146860,1.35000000
2018-03-01 13:05:19,0.00146860,3.39000000
2018-03-01 13:05:19,0.00146860,2.72000000
2018-03-01 13:05:19,0.00146860,12.34000000
2018-03-01 13:05:19,0.00146860,3.40000000
2018-03-01 13:05:20,0.00146860,4.78000000
2018-03-01 13:05:20,0.00146860,2.14000000
2018-03-01 13:05:22,0.00146860,74.99000000
2018-03-01 13:05:23,0.00146860,2.00000000
2018-03-01 13:05:24,0.00146850,1.70000000
2018-03-01 13:05:24,0.00146810,0.42000000
2018-03-01 13:05:24,0.00146860,1.25000000
2018-03-01 13:05:25,0.00146860,34.68000000
2018-03-01 13:05:26,0.00146860,21.20000000
2018-03-01 13:05:27,0.00146860,35.15000000
2018-03-01 13:05:27,0.00146860,7.59000000
2018-03-01 13:05:31,0.00146870,235.84000000
2018-03-01 13:05:31,0.00146900,33.57000000
2018-03-01 13:05:32,0.00146870,8.41000000
2018-03-01 13:05:32,0.00146870,9.55000000
2018-03-01 13:05:32,0.00146870,3.50000000
2018-03-01 13:05:33,0.00146870,241.35000000
2018-03-01 13:05:33,0.00146860,2.89000000
2018-03-01 13:05:33,0.00146810,0.94000000
2018-03-01 13:05:33,0.00146710,57.67000000
2018-03-01 13:05:33,0.00146700,130.78000000
2018-03-01 13:05:35,0.00146590,68.23000000
2018-03-01 13:05:35,0.00146580,2.51000000
2018-03-01 13:05:35,0.00146880,17.94000000
2018-03-01 13:05:35,0.00146890,4.12000000
2018-03-01 13:05:35,0.00146870,2.72000000
2018-03-01 13:05:36,0.00146860,68.23000000
2018-03-01 13:05:36,0.00146870,15.88000000
2018-03-01 13:05:36,0.00146890,9.90000000
2018-03-01 13:05:39,0.00146600,20.00000000
2018-03-01 13:05:39,0.00146550,17.95000000
2018-03-01 13:05:39,0.00146520,27.30000000
2018-03-01 13:05:39,0.00146510,292.20000000
2018-03-01 13:05:39,0.00146500,19.50000000
2018-03-01 13:05:39,0.00146500,20.64000000
2018-03-01 13:05:39,0.00146790,45.05000000
2018-03-01 13:05:39,0.00146800,20.00000000
2018-03-01 13:05:39,0.00146870,2.51000000
2018-03-01 13:05:39,0.00146900,150.37000000
2018-03-01 13:05:40,0.00146520,27.50000000
2018-03-01 13:05:40,0.00146580,3.79000000
2018-03-01 13:05:40,0.00146500,20.00000000
2018-03-01 13:05:40,0.00146580,59.70000000
2018-03-01 13:05:40,0.00146580,27.12000000
2018-03-01 13:05:42,0.00146580,15.06000000
2018-03-01 13:05:43,0.00146530,5.02000000
2018-03-01 13:05:43,0.00146530,18.58000000
2018-03-01 13:05:44,0.00146530,19.61000000
2018-03-01 13:05:44,0.00146580,3.52000000
2018-03-01 13:05:45,0.00146580,2.00000000
2018-03-01 13:05:47,0.00146580,31.76000000
2018-03-01 13:05:48,0.00146580,103.22000000
2018-03-01 13:05:49,0.00146590,37.95000000
2018-03-01 13:05:51,0.00146600,3.42000000
2018-03-01 13:05:51,0.00146600,8.09000000
2018-03-01 13:05:52,0.00146600,1.37000000
2018-03-01 13:05:55,0.00146830,23.66000000
2018-03-01 13:05:55,0.00146600,34.90000000
2018-03-01 13:05:55,0.00146830,1.43000000
2018-03-01 13:05:56,0.00146810,1.43000000
2018-03-01 13:05:57,0.00146710,254.01000000
2018-03-01 13:05:57,0.00146810,2.00000000
2018-03-01 13:05:57,0.00146810,9.41000000
2018-03-01 13:05:57,0.00146800,47.78000000
2018-03-01 13:05:58,0.00146800,7.50000000
2018-03-01 13:05:59,0.00146810,3.73000000
2018-03-01 13:06:03,0.00146810,5.73000000
2018-03-01 13:06:04,0.00146810,386.23000000
2018-03-01 13:06:04,0.00146810,59.04000000
2018-03-01 13:06:04,0.00146710,25.78000000
2018-03-01 13:06:04,0.00146700,373.61000000
2018-03-01 13:06:09,0.00146900,176.60000000
2018-03-01 13:06:10,0.00146900,2.08000000
2018-03-01 13:06:12,0.00146890,1.60000000
2018-03-01 13:06:12,0.00146890,1.74000000
2018-03-01 13:06:13,0.00146970,3.40000000
2018-03-01 13:06:14,0.00146900,39.76000000
2018-03-01 13:06:14,0.00146700,399.17000000
2018-03-01 13:06:14,0.00146700,18.46000000
2018-03-01 13:06:15,0.00146700,51.84000000
2018-03-01 13:06:15,0.00146700,1.10000000
2018-03-01 13:06:15,0.00146700,5.01000000
2018-03-01 13:06:15,0.00146700,61.38000000
2018-03-01 13:06:15,0.00146700,3.00000000
2018-03-01 13:06:16,0.00146700,2.77000000
2018-03-01 13:06:16,0.00146700,16.82000000
2018-03-01 13:06:17,0.00146700,5.01000000
2018-03-01 13:06:18,0.00146700,67.14000000
2018-03-01 13:06:19,0.00146700,869.66000000
2018-03-01 13:06:19,0.00146790,1.85000000
2018-03-01 13:06:20,0.00146790,19.77000000
2018-03-01 13:06:23,0.00146710,1.03000000
2018-03-01 13:06:23,0.00146970,0.25000000
2018-03-01 13:06:23,0.00147000,1.18000000
2018-03-01 13:06:24,0.00146940,272.19000000
2018-03-01 13:06:25,0.00147000,1.66000000
2018-03-01 13:06:26,0.00147000,71.10000000
2018-03-01 13:06:26,0.00147080,5.23000000
2018-03-01 13:06:27,0.00147200,0.69000000
2018-03-01 13:06:29,0.00147200,1.83000000
2018-03-01 13:06:31,0.00147080,3.27000000
2018-03-01 13:06:31,0.00147190,1.46000000
2018-03-01 13:06:32,0.00147190,12.02000000
2018-03-01 13:06:34,0.00147190,1.52000000
2018-03-01 13:06:36,0.00146900,43.31000000
2018-03-01 13:06:37,0.00147190,178.05000000
2018-03-01 13:06:37,0.00147190,43.33000000
2018-03-01 13:06:38,0.00147200,30.27000000
2018-03-01 13:06:43,0.00147200,66.70000000
2018-03-01 13:06:43,0.00147210,19.20000000
2018-03-01 13:06:43,0.00147200,1033.55000000
2018-03-01 13:06:43,0.00147190,1063.66000000
2018-03-01 13:06:44,0.00147200,74.74000000
2018-03-01 13:06:44,0.00147200,0.21000000
2018-03-01 13:06:44,0.00147210,88.33000000
2018-03-01 13:06:44,0.00147210,8.87000000
2018-03-01 13:06:45,0.00147210,1.49000000
2018-03-01 13:06:46,0.00147210,76.26000000
2018-03-01 13:06:47,0.00147210,1.07000000
2018-03-01 13:06:48,0.00147220,87.06000000
2018-03-01 13:06:48,0.00147220,46.82000000
2018-03-01 13:06:48,0.00147260,2.00000000
2018-03-01 13:06:48,0.00147210,9.99000000
2018-03-01 13:06:48,0.00147220,7.62000000
2018-03-01 13:06:48,0.00147210,2.22000000
2018-03-01 13:06:50,0.00147210,3.20000000
2018-03-01 13:06:51,0.00147490,7.62000000
2018-03-01 13:06:51,0.00147500,23.50000000
2018-03-01 13:06:52,0.00147500,9.86000000
2018-03-01 13:06:52,0.00147510,0.72000000
2018-03-01 13:06:52,0.00147600,76.76000000
2018-03-01 13:06:52,0.00147620,14.44000000
2018-03-01 13:06:52,0.00147660,16.00000000
2018-03-01 13:06:52,0.00147700,40.60000000
2018-03-01 13:06:52,0.00147710,100.00000000
2018-03-01 13:06:52,0.00147740,162.25000000
2018-03-01 13:06:52,0.00147750,706.20000000
2018-03-01 13:06:53,0.00147740,18.48000000
2018-03-01 13:06:53,0.00147750,43.52000000
2018-03-01 13:06:54,0.00147750,2.03000000
2018-03-01 13:06:55,0.00147340,1.57000000
2018-03-01 13:06:55,0.00147750,5.41000000
2018-03-01 13:06:55,0.00147750,50.43000000
2018-03-01 13:06:56,0.00147410,28.44000000
2018-03-01 13:06:56,0.00147430,1.55000000
2018-03-01 13:06:57,0.00147740,1.02000000
2018-03-01 13:06:57,0.00147740,1.49000000
2018-03-01 13:06:57,0.00147460,20.00000000
2018-03-01 13:06:57,0.00147440,18.77000000
2018-03-01 13:06:57,0.00147220,57.65000000
2018-03-01 13:06:57,0.00147210,30.27000000
2018-03-01 13:06:58,0.00147730,2.30000000
2018-03-01 13:06:59,0.00147690,1.49000000
2018-03-01 13:06:59,0.00147690,13.21000000
2018-03-01 13:06:59,0.00147410,12.99000000
2018-03-01 13:06:59,0.00147420,9.25000000
2018-03-01 13:06:59,0.00147420,7.45000000
2018-03-01 13:07:00,0.00147420,13.26000000
2018-03-01 13:07:01,0.00147420,27.69000000
2018-03-01 13:07:02,0.00147700,18.77000000
2018-03-01 13:07:02,0.00147710,42.52000000
2018-03-01 13:07:02,0.00147740,167.34000000
2018-03-01 13:07:02,0.00147740,6.76000000
2018-03-01 13:07:02,0.00147740,16.09000000
2018-03-01 13:07:02,0.00147740,13.01000000
2018-03-01 13:07:03,0.00147690,1.60000000
2018-03-01 13:07:03,0.00147740,0.47000000
2018-03-01 13:07:05,0.00147740,2.58000000
2018-03-01 13:07:05,0.00147740,10.25000000
2018-03-01 13:07:05,0.00147740,42.75000000
2018-03-01 13:07:05,0.00147740,27.98000000
2018-03-01 13:07:06,0.00147740,53.88000000
2018-03-01 13:07:07,0.00147700,15.10000000
2018-03-01 13:07:07,0.00147450,0.01000000
2018-03-01 13:07:07,0.00147750,0.33000000
2018-03-01 13:07:07,0.00147700,50.00000000
2018-03-01 13:07:07,0.00147750,5.06000000
2018-03-01 13:07:08,0.00147700,29.13000000
2018-03-01 13:07:08,0.00147750,3.38000000
2018-03-01 13:07:09,0.00147750,0.01000000
2018-03-01 13:07:09,0.00147500,3.19000000
2018-03-01 13:07:09,0.00147750,43.74000000
2018-03-01 13:07:11,0.00147700,1.69000000
2018-03-01 13:07:11,0.00147700,6.02000000
2018-03-01 13:07:12,0.00147700,1.59000000
2018-03-01 13:07:13,0.00147500,2.80000000
2018-03-01 13:07:14,0.00147500,1.92000000
2018-03-01 13:07:14,0.00147700,9.47000000
2018-03-01 13:07:15,0.00147700,40.23000000
2018-03-01 13:07:15,0.00147740,25.61000000
2018-03-01 13:07:15,0.00147750,346.81000000
2018-03-01 13:07:16,0.00147740,22.14000000
2018-03-01 13:07:16,0.00147740,2.11000000
2018-03-01 13:07:16,0.00147750,103.33000000
2018-03-01 13:07:17,0.00147740,121.24000000
2018-03-01 13:07:17,0.00147700,8.91000000
2018-03-01 13:07:18,0.00147700,30.67000000
2018-03-01 13:07:18,0.00147500,4.31000000
2018-03-01 13:07:21,0.00147750,2.03000000
2018-03-01 13:07:21,0.00147750,1.09000000
2018-03-01 13:07:21,0.00147750,1.93000000
2018-03-01 13:07:21,0.00147750,2.12000000
2018-03-01 13:07:23,0.00147740,1.59000000
2018-03-01 13:07:23,0.00147740,8.73000000
2018-03-01 13:07:24,0.00147740,164.65000000
2018-03-01 13:07:24,0.00147700,35.44000000
2018-03-01 13:07:25,0.00147740,10.48000000
2018-03-01 13:07:26,0.00147700,2.79000000
2018-03-01 13:07:26,0.00147740,0.68000000
2018-03-01 13:07:26,0.00147700,1215.10000000
2018-03-01 13:07:29,0.00147700,5.00000000
2018-03-01 13:07:30,0.00147540,69.77000000
2018-03-01 13:07:30,0.00147540,74.03000000
2018-03-01 13:07:30,0.00147530,62.16000000
2018-03-01 13:07:30,0.00147530,13.75000000
2018-03-01 13:07:30,0.00147540,41.44000000
2018-03-01 13:07:31,0.00147540,33.30000000
2018-03-01 13:07:31,0.00147610,274.83000000
2018-03-01 13:07:32,0.00147530,1.58000000
2018-03-01 13:07:32,0.00147530,2.00000000
2018-03-01 13:07:32,0.00147530,1.71000000
2018-03-01 13:07:33,0.00147530,1.48000000
2018-03-01 13:07:33,0.00147500,13.66000000
2018-03-01 13:07:34,0.00147610,33.30000000
2018-03-01 13:07:34,0.00147700,37.00000000
2018-03-01 13:07:34,0.00147700,62.87000000
2018-03-01 13:07:34,0.00147700,14.19000000
2018-03-01 13:07:36,0.00147700,5.41000000
2018-03-01 13:07:37,0.00147700,15.09000000
2018-03-01 13:07:37,0.00147700,168.92000000
2018-03-01 13:07:37,0.00147730,3.06000000
2018-03-01 13:07:37,0.00147740,74.08000000
2018-03-01 13:07:37,0.00147750,259.27000000
2018-03-01 13:07:37,0.00147790,28.63000000
2018-03-01 13:07:37,0.00147810,20.47000000
2018-03-01 13:07:37,0.00147840,2.70000000
2018-03-01 13:07:37,0.00147850,21.98000000
2018-03-01 13:07:37,0.00147860,3.04000000
2018-03-01 13:07:37,0.00147900,60.62000000
2018-03-01 13:07:38,0.00147900,5.02000000
2018-03-01 13:07:39,0.00147900,80.00000000
2018-03-01 13:07:39,0.00147900,70.39000000
2018-03-01 13:07:39,0.00147900,201.97000000
2018-03-01 13:07:39,0.00147920,83.03000000
2018-03-01 13:07:41,0.00147900,43.24000000
2018-03-01 13:07:41,0.00147910,134.13000000
2018-03-01 13:07:43,0.00147910,10.24000000
2018-03-01 13:07:44,0.00147920,687.79000000
2018-03-01 13:07:44,0.00147930,41.30000000
2018-03-01 13:07:44,0.00147950,373.19000000
2018-03-01 13:07:44,0.00147970,19.79000000
2018-03-01 13:07:44,0.00148000,769.82000000
2018-03-01 13:07:44,0.00148000,192.88000000
2018-03-01 13:07:44,0.00148060,101.04000000
2018-03-01 13:07:44,0.00148100,52.10000000
2018-03-01 13:07:44,0.00147910,4.01000000
2018-03-01 13:07:45,0.00147910,54.91000000
2018-03-01 13:07:45,0.00148130,5.67000000
2018-03-01 13:07:45,0.00148160,32.71000000
2018-03-01 13:07:45,0.00147930,3.37000000
2018-03-01 13:07:45,0.00147910,17.31000000
2018-03-01 13:07:45,0.00147900,25.20000000
2018-03-01 13:07:45,0.00147920,0.01000000
2018-03-01 13:07:46,0.00148050,115.49000000
2018-03-01 13:07:46,0.00148200,0.01000000
2018-03-01 13:07:47,0.00147920,1.48000000
2018-03-01 13:07:47,0.00147910,57.32000000
2018-03-01 13:07:47,0.00147900,1731.56000000
2018-03-01 13:07:48,0.00147900,246.04000000
2018-03-01 13:07:48,0.00148100,5.00000000
2018-03-01 13:07:49,0.00148190,7.27000000
2018-03-01 13:07:49,0.00148100,5.00000000
2018-03-01 13:07:49,0.00147950,0.37000000
2018-03-01 13:07:50,0.00147990,99.90000000
2018-03-01 13:07:50,0.00148000,5.00000000
2018-03-01 13:07:50,0.00148000,50.05000000
2018-03-01 13:07:50,0.00148000,13.40000000
2018-03-01 13:07:51,0.00148000,5.00000000
2018-03-01 13:07:51,0.00148000,470.01000000
2018-03-01 13:07:52,0.00148190,2.99000000
2018-03-01 13:07:52,0.00148200,97.01000000
2018-03-01 13:07:53,0.00148010,5.00000000
2018-03-01 13:07:53,0.00148010,0.96000000
2018-03-01 13:07:55,0.00148010,5.00000000
2018-03-01 13:07:55,0.00148200,0.43000000
2018-03-01 13:07:56,0.00148200,1.54000000
2018-03-01 13:07:57,0.00148200,0.05000000
2018-03-01 13:07:57,0.00148210,4.08000000
2018-03-01 13:07:57,0.00148230,1.43000000
2018-03-01 13:07:57,0.00148240,23.29000000
2018-03-01 13:07:57,0.00148250,6.43000000
2018-03-01 13:07:57,0.00148290,23.45000000
2018-03-01 13:07:57,0.00148010,5.00000000
2018-03-01 13:07:59,0.00148200,5.00000000
2018-03-01 13:08:00,0.00148200,6.62000000
2018-03-01 13:08:00,0.00148200,22.11000000
2018-03-01 13:08:01,0.00148200,1.09000000
2018-03-01 13:08:01,0.00148200,1.42000000
2018-03-01 13:08:02,0.00148200,1.42000000
2018-03-01 13:08:02,0.00148050,72.13000000
2018-03-01 13:08:02,0.00148050,1.40000000
2018-03-01 13:08:03,0.00148050,4.03000000
2018-03-01 13:08:04,0.00148050,6.47000000
2018-03-01 13:08:04,0.00148010,33.04000000
2018-03-01 13:08:05,0.00148200,2.03000000
2018-03-01 13:08:05,0.00148200,2.85000000
2018-03-01 13:08:05,0.00148230,15.96000000
2018-03-01 13:08:05,0.00148240,117.96000000
2018-03-01 13:08:05,0.00148200,2.02000000
2018-03-01 13:08:06,0.00148200,26.40000000
2018-03-01 13:08:06,0.00148200,9.51000000
2018-03-01 13:08:06,0.00148050,6.16000000
2018-03-01 13:08:07,0.00148200,54.89000000
2018-03-01 13:08:07,0.00148200,1.42000000
2018-03-01 13:08:07,0.00148200,56.64000000
2018-03-01 13:08:07,0.00148200,2.05000000
2018-03-01 13:08:07,0.00148200,1.91000000
2018-03-01 13:08:07,0.00148200,14.01000000
2018-03-01 13:08:07,0.00148050,5.72000000
2018-03-01 13:08:08,0.00148060,1.71000000
2018-03-01 13:08:09,0.00148060,1.66000000
2018-03-01 13:08:09,0.00148050,1.07000000
2018-03-01 13:08:09,0.00148050,8.88000000
2018-03-01 13:08:09,0.00148020,56.92000000
2018-03-01 13:08:09,0.00148010,8.03000000
2018-03-01 13:08:09,0.00148000,85.18000000
2018-03-01 13:08:10,0.00148200,2.02000000
2018-03-01 13:08:11,0.00148200,58.30000000
2018-03-01 13:08:11,0.00148210,268.00000000
2018-03-01 13:08:11,0.00148210,0.74000000
2018-03-01 13:08:12,0.00148080,1.70000000
2018-03-01 13:08:12,0.00148210,57.56000000
2018-03-01 13:08:12,0.00148230,2.92000000
2018-03-01 13:08:12,0.00148240,25.55000000
2018-03-01 13:08:13,0.00148080,1.67000000
2018-03-01 13:08:13,0.00148070,1.38000000
2018-03-01 13:08:13,0.00148070,1.62000000
2018-03-01 13:08:13,0.00148070,0.37000000
2018-03-01 13:08:13,0.00148030,56.91000000
2018-03-01 13:08:13,0.00148020,31.76000000
2018-03-01 13:08:14,0.00148200,1.12000000
2018-03-01 13:08:14,0.00148240,62.67000000
2018-03-01 13:08:14,0.00148250,43.37000000
2018-03-01 13:08:14,0.00148290,149.96000000
2018-03-01 13:08:14,0.00148200,6.99000000
2018-03-01 13:08:14,0.00148200,47.60000000
2018-03-01 13:08:15,0.00148200,2.59000000
2018-03-01 13:08:15,0.00148090,3.13000000
2018-03-01 13:08:18,0.00148290,2.70000000
2018-03-01 13:08:18,0.00148290,4.52000000
2018-03-01 13:08:19,0.00148210,19.40000000
2018-03-01 13:08:20,0.00148200,70.86000000
2018-03-01 13:08:20,0.00148210,1.69000000
2018-03-01 13:08:20,0.00148210,35.82000000
2018-03-01 13:08:20,0.00148290,568.62000000
2018-03-01 13:08:21,0.00148290,4.71000000
2018-03-01 13:08:21,0.00148320,8.89000000
2018-03-01 13:08:21,0.00148330,3.34000000
2018-03-01 13:08:21,0.00148430,35.00000000
2018-03-01 13:08:21,0.00148440,28.99000000
2018-03-01 13:08:21,0.00148360,133.67000000
2018-03-01 13:08:23,0.00148440,17.83000000
2018-03-01 13:08:23,0.00148460,64.89000000
2018-03-01 13:08:24,0.00148320,1.70000000
2018-03-01 13:08:24,0.00148440,20.00000000
2018-03-01 13:08:25,0.00148430,142.00000000
2018-03-01 13:08:25,0.00148430,34.89000000
2018-03-01 13:08:25,0.00148430,2.97000000
2018-03-01 13:08:25,0.00148440,4.97000000
2018-03-01 13:08:26,0.00148320,33.56000000
2018-03-01 13:08:26,0.00148300,20.00000000
2018-03-01 13:08:26,0.00148290,23.60000000
2018-03-01 13:08:26,0.00148290,20.08000000
2018-03-01 13:08:27,0.00148290,89.96000000
2018-03-01 13:08:27,0.00148440,41.50000000
2018-03-01 13:08:27,0.00148460,70.48000000
2018-03-01 13:08:29,0.00148460,0.91000000
2018-03-01 13:08:29,0.00148440,5.83000000
2018-03-01 13:08:29,0.00148440,16.89000000
2018-03-01 13:08:29,0.00148350,2.45000000
2018-03-01 13:08:31,0.00148420,2.86000000
2018-03-01 13:08:31,0.00148460,1.58000000
2018-03-01 13:08:32,0.00148440,1.36000000
2018-03-01 13:08:33,0.00148460,21.40000000
2018-03-01 13:08:34,0.00148460,3.53000000
2018-03-01 13:08:34,0.00148460,7.13000000
2018-03-01 13:08:35,0.00148450,127.42000000
2018-03-01 13:08:36,0.00148460,15.00000000
2018-03-01 13:08:36,0.00148450,131.56000000
2018-03-01 13:08:36,0.00148440,100.62000000
2018-03-01 13:08:36,0.00148440,6.06000000
2018-03-01 13:08:36,0.00148440,56.33000000
2018-03-01 13:08:37,0.00148460,88.03000000
2018-03-01 13:08:37,0.00148460,18.99000000
2018-03-01 13:08:38,0.00148460,9.39000000
2018-03-01 13:08:38,0.00148440,1036.13000000
2018-03-01 13:08:38,0.00148350,139.33000000
2018-03-01 13:08:38,0.00148320,23.01000000
2018-03-01 13:08:38,0.00148290,75.82000000
2018-03-01 13:08:38,0.00148220,56.93000000
2018-03-01 13:08:38,0.00148210,153.14000000
2018-03-01 13:08:38,0.00148200,155.73000000
2018-03-01 13:08:39,0.00148460,93.50000000
2018-03-01 13:08:40,0.00148460,3.59000000
2018-03-01 13:08:40,0.00148450,9.03000000
2018-03-01 13:08:40,0.00148460,2.19000000
2018-03-01 13:08:40,0.00148450,1.50000000
2018-03-01 13:08:40,0.00148450,13.19000000
2018-03-01 13:08:40,0.00148200,12.90000000
2018-03-01 13:08:40,0.00148200,0.85000000
2018-03-01 13:08:42,0.00148200,0.85000000
2018-03-01 13:08:42,0.00148200,75.81000000
2018-03-01 13:08:42,0.00148200,22.06000000
2018-03-01 13:08:42,0.00148200,2.39000000
2018-03-01 13:08:42,0.00148430,36.87000000
2018-03-01 13:08:42,0.00148200,29.29000000
2018-03-01 13:08:42,0.00148200,5.35000000
2018-03-01 13:08:43,0.00148200,0.85000000
2018-03-01 13:08:43,0.00148200,0.82000000
2018-03-01 13:08:43,0.00148200,6.82000000
2018-03-01 13:08:44,0.00148200,2.53000000
2018-03-01 13:08:44,0.00148200,2.04000000
2018-03-01 13:08:44,0.00148200,5.80000000
2018-03-01 13:08:44,0.00148200,1.71000000
2018-03-01 13:08:44,0.00148200,1.36000000
2018-03-01 13:08:45,0.00148200,0.85000000
2018-03-01 13:08:45,0.00148200,73.80000000
2018-03-01 13:08:46,0.00148200,3.74000000
2018-03-01 13:08:46,0.00148200,10.25000000
2018-03-01 13:08:46,0.00148200,187.19000000
2018-03-01 13:08:46,0.00148200,3.92000000
2018-03-01 13:08:47,0.00148200,1.83000000
2018-03-01 13:08:47,0.00148200,10.86000000
2018-03-01 13:08:48,0.00148300,1.50000000
2018-03-01 13:08:49,0.00148300,12.50000000
2018-03-01 13:08:49,0.00148300,3.36000000
2018-03-01 13:08:49,0.00148300,1.44000000
2018-03-01 13:08:49,0.00148300,1.51000000
2018-03-01 13:08:52,0.00148300,1.36000000
2018-03-01 13:08:52,0.00148300,81.47000000
2018-03-01 13:08:53,0.00148300,172.36000000
2018-03-01 13:08:53,0.00148230,1.71000000
2018-03-01 13:08:53,0.00148410,49.50000000
2018-03-01 13:08:53,0.00148420,169.99000000
2018-03-01 13:08:53,0.00148440,11.79000000
2018-03-01 13:08:53,0.00148460,12.97000000
2018-03-01 13:08:53,0.00148480,66.33000000
2018-03-01 13:08:54,0.00148430,19.40000000
2018-03-01 13:08:55,0.00148410,1.82000000
2018-03-01 13:08:56,0.00148350,151.84000000
2018-03-01 13:08:56,0.00148410,57.68000000
2018-03-01 13:08:57,0.00148410,220.38000000
2018-03-01 13:08:57,0.00148320,3.37000000
2018-03-01 13:08:57,0.00148310,3.37000000
2018-03-01 13:08:57,0.00148300,110.15000000
2018-03-01 13:08:57,0.00148230,5.02000000
2018-03-01 13:08:57,0.00148220,0.76000000
2018-03-01 13:08:57,0.00148410,0.01000000
2018-03-01 13:08:57,0.00148410,21.90000000
2018-03-01 13:09:01,0.00148350,50.00000000
2018-03-01 13:09:02,0.00148350,1.46000000
2018-03-01 13:09:02,0.00148350,0.19000000
2018-03-01 13:09:03,0.00148410,11.00000000
2018-03-01 13:09:03,0.00148390,3.27000000
2018-03-01 13:09:03,0.00148390,10.85000000
2018-03-01 13:09:04,0.00148390,15.13000000
2018-03-01 13:09:05,0.00148390,2.31000000
2018-03-01 13:09:06,0.00148350,78.21000000
2018-03-01 13:09:06,0.00148350,3.35000000
2018-03-01 13:09:07,0.00148350,1.03000000
2018-03-01 13:09:07,0.00148350,1.04000000
2018-03-01 13:09:07,0.00148350,1.04000000
2018-03-01 13:09:07,0.00148350,1.58000000
2018-03-01 13:09:08,0.00148350,2.02000000
2018-03-01 13:09:08,0.00148350,30.00000000
2018-03-01 13:09:08,0.00148350,22.54000000
2018-03-01 13:09:08,0.00148330,12.48000000
2018-03-01 13:09:08,0.00148320,154.19000000
2018-03-01 13:09:08,0.00148320,0.73000000
2018-03-01 13:09:09,0.00148320,53.20000000
2018-03-01 13:09:09,0.00148350,1.00000000
2018-03-01 13:09:12,0.00148320,362.65000000
2018-03-01 13:09:12,0.00148300,14.21000000
2018-03-01 13:09:12,0.00148300,3.14000000
2018-03-01 13:09:12,0.00148250,9.11000000
2018-03-01 13:09:12,0.00148200,465.56000000
2018-03-01 13:09:13,0.00148320,5.73000000
2018-03-01 13:09:13,0.00148300,5.76000000
2018-03-01 13:09:13,0.00148350,5.46000000
2018-03-01 13:09:14,0.00148320,98.79000000
2018-03-01 13:09:14,0.00148320,20.35000000
2018-03-01 13:09:14,0.00148300,40.32000000
2018-03-01 13:09:14,0.00148240,291.28000000
2018-03-01 13:09:14,0.00148210,3.37000000
2018-03-01 13:09:14,0.00148200,783.75000000
2018-03-01 13:09:15,0.00148200,18.26000000
2018-03-01 13:09:15,0.00148200,21.22000000
2018-03-01 13:09:15,0.00148200,0.81000000
2018-03-01 13:09:15,0.00148200,49.22000000
2018-03-01 13:09:15,0.00148200,2.53000000
2018-03-01 13:09:16,0.00148200,19.37000000
2018-03-01 13:09:16,0.00148200,3.16000000
2018-03-01 13:09:16,0.00148320,61.29000000
2018-03-01 13:09:17,0.00148030,2.05000000
2018-03-01 13:09:17,0.00148030,2.30000000
2018-03-01 13:09:18,0.00148030,0.75000000
2018-03-01 13:09:18,0.00148030,62.45000000
2018-03-01 13:09:18,0.00148020,0.68000000
2018-03-01 13:09:18,0.00148200,4.08000000
2018-03-01 13:09:18,0.00148200,3.38000000
2018-03-01 13:09:18,0.00148200,3.14000000
2018-03-01 13:09:18,0.00148200,1.71000000
2018-03-01 13:09:19,0.00148310,10.33000000
2018-03-01 13:09:19,0.00148310,27.30000000
2018-03-01 13:09:19,0.00148200,13.67000000
2018-03-01 13:09:19,0.00148200,9.48000000
2018-03-01 13:09:19,0.00148200,5.83000000
2018-03-01 13:09:20,0.00148200,5.32000000
2018-03-01 13:09:20,0.00148200,16.89000000
2018-03-01 13:09:21,0.00148310,24.80000000
2018-03-01 13:09:21,0.00148210,3.37000000
2018-03-01 13:09:21,0.00148200,581.02000000
2018-03-01 13:09:21,0.00148050,3.37000000
2018-03-01 13:09:21,0.00148020,56.81000000
2018-03-01 13:09:21,0.00148020,109.56000000
2018-03-01 13:09:21,0.00148020,6.74000000
2018-03-01 13:09:21,0.00148020,489.49000000
2018-03-01 13:09:21,0.00148020,71.55000000
2018-03-01 13:09:21,0.00148020,71.55000000
2018-03-01 13:09:21,0.00148020,5.01000000
2018-03-01 13:09:21,0.00148020,52.12000000
2018-03-01 13:09:21,0.00148020,6.33000000
2018-03-01 13:09:21,0.00148010,5.12000000
2018-03-01 13:09:22,0.00148010,26.84000000
2018-03-01 13:09:22,0.00148000,6.74000000
2018-03-01 13:09:22,0.00148000,37.93000000
2018-03-01 13:09:22,0.00148000,66.02000000
2018-03-01 13:09:22,0.00148000,91.64000000
2018-03-01 13:09:22,0.00148000,259.86000000
2018-03-01 13:09:22,0.00147950,54.60000000
2018-03-01 13:09:22,0.00148000,158.12000000
2018-03-01 13:09:23,0.00148000,17.88000000
2018-03-01 13:09:24,0.00147920,22.40000000
2018-03-01 13:09:24,0.00147920,1.43000000
2018-03-01 13:09:24,0.00148000,5.01000000
2018-03-01 13:09:25,0.00147920,130.82000000
2018-03-01 13:09:25,0.00147920,324.52000000
2018-03-01 13:09:25,0.00147900,20.28000000
2018-03-01 13:09:25,0.00147950,4.90000000
2018-03-01 13:09:26,0.00147950,165.11000000
2018-03-01 13:09:27,0.00147950,4.90000000
2018-03-01 13:09:27,0.00147820,2.90000000
2018-03-01 13:09:27,0.00147800,9.80000000
2018-03-01 13:09:28,0.00147790,10.00000000
2018-03-01 13:09:28,0.00147790,6.43000000
2018-03-01 13:09:29,0.00147790,1.53000000
2018-03-01 13:09:29,0.00147750,29.35000000
2018-03-01 13:09:29,0.00147750,15.35000000
2018-03-01 13:09:29,0.00147790,15.91000000
2018-03-01 13:09:30,0.00147530,14.91000000
2018-03-01 13:09:30,0.00147500,288.36000000
2018-03-01 13:09:30,0.00147450,2.00000000
2018-03-01 13:09:31,0.00147450,2.91000000
2018-03-01 13:09:31,0.00147420,14.00000000
2018-03-01 13:09:31,0.00147310,2.01000000
2018-03-01 13:09:31,0.00147300,49.49000000
2018-03-01 13:09:31,0.00147280,6.80000000
2018-03-01 13:09:31,0.00147140,14.45000000
2018-03-01 13:09:31,0.00147500,2.84000000
2018-03-01 13:09:32,0.00147500,25.54000000
2018-03-01 13:09:32,0.00147790,154.46000000
2018-03-01 13:09:33,0.00147770,0.54000000
2018-03-01 13:09:34,0.00147250,5.13000000
2018-03-01 13:09:35,0.00147300,2.10000000
2018-03-01 13:09:35,0.00147300,1.70000000
2018-03-01 13:09:35,0.00147310,13.61000000
2018-03-01 13:09:36,0.00147890,19.46000000
2018-03-01 13:09:36,0.00147900,20.00000000
2018-03-01 13:09:36,0.00147910,20.28000000
2018-03-01 13:09:36,0.00147920,22.03000000
2018-03-01 13:09:37,0.00147610,380.82000000
2018-03-01 13:09:38,0.00147380,2.05000000
2018-03-01 13:09:38,0.00147380,2.06000000
2018-03-01 13:09:38,0.00147770,12.14000000
2018-03-01 13:09:39,0.00147420,2.74000000
2018-03-01 13:09:40,0.00147460,20.00000000
2018-03-01 13:09:40,0.00147450,1.20000000
2018-03-01 13:09:40,0.00147450,19.14000000
2018-03-01 13:09:41,0.00147420,89.46000000
2018-03-01 13:09:41,0.00147420,145.61000000
2018-03-01 13:09:41,0.00147420,229.64000000
2018-03-01 13:09:41,0.00147420,17.18000000
2018-03-01 13:09:41,0.00147410,5.30000000
2018-03-01 13:09:41,0.00147410,5.31000000
2018-03-01 13:09:41,0.00147410,5.32000000
2018-03-01 13:09:41,0.00147410,5.00000000
2018-03-01 13:09:42,0.00147410,4.66000000
2018-03-01 13:09:44,0.00147400,29.30000000
2018-03-01 13:09:44,0.00147400,55.12000000
2018-03-01 13:09:45,0.00147400,3.38000000
2018-03-01 13:09:45,0.00147390,198.27000000
2018-03-01 13:09:48,0.00147410,1.07000000
2018-03-01 13:09:48,0.00147400,6.88000000
2018-03-01 13:09:48,0.00147390,3.80000000
2018-03-01 13:09:49,0.00147400,60.92000000
2018-03-01 13:09:49,0.00147410,249.44000000
2018-03-01 13:09:49,0.00147660,3.39000000
2018-03-01 13:09:49,0.00147690,27.14000000
2018-03-01 13:09:49,0.00147700,6.23000000
2018-03-01 13:09:49,0.00147720,1.11000000
2018-03-01 13:09:49,0.00147740,2.72000000
2018-03-01 13:09:49,0.00147770,3.11000000
2018-03-01 13:09:49,0.00147920,5.94000000
2018-03-01 13:09:50,0.00147910,3.93000000
2018-03-01 13:09:51,0.00147540,188.19000000
2018-03-01 13:09:53,0.00147580,1.64000000
2018-03-01 13:09:53,0.00147500,4.12000000
2018-03-01 13:09:53,0.00147450,1.01000000
2018-03-01 13:09:54,0.00147450,1.74000000
2018-03-01 13:09:54,0.00147410,64.12000000
2018-03-01 13:09:55,0.00147580,22.55000000
2018-03-01 13:09:59,0.00147820,4.06000000
2018-03-01 13:10:01,0.00147600,0.89000000
2018-03-01 13:10:02,0.00147820,5.00000000
2018-03-01 13:10:03,0.00147820,91.15000000
2018-03-01 13:10:04,0.00147820,109.14000000
2018-03-01 13:10:05,0.00147910,5.41000000
2018-03-01 13:10:05,0.00147830,0.89000000
2018-03-01 13:10:05,0.00147830,6.98000000
2018-03-01 13:10:06,0.00147910,1.01000000
2018-03-01 13:10:08,0.00147910,1.01000000
2018-03-01 13:10:08,0.00147910,0.85000000
2018-03-01 13:10:08,0.00147910,4.94000000
2018-03-01 13:10:08,0.00147910,0.85000000
2018-03-01 13:10:09,0.00147910,10.00000000
2018-03-01 13:10:09,0.00147910,34.80000000
2018-03-01 13:10:09,0.00147910,6.76000000
2018-03-01 13:10:11,0.00147830,11.43000000
2018-03-01 13:10:11,0.00147900,2.55000000
2018-03-01 13:10:11,0.00147910,14.09000000
2018-03-01 13:10:12,0.00147910,0.85000000
2018-03-01 13:10:12,0.00147910,1.49000000
2018-03-01 13:10:12,0.00147830,313.66000000
2018-03-01 13:10:12,0.00147830,91.41000000
2018-03-01 13:10:13,0.00147760,398.59000000
2018-03-01 13:10:14,0.00147910,0.85000000
2018-03-01 13:10:14,0.00147910,340.54000000
2018-03-01 13:10:14,0.00147920,12.26000000
2018-03-01 13:10:15,0.00147920,264.45000000
2018-03-01 13:10:15,0.00147920,27.21000000
2018-03-01 13:10:18,0.00147940,2.67000000
2018-03-01 13:10:19,0.00147980,0.03000000
2018-03-01 13:10:20,0.00147980,123.44000000
2018-03-01 13:10:20,0.00147990,14.45000000
2018-03-01 13:10:20,0.00148000,35.76000000
2018-03-01 13:10:22,0.00148000,44.07000000
2018-03-01 13:10:23,0.00148010,8.80000000
2018-03-01 13:10:24,0.00148000,154.97000000
2018-03-01 13:10:24,0.00148000,1.45000000
2018-03-01 13:10:25,0.00148010,1.69000000
2018-03-01 13:10:26,0.00148010,1.01000000
2018-03-01 13:10:28,0.00148010,2.50000000
2018-03-01 13:10:28,0.00148020,343.90000000
2018-03-01 13:10:28,0.00148020,821.63000000
2018-03-01 13:10:28,0.00148130,56.81000000
2018-03-01 13:10:28,0.00148140,207.40000000
2018-03-01 13:10:28,0.00148200,866.98000000
2018-03-01 13:10:31,0.00148020,2.50000000
2018-03-01 13:10:32,0.00148300,2.80000000
2018-03-01 13:10:32,0.00148300,41.05000000
2018-03-01 13:10:32,0.00148040,3.37000000
2018-03-01 13:10:32,0.00148020,22.52000000
2018-03-01 13:10:35,0.00148200,12.49000000
2018-03-01 13:10:35,0.00148310,13.65000000
2018-03-01 13:10:36,0.00148300,0.01000000
2018-03-01 13:10:36,0.00148310,3.24000000
2018-03-01 13:10:36,0.00148310,6.34000000
2018-03-01 13:10:37,0.00148310,0.01000000
2018-03-01 13:10:38,0.00148310,1.78000000
2018-03-01 13:10:38,0.00148310,7.83000000
2018-03-01 13:10:38,0.00148310,15.49000000
2018-03-01 13:10:40,0.00148320,109.57000000
2018-03-01 13:10:40,0.00148350,135.25000000
2018-03-01 13:10:40,0.00148380,2.73000000
2018-03-01 13:10:40,0.00148410,5.00000000
2018-03-01 13:10:41,0.00148350,0.01000000
2018-03-01 13:10:42,0.00148480,0.01000000
2018-03-01 13:10:43,0.00148410,13.32000000
2018-03-01 13:10:43,0.00148480,214.82000000
2018-03-01 13:10:44,0.00148490,18.08000000
2018-03-01 13:10:44,0.00148500,1.92000000
2018-03-01 13:10:45,0.00148490,180.39000000
2018-03-01 13:10:45,0.00148500,21.50000000
2018-03-01 13:10:45,0.00148510,110.04000000
2018-03-01 13:10:47,0.00148510,0.01000000
2018-03-01 13:10:47,0.00148530,0.01000000
2018-03-01 13:10:48,0.00148530,274.78000000
2018-03-01 13:10:49,0.00148560,102.01000000
2018-03-01 13:10:49,0.00148600,61.90000000
2018-03-01 13:10:50,0.00148530,2.44000000
2018-03-01 13:10:52,0.00148620,9.96000000
2018-03-01 13:10:52,0.00148620,1.35000000
2018-03-01 13:10:53,0.00148620,2.02000000
2018-03-01 13:10:54,0.00148600,152.94000000
2018-03-01 13:10:54,0.00148530,432.42000000
2018-03-01 13:10:54,0.00148520,56.88000000
2018-03-01 13:10:54,0.00148500,58.91000000
2018-03-01 13:10:54,0.00148620,2.67000000
2018-03-01 13:10:54,0.00148640,3.83000000
2018-03-01 13:10:55,0.00148600,85.08000000
2018-03-01 13:10:55,0.00148640,2.20000000
2018-03-01 13:10:55,0.00148690,2.00000000
2018-03-01 13:10:55,0.00148700,8.14000000
2018-03-01 13:10:55,0.00148730,5.55000000
2018-03-01 13:10:55,0.00148740,3.04000000
2018-03-01 13:10:55,0.00148770,79.36000000
2018-03-01 13:10:55,0.00148790,88.70000000
2018-03-01 13:10:56,0.00148620,96.11000000
2018-03-01 13:10:56,0.00148550,180.34000000
2018-03-01 13:10:56,0.00148640,24.72000000
2018-03-01 13:10:56,0.00148770,0.06000000
2018-03-01 13:10:56,0.00148640,0.01000000
2018-03-01 13:10:57,0.00148640,366.53000000
2018-03-01 13:10:57,0.00148640,284.23000000
2018-03-01 13:10:57,0.00148550,121.23000000
2018-03-01 13:10:57,0.00148530,6.70000000
2018-03-01 13:10:57,0.00148770,56.82000000
2018-03-01 13:10:57,0.00148790,61.74000000
2018-03-01 13:10:57,0.00148790,0.01000000
2018-03-01 13:10:57,0.00148640,33.40000000
2018-03-01 13:10:58,0.00148640,153.90000000
2018-03-01 13:10:58,0.00148620,16.74000000
2018-03-01 13:10:58,0.00148550,6.32000000
2018-03-01 13:10:58,0.00148550,16.74000000
2018-03-01 13:10:58,0.00148130,2.32000000
2018-03-01 13:10:58,0.00148750,16.07000000
2018-03-01 13:10:58,0.00148760,19.63000000
2018-03-01 13:10:59,0.00148700,1.80000000
2018-03-01 13:10:59,0.00148700,7.44000000
2018-03-01 13:10:59,0.00148710,17.68000000
2018-03-01 13:10:59,0.00148700,9.29000000
2018-03-01 13:11:00,0.00148700,509.98000000
2018-03-01 13:11:00,0.00148760,407.72000000
2018-03-01 13:11:00,0.00148760,21.52000000
2018-03-01 13:11:00,0.00148760,28.65000000
2018-03-01 13:11:00,0.00148160,1.71000000
2018-03-01 13:11:01,0.00148750,3.36000000
2018-03-01 13:11:02,0.00148310,2.82000000
2018-03-01 13:11:03,0.00148440,1.71000000
2018-03-01 13:11:03,0.00148450,58.08000000
2018-03-01 13:11:03,0.00148310,3.81000000
2018-03-01 13:11:03,0.00148450,166.05000000
2018-03-01 13:11:03,0.00148750,35.10000000
2018-03-01 13:11:03,0.00148700,19.96000000
2018-03-01 13:11:04,0.00148700,439.03000000
2018-03-01 13:11:04,0.00148700,50.63000000
2018-03-01 13:11:04,0.00148500,1.70000000
2018-03-01 13:11:04,0.00148750,245.55000000
2018-03-01 13:11:04,0.00148760,209.91000000
2018-03-01 13:11:04,0.00148790,191.68000000
2018-03-01 13:11:04,0.00148800,94.42000000
2018-03-01 13:11:04,0.00148810,14.89000000
2018-03-01 13:11:04,0.00148820,22.93000000
2018-03-01 13:11:04,0.00148840,37.80000000
2018-03-01 13:11:04,0.00148850,0.77000000
2018-03-01 13:11:04,0.00148880,10.19000000
2018-03-01 13:11:04,0.00148910,123.87000000
2018-03-01 13:11:04,0.00148920,3.00000000
2018-03-01 13:11:04,0.00148940,1.36000000
2018-03-01 13:11:04,0.00148970,13.59000000
2018-03-01 13:11:04,0.00148990,50.00000000
2018-03-01 13:11:04,0.00149000,1044.75000000
2018-03-01 13:11:04,0.00148500,1.71000000
2018-03-01 13:11:04,0.00148500,4.10000000
2018-03-01 13:11:05,0.00148700,40.00000000
2018-03-01 13:11:05,0.00148750,27.78000000
2018-03-01 13:11:05,0.00148760,3.42000000
2018-03-01 13:11:05,0.00148760,29.71000000
2018-03-01 13:11:05,0.00148760,77.16000000
2018-03-01 13:11:05,0.00148750,315.63000000
2018-03-01 13:11:06,0.00148520,0.96000000
2018-03-01 13:11:07,0.00148740,9.63000000
2018-03-01 13:11:07,0.00148750,0.99000000
2018-03-01 13:11:07,0.00148700,10.65000000
2018-03-01 13:11:07,0.00148510,1.35000000
2018-03-01 13:11:07,0.00148700,5.98000000
2018-03-01 13:11:07,0.00148750,29.13000000
2018-03-01 13:11:08,0.00148750,104.92000000
2018-03-01 13:11:08,0.00148750,16.37000000
2018-03-01 13:11:10,0.00148510,1.62000000
2018-03-01 13:11:10,0.00148510,1.50000000
2018-03-01 13:11:10,0.00148690,2.38000000
2018-03-01 13:11:10,0.00148700,37.36000000
2018-03-01 13:11:11,0.00148700,4.12000000
2018-03-01 13:11:11,0.00148700,1.82000000
2018-03-01 13:11:11,0.00148700,38.90000000
2018-03-01 13:11:11,0.00148700,1.46000000
2018-03-01 13:11:12,0.00148800,2.97000000
2018-03-01 13:11:12,0.00148800,10.00000000
2018-03-01 13:11:12,0.00148800,6.88000000
2018-03-01 13:11:12,0.00148800,9.18000000
2018-03-01 13:11:12,0.00148800,35.60000000
2018-03-01 13:11:13,0.00148800,11.01000000
2018-03-01 13:11:14,0.00148800,0.01000000
2018-03-01 13:11:14,0.00148800,2.04000000
2018-03-01 13:11:15,0.00148970,0.01000000
2018-03-01 13:11:16,0.00148800,152.94000000
2018-03-01 13:11:16,0.00148800,2.95000000
2018-03-01 13:11:16,0.00148750,19.72000000
2018-03-01 13:11:16,0.00148700,6.53000000
2018-03-01 13:11:16,0.00148510,10.68000000
2018-03-01 13:11:16,0.00148500,17.49000000
2018-03-01 13:11:16,0.00148460,30.50000000
2018-03-01 13:11:17,0.00148510,1.70000000
2018-03-01 13:11:18,0.00148870,31.49000000
2018-03-01 13:11:19,0.00148530,2.31000000
2018-03-01 13:11:19,0.00148540,5.74000000
2018-03-01 13:11:20,0.00148690,4.01000000
2018-03-01 13:11:20,0.00148700,4.43000000
2018-03-01 13:11:20,0.00148750,68.91000000
2018-03-01 13:11:20,0.00148540,10.25000000
2018-03-01 13:11:20,0.00148740,1.19000000
2018-03-01 13:11:20,0.00148740,5.95000000
2018-03-01 13:11:20,0.00148750,2.04000000
2018-03-01 13:11:20,0.00148740,3.36000000
2018-03-01 13:11:21,0.00148740,12.63000000
2018-03-01 13:11:21,0.00148750,87.37000000
2018-03-01 13:11:21,0.00148530,5.40000000
2018-03-01 13:11:21,0.00148530,1.71000000
2018-03-01 13:11:22,0.00148530,1.36000000
2018-03-01 13:11:22,0.00148530,1.50000000
2018-03-01 13:11:22,0.00148530,2.82000000
2018-03-01 13:11:22,0.00148530,4.04000000
2018-03-01 13:11:22,0.00148530,4.54000000
2018-03-01 13:11:23,0.00148530,3.38000000
2018-03-01 13:11:23,0.00148530,20.00000000
2018-03-01 13:11:23,0.00148530,8.00000000
2018-03-01 13:11:24,0.00148530,9.78000000
2018-03-01 13:11:27,0.00148750,35.98000000
2018-03-01 13:11:29,0.00148740,242.30000000
2018-03-01 13:11:30,0.00148800,51.79000000
2018-03-01 13:11:30,0.00148750,2.33000000
2018-03-01 13:11:31,0.00148750,6.48000000
2018-03-01 13:11:31,0.00148750,0.88000000
2018-03-01 13:11:31,0.00148750,3.81000000
2018-03-01 13:11:32,0.00148750,3.33000000
2018-03-01 13:11:32,0.00148750,35.50000000
2018-03-01 13:11:32,0.00148700,92.67000000
2018-03-01 13:11:33,0.00148860,12.03000000
2018-03-01 13:11:37,0.00148750,1.62000000
2018-03-01 13:11:38,0.00148750,1.12000000
2018-03-01 13:11:39,0.00148750,12.43000000
2018-03-01 13:11:40,0.00148850,54.25000000
2018-03-01 13:11:42,0.00148750,142.18000000
2018-03-01 13:11:42,0.00148700,372.13000000
2018-03-01 13:11:44,0.00148700,244.92000000
2018-03-01 13:11:44,0.00148690,1.64000000
2018-03-01 13:11:44,0.00148700,14.94000000
2018-03-01 13:11:45,0.00148700,86.20000000
2018-03-01 13:11:45,0.00148850,1.48000000
2018-03-01 13:11:46,0.00148710,39.54000000
2018-03-01 13:11:46,0.00148550,20.19000000
2018-03-01 13:11:46,0.00148540,15.23000000
2018-03-01 13:11:46,0.00148700,3.36000000
2018-03-01 13:11:47,0.00148700,7.75000000
2018-03-01 13:11:47,0.00148700,56.76000000
2018-03-01 13:11:47,0.00148700,1.15000000
2018-03-01 13:11:47,0.00148560,1.70000000
2018-03-01 13:11:48,0.00148560,2.68000000
2018-03-01 13:11:48,0.00148560,15.75000000
2018-03-01 13:11:48,0.00148560,36.65000000
2018-03-01 13:11:48,0.00148550,66.00000000
2018-03-01 13:11:48,0.00148550,0.43000000
2018-03-01 13:11:49,0.00148550,1.64000000
2018-03-01 13:11:49,0.00148550,295.41000000
2018-03-01 13:11:50,0.00148540,4.06000000
2018-03-01 13:11:51,0.00148540,4.66000000
2018-03-01 13:11:53,0.00148820,1.68000000
2018-03-01 13:11:53,0.00148550,5.76000000
2018-03-01 13:11:54,0.00148820,0.10000000
2018-03-01 13:11:55,0.00148810,1.34000000
2018-03-01 13:11:56,0.00148680,49.67000000
2018-03-01 13:11:57,0.00148800,34.54000000
2018-03-01 13:11:58,0.00148680,0.81000000
2018-03-01 13:11:58,0.00148800,20.46000000
2018-03-01 13:11:58,0.00148810,28.46000000
2018-03-01 13:12:00,0.00148700,514.31000000
2018-03-01 13:12:01,0.00148810,34.48000000
2018-03-01 13:12:03,0.00148810,23.50000000
2018-03-01 13:12:03,0.00148830,0.03000000
2018-03-01 13:12:05,0.00148810,1.50000000
2018-03-01 13:12:05,0.00148820,5.38000000
2018-03-01 13:12:05,0.00148810,20.00000000
2018-03-01 13:12:06,0.00148810,32.64000000
2018-03-01 13:12:07,0.00148810,4.00000000
2018-03-01 13:12:07,0.00148810,37.62000000
2018-03-01 13:12:08,0.00148810,38.78000000
2018-03-01 13:12:08,0.00148820,100.00000000
2018-03-01 13:12:09,0.00148820,26.67000000
2018-03-01 13:12:11,0.00148820,6.89000000
2018-03-01 13:12:11,0.00148810,2.23000000
2018-03-01 13:12:12,0.00148820,77.76000000
2018-03-01 13:12:12,0.00148820,4.00000000
2018-03-01 13:12:15,0.00148830,20.16000000
2018-03-01 13:12:15,0.00148840,2.28000000
2018-03-01 13:12:15,0.00148850,134.19000000
2018-03-01 13:12:15,0.00148820,57.77000000
2018-03-01 13:12:15,0.00148810,15.82000000
2018-03-01 13:12:15,0.00148850,5.92000000
2018-03-01 13:12:17,0.00148820,174.23000000
2018-03-01 13:12:18,0.00148850,15.55000000
2018-03-01 13:12:20,0.00148850,5.50000000
2018-03-01 13:12:22,0.00148850,6.55000000
2018-03-01 13:12:24,0.00148880,60.70000000
2018-03-01 13:12:24,0.00148900,50.00000000
2018-03-01 13:12:24,0.00148920,70.58000000
2018-03-01 13:12:24,0.00148850,420.56000000
2018-03-01 13:12:25,0.00148850,37.67000000
2018-03-01 13:12:25,0.00148850,83.82000000
2018-03-01 13:12:25,0.00148850,7.99000000
2018-03-01 13:12:25,0.00148830,5.08000000
2018-03-01 13:12:25,0.00148820,4.91000000
2018-03-01 13:12:25,0.00148850,1.58000000
2018-03-01 13:12:26,0.00148850,214.92000000
2018-03-01 13:12:28,0.00148830,67.84000000
2018-03-01 13:12:29,0.00148840,1.40000000
2018-03-01 13:12:31,0.00148840,38.15000000
2018-03-01 13:12:32,0.00148830,1.00000000
2018-03-01 13:12:32,0.00148840,37.68000000
2018-03-01 13:12:35,0.00148840,13.07000000
2018-03-01 13:12:36,0.00148840,8.05000000
2018-03-01 13:12:39,0.00148850,240.00000000
2018-03-01 13:12:39,0.00148850,50.04000000
2018-03-01 13:12:39,0.00148850,657.45000000
2018-03-01 13:12:39,0.00148920,50.53000000
2018-03-01 13:12:39,0.00148970,45.74000000
2018-03-01 13:12:39,0.00148980,13.87000000
2018-03-01 13:12:39,0.00148990,89.26000000
2018-03-01 13:12:39,0.00148840,109.71000000
2018-03-01 13:12:39,0.00148830,87.31000000
2018-03-01 13:12:40,0.00148830,81.97000000
2018-03-01 13:12:42,0.00148920,23.12000000
2018-03-01 13:12:42,0.00149000,1432.68000000
2018-03-01 13:12:42,0.00149000,1092.38000000
2018-03-01 13:12:42,0.00149010,7.54000000
2018-03-01 13:12:42,0.00149020,34.21000000
2018-03-01 13:12:42,0.00149040,25.27000000
2018-03-01 13:12:42,0.00149060,9.98000000
2018-03-01 13:12:42,0.00149090,1.36000000
2018-03-01 13:12:42,0.00149100,40.92000000
2018-03-01 13:12:42,0.00149110,119.94000000
2018-03-01 13:12:42,0.00149150,8.46000000
2018-03-01 13:12:42,0.00149190,22.34000000
2018-03-01 13:12:42,0.00149200,21.24000000
2018-03-01 13:12:42,0.00149220,10.45000000
2018-03-01 13:12:42,0.00149240,18.66000000
2018-03-01 13:12:42,0.00149250,70.25000000
2018-03-01 13:12:42,0.00149270,110.51000000
2018-03-01 13:12:42,0.00149340,5.40000000
2018-03-01 13:12:43,0.00149040,17.71000000
2018-03-01 13:12:44,0.00149340,380.78000000
2018-03-01 13:12:44,0.00149350,10.47000000
2018-03-01 13:12:44,0.00149050,35.12000000
2018-03-01 13:12:45,0.00149350,10.00000000
2018-03-01 13:12:45,0.00149040,2.41000000
2018-03-01 13:12:45,0.00149030,56.63000000
2018-03-01 13:12:45,0.00149020,205.38000000
2018-03-01 13:12:46,0.00149470,2.88000000
2018-03-01 13:12:46,0.00149450,4.75000000
2018-03-01 13:12:47,0.00149100,7.00000000
2018-03-01 13:12:47,0.00149050,20.28000000
2018-03-01 13:12:48,0.00149050,10.28000000
2018-03-01 13:12:48,0.00149020,33.50000000
2018-03-01 13:12:48,0.00149290,27.49000000
2018-03-01 13:12:48,0.00149300,7.00000000
2018-03-01 13:12:48,0.00149440,20.12000000
2018-03-01 13:12:48,0.00149500,44.14000000
2018-03-01 13:12:48,0.00149500,56.63000000
2018-03-01 13:12:48,0.00149500,4.97000000
2018-03-01 13:12:48,0.00149470,27.17000000
2018-03-01 13:12:48,0.00149630,79.56000000
2018-03-01 13:12:49,0.00149500,7.29000000
2018-03-01 13:12:50,0.00149500,12.01000000
2018-03-01 13:12:51,0.00149500,24.16000000
2018-03-01 13:12:51,0.00149630,200.66000000
2018-03-01 13:12:51,0.00149500,3.36000000
2018-03-01 13:12:52,0.00149550,4.73000000
2018-03-01 13:12:52,0.00149550,2.13000000
2018-03-01 13:12:53,0.00149630,6.89000000
2018-03-01 13:12:53,0.00149550,0.81000000
2018-03-01 13:12:54,0.00149550,270.98000000
2018-03-01 13:12:54,0.00149500,53.39000000
2018-03-01 13:12:54,0.00149460,56.30000000
2018-03-01 13:12:54,0.00149450,152.28000000
2018-03-01 13:12:54,0.00149200,0.54000000
2018-03-01 13:12:54,0.00149400,24.26000000
2018-03-01 13:12:55,0.00149400,7.22000000
2018-03-01 13:12:55,0.00149400,1.20000000
2018-03-01 13:12:56,0.00149400,1.10000000
2018-03-01 13:12:56,0.00149100,20.12000000
2018-03-01 13:12:56,0.00149200,2.72000000
2018-03-01 13:12:56,0.00149380,4.04000000
2018-03-01 13:12:56,0.00149380,6.25000000
2018-03-01 13:12:57,0.00149390,20.12000000
2018-03-01 13:12:57,0.00149400,20.24000000
2018-03-01 13:12:57,0.00149400,160.86000000
2018-03-01 13:12:57,0.00149010,3.20000000
2018-03-01 13:12:57,0.00149010,1.97000000
2018-03-01 13:12:58,0.00149010,0.54000000
2018-03-01 13:12:58,0.00149010,1.37000000
2018-03-01 13:12:58,0.00149010,0.87000000
2018-03-01 13:12:58,0.00149010,3.38000000
2018-03-01 13:12:58,0.00149010,23.81000000
2018-03-01 13:12:58,0.00149010,3.38000000
2018-03-01 13:12:58,0.00149010,1.71000000
2018-03-01 13:12:58,0.00149010,6.86000000
2018-03-01 13:12:58,0.00149010,2.42000000
2018-03-01 13:12:58,0.00149010,0.74000000
2018-03-01 13:12:58,0.00149010,8.12000000
2018-03-01 13:12:58,0.00149010,3.36000000
2018-03-01 13:12:59,0.00149030,2.98000000
2018-03-01 13:12:59,0.00149030,1.98000000
2018-03-01 13:12:59,0.00149030,1.96000000
2018-03-01 13:12:59,0.00149030,2.70000000
2018-03-01 13:12:59,0.00149030,0.81000000
2018-03-01 13:12:59,0.00149030,0.95000000
2018-03-01 13:12:59,0.00149030,0.81000000
2018-03-01 13:12:59,0.00149030,3.40000000
2018-03-01 13:12:59,0.00149030,2.08000000
2018-03-01 13:12:59,0.00149030,0.82000000
2018-03-01 13:12:59,0.00149030,1.52000000
2018-03-01 13:12:59,0.00149020,7.96000000
2018-03-01 13:12:59,0.00149020,0.81000000
2018-03-01 13:12:59,0.00149020,2.68000000
2018-03-01 13:12:59,0.00149020,1.01000000
2018-03-01 13:12:59,0.00149020,7.67000000
2018-03-01 13:13:00,0.00148930,3.38000000
2018-03-01 13:13:00,0.00149370,16.64000000
2018-03-01 13:13:00,0.00149380,16.08000000
2018-03-01 13:13:00,0.00149000,2.82000000
2018-03-01 13:13:01,0.00149010,0.99000000
2018-03-01 13:13:01,0.00149010,13.81000000
2018-03-01 13:13:01,0.00149010,1.82000000
2018-03-01 13:13:01,0.00148920,1.56000000
2018-03-01 13:13:01,0.00149370,65.66000000
2018-03-01 13:13:01,0.00149380,20.13000000
2018-03-01 13:13:01,0.00149390,238.88000000
2018-03-01 13:13:01,0.00149400,607.13000000
2018-03-01 13:13:01,0.00149400,6.68000000
2018-03-01 13:13:01,0.00148920,1.00000000
2018-03-01 13:13:02,0.00149370,2.45000000
2018-03-01 13:13:02,0.00149370,16.19000000
2018-03-01 13:13:02,0.00149370,2.72000000
2018-03-01 13:13:02,0.00149370,1.42000000
2018-03-01 13:13:02,0.00149370,4.07000000
2018-03-01 13:13:02,0.00149370,30.18000000
2018-03-01 13:13:02,0.00149370,8.63000000
2018-03-01 13:13:02,0.00148930,87.11000000
2018-03-01 13:13:02,0.00148920,47.44000000
2018-03-01 13:13:02,0.00148890,6.70000000
2018-03-01 13:13:02,0.00148850,57.04000000
2018-03-01 13:13:02,0.00148840,344.98000000
2018-03-01 13:13:02,0.00148820,38.02000000
2018-03-01 13:13:02,0.00148810,55.04000000
2018-03-01 13:13:02,0.00148800,6.70000000
2018-03-01 13:13:02,0.00148800,79.17000000
2018-03-01 13:13:02,0.00148800,16.26000000
2018-03-01 13:13:02,0.00148800,16.26000000
2018-03-01 13:13:02,0.00148800,76.52000000
2018-03-01 13:13:03,0.00148770,12.87000000
2018-03-01 13:13:03,0.00148770,12.87000000
2018-03-01 13:13:03,0.00148770,12.87000000
2018-03-01 13:13:03,0.00148770,1.79000000
2018-03-01 13:13:03,0.00148770,23.06000000
2018-03-01 13:13:03,0.00148770,3.65000000
2018-03-01 13:13:03,0.00148780,20.00000000
2018-03-01 13:13:03,0.00148800,4.91000000
2018-03-01 13:13:04,0.00149390,20.00000000
2018-03-01 13:13:04,0.00149400,137.73000000
2018-03-01 13:13:04,0.00149300,69.43000000
2018-03-01 13:13:05,0.00149050,1.51000000
2018-03-01 13:13:05,0.00149050,0.82000000
2018-03-01 13:13:05,0.00149050,6.70000000
2018-03-01 13:13:05,0.00149050,4.03000000
2018-03-01 13:13:05,0.00149000,5.09000000
2018-03-01 13:13:06,0.00149300,2.82000000
2018-03-01 13:13:06,0.00149380,31.83000000
2018-03-01 13:13:06,0.00149390,11.93000000
2018-03-01 13:13:06,0.00149020,9.86000000
2018-03-01 13:13:06,0.00149030,0.88000000
2018-03-01 13:13:06,0.00149030,2.11000000
2018-03-01 13:13:06,0.00149030,6.80000000
2018-03-01 13:13:07,0.00149030,16.56000000
2018-03-01 13:13:07,0.00149050,3.38000000
2018-03-01 13:13:07,0.00149050,0.82000000
2018-03-01 13:13:07,0.00149050,1.69000000
2018-03-01 13:13:07,0.00149050,2.25000000
2018-03-01 13:13:07,0.00149050,0.82000000
2018-03-01 13:13:07,0.00149050,9.29000000
2018-03-01 13:13:07,0.00149050,18.36000000
2018-03-01 13:13:07,0.00149380,11.23000000
2018-03-01 13:13:07,0.00149390,55.71000000
2018-03-01 13:13:08,0.00149060,6.02000000
2018-03-01 13:13:08,0.00149390,8.03000000
2018-03-01 13:13:08,0.00149070,11.30000000
2018-03-01 13:13:09,0.00149090,3.32000000
2018-03-01 13:13:09,0.00149090,10.78000000
2018-03-01 13:13:09,0.00149200,2.39000000
2018-03-01 13:13:09,0.00149200,4.06000000
2018-03-01 13:13:09,0.00149200,2.28000000
2018-03-01 13:13:09,0.00149200,8.90000000
2018-03-01 13:13:09,0.00149200,2.73000000
2018-03-01 13:13:10,0.00149210,4.12000000
2018-03-01 13:13:10,0.00149200,8.59000000
2018-03-01 13:13:10,0.00149370,9.09000000
2018-03-01 13:13:10,0.00149370,3.42000000
2018-03-01 13:13:10,0.00149200,4.82000000
2018-03-01 13:13:10,0.00149200,9.32000000
2018-03-01 13:13:10,0.00149200,0.68000000
2018-03-01 13:13:10,0.00149200,2.04000000
2018-03-01 13:13:11,0.00149200,1.70000000
2018-03-01 13:13:11,0.00149200,4.07000000
2018-03-01 13:13:11,0.00149200,34.03000000
2018-03-01 13:13:13,0.00149190,64.55000000
2018-03-01 13:13:13,0.00149200,51.58000000
2018-03-01 13:13:13,0.00149040,0.01000000
2018-03-01 13:13:13,0.00149040,4.72000000
2018-03-01 13:13:13,0.00149040,2.96000000
2018-03-01 13:13:13,0.00149090,1.69000000
2018-03-01 13:13:13,0.00149090,7.02000000
2018-03-01 13:13:13,0.00149090,1.76000000
2018-03-01 13:13:14,0.00149280,6.70000000
2018-03-01 13:13:14,0.00149290,2.08000000
2018-03-01 13:13:14,0.00149090,39.54000000
2018-03-01 13:13:14,0.00149040,20.36000000
2018-03-01 13:13:14,0.00149370,1.67000000
2018-03-01 13:13:14,0.00149050,4.06000000
2018-03-01 13:13:14,0.00149050,3.34000000
2018-03-01 13:13:14,0.00149050,1.36000000
2018-03-01 13:13:15,0.00149050,1.09000000
2018-03-01 13:13:15,0.00149370,0.01000000
2018-03-01 13:13:15,0.00149050,3.38000000
2018-03-01 13:13:15,0.00149050,2.71000000
2018-03-01 13:13:16,0.00149050,13.43000000
2018-03-01 13:13:16,0.00149050,3.40000000
2018-03-01 13:13:17,0.00149200,1.71000000
2018-03-01 13:13:17,0.00149200,4.49000000
2018-03-01 13:13:17,0.00149200,3.34000000
2018-03-01 13:13:17,0.00149200,0.82000000
2018-03-01 13:13:17,0.00149200,1.88000000
2018-03-01 13:13:17,0.00149200,1.37000000
2018-03-01 13:13:17,0.00149200,3.33000000
2018-03-01 13:13:18,0.00149200,1.69000000
2018-03-01 13:13:18,0.00149270,296.42000000
2018-03-01 13:13:19,0.00149200,3.37000000
2018-03-01 13:13:19,0.00149200,96.11000000
2018-03-01 13:13:20,0.00149350,9.55000000
2018-03-01 13:13:21,0.00149350,50.26000000
2018-03-01 13:13:21,0.00149360,11.30000000
2018-03-01 13:13:21,0.00149370,37.42000000
2018-03-01 13:13:21,0.00149380,131.31000000
2018-03-01 13:13:21,0.00149390,0.96000000
2018-03-01 13:13:21,0.00149400,449.48000000
2018-03-01 13:13:22,0.00149210,6.76000000
2018-03-01 13:13:22,0.00149500,88.61000000
2018-03-01 13:13:22,0.00149210,0.81000000
2018-03-01 13:13:23,0.00149210,173.91000000
2018-03-01 13:13:23,0.00149200,22.41000000
2018-03-01 13:13:24,0.00149220,3.41000000
2018-03-01 13:13:24,0.00149330,28.86000000
2018-03-01 13:13:24,0.00149220,2.53000000
2018-03-01 13:13:24,0.00149220,3.20000000
2018-03-01 13:13:25,0.00149220,1.02000000
2018-03-01 13:13:25,0.00149220,13.34000000
2018-03-01 13:13:25,0.00149220,1.70000000
2018-03-01 13:13:25,0.00149220,6.74000000
2018-03-01 13:13:25,0.00149220,2.03000000
2018-03-01 13:13:25,0.00149220,0.68000000
2018-03-01 13:13:26,0.00149220,1.50000000
2018-03-01 13:13:26,0.00149220,41.91000000
2018-03-01 13:13:27,0.00149220,3.24000000
2018-03-01 13:13:27,0.00149220,13.50000000
2018-03-01 13:13:28,0.00149330,1.67000000
2018-03-01 13:13:29,0.00149220,27.09000000
2018-03-01 13:13:29,0.00149300,1.79000000
2018-03-01 13:13:29,0.00149330,36.48000000
2018-03-01 13:13:29,0.00149340,67.31000000
2018-03-01 13:13:29,0.00149220,1.70000000
2018-03-01 13:13:30,0.00149340,15.83000000
2018-03-01 13:13:30,0.00149450,154.16000000
2018-03-01 13:13:31,0.00149340,2.04000000
2018-03-01 13:13:33,0.00149410,103.78000000
2018-03-01 13:13:34,0.00149340,12.47000000
2018-03-01 13:13:34,0.00149330,6.11000000
2018-03-01 13:13:34,0.00149250,196.47000000
2018-03-01 13:13:34,0.00149220,384.46000000
2018-03-01 13:13:34,0.00149220,352.89000000
2018-03-01 13:13:34,0.00149220,475.97000000
2018-03-01 13:13:34,0.00149490,16.47000000
2018-03-01 13:13:34,0.00149250,22.40000000
2018-03-01 13:13:34,0.00149490,39.83000000
2018-03-01 13:13:34,0.00149500,19.28000000
2018-03-01 13:13:35,0.00149500,10.00000000
2018-03-01 13:13:36,0.00149380,1.23000000
2018-03-01 13:13:36,0.00149500,50.80000000
2018-03-01 13:13:38,0.00149500,19.17000000
2018-03-01 13:13:38,0.00149380,2.92000000
2018-03-01 13:13:41,0.00149500,321.03000000
2018-03-01 13:13:44,0.00149500,45.43000000
2018-03-01 13:13:44,0.00149550,7.59000000
2018-03-01 13:13:44,0.00149500,20.35000000
2018-03-01 13:13:44,0.00149400,20.00000000
2018-03-01 13:13:44,0.00149380,243.79000000
2018-03-01 13:13:44,0.00149380,6.75000000
2018-03-01 13:13:46,0.00149550,0.08000000
2018-03-01 13:13:46,0.00149600,0.92000000
2018-03-01 13:13:46,0.00149500,8.30000000
2018-03-01 13:13:46,0.00149450,1.32000000
2018-03-01 13:13:46,0.00149390,1.34000000
2018-03-01 13:13:46,0.00149490,314.59000000
2018-03-01 13:13:47,0.00149600,1257.76000000
2018-03-01 13:13:47,0.00149600,419.20000000
2018-03-01 13:13:47,0.00149630,42.99000000
2018-03-01 13:13:47,0.00149660,27.67000000
2018-03-01 13:13:47,0.00149670,62.49000000
2018-03-01 13:13:47,0.00149500,1.36000000
2018-03-01 13:13:49,0.00149700,3.76000000
2018-03-01 13:13:49,0.00149700,28.53000000
2018-03-01 13:13:49,0.00149600,962.91000000
2018-03-01 13:13:49,0.00149390,56.34000000
2018-03-01 13:13:49,0.00149380,189.41000000
2018-03-01 13:13:51,0.00149570,56.34000000
2018-03-01 13:13:51,0.00149580,101.34000000
2018-03-01 13:13:51,0.00149670,20.10000000
2018-03-01 13:13:52,0.00149670,19.92000000
2018-03-01 13:13:53,0.00149540,2.00000000
2018-03-01 13:13:53,0.00149710,4.51000000
2018-03-01 13:13:53,0.00149740,5.74000000
2018-03-01 13:13:54,0.00149710,1.82000000
2018-03-01 13:13:54,0.00149740,46.52000000
2018-03-01 13:13:54,0.00149750,117.62000000
2018-03-01 13:13:54,0.00149770,57.05000000
2018-03-01 13:13:54,0.00149780,6.93000000
2018-03-01 13:13:54,0.00149790,474.83000000
2018-03-01 13:13:54,0.00149790,142.90000000
2018-03-01 13:13:55,0.00149510,0.85000000
2018-03-01 13:13:55,0.00149670,0.85000000
2018-03-01 13:13:56,0.00149670,1.26000000
2018-03-01 13:13:56,0.00149670,0.01000000
2018-03-01 13:13:56,0.00149670,0.18000000
2018-03-01 13:13:57,0.00149790,0.01000000
2018-03-01 13:13:58,0.00149670,32.26000000
2018-03-01 13:13:58,0.00149670,0.65000000
2018-03-01 13:13:58,0.00149790,93.71000000
2018-03-01 13:13:59,0.00149790,716.91000000
2018-03-01 13:13:59,0.00149800,98.76000000
2018-03-01 13:14:00,0.00149800,167.71000000
2018-03-01 13:14:01,0.00149700,33.04000000
2018-03-01 13:14:01,0.00149700,0.78000000
2018-03-01 13:14:01,0.00149700,130.73000000
2018-03-01 13:14:01,0.00149800,87.09000000
2018-03-01 13:14:01,0.00149800,21.20000000
2018-03-01 13:14:01,0.00149670,3.40000000
2018-03-01 13:14:01,0.00149800,10.69000000
2018-03-01 13:14:02,0.00149700,51.08000000
2018-03-01 13:14:05,0.00149800,69.41000000
2018-03-01 13:14:05,0.00149840,1.15000000
2018-03-01 13:14:05,0.00149850,52.77000000
2018-03-01 13:14:05,0.00149880,4.26000000
2018-03-01 13:14:05,0.00149900,62.41000000
2018-03-01 13:14:05,0.00149900,19.10000000
2018-03-01 13:14:05,0.00149910,12.78000000
2018-03-01 13:14:05,0.00149950,18.09000000
2018-03-01 13:14:05,0.00149700,42.19000000
2018-03-01 13:14:07,0.00149750,81.56000000
2018-03-01 13:14:07,0.00149740,40.40000000
2018-03-01 13:14:08,0.00149800,20.00000000
2018-03-01 13:14:08,0.00149950,24.12000000
2018-03-01 13:14:08,0.00149800,18.14000000
2018-03-01 13:14:09,0.00149800,0.88000000
2018-03-01 13:14:09,0.00149800,197.42000000
2018-03-01 13:14:09,0.00149740,81.56000000
2018-03-01 13:14:09,0.00149700,62.49000000
2018-03-01 13:14:09,0.00149700,25.67000000
2018-03-01 13:14:09,0.00149700,2.20000000
2018-03-01 13:14:11,0.00149700,2.42000000
2018-03-01 13:14:11,0.00149700,240.96000000
2018-03-01 13:14:11,0.00149800,22.45000000
2018-03-01 13:14:11,0.00149600,0.85000000
2018-03-01 13:14:15,0.00149700,5.21000000
2018-03-01 13:14:15,0.00149700,38.81000000
2018-03-01 13:14:15,0.00149680,6.43000000
2018-03-01 13:14:16,0.00149700,6.20000000
2018-03-01 13:14:17,0.00149680,64.48000000
2018-03-01 13:14:17,0.00149600,30.40000000
2018-03-01 13:14:17,0.00149540,72.51000000
2018-03-01 13:14:18,0.00149540,139.53000000
2018-03-01 13:14:19,0.00149540,2.14000000
2018-03-01 13:14:19,0.00149540,13.18000000
2018-03-01 13:14:20,0.00149540,2.63000000
2018-03-01 13:14:20,0.00149540,0.81000000
2018-03-01 13:14:20,0.00149540,133.63000000
2018-03-01 13:14:20,0.00149510,56.32000000
2018-03-01 13:14:20,0.00149500,195.90000000
2018-03-01 13:14:21,0.00149500,34.64000000
2018-03-01 13:14:22,0.00149500,86.97000000
2018-03-01 13:14:22,0.00149500,71.44000000
2018-03-01 13:14:23,0.00149500,9.41000000
2018-03-01 13:14:23,0.00149500,1.82000000
2018-03-01 13:14:23,0.00149500,177.90000000
2018-03-01 13:14:23,0.00149500,6.76000000
2018-03-01 13:14:23,0.00149590,56.32000000
2018-03-01 13:14:23,0.00149600,198.41000000
2018-03-01 13:14:23,0.00149500,155.12000000
2018-03-01 13:14:24,0.00149500,9.00000000
2018-03-01 13:14:24,0.00149500,1.01000000
2018-03-01 13:14:25,0.00149500,2.14000000
2018-03-01 13:14:25,0.00149500,6.73000000
2018-03-01 13:14:25,0.00149500,2.94000000
2018-03-01 13:14:25,0.00149500,12.84000000
2018-03-01 13:14:25,0.00149500,1.02000000
2018-03-01 13:14:25,0.00149500,16.99000000
2018-03-01 13:14:25,0.00149500,1.00000000
2018-03-01 13:14:25,0.00149500,5.46000000
2018-03-01 13:14:25,0.00149590,1.00000000
2018-03-01 13:14:26,0.00149500,7.99000000
2018-03-01 13:14:26,0.00149500,1.69000000
2018-03-01 13:14:26,0.00149500,16.45000000
2018-03-01 13:14:26,0.00149500,4.02000000
2018-03-01 13:14:26,0.00149500,439.70000000
2018-03-01 13:14:27,0.00149500,4.00000000
2018-03-01 13:14:27,0.00149500,20.87000000
2018-03-01 13:14:27,0.00149500,3.82000000
2018-03-01 13:14:28,0.00149500,4.11000000
2018-03-01 13:14:28,0.00149500,96.00000000
2018-03-01 13:14:28,0.00149380,5.39000000
2018-03-01 13:14:28,0.00149380,1.78000000
2018-03-01 13:14:29,0.00149380,5.76000000
2018-03-01 13:14:29,0.00149500,2.36000000
2018-03-01 13:14:29,0.00149380,2.02000000
2018-03-01 13:14:29,0.00149500,3.00000000
2018-03-01 13:14:29,0.00149380,6.89000000
2018-03-01 13:14:29,0.00149380,220.69000000
2018-03-01 13:14:29,0.00149500,3.00000000
2018-03-01 13:14:30,0.00149500,35.04000000
2018-03-01 13:14:30,0.00149380,1006.63000000
2018-03-01 13:14:30,0.00149330,9.51000000
2018-03-01 13:14:30,0.00149380,106.17000000
2018-03-01 13:14:31,0.00149210,1.49000000
2018-03-01 13:14:31,0.00149210,1.72000000
2018-03-01 13:14:31,0.00149200,8.86000000
2018-03-01 13:14:32,0.00149220,7.44000000
2018-03-01 13:14:32,0.00149220,3.65000000
2018-03-01 13:14:32,0.00149380,1.01000000
2018-03-01 13:14:32,0.00149390,1.67000000
2018-03-01 13:14:32,0.00149220,1.70000000
2018-03-01 13:14:32,0.00149370,4.22000000
2018-03-01 13:14:33,0.00149370,2.00000000
2018-03-01 13:14:33,0.00149220,1.49000000
2018-03-01 13:14:33,0.00149220,42.11000000
2018-03-01 13:14:33,0.00149200,440.07000000
2018-03-01 13:14:33,0.00149070,6.00000000
2018-03-01 13:14:33,0.00149050,673.22000000
2018-03-01 13:14:33,0.00149040,12.08000000
2018-03-01 13:14:33,0.00149030,281.40000000
2018-03-01 13:14:33,0.00149000,573.39000000
2018-03-01 13:14:33,0.00149000,67.03000000
2018-03-01 13:14:33,0.00149000,19.37000000
2018-03-01 13:14:34,0.00149200,38.46000000
2018-03-01 13:14:34,0.00149200,1.79000000
2018-03-01 13:14:34,0.00149200,14.00000000
2018-03-01 13:14:34,0.00149280,8.22000000
2018-03-01 13:14:34,0.00149290,310.54000000
2018-03-01 13:14:34,0.00149020,3.35000000
2018-03-01 13:14:34,0.00149000,2.41000000
2018-03-01 13:14:35,0.00149010,1.71000000
2018-03-01 13:14:36,0.00149220,121.03000000
2018-03-01 13:14:36,0.00149030,0.72000000
2018-03-01 13:14:36,0.00149030,0.72000000
2018-03-01 13:14:36,0.00149000,5.76000000
2018-03-01 13:14:36,0.00149030,45.07000000
2018-03-01 13:14:36,0.00149280,20.02000000
2018-03-01 13:14:37,0.00149280,33.00000000
2018-03-01 13:14:37,0.00149020,3.35000000
2018-03-01 13:14:37,0.00149000,0.03000000
2018-03-01 13:14:37,0.00149000,292.60000000
2018-03-01 13:14:38,0.00149000,22.40000000
2018-03-01 13:14:39,0.00149010,56.54000000
2018-03-01 13:14:39,0.00149000,57.01000000
2018-03-01 13:14:39,0.00149000,3.36000000
2018-03-01 13:14:39,0.00149000,2.16000000
2018-03-01 13:14:39,0.00149000,68.28000000
2018-03-01 13:14:39,0.00149270,0.50000000
2018-03-01 13:14:40,0.00149000,20.85000000
2018-03-01 13:14:40,0.00149000,83.49000000
2018-03-01 13:14:41,0.00149000,102.00000000
2018-03-01 13:14:41,0.00149130,10.32000000
2018-03-01 13:14:41,0.00149130,27.81000000
2018-03-01 13:14:41,0.00149120,5.01000000
2018-03-01 13:14:42,0.00149000,5.98000000
2018-03-01 13:14:42,0.00149120,5.01000000
2018-03-01 13:14:42,0.00149120,1.81000000
2018-03-01 13:14:42,0.00149000,97.52000000
2018-03-01 13:14:43,0.00148850,5.76000000
2018-03-01 13:14:43,0.00148850,0.95000000
2018-03-01 13:14:43,0.00148840,34.76000000
2018-03-01 13:14:43,0.00148990,1.21000000
2018-03-01 13:14:43,0.00149000,429.51000000
2018-03-01 13:14:43,0.00149000,10.29000000
2018-03-01 13:14:43,0.00149120,12.75000000
2018-03-01 13:14:44,0.00149120,22.10000000
2018-03-01 13:14:44,0.00149120,9.86000000
2018-03-01 13:14:44,0.00149130,5.42000000
2018-03-01 13:14:44,0.00149130,4.93000000
2018-03-01 13:14:45,0.00149000,0.82000000
2018-03-01 13:14:45,0.00149130,51.53000000
2018-03-01 13:14:45,0.00149000,316.02000000
2018-03-01 13:14:45,0.00149000,1.70000000
2018-03-01 13:14:45,0.00149130,0.10000000
2018-03-01 13:14:45,0.00149000,11.36000000
2018-03-01 13:14:47,0.00149000,22.40000000
2018-03-01 13:14:47,0.00149000,1.71000000
2018-03-01 13:14:47,0.00149000,141.64000000
2018-03-01 13:14:48,0.00149000,1.70000000
2018-03-01 13:14:48,0.00149000,0.75000000
2018-03-01 13:14:48,0.00149000,313.78000000
2018-03-01 13:14:49,0.00149000,317.54000000
2018-03-01 13:14:49,0.00149000,31.71000000
2018-03-01 13:14:49,0.00149000,121.54000000
2018-03-01 13:14:49,0.00149000,121.54000000
2018-03-01 13:14:49,0.00149000,121.54000000
2018-03-01 13:14:49,0.00149000,6.69000000
2018-03-01 13:14:49,0.00149000,121.54000000
2018-03-01 13:14:49,0.00149000,1.41000000
2018-03-01 13:14:50,0.00149000,0.05000000
2018-03-01 13:14:50,0.00148840,11.90000000
2018-03-01 13:14:50,0.00148840,9.91000000
2018-03-01 13:14:50,0.00149000,90.09000000
2018-03-01 13:14:50,0.00148800,6.69000000
2018-03-01 13:14:52,0.00148810,350.94000000
2018-03-01 13:14:52,0.00148840,3.40000000
2018-03-01 13:14:52,0.00149000,599.40000000
2018-03-01 13:14:52,0.00148810,7.98000000
2018-03-01 13:14:52,0.00149000,1137.04000000
2018-03-01 13:14:52,0.00149020,1.36000000
2018-03-01 13:14:52,0.00149100,69.36000000
2018-03-01 13:14:52,0.00149130,91.70000000
2018-03-01 13:14:52,0.00149250,1.86000000
2018-03-01 13:14:53,0.00149250,4.96000000
2018-03-01 13:14:53,0.00149250,56.77000000
2018-03-01 13:14:53,0.00149250,2539.77000000
2018-03-01 13:14:54,0.00148870,13.07000000
2018-03-01 13:14:54,0.00148810,175.74000000
2018-03-01 13:14:54,0.00148810,82.72000000
2018-03-01 13:14:55,0.00149000,8.09000000
2018-03-01 13:14:56,0.00149000,2.28000000
2018-03-01 13:14:56,0.00148810,50.64000000
2018-03-01 13:14:57,0.00148990,0.01000000
2018-03-01 13:14:57,0.00148990,2.84000000
2018-03-01 13:14:57,0.00149000,21.94000000
2018-03-01 13:14:58,0.00149000,1.08000000
2018-03-01 13:14:58,0.00149000,114.34000000
2018-03-01 13:15:01,0.00148990,13.42000000
2018-03-01 13:15:01,0.00148990,2.00000000
2018-03-01 13:15:01,0.00148810,5.00000000
2018-03-01 13:15:02,0.00148810,1.36000000
2018-03-01 13:15:03,0.00148810,12.36000000
2018-03-01 13:15:04,0.00148990,19.01000000
2018-03-01 13:15:04,0.00148810,16.15000000
2018-03-01 13:15:04,0.00148800,26.51000000
2018-03-01 13:15:04,0.00148800,37.11000000
2018-03-01 13:15:05,0.00148800,52.83000000
2018-03-01 13:15:05,0.00148990,17.25000000
2018-03-01 13:15:05,0.00149000,40.24000000
2018-03-01 13:15:06,0.00149200,86.65000000
2018-03-01 13:15:07,0.00149000,12.58000000
2018-03-01 13:15:07,0.00149000,23.13000000
2018-03-01 13:15:08,0.00149000,1.22000000
2018-03-01 13:15:08,0.00149000,1.37000000
2018-03-01 13:15:09,0.00149200,1.14000000
2018-03-01 13:15:10,0.00149090,158.30000000
2018-03-01 13:15:10,0.00149080,1.25000000
2018-03-01 13:15:10,0.00149200,11.36000000
2018-03-01 13:15:10,0.00149200,0.77000000
2018-03-01 13:15:11,0.00149220,1.21000000
2018-03-01 13:15:11,0.00149250,12.83000000
2018-03-01 13:15:11,0.00149270,18.69000000
2018-03-01 13:15:11,0.00149280,50.00000000
2018-03-01 13:15:11,0.00149290,22.22000000
2018-03-01 13:15:11,0.00149300,196.47000000
2018-03-01 13:15:11,0.00149310,6.97000000
2018-03-01 13:15:12,0.00149200,6.44000000
2018-03-01 13:15:12,0.00149200,1.82000000
2018-03-01 13:15:14,0.00149210,3.22000000
2018-03-01 13:15:14,0.00149210,3.22000000
2018-03-01 13:15:15,0.00149210,1.39000000
2018-03-01 13:15:15,0.00149310,3.90000000
2018-03-01 13:15:16,0.00149310,6.09000000
2018-03-01 13:15:16,0.00149310,4.02000000
2018-03-01 13:15:16,0.00149310,19.35000000
2018-03-01 13:15:16,0.00149210,1.37000000
2018-03-01 13:15:17,0.00149310,12.47000000
2018-03-01 13:15:17,0.00149370,5.23000000
2018-03-01 13:15:17,0.00149380,16.90000000
2018-03-01 13:15:19,0.00149220,7.01000000
2018-03-01 13:15:22,0.00149220,5.98000000
2018-03-01 13:15:22,0.00149500,5.21000000
2018-03-01 13:15:23,0.00149500,33.11000000
2018-03-01 13:15:23,0.00149500,30.70000000
2018-03-01 13:15:25,0.00149490,12.99000000
2018-03-01 13:15:25,0.00149500,31.74000000
2018-03-01 13:15:25,0.00149500,4.68000000
2018-03-01 13:15:25,0.00149500,10.96000000
2018-03-01 13:15:25,0.00149500,10.35000000
2018-03-01 13:15:26,0.00149500,71.46000000
2018-03-01 13:15:26,0.00149240,1.37000000
2018-03-01 13:15:27,0.00149340,369.11000000
2018-03-01 13:15:27,0.00149240,58.10000000
2018-03-01 13:15:27,0.00149230,7.38000000
2018-03-01 13:15:27,0.00149220,74.82000000
2018-03-01 13:15:27,0.00149210,250.56000000
2018-03-01 13:15:27,0.00149200,109.19000000
2018-03-01 13:15:27,0.00149130,1067.05000000
2018-03-01 13:15:27,0.00149000,309.19000000
2018-03-01 13:15:27,0.00148990,1.37000000
2018-03-01 13:15:27,0.00149000,91.88000000
2018-03-01 13:15:27,0.00149000,196.56000000
2018-03-01 13:15:28,0.00149000,25.08000000
2018-03-01 13:15:28,0.00149000,435.25000000
2018-03-01 13:15:28,0.00149000,5.60000000
2018-03-01 13:15:29,0.00149000,69.24000000
2018-03-01 13:15:30,0.00149000,2300.10000000
2018-03-01 13:15:31,0.00149030,6.81000000
2018-03-01 13:15:32,0.00149050,3.38000000
2018-03-01 13:15:35,0.00149390,1.52000000
2018-03-01 13:15:37,0.00149370,10.19000000
2018-03-01 13:15:37,0.00149390,18.54000000
2018-03-01 13:15:37,0.00149390,3.45000000
2018-03-01 13:15:38,0.00149390,9.00000000
2018-03-01 13:15:38,0.00149100,6.83000000
2018-03-01 13:15:38,0.00149360,7.38000000
2018-03-01 13:15:38,0.00149390,155.43000000
2018-03-01 13:15:40,0.00149380,6.83000000
2018-03-01 13:15:40,0.00149390,10.02000000
2018-03-01 13:15:41,0.00149390,39.76000000
2018-03-01 13:15:41,0.00149390,11.71000000
2018-03-01 13:15:41,0.00149450,6.69000000
2018-03-01 13:15:42,0.00149390,2.64000000
2018-03-01 13:15:42,0.00149450,6.44000000
2018-03-01 13:15:43,0.00149450,0.93000000
2018-03-01 13:15:43,0.00149390,1.52000000
2018-03-01 13:15:43,0.00149450,4.00000000
2018-03-01 13:15:44,0.00149450,33.95000000
2018-03-01 13:15:44,0.00149450,32.00000000
2018-03-01 13:15:47,0.00149450,73.34000000
2018-03-01 13:15:47,0.00149410,103.13000000
2018-03-01 13:15:48,0.00149490,1.78000000
2018-03-01 13:15:48,0.00149500,32.72000000
2018-03-01 13:15:48,0.00149450,6.91000000
2018-03-01 13:15:51,0.00149450,5.61000000
2018-03-01 13:15:52,0.00149450,10.12000000
2018-03-01 13:15:52,0.00149490,0.37000000
2018-03-01 13:15:53,0.00149490,2.98000000
2018-03-01 13:15:53,0.00149500,3.72000000
2018-03-01 13:15:54,0.00149500,29.83000000
2018-03-01 13:15:56,0.00149450,2.00000000
2018-03-01 13:15:56,0.00149440,36.83000000
2018-03-01 13:15:56,0.00149460,386.88000000
2018-03-01 13:15:57,0.00149490,10.99000000
2018-03-01 13:15:57,0.00149500,289.09000000
2018-03-01 13:16:01,0.00149500,54.27000000
2018-03-01 13:16:03,0.00149500,197.37000000
2018-03-01 13:16:03,0.00149410,1.01000000
2018-03-01 13:16:05,0.00149540,11.05000000
2018-03-01 13:16:05,0.00149410,32.16000000
2018-03-01 13:16:06,0.00149500,111.85000000
2018-03-01 13:16:06,0.00149500,209.15000000
2018-03-01 13:16:07,0.00149500,14.64000000
2018-03-01 13:16:07,0.00149410,89.18000000
2018-03-01 13:16:08,0.00149560,5.53000000
2018-03-01 13:16:08,0.00149500,15.27000000
2018-03-01 13:16:09,0.00149500,22.85000000
2018-03-01 13:16:09,0.00149560,3.60000000
2018-03-01 13:16:09,0.00149570,4.00000000
2018-03-01 13:16:10,0.00149410,0.85000000
2018-03-01 13:16:10,0.00149570,2.95000000
2018-03-01 13:16:11,0.00149480,194.24000000
2018-03-01 13:16:11,0.00149560,1.00000000
2018-03-01 13:16:12,0.00149410,0.01000000
2018-03-01 13:16:12,0.00149410,44.23000000
2018-03-01 13:16:13,0.00149550,1.70000000
2018-03-01 13:16:13,0.00149560,63.17000000
2018-03-01 13:16:13,0.00149570,86.42000000
2018-03-01 13:16:13,0.00149580,16.13000000
2018-03-01 13:16:16,0.00149410,10.98000000
2018-03-01 13:16:17,0.00149430,3.14000000
2018-03-01 13:16:17,0.00149560,3.74000000
2018-03-01 13:16:17,0.00149580,13.12000000
2018-03-01 13:16:17,0.00149410,19.61000000
2018-03-01 13:16:17,0.00149580,153.92000000
2018-03-01 13:16:18,0.00149560,5.22000000
2018-03-01 13:16:18,0.00149560,42.91000000
2018-03-01 13:16:19,0.00149500,22.04000000
2018-03-01 13:16:19,0.00149500,36.13000000
2018-03-01 13:16:20,0.00149410,1.32000000
2018-03-01 13:16:21,0.00149410,5.70000000
2018-03-01 13:16:21,0.00149410,6.78000000
2018-03-01 13:16:22,0.00149410,8.50000000
2018-03-01 13:16:22,0.00149500,3.60000000
2018-03-01 13:16:23,0.00149420,1.12000000
2018-03-01 13:16:23,0.00149420,21.10000000
2018-03-01 13:16:24,0.00149410,5.79000000
2018-03-01 13:16:24,0.00149500,2.75000000
2018-03-01 13:16:25,0.00149410,1.08000000
2018-03-01 13:16:26,0.00149410,1.08000000
2018-03-01 13:16:26,0.00149500,14.31000000
2018-03-01 13:16:26,0.00149410,1.08000000
2018-03-01 13:16:27,0.00149410,1.08000000
2018-03-01 13:16:27,0.00149410,20.07000000
2018-03-01 13:16:28,0.00149410,14.08000000
2018-03-01 13:16:29,0.00149410,2.77000000
2018-03-01 13:16:29,0.00149410,51.59000000
2018-03-01 13:16:32,0.00149430,5.51000000
2018-03-01 13:16:32,0.00149410,28.96000000
2018-03-01 13:16:34,0.00149420,1.25000000
2018-03-01 13:16:34,0.00149430,5.44000000
2018-03-01 13:16:35,0.00149410,176.43000000
2018-03-01 13:16:35,0.00149410,93.92000000
2018-03-01 13:16:36,0.00149430,0.07000000
2018-03-01 13:16:36,0.00149480,42.30000000
2018-03-01 13:16:36,0.00149410,257.18000000
2018-03-01 13:16:41,0.00149450,212.42000000
2018-03-01 13:16:42,0.00149430,2.57000000
2018-03-01 13:16:43,0.00149430,24.23000000
2018-03-01 13:16:43,0.00149430,109.54000000
2018-03-01 13:16:43,0.00149430,26.80000000
2018-03-01 13:16:43,0.00149480,19.33000000
2018-03-01 13:16:47,0.00149430,26.63000000
2018-03-01 13:16:47,0.00149410,9.40000000
2018-03-01 13:16:48,0.00149390,1.25000000
2018-03-01 13:16:48,0.00149400,45.78000000
2018-03-01 13:16:48,0.00149410,19.89000000
2018-03-01 13:16:48,0.00149360,142.27000000
2018-03-01 13:16:48,0.00149300,6.87000000
2018-03-01 13:16:48,0.00149070,56.34000000
2018-03-01 13:16:48,0.00149060,56.23000000
2018-03-01 13:16:49,0.00149300,12.47000000
2018-03-01 13:16:49,0.00149100,20.00000000
2018-03-01 13:16:49,0.00149060,47.93000000
2018-03-01 13:16:49,0.00149010,604.17000000
2018-03-01 13:16:49,0.00149000,925.86000000
2018-03-01 13:16:50,0.00149300,20.00000000
2018-03-01 13:16:51,0.00149300,1.74000000
2018-03-01 13:16:51,0.00149310,27.69000000
2018-03-01 13:16:52,0.00149300,2.96000000
2018-03-01 13:16:53,0.00149300,2.05000000
2018-03-01 13:16:53,0.00149300,5.50000000
2018-03-01 13:16:53,0.00149300,3.46000000
2018-03-01 13:16:54,0.00149010,44.73000000
2018-03-01 13:16:55,0.00149020,7.41000000
2018-03-01 13:16:55,0.00149000,641.21000000
2018-03-01 13:16:55,0.00149000,21.06000000
2018-03-01 13:16:55,0.00149280,44.73000000
2018-03-01 13:16:55,0.00149290,9.21000000
2018-03-01 13:16:56,0.00149000,6.69000000
2018-03-01 13:16:56,0.00149000,21.67000000
2018-03-01 13:16:57,0.00148990,6.69000000
2018-03-01 13:16:57,0.00149000,71.77000000
2018-03-01 13:16:57,0.00149000,24.50000000
2018-03-01 13:16:58,0.00148990,6.54000000
2018-03-01 13:16:59,0.00149000,25.08000000
2018-03-01 13:17:00,0.00149000,9.29000000
2018-03-01 13:17:01,0.00148990,8.36000000
2018-03-01 13:17:01,0.00148990,1.25000000
2018-03-01 13:17:02,0.00148990,18.02000000
2018-03-01 13:17:03,0.00148990,3.15000000
2018-03-01 13:17:04,0.00148990,6.46000000
2018-03-01 13:17:05,0.00148990,1.25000000
2018-03-01 13:17:05,0.00148830,3.35000000
2018-03-01 13:17:05,0.00148820,7.77000000
2018-03-01 13:17:07,0.00148820,125.62000000
2018-03-01 13:17:07,0.00148820,2.18000000
2018-03-01 13:17:07,0.00148810,2.18000000
2018-03-01 13:17:08,0.00148820,5.37000000
2018-03-01 13:17:08,0.00148820,15.34000000
2018-03-01 13:17:08,0.00148820,5.27000000
2018-03-01 13:17:08,0.00148900,199.80000000
2018-03-01 13:17:08,0.00148990,4.00000000
2018-03-01 13:17:09,0.00148900,116.74000000
2018-03-01 13:17:10,0.00148820,35.54000000
2018-03-01 13:17:10,0.00148990,1.21000000
2018-03-01 13:17:10,0.00149000,13.97000000
2018-03-01 13:17:12,0.00148990,1.59000000
2018-03-01 13:17:13,0.00149000,3.36000000
2018-03-01 13:17:14,0.00148990,167.66000000
2018-03-01 13:17:15,0.00148820,5.40000000
2018-03-01 13:17:16,0.00148820,63.30000000
2018-03-01 13:17:16,0.00148810,8.04000000
2018-03-01 13:17:16,0.00148800,20.92000000
2018-03-01 13:17:19,0.00148900,35.08000000
2018-03-01 13:17:19,0.00148900,24.63000000
2018-03-01 13:17:19,0.00148900,10.48000000
2018-03-01 13:17:19,0.00148900,6.00000000
2018-03-01 13:17:19,0.00148900,6.89000000
2018-03-01 13:17:20,0.00148840,230.59000000
2018-03-01 13:17:25,0.00148820,25.10000000
2018-03-01 13:17:25,0.00148800,49.76000000
2018-03-01 13:17:25,0.00148760,2.59000000
2018-03-01 13:17:26,0.00148760,0.44000000
2018-03-01 13:17:26,0.00148680,34.13000000
2018-03-01 13:17:27,0.00148680,14.73000000
2018-03-01 13:17:27,0.00148630,1.19000000
2018-03-01 13:17:27,0.00148550,30.16000000
2018-03-01 13:17:27,0.00148590,56.52000000
2018-03-01 13:17:27,0.00148590,1.08000000
2018-03-01 13:17:28,0.00148590,10.37000000
2018-03-01 13:17:29,0.00148550,108.46000000
2018-03-01 13:17:29,0.00148550,319.46000000
2018-03-01 13:17:30,0.00148760,13.77000000
2018-03-01 13:17:30,0.00148640,11.44000000
2018-03-01 13:17:30,0.00148580,2.08000000
2018-03-01 13:17:30,0.00148550,3.36000000
2018-03-01 13:17:30,0.00148540,22.30000000
2018-03-01 13:17:30,0.00148550,3.54000000
2018-03-01 13:17:30,0.00148550,25.33000000
2018-03-01 13:17:30,0.00148550,3.19000000
2018-03-01 13:17:31,0.00148550,1.31000000
2018-03-01 13:17:31,0.00148540,2.05000000
2018-03-01 13:17:32,0.00148550,10.77000000
2018-03-01 13:17:32,0.00148540,7.41000000
2018-03-01 13:17:33,0.00148540,10.02000000
2018-03-01 13:17:33,0.00148540,31.76000000
2018-03-01 13:17:33,0.00148550,71.34000000
2018-03-01 13:17:33,0.00148530,8.29000000
2018-03-01 13:17:34,0.00148550,28.34000000
2018-03-01 13:17:34,0.00148590,32.75000000
2018-03-01 13:17:34,0.00148530,42.56000000
2018-03-01 13:17:34,0.00148500,2.15000000
2018-03-01 13:17:34,0.00148450,105.29000000
2018-03-01 13:17:34,0.00148450,30.40000000
2018-03-01 13:17:36,0.00148590,4.45000000
2018-03-01 13:17:36,0.00148590,35.10000000
2018-03-01 13:17:37,0.00148590,63.82000000
2018-03-01 13:17:39,0.00148550,2.25000000
2018-03-01 13:17:41,0.00148450,5.32000000
2018-03-01 13:17:42,0.00148450,3.33000000
2018-03-01 13:17:42,0.00148450,43.81000000
2018-03-01 13:17:43,0.00148450,3.70000000
2018-03-01 13:17:43,0.00148540,0.80000000
2018-03-01 13:17:43,0.00148450,32.28000000
2018-03-01 13:17:44,0.00148490,276.52000000
2018-03-01 13:17:45,0.00148450,25.00000000
2018-03-01 13:17:45,0.00148450,18.01000000
2018-03-01 13:17:45,0.00148300,14.46000000
2018-03-01 13:17:46,0.00148300,24.73000000
2018-03-01 13:17:49,0.00148450,33.68000000
2018-03-01 13:17:50,0.00148300,57.50000000
2018-03-01 13:17:51,0.00148300,10.90000000
2018-03-01 13:17:51,0.00148300,16.59000000
2018-03-01 13:17:51,0.00148450,185.70000000
2018-03-01 13:17:51,0.00148490,14.49000000
2018-03-01 13:17:51,0.00148540,222.62000000
2018-03-01 13:17:51,0.00148590,20.35000000
2018-03-01 13:17:51,0.00148760,844.28000000
2018-03-01 13:17:51,0.00148800,20.17000000
2018-03-01 13:17:51,0.00148890,16.56000000
2018-03-01 13:17:51,0.00148990,22.86000000
2018-03-01 13:17:51,0.00149000,55.04000000
2018-03-01 13:17:51,0.00149110,20.12000000
2018-03-01 13:17:51,0.00149260,28.00000000
2018-03-01 13:17:51,0.00149270,314.08000000
2018-03-01 13:17:51,0.00149290,57.53000000
2018-03-01 13:17:51,0.00149300,117.29000000
2018-03-01 13:17:51,0.00149390,2.83000000
2018-03-01 13:17:51,0.00149400,14.00000000
2018-03-01 13:17:51,0.00149460,1.96000000
2018-03-01 13:17:51,0.00149470,167.07000000
2018-03-01 13:17:51,0.00149480,376.05000000
2018-03-01 13:17:51,0.00148440,19.44000000
2018-03-01 13:17:51,0.00148250,2.70000000
2018-03-01 13:17:51,0.00148210,28.00000000
2018-03-01 13:17:51,0.00148200,56.65000000
2018-03-01 13:17:51,0.00148100,51.98000000
2018-03-01 13:17:51,0.00148440,1.52000000
2018-03-01 13:17:51,0.00148260,67.41000000
2018-03-01 13:17:51,0.00148250,5.98000000
2018-03-01 13:17:52,0.00148250,6.94000000
2018-03-01 13:17:52,0.00148110,10.90000000
2018-03-01 13:17:52,0.00148300,36.12000000
2018-03-01 13:17:53,0.00148290,3.41000000
2018-03-01 13:17:53,0.00148290,64.00000000
2018-03-01 13:17:53,0.00148300,21.38000000
2018-03-01 13:17:56,0.00148970,2.01000000
2018-03-01 13:17:56,0.00148430,6.11000000
2018-03-01 13:17:57,0.00148430,57.69000000
2018-03-01 13:17:57,0.00148430,70.91000000
2018-03-01 13:18:01,0.00148690,2.01000000
2018-03-01 13:18:01,0.00148690,5.24000000
2018-03-01 13:18:02,0.00148690,67.46000000
2018-03-01 13:18:02,0.00148690,25.47000000
2018-03-01 13:18:04,0.00148680,1.31000000
2018-03-01 13:18:04,0.00148690,36.69000000
2018-03-01 13:18:04,0.00148690,0.70000000
2018-03-01 13:18:09,0.00148440,14.62000000
2018-03-01 13:18:14,0.00148580,292.79000000
2018-03-01 13:18:17,0.00148670,4.89000000
2018-03-01 13:18:20,0.00148500,6.94000000
2018-03-01 13:18:20,0.00148450,50.25000000
2018-03-01 13:18:20,0.00148430,20.95000000
2018-03-01 13:18:20,0.00148420,2.40000000
2018-03-01 13:18:20,0.00148410,39.96000000
2018-03-01 13:18:20,0.00148200,35.37000000
2018-03-01 13:18:20,0.00148100,66.59000000
2018-03-01 13:18:20,0.00148090,9.45000000
2018-03-01 13:18:20,0.00148060,31.23000000
2018-03-01 13:18:20,0.00148650,6.10000000
2018-03-01 13:18:21,0.00148600,40.30000000
2018-03-01 13:18:23,0.00148520,116.45000000
2018-03-01 13:18:23,0.00148500,5.89000000
2018-03-01 13:18:25,0.00148490,16.00000000
2018-03-01 13:18:26,0.00148420,22.11000000
2018-03-01 13:18:27,0.00148490,0.05000000
2018-03-01 13:18:28,0.00148490,12.00000000
2018-03-01 13:18:31,0.00148420,66.71000000
2018-03-01 13:18:32,0.00148420,77.79000000
2018-03-01 13:18:32,0.00148480,6.72000000
2018-03-01 13:18:36,0.00148460,5.01000000
2018-03-01 13:18:38,0.00148440,5.01000000
2018-03-01 13:18:39,0.00148430,5.60000000
2018-03-01 13:18:39,0.00148130,16.74000000
2018-03-01 13:18:39,0.00148120,18.26000000
2018-03-01 13:18:40,0.00148200,3.92000000
2018-03-01 13:18:41,0.00148420,5.01000000
2018-03-01 13:18:41,0.00148200,3.92000000
2018-03-01 13:18:41,0.00148110,8.85000000
2018-03-01 13:18:41,0.00148100,18.71000000
2018-03-01 13:18:41,0.00148080,86.08000000
2018-03-01 13:18:41,0.00148070,8.50000000
2018-03-01 13:18:41,0.00148060,43.02000000
2018-03-01 13:18:42,0.00148200,1.36000000
2018-03-01 13:18:42,0.00148070,7.43000000
2018-03-01 13:18:43,0.00148070,5.82000000
2018-03-01 13:18:43,0.00148080,30.54000000
2018-03-01 13:18:43,0.00148060,7.97000000
