DATE,PRICE,VOLUME
2018-02-23 21:00:01,0.00119690,3.35000000
2018-02-23 21:00:01,0.00119380,3.03000000
2018-02-23 21:00:01,0.00119880,3.35000000
2018-02-23 21:00:01,0.00119380,43.03000000
2018-02-23 21:00:02,0.00119390,5.77000000
2018-02-23 21:00:02,0.00119880,9.58000000
2018-02-23 21:00:02,0.00119430,9.28000000
2018-02-23 21:00:02,0.00119390,18.82000000
2018-02-23 21:00:02,0.00119380,35.93000000
2018-02-23 21:00:02,0.00119370,85.93000000
2018-02-23 21:00:02,0.00119370,107.31000000
2018-02-23 21:00:03,0.00119650,4.38000000
2018-02-23 21:00:03,0.00119650,0.01000000
2018-02-23 21:00:03,0.00119370,170.42000000
2018-02-23 21:00:03,0.00119870,3.54000000
2018-02-23 21:00:03,0.00119870,2.09000000
2018-02-23 21:00:03,0.00119460,53.40000000
2018-02-23 21:00:04,0.00119860,10.51000000
2018-02-23 21:00:04,0.00119470,7.17000000
2018-02-23 21:00:04,0.00119460,5.38000000
2018-02-23 21:00:04,0.00119400,4.39000000
2018-02-23 21:00:04,0.00119380,20.80000000
2018-02-23 21:00:04,0.00119470,4.39000000
2018-02-23 21:00:04,0.00119380,38.51000000
2018-02-23 21:00:04,0.00119370,127.87000000
2018-02-23 21:00:04,0.00119660,2.94000000
2018-02-23 21:00:05,0.00119560,179.03000000
2018-02-23 21:00:05,0.00119560,0.12000000
2018-02-23 21:00:05,0.00119650,9.33000000
2018-02-23 21:00:05,0.00119560,179.03000000
2018-02-23 21:00:05,0.00119500,4.58000000
2018-02-23 21:00:05,0.00119420,4.18000000
2018-02-23 21:00:05,0.00119210,1.84000000
2018-02-23 21:00:05,0.00119060,0.28000000
2018-02-23 21:00:05,0.00119030,13.44000000
2018-02-23 21:00:05,0.00119020,13.91000000
2018-02-23 21:00:05,0.00119000,57.37000000
2018-02-23 21:00:05,0.00118990,434.51000000
2018-02-23 21:00:05,0.00118950,795.41000000
2018-02-23 21:00:05,0.00118950,8.55000000
2018-02-23 21:00:05,0.00119650,7.41000000
2018-02-23 21:00:06,0.00119660,1.45000000
2018-02-23 21:00:06,0.00119720,25.92000000
2018-02-23 21:00:06,0.00119720,10.26000000
2018-02-23 21:00:06,0.00119720,2.56000000
2018-02-23 21:00:06,0.00119720,2.63000000
2018-02-23 21:00:06,0.00119720,10.22000000
2018-02-23 21:00:06,0.00119520,3.62000000
2018-02-23 21:00:06,0.00119370,10.21000000
2018-02-23 21:00:06,0.00119370,10.00000000
2018-02-23 21:00:06,0.00119370,10.22000000
2018-02-23 21:00:06,0.00119280,100.00000000
2018-02-23 21:00:06,0.00119370,5.46000000
2018-02-23 21:00:06,0.00119370,742.64000000
2018-02-23 21:00:06,0.00119720,8.52000000
2018-02-23 21:00:06,0.00119720,10.22000000
2018-02-23 21:00:06,0.00119720,20.09000000
2018-02-23 21:00:06,0.00119730,11.56000000
2018-02-23 21:00:06,0.00119850,59.71000000
2018-02-23 21:00:06,0.00119800,2.70000000
2018-02-23 21:00:06,0.00119280,5.37000000
2018-02-23 21:00:06,0.00119270,10.61000000
2018-02-23 21:00:07,0.00119270,5.37000000
2018-02-23 21:00:07,0.00119270,10.15000000
2018-02-23 21:00:07,0.00119370,15.48000000
2018-02-23 21:00:07,0.00119370,4.18000000
2018-02-23 21:00:07,0.00119370,3.88000000
2018-02-23 21:00:07,0.00119460,23.52000000
2018-02-23 21:00:07,0.00119270,15.59000000
2018-02-23 21:00:07,0.00119460,78.00000000
2018-02-23 21:00:07,0.00119460,9.39000000
2018-02-23 21:00:07,0.00119460,6.76000000
2018-02-23 21:00:07,0.00119460,2.64000000
2018-02-23 21:00:07,0.00119460,4.59000000
2018-02-23 21:00:07,0.00119460,15.21000000
2018-02-23 21:00:08,0.00119370,7.47000000
2018-02-23 21:00:08,0.00119460,1.67000000
2018-02-23 21:00:08,0.00119460,2.09000000
2018-02-23 21:00:09,0.00119410,72.94000000
2018-02-23 21:00:09,0.00119450,9.61000000
2018-02-23 21:00:10,0.00119410,16.13000000
2018-02-23 21:00:10,0.00119270,0.41000000
2018-02-23 21:00:10,0.00119250,16.77000000
2018-02-23 21:00:10,0.00119000,1387.58000000
2018-02-23 21:00:10,0.00119410,8.87000000
2018-02-23 21:00:10,0.00119010,3.72000000
2018-02-23 21:00:10,0.00119010,8.10000000
2018-02-23 21:00:10,0.00119000,1.42000000
2018-02-23 21:00:10,0.00119410,5.02000000
2018-02-23 21:00:11,0.00119410,1.76000000
2018-02-23 21:00:11,0.00119010,81.90000000
2018-02-23 21:00:11,0.00119000,75.24000000
2018-02-23 21:00:12,0.00119000,3.02000000
2018-02-23 21:00:12,0.00119000,1.80000000
2018-02-23 21:00:12,0.00119000,10.25000000
2018-02-23 21:00:12,0.00119000,10.25000000
2018-02-23 21:00:12,0.00119000,100.00000000
2018-02-23 21:00:12,0.00119000,8.99000000
2018-02-23 21:00:12,0.00118950,8.99000000
2018-02-23 21:00:12,0.00119000,1.76000000
2018-02-23 21:00:12,0.00119000,6.57000000
2018-02-23 21:00:12,0.00118950,3.30000000
2018-02-23 21:00:12,0.00119000,5.01000000
2018-02-23 21:00:12,0.00119000,27.88000000
2018-02-23 21:00:13,0.00119000,2.93000000
2018-02-23 21:00:13,0.00119000,14.01000000
2018-02-23 21:00:13,0.00119000,10.48000000
2018-02-23 21:00:13,0.00119000,14.00000000
2018-02-23 21:00:13,0.00119000,6.89000000
2018-02-23 21:00:13,0.00119000,5.01000000
2018-02-23 21:00:13,0.00119000,1.00000000
2018-02-23 21:00:13,0.00118950,6.89000000
2018-02-23 21:00:13,0.00119000,1.67000000
2018-02-23 21:00:13,0.00118950,0.35000000
2018-02-23 21:00:13,0.00119000,3.94000000
2018-02-23 21:00:13,0.00119000,5.01000000
2018-02-23 21:00:13,0.00118950,10.21000000
2018-02-23 21:00:14,0.00118950,6.98000000
2018-02-23 21:00:14,0.00118870,3.38000000
2018-02-23 21:00:14,0.00118800,3.37000000
2018-02-23 21:00:14,0.00118760,1.77000000
2018-02-23 21:00:14,0.00118740,3.52000000
2018-02-23 21:00:14,0.00118690,3.38000000
2018-02-23 21:00:14,0.00118680,69.33000000
2018-02-23 21:00:14,0.00118640,1.43000000
2018-02-23 21:00:14,0.00118630,25.00000000
2018-02-23 21:00:14,0.00118610,6.48000000
2018-02-23 21:00:14,0.00118600,166.26000000
2018-02-23 21:00:14,0.00118590,15.43000000
2018-02-23 21:00:14,0.00118530,33.75000000
2018-02-23 21:00:14,0.00118520,36.00000000
2018-02-23 21:00:14,0.00118510,118.93000000
2018-02-23 21:00:14,0.00118500,204.78000000
2018-02-23 21:00:14,0.00118500,213.33000000
2018-02-23 21:00:14,0.00118480,4.39000000
2018-02-23 21:00:14,0.00118460,9.45000000
2018-02-23 21:00:14,0.00118450,13.68000000
2018-02-23 21:00:14,0.00118430,3.34000000
2018-02-23 21:00:14,0.00118420,10.13000000
2018-02-23 21:00:14,0.00118400,102.90000000
2018-02-23 21:00:14,0.00118390,5.99000000
2018-02-23 21:00:14,0.00118310,31.37000000
2018-02-23 21:00:14,0.00118300,23.87000000
2018-02-23 21:00:14,0.00118270,8.39000000
2018-02-23 21:00:14,0.00118250,10.46000000
2018-02-23 21:00:14,0.00118220,14.40000000
2018-02-23 21:00:14,0.00118200,7.79000000
2018-02-23 21:00:14,0.00118170,6.51000000
2018-02-23 21:00:14,0.00118100,84.00000000
2018-02-23 21:00:14,0.00119000,5.01000000
2018-02-23 21:00:14,0.00119000,16.59000000
2018-02-23 21:00:14,0.00118110,21.16000000
2018-02-23 21:00:14,0.00118100,9.32000000
2018-02-23 21:00:14,0.00118090,10.50000000
2018-02-23 21:00:14,0.00118050,26.21000000
2018-02-23 21:00:14,0.00118040,32.11000000
2018-02-23 21:00:14,0.00118020,39.15000000
2018-02-23 21:00:14,0.00118010,2.31000000
2018-02-23 21:00:14,0.00118000,810.24000000
2018-02-23 21:00:14,0.00118000,28.30000000
2018-02-23 21:00:14,0.00118990,4.73000000
2018-02-23 21:00:14,0.00119000,0.28000000
2018-02-23 21:00:15,0.00118930,0.95000000
2018-02-23 21:00:15,0.00118930,1.25000000
2018-02-23 21:00:15,0.00118630,3.37000000
2018-02-23 21:00:15,0.00118930,6.71000000
2018-02-23 21:00:16,0.00118920,66.77000000
2018-02-23 21:00:16,0.00118930,7.16000000
2018-02-23 21:00:16,0.00118930,5.66000000
2018-02-23 21:00:16,0.00118190,2.20000000
2018-02-23 21:00:16,0.00118110,14.39000000
2018-02-23 21:00:16,0.00118010,29.18000000
2018-02-23 21:00:16,0.00118000,1283.60000000
2018-02-23 21:00:16,0.00118930,1.26000000
2018-02-23 21:00:16,0.00118700,3.32000000
2018-02-23 21:00:16,0.00118700,9.30000000
2018-02-23 21:00:17,0.00118700,1.77000000
2018-02-23 21:00:17,0.00118940,3.23000000
2018-02-23 21:00:17,0.00118690,8.40000000
2018-02-23 21:00:17,0.00118040,13.95000000
2018-02-23 21:00:17,0.00118020,50.00000000
2018-02-23 21:00:17,0.00118010,50.06000000
2018-02-23 21:00:17,0.00118000,118.61000000
2018-02-23 21:00:18,0.00118690,2.10000000
2018-02-23 21:00:18,0.00118690,9.86000000
2018-02-23 21:00:18,0.00118060,16.94000000
2018-02-23 21:00:18,0.00118000,257.69000000
2018-02-23 21:00:18,0.00118690,59.65000000
2018-02-23 21:00:18,0.00118940,3.11000000
2018-02-23 21:00:18,0.00118150,20.00000000
2018-02-23 21:00:18,0.00118080,104.05000000
2018-02-23 21:00:18,0.00118070,161.68000000
2018-02-23 21:00:18,0.00118050,4.51000000
2018-02-23 21:00:18,0.00118090,3.34000000
2018-02-23 21:00:19,0.00118160,73.00000000
2018-02-23 21:00:19,0.00118090,55.14000000
2018-02-23 21:00:19,0.00118050,23.88000000
2018-02-23 21:00:19,0.00118040,14.40000000
2018-02-23 21:00:19,0.00118000,44.26000000
2018-02-23 21:00:19,0.00118000,9.43000000
2018-02-23 21:00:19,0.00118000,1.37000000
2018-02-23 21:00:19,0.00118000,6.32000000
2018-02-23 21:00:19,0.00118000,9.70000000
2018-02-23 21:00:19,0.00118000,119.74000000
2018-02-23 21:00:19,0.00118170,3.70000000
2018-02-23 21:00:19,0.00118050,7.04000000
2018-02-23 21:00:19,0.00118010,3.26000000
2018-02-23 21:00:19,0.00118690,7.24000000
2018-02-23 21:00:19,0.00118690,7.24000000
2018-02-23 21:00:19,0.00118690,7.24000000
2018-02-23 21:00:19,0.00118690,7.24000000
2018-02-23 21:00:19,0.00118690,5.91000000
2018-02-23 21:00:19,0.00118690,45.22000000
2018-02-23 21:00:19,0.00118930,50.00000000
2018-02-23 21:00:19,0.00118940,6.70000000
2018-02-23 21:00:19,0.00118990,270.08000000
2018-02-23 21:00:19,0.00119000,47.92000000
2018-02-23 21:00:20,0.00118080,6.07000000
2018-02-23 21:00:20,0.00118080,7.35000000
2018-02-23 21:00:20,0.00118020,27.23000000
2018-02-23 21:00:20,0.00118080,2.52000000
2018-02-23 21:00:20,0.00118080,21.16000000
2018-02-23 21:00:20,0.00118020,6.66000000
2018-02-23 21:00:20,0.00117990,0.51000000
2018-02-23 21:00:21,0.00118090,100.00000000
2018-02-23 21:00:21,0.00118090,23.54000000
2018-02-23 21:00:21,0.00118170,20.00000000
2018-02-23 21:00:21,0.00118190,16.94000000
2018-02-23 21:00:21,0.00118630,14.40000000
2018-02-23 21:00:21,0.00118680,1.79000000
2018-02-23 21:00:21,0.00118040,7.04000000
2018-02-23 21:00:21,0.00118020,181.07000000
2018-02-23 21:00:21,0.00118000,334.75000000
2018-02-23 21:00:21,0.00117980,102.23000000
2018-02-23 21:00:21,0.00117970,9.68000000
2018-02-23 21:00:21,0.00117960,7.30000000
2018-02-23 21:00:21,0.00117920,2.82000000
2018-02-23 21:00:21,0.00117870,7.57000000
2018-02-23 21:00:21,0.00117850,116.85000000
2018-02-23 21:00:21,0.00117830,141.09000000
2018-02-23 21:00:21,0.00117800,214.04000000
2018-02-23 21:00:21,0.00117780,395.68000000
2018-02-23 21:00:21,0.00117750,3.41000000
2018-02-23 21:00:21,0.00117640,4.25000000
2018-02-23 21:00:21,0.00117570,52.22000000
2018-02-23 21:00:21,0.00117540,0.86000000
2018-02-23 21:00:21,0.00117510,2.21000000
2018-02-23 21:00:21,0.00117500,342.26000000
2018-02-23 21:00:22,0.00118000,6.05000000
2018-02-23 21:00:22,0.00118160,72.46000000
2018-02-23 21:00:23,0.00118000,3.93000000
2018-02-23 21:00:23,0.00118160,257.69000000
2018-02-23 21:00:23,0.00118330,2.11000000
2018-02-23 21:00:24,0.00118150,58.36000000
2018-02-23 21:00:24,0.00118330,4.88000000
2018-02-23 21:00:24,0.00118010,16.94000000
2018-02-23 21:00:24,0.00117990,31.95000000
2018-02-23 21:00:24,0.00117930,1.63000000
2018-02-23 21:00:24,0.00117640,8.51000000
2018-02-23 21:00:24,0.00117510,7.26000000
2018-02-23 21:00:25,0.00118320,2.11000000
2018-02-23 21:00:25,0.00118310,4.23000000
2018-02-23 21:00:26,0.00118300,2.07000000
2018-02-23 21:00:27,0.00118000,92.45000000
2018-02-23 21:00:27,0.00118230,6.00000000
2018-02-23 21:00:27,0.00118230,2.51000000
2018-02-23 21:00:27,0.00118290,106.41000000
2018-02-23 21:00:27,0.00118310,12.71000000
2018-02-23 21:00:27,0.00118320,87.81000000
2018-02-23 21:00:27,0.00118330,4.83000000
2018-02-23 21:00:27,0.00118340,3.41000000
2018-02-23 21:00:27,0.00118170,4.20000000
2018-02-23 21:00:27,0.00118160,27.30000000
2018-02-23 21:00:28,0.00118170,50.00000000
2018-02-23 21:00:28,0.00118160,78.00000000
2018-02-23 21:00:28,0.00118170,3.61000000
2018-02-23 21:00:28,0.00118160,0.63000000
2018-02-23 21:00:29,0.00118610,34.52000000
2018-02-23 21:00:29,0.00118610,2.95000000
2018-02-23 21:00:29,0.00118610,3.96000000
2018-02-23 21:00:29,0.00118610,1.01000000
2018-02-23 21:00:29,0.00118610,2.07000000
2018-02-23 21:00:29,0.00118610,2.53000000
2018-02-23 21:00:30,0.00118560,2.78000000
2018-02-23 21:00:30,0.00118560,6.19000000
2018-02-23 21:00:30,0.00118560,4.13000000
2018-02-23 21:00:30,0.00118550,2.53000000
2018-02-23 21:00:30,0.00118550,166.11000000
2018-02-23 21:00:30,0.00118560,39.11000000
2018-02-23 21:00:30,0.00118600,88.94000000
2018-02-23 21:00:30,0.00118620,16.43000000
2018-02-23 21:00:30,0.00118630,9.75000000
2018-02-23 21:00:30,0.00118660,70.85000000
2018-02-23 21:00:30,0.00118670,27.40000000
2018-02-23 21:00:30,0.00118930,18.00000000
2018-02-23 21:00:30,0.00119000,317.21000000
2018-02-23 21:00:31,0.00118600,2.53000000
2018-02-23 21:00:31,0.00118190,28.52000000
2018-02-23 21:00:31,0.00118600,3.39000000
2018-02-23 21:00:31,0.00118600,3.04000000
2018-02-23 21:00:31,0.00118190,2.13000000
2018-02-23 21:00:31,0.00118600,2.11000000
2018-02-23 21:00:31,0.00118600,0.10000000
2018-02-23 21:00:31,0.00118190,30.00000000
2018-02-23 21:00:31,0.00118200,47.77000000
2018-02-23 21:00:32,0.00118980,7.24000000
2018-02-23 21:00:32,0.00118990,131.86000000
2018-02-23 21:00:32,0.00119000,23.32000000
2018-02-23 21:00:32,0.00118980,40.50000000
2018-02-23 21:00:32,0.00118980,1.65000000
2018-02-23 21:00:32,0.00118220,67.79000000
2018-02-23 21:00:32,0.00118210,17.82000000
2018-02-23 21:00:32,0.00118200,9.79000000
2018-02-23 21:00:33,0.00118980,0.92000000
2018-02-23 21:00:33,0.00118230,4.79000000
2018-02-23 21:00:33,0.00118230,35.96000000
2018-02-23 21:00:34,0.00118230,0.90000000
2018-02-23 21:00:34,0.00118220,48.37000000
2018-02-23 21:00:34,0.00118950,2.06000000
2018-02-23 21:00:34,0.00118950,14.85000000
2018-02-23 21:00:34,0.00118960,30.86000000
2018-02-23 21:00:34,0.00118940,0.90000000
2018-02-23 21:00:34,0.00118950,11.97000000
2018-02-23 21:00:34,0.00118960,6.79000000
2018-02-23 21:00:34,0.00118960,2.10000000
2018-02-23 21:00:34,0.00118960,31.48000000
2018-02-23 21:00:34,0.00118970,2.14000000
2018-02-23 21:00:35,0.00118970,5.88000000
2018-02-23 21:00:35,0.00118970,45.39000000
2018-02-23 21:00:35,0.00118970,0.54000000
2018-02-23 21:00:35,0.00118290,2.97000000
2018-02-23 21:00:35,0.00118680,4.21000000
2018-02-23 21:00:35,0.00118290,17.03000000
2018-02-23 21:00:35,0.00118230,72.73000000
2018-02-23 21:00:35,0.00118230,4.18000000
2018-02-23 21:00:35,0.00119000,34.75000000
2018-02-23 21:00:35,0.00119040,13.05000000
2018-02-23 21:00:35,0.00119050,2.20000000
2018-02-23 21:00:35,0.00118500,4.21000000
2018-02-23 21:00:36,0.00118970,64.81000000
2018-02-23 21:00:36,0.00118500,64.81000000
2018-02-23 21:00:36,0.00118970,10.42000000
2018-02-23 21:00:36,0.00119040,5.71000000
2018-02-23 21:00:36,0.00119040,1.51000000
2018-02-23 21:00:37,0.00119000,96.28000000
2018-02-23 21:00:37,0.00118820,1.26000000
2018-02-23 21:00:37,0.00118820,1.58000000
2018-02-23 21:00:37,0.00118970,2.54000000
2018-02-23 21:00:37,0.00118970,1.18000000
2018-02-23 21:00:37,0.00118500,20.00000000
2018-02-23 21:00:37,0.00119000,2.52000000
2018-02-23 21:00:37,0.00119000,1.29000000
2018-02-23 21:00:38,0.00118960,76.91000000
2018-02-23 21:00:38,0.00119050,2.05000000
2018-02-23 21:00:38,0.00119140,13.05000000
2018-02-23 21:00:38,0.00119170,4.99000000
2018-02-23 21:00:38,0.00119270,31.90000000
2018-02-23 21:00:38,0.00119390,4.13000000
2018-02-23 21:00:38,0.00119400,195.77000000
2018-02-23 21:00:38,0.00119410,1.25000000
2018-02-23 21:00:38,0.00119480,1.77000000
2018-02-23 21:00:38,0.00119520,232.00000000
2018-02-23 21:00:39,0.00119230,1.82000000
2018-02-23 21:00:39,0.00119230,0.92000000
2018-02-23 21:00:40,0.00119230,2.10000000
2018-02-23 21:00:40,0.00119230,1.87000000
2018-02-23 21:00:40,0.00119240,2.74000000
2018-02-23 21:00:40,0.00119240,2.10000000
2018-02-23 21:00:40,0.00119240,2.10000000
2018-02-23 21:00:40,0.00119240,2.53000000
2018-02-23 21:00:40,0.00119250,5.78000000
2018-02-23 21:00:40,0.00119500,41.69000000
2018-02-23 21:00:40,0.00119510,13.14000000
2018-02-23 21:00:40,0.00119520,75.55000000
2018-02-23 21:00:41,0.00119000,10.51000000
2018-02-23 21:00:41,0.00119000,7.47000000
2018-02-23 21:00:41,0.00118980,3.04000000
2018-02-23 21:00:41,0.00119130,31.66000000
2018-02-23 21:00:41,0.00119130,1.68000000
2018-02-23 21:00:41,0.00118560,0.01000000
2018-02-23 21:00:41,0.00119130,2.10000000
2018-02-23 21:00:41,0.00118840,18.60000000
2018-02-23 21:00:41,0.00118840,14.99000000
2018-02-23 21:00:41,0.00118840,155.63000000
2018-02-23 21:00:42,0.00118840,2.10000000
2018-02-23 21:00:42,0.00118840,1.93000000
2018-02-23 21:00:42,0.00118840,2.10000000
2018-02-23 21:00:42,0.00118840,2.11000000
2018-02-23 21:00:42,0.00118840,8.39000000
2018-02-23 21:00:42,0.00118840,2.11000000
2018-02-23 21:00:42,0.00118840,14.85000000
2018-02-23 21:00:42,0.00119130,8.83000000
2018-02-23 21:00:42,0.00119130,1.26000000
2018-02-23 21:00:42,0.00119130,23.85000000
2018-02-23 21:00:43,0.00119130,2.51000000
2018-02-23 21:00:43,0.00119130,2.16000000
2018-02-23 21:00:43,0.00119130,4.19000000
2018-02-23 21:00:44,0.00119130,7.97000000
2018-02-23 21:00:44,0.00119130,0.54000000
2018-02-23 21:00:44,0.00119130,6.72000000
2018-02-23 21:00:45,0.00119000,9.76000000
2018-02-23 21:00:45,0.00119120,48.37000000
2018-02-23 21:00:45,0.00119130,86.93000000
2018-02-23 21:00:45,0.00119130,255.51000000
2018-02-23 21:00:45,0.00119130,2.10000000
2018-02-23 21:00:45,0.00119130,1.26000000
2018-02-23 21:00:45,0.00119130,2.52000000
2018-02-23 21:00:45,0.00119130,2.10000000
2018-02-23 21:00:45,0.00119130,2.52000000
2018-02-23 21:00:45,0.00119130,2.10000000
2018-02-23 21:00:46,0.00119130,2.10000000
2018-02-23 21:00:46,0.00119130,2.10000000
2018-02-23 21:00:46,0.00118900,3.40000000
2018-02-23 21:00:46,0.00118880,16.82000000
2018-02-23 21:00:46,0.00118870,32.74000000
2018-02-23 21:00:46,0.00119110,3.40000000
2018-02-23 21:00:46,0.00119130,1.64000000
2018-02-23 21:00:46,0.00119130,16.79000000
2018-02-23 21:00:46,0.00119130,7.89000000
2018-02-23 21:00:47,0.00119130,0.37000000
2018-02-23 21:00:47,0.00119120,1.93000000
2018-02-23 21:00:47,0.00119120,2.94000000
2018-02-23 21:00:47,0.00118880,3.94000000
2018-02-23 21:00:48,0.00119120,3.86000000
2018-02-23 21:00:48,0.00119120,4.28000000
2018-02-23 21:00:48,0.00119120,3.81000000
2018-02-23 21:00:48,0.00119130,0.39000000
2018-02-23 21:00:48,0.00118890,18.55000000
2018-02-23 21:00:48,0.00119130,2.10000000
2018-02-23 21:00:48,0.00119130,1.56000000
2018-02-23 21:00:48,0.00119130,1.57000000
2018-02-23 21:00:48,0.00119130,2.10000000
2018-02-23 21:00:48,0.00119130,12.59000000
2018-02-23 21:00:48,0.00119130,16.79000000
2018-02-23 21:00:48,0.00119130,1.57000000
2018-02-23 21:00:49,0.00118890,1.56000000
2018-02-23 21:00:49,0.00119130,0.84000000
2018-02-23 21:00:49,0.00118890,12.37000000
2018-02-23 21:00:49,0.00119120,2.52000000
2018-02-23 21:00:49,0.00119120,1.42000000
2018-02-23 21:00:49,0.00119130,23.76000000
2018-02-23 21:00:49,0.00119130,0.84000000
2018-02-23 21:00:49,0.00119130,2.10000000
2018-02-23 21:00:49,0.00119130,1.43000000
2018-02-23 21:00:49,0.00119150,0.35000000
2018-02-23 21:00:50,0.00119150,12.29000000
2018-02-23 21:00:50,0.00119250,4.82000000
2018-02-23 21:00:51,0.00119240,60.83000000
2018-02-23 21:00:51,0.00119250,25.00000000
2018-02-23 21:00:51,0.00119250,23.15000000
2018-02-23 21:00:51,0.00119410,20.86000000
2018-02-23 21:00:51,0.00119410,26.32000000
2018-02-23 21:00:51,0.00119510,20.99000000
2018-02-23 21:00:51,0.00119240,60.83000000
2018-02-23 21:00:51,0.00119520,11.87000000
2018-02-23 21:00:51,0.00119520,5.35000000
2018-02-23 21:00:51,0.00119520,41.83000000
2018-02-23 21:00:51,0.00119520,10.50000000
2018-02-23 21:00:51,0.00119560,2.14000000
2018-02-23 21:00:51,0.00119600,24.35000000
2018-02-23 21:00:51,0.00119630,15.34000000
2018-02-23 21:00:52,0.00119390,0.01000000
2018-02-23 21:00:52,0.00119390,36.49000000
2018-02-23 21:00:55,0.00119630,5.43000000
2018-02-23 21:00:56,0.00119630,0.84000000
2018-02-23 21:00:56,0.00119310,3.36000000
2018-02-23 21:00:56,0.00119300,50.00000000
2018-02-23 21:00:56,0.00119290,14.05000000
2018-02-23 21:00:56,0.00119610,2.51000000
2018-02-23 21:00:56,0.00119610,1.00000000
2018-02-23 21:00:56,0.00119290,102.71000000
2018-02-23 21:00:56,0.00119260,3.36000000
2018-02-23 21:00:56,0.00119250,10.40000000
2018-02-23 21:00:56,0.00119490,3.36000000
2018-02-23 21:00:57,0.00119490,6.72000000
2018-02-23 21:00:57,0.00119480,9.34000000
2018-02-23 21:00:57,0.00119480,2.09000000
2018-02-23 21:00:57,0.00119300,5.00000000
2018-02-23 21:00:57,0.00119480,9.33000000
2018-02-23 21:00:57,0.00119610,2.09000000
2018-02-23 21:00:57,0.00119610,1.67000000
2018-02-23 21:00:57,0.00119610,5.93000000
2018-02-23 21:00:57,0.00118940,9.33000000
2018-02-23 21:00:58,0.00119470,3.34000000
2018-02-23 21:00:58,0.00119470,11.45000000
2018-02-23 21:00:58,0.00119470,1.25000000
2018-02-23 21:00:58,0.00119470,2.09000000
2018-02-23 21:00:58,0.00119200,82.30000000
2018-02-23 21:00:59,0.00119460,22.52000000
2018-02-23 21:00:59,0.00119560,4.39000000
2018-02-23 21:00:59,0.00119610,156.51000000
2018-02-23 21:00:59,0.00119600,16.76000000
2018-02-23 21:00:59,0.00119610,7.48000000
2018-02-23 21:00:59,0.00119610,4.93000000
2018-02-23 21:00:59,0.00119610,1.27000000
2018-02-23 21:01:00,0.00119210,21.16000000
2018-02-23 21:01:00,0.00119600,8.36000000
2018-02-23 21:01:01,0.00119610,0.84000000
2018-02-23 21:01:01,0.00119220,50.00000000
2018-02-23 21:01:01,0.00119210,5.75000000
2018-02-23 21:01:01,0.00119120,1.15000000
2018-02-23 21:01:01,0.00119000,161.27000000
2018-02-23 21:01:02,0.00119470,4.39000000
2018-02-23 21:01:02,0.00119580,50.00000000
2018-02-23 21:01:02,0.00119590,74.90000000
2018-02-23 21:01:03,0.00119250,50.00000000
2018-02-23 21:01:03,0.00119240,3.36000000
2018-02-23 21:01:03,0.00119020,83.26000000
2018-02-23 21:01:03,0.00119010,16.80000000
2018-02-23 21:01:03,0.00118970,4.39000000
2018-02-23 21:01:03,0.00118970,7.17000000
2018-02-23 21:01:03,0.00118970,4.39000000
2018-02-23 21:01:03,0.00118970,7.17000000
2018-02-23 21:01:03,0.00118970,2.09000000
2018-02-23 21:01:03,0.00118970,4.39000000
2018-02-23 21:01:03,0.00118970,7.17000000
2018-02-23 21:01:04,0.00118970,3.55000000
2018-02-23 21:01:04,0.00118970,42.19000000
2018-02-23 21:01:04,0.00118970,21.26000000
2018-02-23 21:01:04,0.00118950,3.38000000
2018-02-23 21:01:05,0.00118970,2.09000000
2018-02-23 21:01:05,0.00118950,9.33000000
2018-02-23 21:01:06,0.00118950,51.63000000
2018-02-23 21:01:06,0.00118940,3.04000000
2018-02-23 21:01:06,0.00118890,171.61000000
2018-02-23 21:01:06,0.00118880,32.80000000
2018-02-23 21:01:06,0.00118840,1.00000000
2018-02-23 21:01:06,0.00118970,126.67000000
2018-02-23 21:01:06,0.00118970,311.73000000
2018-02-23 21:01:07,0.00118970,244.97000000
2018-02-23 21:01:07,0.00118950,1.84000000
2018-02-23 21:01:07,0.00118800,35.55000000
2018-02-23 21:01:07,0.00118640,59.00000000
2018-02-23 21:01:07,0.00118600,70.66000000
2018-02-23 21:01:07,0.00118520,100.00000000
2018-02-23 21:01:07,0.00118470,1.22000000
2018-02-23 21:01:07,0.00118450,3.41000000
2018-02-23 21:01:07,0.00118390,6.31000000
2018-02-23 21:01:07,0.00118350,84.49000000
2018-02-23 21:01:07,0.00118320,100.00000000
2018-02-23 21:01:07,0.00118210,38.47000000
2018-02-23 21:01:07,0.00118150,10.86000000
2018-02-23 21:01:07,0.00118010,68.19000000
2018-02-23 21:01:07,0.00118960,3.36000000
2018-02-23 21:01:07,0.00118970,0.63000000
2018-02-23 21:01:08,0.00118950,12.81000000
2018-02-23 21:01:09,0.00118860,3.28000000
2018-02-23 21:01:09,0.00118860,17.17000000
2018-02-23 21:01:09,0.00118870,8.45000000
2018-02-23 21:01:09,0.00118890,23.94000000
2018-02-23 21:01:09,0.00118890,14.63000000
2018-02-23 21:01:10,0.00118880,2.52000000
2018-02-23 21:01:10,0.00118880,10.14000000
2018-02-23 21:01:11,0.00118860,17.19000000
2018-02-23 21:01:11,0.00118830,3.40000000
2018-02-23 21:01:11,0.00118110,56.91000000
2018-02-23 21:01:11,0.00118830,2.64000000
2018-02-23 21:01:11,0.00118110,10.31000000
2018-02-23 21:01:11,0.00118100,245.76000000
2018-02-23 21:01:11,0.00118070,5.05000000
2018-02-23 21:01:11,0.00118020,76.14000000
2018-02-23 21:01:11,0.00118010,988.52000000
2018-02-23 21:01:11,0.00118000,264.57000000
2018-02-23 21:01:11,0.00118000,437.80000000
2018-02-23 21:01:11,0.00118000,51.06000000
2018-02-23 21:01:12,0.00118870,20.16000000
2018-02-23 21:01:12,0.00118890,151.38000000
2018-02-23 21:01:12,0.00118030,9.14000000
2018-02-23 21:01:13,0.00118440,104.87000000
2018-02-23 21:01:13,0.00118440,14.07000000
2018-02-23 21:01:13,0.00118440,11.73000000
2018-02-23 21:01:13,0.00118440,0.88000000
2018-02-23 21:01:13,0.00118440,9.66000000
2018-02-23 21:01:13,0.00118440,11.73000000
2018-02-23 21:01:13,0.00118440,3.95000000
2018-02-23 21:01:13,0.00118440,14.07000000
2018-02-23 21:01:13,0.00118440,14.07000000
2018-02-23 21:01:13,0.00118440,14.03000000
2018-02-23 21:01:14,0.00118620,9.14000000
2018-02-23 21:01:14,0.00118840,89.90000000
2018-02-23 21:01:14,0.00118460,16.88000000
2018-02-23 21:01:14,0.00118450,1.01000000
2018-02-23 21:01:14,0.00118440,78.65000000
2018-02-23 21:01:14,0.00118840,94.59000000
2018-02-23 21:01:14,0.00118850,29.55000000
2018-02-23 21:01:14,0.00118890,34.84000000
2018-02-23 21:01:14,0.00118890,2.00000000
2018-02-23 21:01:15,0.00118450,40.86000000
2018-02-23 21:01:15,0.00118450,9.14000000
2018-02-23 21:01:15,0.00118440,106.38000000
2018-02-23 21:01:15,0.00118110,7.77000000
2018-02-23 21:01:15,0.00118460,172.27000000
2018-02-23 21:01:15,0.00118460,7.77000000
2018-02-23 21:01:16,0.00118440,12.05000000
2018-02-23 21:01:16,0.00118440,7.92000000
2018-02-23 21:01:16,0.00118440,4.15000000
2018-02-23 21:01:16,0.00118060,1.01000000
2018-02-23 21:01:16,0.00118820,0.03000000
2018-02-23 21:01:17,0.00118820,12.53000000
2018-02-23 21:01:17,0.00118700,11.91000000
2018-02-23 21:01:17,0.00118820,8.41000000
2018-02-23 21:01:18,0.00118700,20.03000000
2018-02-23 21:01:18,0.00118170,20.00000000
2018-02-23 21:01:18,0.00118070,13.99000000
2018-02-23 21:01:18,0.00118460,1.79000000
2018-02-23 21:01:18,0.00118800,0.48000000
2018-02-23 21:01:19,0.00118080,80.34000000
2018-02-23 21:01:19,0.00118800,27.58000000
2018-02-23 21:01:19,0.00118810,25.16000000
2018-02-23 21:01:19,0.00118790,14.00000000
2018-02-23 21:01:20,0.00118780,50.00000000
2018-02-23 21:01:20,0.00118790,54.18000000
2018-02-23 21:01:20,0.00118810,118.34000000
2018-02-23 21:01:20,0.00118820,190.49000000
2018-02-23 21:01:20,0.00118860,16.88000000
2018-02-23 21:01:20,0.00118870,74.30000000
2018-02-23 21:01:20,0.00118880,1.01000000
2018-02-23 21:01:20,0.00118930,3.40000000
2018-02-23 21:01:20,0.00118970,230.74000000
2018-02-23 21:01:20,0.00119220,100.00000000
2018-02-23 21:01:20,0.00119400,93.32000000
2018-02-23 21:01:20,0.00119410,3.42000000
2018-02-23 21:01:20,0.00119480,102.21000000
2018-02-23 21:01:20,0.00119510,34.68000000
2018-02-23 21:01:20,0.00119530,64.77000000
2018-02-23 21:01:20,0.00118090,2.75000000
2018-02-23 21:01:20,0.00118080,47.34000000
2018-02-23 21:01:20,0.00118790,20.00000000
2018-02-23 21:01:20,0.00118090,25.01000000
2018-02-23 21:01:20,0.00118080,101.20000000
2018-02-23 21:01:20,0.00118060,4.21000000
2018-02-23 21:01:20,0.00118020,19.53000000
2018-02-23 21:01:21,0.00118520,23.85000000
2018-02-23 21:01:21,0.00118460,1.73000000
2018-02-23 21:01:21,0.00118800,57.52000000
2018-02-23 21:01:21,0.00118890,61.40000000
2018-02-23 21:01:21,0.00118890,10.06000000
2018-02-23 21:01:21,0.00118890,5.62000000
2018-02-23 21:01:22,0.00118700,19.24000000
2018-02-23 21:01:22,0.00118700,9.69000000
2018-02-23 21:01:22,0.00118700,2.34000000
2018-02-23 21:01:23,0.00118790,8.43000000
2018-02-23 21:01:24,0.00118540,9.32000000
2018-02-23 21:01:24,0.00118890,5.83000000
2018-02-23 21:01:25,0.00118560,0.85000000
2018-02-23 21:01:26,0.00118560,6.67000000
2018-02-23 21:01:26,0.00118550,115.89000000
2018-02-23 21:01:26,0.00118700,1.43000000
2018-02-23 21:01:26,0.00118550,2.00000000
2018-02-23 21:01:27,0.00118690,115.89000000
2018-02-23 21:01:27,0.00118700,302.17000000
2018-02-23 21:01:27,0.00118700,684.63000000
2018-02-23 21:01:27,0.00118720,2.88000000
2018-02-23 21:01:27,0.00118800,21.05000000
2018-02-23 21:01:27,0.00118810,1.29000000
2018-02-23 21:01:28,0.00118570,8.46000000
2018-02-23 21:01:28,0.00118720,84.68000000
2018-02-23 21:01:28,0.00118730,7.52000000
2018-02-23 21:01:28,0.00118870,27.01000000
2018-02-23 21:01:28,0.00118880,21.08000000
2018-02-23 21:01:28,0.00118560,75.37000000
2018-02-23 21:01:28,0.00118800,60.00000000
2018-02-23 21:01:28,0.00118880,40.00000000
2018-02-23 21:01:28,0.00118880,19.26000000
2018-02-23 21:01:28,0.00118890,141.53000000
2018-02-23 21:01:28,0.00118890,684.62000000
2018-02-23 21:01:28,0.00118930,89.57000000
2018-02-23 21:01:29,0.00118920,83.83000000
2018-02-23 21:01:29,0.00118900,3.38000000
2018-02-23 21:01:30,0.00118910,14.06000000
2018-02-23 21:01:30,0.00118910,2.75000000
2018-02-23 21:01:30,0.00118900,11.27000000
2018-02-23 21:01:30,0.00118900,14.06000000
2018-02-23 21:01:30,0.00118900,14.06000000
2018-02-23 21:01:30,0.00118900,73.40000000
2018-02-23 21:01:30,0.00118900,5.19000000
2018-02-23 21:01:30,0.00118900,5.19000000
2018-02-23 21:01:30,0.00118900,6.51000000
2018-02-23 21:01:31,0.00118910,1.73000000
2018-02-23 21:01:32,0.00119180,92.37000000
2018-02-23 21:01:32,0.00118930,26.92000000
2018-02-23 21:01:32,0.00118920,7.53000000
2018-02-23 21:01:32,0.00118920,80.00000000
2018-02-23 21:01:33,0.00119410,3.31000000
2018-02-23 21:01:34,0.00118960,4.99000000
2018-02-23 21:01:34,0.00118970,4.39000000
2018-02-23 21:01:34,0.00118960,27.94000000
2018-02-23 21:01:36,0.00119210,32.93000000
2018-02-23 21:01:36,0.00119220,16.81000000
2018-02-23 21:01:36,0.00119230,4.39000000
2018-02-23 21:01:36,0.00119410,23.61000000
2018-02-23 21:01:38,0.00119000,13.07000000
2018-02-23 21:01:38,0.00119410,3.44000000
2018-02-23 21:01:39,0.00119020,2.61000000
2018-02-23 21:01:40,0.00119400,3.42000000
2018-02-23 21:01:40,0.00119410,37.08000000
2018-02-23 21:01:40,0.00119410,1.84000000
2018-02-23 21:01:40,0.00119410,2.09000000
2018-02-23 21:01:40,0.00119410,3.68000000
2018-02-23 21:01:41,0.00119410,1.67000000
2018-02-23 21:01:41,0.00119410,6.28000000
2018-02-23 21:01:41,0.00119410,1.59000000
2018-02-23 21:01:41,0.00119410,1.84000000
2018-02-23 21:01:42,0.00119080,16.79000000
2018-02-23 21:01:42,0.00119070,3.36000000
2018-02-23 21:01:42,0.00119060,100.00000000
2018-02-23 21:01:42,0.00119050,71.51000000
2018-02-23 21:01:42,0.00119010,3.40000000
2018-02-23 21:01:42,0.00119000,102.61000000
2018-02-23 21:01:42,0.00119390,6.76000000
2018-02-23 21:01:42,0.00119410,68.98000000
2018-02-23 21:01:42,0.00119040,4.19000000
2018-02-23 21:01:42,0.00119000,5.67000000
2018-02-23 21:01:43,0.00119300,2.51000000
2018-02-23 21:01:43,0.00119300,33.50000000
2018-02-23 21:01:43,0.00119000,1.07000000
2018-02-23 21:01:43,0.00119290,1.05000000
2018-02-23 21:01:44,0.00119290,2.51000000
2018-02-23 21:01:44,0.00119280,30.78000000
2018-02-23 21:01:44,0.00119290,10.59000000
2018-02-23 21:01:44,0.00119290,4.19000000
2018-02-23 21:01:44,0.00119000,430.12000000
2018-02-23 21:01:44,0.00119000,2.92000000
2018-02-23 21:01:44,0.00119000,3.40000000
2018-02-23 21:01:45,0.00118990,30.00000000
2018-02-23 21:01:45,0.00118990,3.35000000
2018-02-23 21:01:45,0.00118990,2.10000000
2018-02-23 21:01:46,0.00118990,9.47000000
2018-02-23 21:01:46,0.00118960,1.11000000
2018-02-23 21:01:46,0.00118990,19.94000000
2018-02-23 21:01:46,0.00119000,21.97000000
2018-02-23 21:01:46,0.00119000,2.10000000
2018-02-23 21:01:47,0.00119000,5.78000000
2018-02-23 21:01:47,0.00119000,2.93000000
2018-02-23 21:01:47,0.00118960,5.00000000
2018-02-23 21:01:47,0.00119000,330.74000000
2018-02-23 21:01:47,0.00119270,3.40000000
2018-02-23 21:01:47,0.00119310,13.86000000
2018-02-23 21:01:47,0.00119310,2.93000000
2018-02-23 21:01:48,0.00119130,209.12000000
2018-02-23 21:01:48,0.00118990,16.57000000
2018-02-23 21:01:49,0.00118990,0.23000000
2018-02-23 21:01:49,0.00118980,16.57000000
2018-02-23 21:01:49,0.00118970,4.09000000
2018-02-23 21:01:50,0.00118970,17.42000000
2018-02-23 21:01:50,0.00119000,17.43000000
2018-02-23 21:01:50,0.00119000,13.24000000
2018-02-23 21:01:50,0.00119000,3.69000000
2018-02-23 21:01:50,0.00119000,12.36000000
2018-02-23 21:01:50,0.00119230,8.38000000
2018-02-23 21:01:51,0.00118990,2.52000000
2018-02-23 21:01:51,0.00118990,2.85000000
2018-02-23 21:01:51,0.00119230,2.93000000
2018-02-23 21:01:51,0.00119020,0.55000000
2018-02-23 21:01:52,0.00118950,2.51000000
2018-02-23 21:01:52,0.00118980,46.17000000
2018-02-23 21:01:52,0.00119130,53.37000000
2018-02-23 21:01:52,0.00119190,1.85000000
2018-02-23 21:01:53,0.00119000,1.00000000
2018-02-23 21:01:53,0.00119190,0.85000000
2018-02-23 21:01:53,0.00119190,29.59000000
2018-02-23 21:01:53,0.00119210,3.40000000
2018-02-23 21:01:53,0.00119220,87.77000000
2018-02-23 21:01:53,0.00119230,10.20000000
2018-02-23 21:01:53,0.00119240,13.17000000
2018-02-23 21:01:53,0.00119260,6.31000000
2018-02-23 21:01:53,0.00119290,3.40000000
2018-02-23 21:01:53,0.00119300,16.80000000
2018-02-23 21:01:53,0.00119310,4.72000000
2018-02-23 21:01:53,0.00119310,1242.79000000
2018-02-23 21:01:53,0.00118960,8.18000000
2018-02-23 21:01:54,0.00118970,19.62000000
2018-02-23 21:01:54,0.00118970,1.71000000
2018-02-23 21:01:54,0.00118970,1.71000000
2018-02-23 21:01:54,0.00119370,40.00000000
2018-02-23 21:01:54,0.00119370,165.43000000
2018-02-23 21:01:54,0.00119330,3.36000000
2018-02-23 21:01:54,0.00118970,1.03000000
2018-02-23 21:01:55,0.00119020,5.37000000
2018-02-23 21:01:56,0.00119020,2.00000000
2018-02-23 21:01:56,0.00119020,1.97000000
2018-02-23 21:01:56,0.00119210,0.12000000
2018-02-23 21:01:56,0.00119210,4.09000000
2018-02-23 21:01:57,0.00118990,2.00000000
2018-02-23 21:01:57,0.00119000,74.36000000
2018-02-23 21:01:57,0.00119370,36.02000000
2018-02-23 21:01:58,0.00119020,5.37000000
2018-02-23 21:01:58,0.00119000,1.57000000
2018-02-23 21:01:58,0.00119000,2.00000000
2018-02-23 21:01:58,0.00119000,3.42000000
2018-02-23 21:01:58,0.00119000,1.71000000
2018-02-23 21:01:58,0.00119000,6.30000000
2018-02-23 21:01:58,0.00119000,10.15000000
2018-02-23 21:01:58,0.00119000,10.15000000
2018-02-23 21:01:58,0.00119000,73.26000000
2018-02-23 21:01:58,0.00119000,10.15000000
2018-02-23 21:01:59,0.00119300,10.00000000
2018-02-23 21:01:59,0.00119290,6.70000000
2018-02-23 21:01:59,0.00118990,46.98000000
2018-02-23 21:01:59,0.00118990,56.98000000
2018-02-23 21:02:00,0.00119280,1.68000000
2018-02-23 21:02:00,0.00119280,0.32000000
2018-02-23 21:02:00,0.00119290,0.69000000
2018-02-23 21:02:00,0.00119190,1.28000000
2018-02-23 21:02:00,0.00119000,31.90000000
2018-02-23 21:02:00,0.00118990,600.39000000
2018-02-23 21:02:00,0.00118950,97.13000000
2018-02-23 21:02:00,0.00118920,362.00000000
2018-02-23 21:02:01,0.00119210,3.36000000
2018-02-23 21:02:02,0.00119240,2.35000000
2018-02-23 21:02:02,0.00119240,2.51000000
2018-02-23 21:02:02,0.00119240,24.74000000
2018-02-23 21:02:02,0.00119250,77.70000000
2018-02-23 21:02:03,0.00119030,2.52000000
2018-02-23 21:02:03,0.00119190,1.56000000
2018-02-23 21:02:05,0.00119190,0.84000000
2018-02-23 21:02:06,0.00119190,4.28000000
2018-02-23 21:02:07,0.00119190,6.71000000
2018-02-23 21:02:08,0.00119190,1.85000000
2018-02-23 21:02:09,0.00119190,119.46000000
2018-02-23 21:02:09,0.00119190,140.54000000
2018-02-23 21:02:09,0.00119220,10.99000000
2018-02-23 21:02:11,0.00119190,15.67000000
2018-02-23 21:02:11,0.00119250,64.87000000
2018-02-23 21:02:11,0.00119190,3.53000000
2018-02-23 21:02:11,0.00119070,20.15000000
2018-02-23 21:02:11,0.00119050,3.36000000
2018-02-23 21:02:11,0.00119020,55.20000000
2018-02-23 21:02:12,0.00119170,6.72000000
2018-02-23 21:02:12,0.00119240,99.31000000
2018-02-23 21:02:13,0.00119220,85.40000000
2018-02-23 21:02:13,0.00119030,147.57000000
2018-02-23 21:02:14,0.00119030,1.37000000
2018-02-23 21:02:14,0.00119030,2.00000000
2018-02-23 21:02:15,0.00119030,19.75000000
2018-02-23 21:02:15,0.00119020,13.25000000
2018-02-23 21:02:16,0.00119270,47.67000000
2018-02-23 21:02:17,0.00119260,2.52000000
2018-02-23 21:02:19,0.00119240,20.21000000
2018-02-23 21:02:20,0.00119020,0.26000000
2018-02-23 21:02:20,0.00119120,219.19000000
2018-02-23 21:02:20,0.00119240,46.39000000
2018-02-23 21:02:21,0.00119290,2.00000000
2018-02-23 21:02:21,0.00119280,47.57000000
2018-02-23 21:02:21,0.00119290,21.12000000
2018-02-23 21:02:21,0.00119300,64.50000000
2018-02-23 21:02:21,0.00119340,25.01000000
2018-02-23 21:02:21,0.00119350,93.17000000
2018-02-23 21:02:21,0.00119390,3.36000000
2018-02-23 21:02:21,0.00119410,27.32000000
2018-02-23 21:02:24,0.00119250,96.28000000
2018-02-23 21:02:24,0.00119270,104.34000000
2018-02-23 21:02:24,0.00119220,5.00000000
2018-02-23 21:02:24,0.00119260,25.15000000
2018-02-23 21:02:25,0.00119260,0.40000000
2018-02-23 21:02:25,0.00119220,26.29000000
2018-02-23 21:02:26,0.00119120,0.35000000
2018-02-23 21:02:26,0.00119200,126.09000000
2018-02-23 21:02:26,0.00119220,17.30000000
2018-02-23 21:02:31,0.00119120,3.01000000
2018-02-23 21:02:31,0.00119120,3.36000000
2018-02-23 21:02:31,0.00119120,5.65000000
2018-02-23 21:02:31,0.00119240,3.36000000
2018-02-23 21:02:31,0.00119250,3.36000000
2018-02-23 21:02:31,0.00119260,0.72000000
2018-02-23 21:02:31,0.00119270,53.78000000
2018-02-23 21:02:31,0.00119410,19.92000000
2018-02-23 21:02:34,0.00119110,4.76000000
2018-02-23 21:02:35,0.00119220,6.17000000
2018-02-23 21:02:35,0.00119400,9.63000000
2018-02-23 21:02:35,0.00119130,3.36000000
2018-02-23 21:02:35,0.00119110,3.87000000
2018-02-23 21:02:37,0.00119140,50.00000000
2018-02-23 21:02:37,0.00119130,32.31000000
2018-02-23 21:02:37,0.00119110,3.30000000
2018-02-23 21:02:37,0.00119100,16.79000000
2018-02-23 21:02:37,0.00119050,18.43000000
2018-02-23 21:02:37,0.00119020,29.17000000
2018-02-23 21:02:37,0.00119080,33.39000000
2018-02-23 21:02:37,0.00119100,1.30000000
2018-02-23 21:02:38,0.00119110,8.28000000
2018-02-23 21:02:38,0.00119020,134.78000000
2018-02-23 21:02:38,0.00119000,59.92000000
2018-02-23 21:02:38,0.00119000,3.44000000
2018-02-23 21:02:38,0.00119000,3.44000000
2018-02-23 21:02:38,0.00119000,12.16000000
2018-02-23 21:02:38,0.00118920,10.00000000
2018-02-23 21:02:39,0.00119200,3.44000000
2018-02-23 21:02:39,0.00119200,112.50000000
2018-02-23 21:02:39,0.00119200,69.25000000
2018-02-23 21:02:39,0.00119200,40.49000000
2018-02-23 21:02:39,0.00119360,66.79000000
2018-02-23 21:02:39,0.00119370,7.17000000
2018-02-23 21:02:39,0.00119380,7.55000000
2018-02-23 21:02:39,0.00119410,11.49000000
2018-02-23 21:02:39,0.00119200,5.00000000
2018-02-23 21:02:40,0.00119350,66.08000000
2018-02-23 21:02:40,0.00119200,207.52000000
2018-02-23 21:02:41,0.00119200,5.00000000
2018-02-23 21:02:42,0.00119210,1.45000000
2018-02-23 21:02:42,0.00119210,15.32000000
2018-02-23 21:02:42,0.00119200,187.08000000
2018-02-23 21:02:42,0.00119150,15.32000000
2018-02-23 21:02:43,0.00119150,5.00000000
2018-02-23 21:02:43,0.00119150,5.00000000
2018-02-23 21:02:44,0.00119150,7.23000000
2018-02-23 21:02:45,0.00119200,0.74000000
2018-02-23 21:02:46,0.00119150,7.70000000
2018-02-23 21:02:47,0.00119150,459.23000000
2018-02-23 21:02:47,0.00119130,112.50000000
2018-02-23 21:02:48,0.00119170,9.07000000
2018-02-23 21:02:49,0.00119170,5.42000000
2018-02-23 21:02:49,0.00119010,95.24000000
2018-02-23 21:02:49,0.00119000,197.24000000
2018-02-23 21:02:49,0.00118940,3.40000000
2018-02-23 21:02:49,0.00118920,2165.70000000
2018-02-23 21:02:49,0.00119170,7.61000000
2018-02-23 21:02:49,0.00118880,3.07000000
2018-02-23 21:02:49,0.00118800,150.02000000
2018-02-23 21:02:49,0.00118640,3.23000000
2018-02-23 21:02:50,0.00119150,15.00000000
2018-02-23 21:02:50,0.00119150,92.71000000
2018-02-23 21:02:50,0.00118560,157.29000000
2018-02-23 21:02:53,0.00119130,25.57000000
2018-02-23 21:02:54,0.00118580,1.74000000
2018-02-23 21:02:54,0.00118570,9.02000000
2018-02-23 21:02:54,0.00118660,8.42000000
2018-02-23 21:02:59,0.00118990,1.93000000
2018-02-23 21:02:59,0.00118990,2.27000000
2018-02-23 21:02:59,0.00118990,2.67000000
2018-02-23 21:03:00,0.00118840,5.81000000
2018-02-23 21:03:00,0.00118990,17.86000000
2018-02-23 21:03:02,0.00118990,5.04000000
2018-02-23 21:03:02,0.00118990,1.68000000
2018-02-23 21:03:02,0.00118740,0.91000000
2018-02-23 21:03:03,0.00118990,1.85000000
2018-02-23 21:03:03,0.00118990,2.10000000
2018-02-23 21:03:03,0.00118990,2.02000000
2018-02-23 21:03:03,0.00118990,71.65000000
2018-02-23 21:03:03,0.00119000,397.65000000
2018-02-23 21:03:03,0.00119000,10.21000000
2018-02-23 21:03:04,0.00119000,2.96000000
2018-02-23 21:03:04,0.00119090,25.06000000
2018-02-23 21:03:04,0.00119090,40.50000000
2018-02-23 21:03:06,0.00119000,463.15000000
2018-02-23 21:03:06,0.00119000,475.48000000
2018-02-23 21:03:06,0.00119000,15.62000000
2018-02-23 21:03:07,0.00118760,16.65000000
2018-02-23 21:03:08,0.00118770,16.83000000
2018-02-23 21:03:08,0.00118760,91.72000000
2018-02-23 21:03:08,0.00118660,84.89000000
2018-02-23 21:03:09,0.00118980,16.65000000
2018-02-23 21:03:09,0.00118990,9.19000000
2018-02-23 21:03:09,0.00118990,2.52000000
2018-02-23 21:03:11,0.00118980,21.84000000
2018-02-23 21:03:13,0.00119000,105.04000000
2018-02-23 21:03:13,0.00118760,571.58000000
2018-02-23 21:03:13,0.00118760,1.13000000
2018-02-23 21:03:13,0.00118760,172.10000000
2018-02-23 21:03:13,0.00118710,50.00000000
2018-02-23 21:03:13,0.00118700,16.84000000
2018-02-23 21:03:13,0.00118690,3.40000000
2018-02-23 21:03:13,0.00118680,15.43000000
2018-02-23 21:03:13,0.00118670,34.68000000
2018-02-23 21:03:13,0.00118660,5.80000000
2018-02-23 21:03:14,0.00118920,16.84000000
2018-02-23 21:03:14,0.00118930,5.16000000
2018-02-23 21:03:14,0.00118780,3.40000000
2018-02-23 21:03:14,0.00118930,0.15000000
2018-02-23 21:03:14,0.00118930,2.10000000
2018-02-23 21:03:16,0.00118920,99.61000000
2018-02-23 21:03:17,0.00118700,40.00000000
2018-02-23 21:03:18,0.00118800,122.57000000
2018-02-23 21:03:18,0.00118720,3.40000000
2018-02-23 21:03:19,0.00118870,50.00000000
2018-02-23 21:03:19,0.00118880,3.40000000
2018-02-23 21:03:19,0.00118900,65.58000000
2018-02-23 21:03:19,0.00118930,27.27000000
2018-02-23 21:03:19,0.00118930,3.40000000
2018-02-23 21:03:19,0.00118930,5.22000000
2018-02-23 21:03:19,0.00118930,5.22000000
2018-02-23 21:03:19,0.00118930,138.70000000
2018-02-23 21:03:19,0.00118930,369.12000000
2018-02-23 21:03:20,0.00118710,0.05000000
2018-02-23 21:03:20,0.00118960,4.00000000
2018-02-23 21:03:22,0.00118930,1.41000000
2018-02-23 21:03:22,0.00118930,21.53000000
2018-02-23 21:03:22,0.00118930,150.17000000
2018-02-23 21:03:22,0.00118930,7.09000000
2018-02-23 21:03:22,0.00118720,84.19000000
2018-02-23 21:03:23,0.00118720,25.22000000
2018-02-23 21:03:26,0.00118720,23.03000000
2018-02-23 21:03:27,0.00118690,0.97000000
2018-02-23 21:03:27,0.00118840,9.85000000
2018-02-23 21:03:27,0.00118850,7.09000000
2018-02-23 21:03:27,0.00118900,24.09000000
2018-02-23 21:03:27,0.00118660,17.91000000
2018-02-23 21:03:28,0.00118810,5.43000000
2018-02-23 21:03:28,0.00118810,20.28000000
2018-02-23 21:03:28,0.00118900,6.03000000
2018-02-23 21:03:28,0.00118910,37.13000000
2018-02-23 21:03:28,0.00118910,10.44000000
2018-02-23 21:03:28,0.00118910,4.81000000
2018-02-23 21:03:28,0.00118680,47.57000000
2018-02-23 21:03:30,0.00118670,30.12000000
2018-02-23 21:03:30,0.00118660,12.87000000
2018-02-23 21:03:30,0.00118790,11.53000000
2018-02-23 21:03:30,0.00118790,99.40000000
2018-02-23 21:03:30,0.00118680,9.86000000
2018-02-23 21:03:30,0.00118660,27.13000000
2018-02-23 21:03:30,0.00118660,25.24000000
2018-02-23 21:03:30,0.00118790,1.27000000
2018-02-23 21:03:31,0.00118790,10.26000000
2018-02-23 21:03:31,0.00118920,134.52000000
2018-02-23 21:03:32,0.00118670,6.97000000
2018-02-23 21:03:32,0.00118660,106.65000000
2018-02-23 21:03:32,0.00118860,3.31000000
2018-02-23 21:03:33,0.00118660,198.41000000
2018-02-23 21:03:33,0.00118560,181.59000000
2018-02-23 21:03:36,0.00118550,2.00000000
2018-02-23 21:03:40,0.00118550,249.25000000
2018-02-23 21:03:40,0.00118500,205.74000000
2018-02-23 21:03:40,0.00118400,20.06000000
2018-02-23 21:03:40,0.00118280,7.42000000
2018-02-23 21:03:40,0.00118210,25.83000000
2018-02-23 21:03:40,0.00118170,174.31000000
2018-02-23 21:03:43,0.00118560,120.97000000
2018-02-23 21:03:43,0.00118500,33.33000000
2018-02-23 21:03:43,0.00118500,40.00000000
2018-02-23 21:03:43,0.00118500,40.00000000
2018-02-23 21:03:43,0.00118500,40.00000000
2018-02-23 21:03:43,0.00118500,40.00000000
2018-02-23 21:03:43,0.00118500,14.10000000
2018-02-23 21:03:43,0.00118500,27.11000000
2018-02-23 21:03:43,0.00118740,12.92000000
2018-02-23 21:03:44,0.00118740,0.60000000
2018-02-23 21:03:44,0.00118750,4.41000000
2018-02-23 21:03:46,0.00118550,18.71000000
2018-02-23 21:03:46,0.00118240,12.68000000
2018-02-23 21:03:46,0.00118230,20.37000000
2018-02-23 21:03:48,0.00118770,8.40000000
2018-02-23 21:03:48,0.00118790,56.60000000
2018-02-23 21:03:50,0.00118500,17.19000000
2018-02-23 21:03:50,0.00118500,8.15000000
2018-02-23 21:03:50,0.00118500,155.61000000
2018-02-23 21:03:50,0.00118750,5.01000000
2018-02-23 21:03:51,0.00118590,42.12000000
2018-02-23 21:03:54,0.00118680,14.96000000
2018-02-23 21:03:54,0.00118680,0.33000000
2018-02-23 21:03:56,0.00118660,2.70000000
2018-02-23 21:03:56,0.00118550,67.43000000
2018-02-23 21:03:57,0.00118670,1.65000000
2018-02-23 21:03:57,0.00118670,45.92000000
2018-02-23 21:03:57,0.00118680,47.87000000
2018-02-23 21:03:59,0.00118650,4.21000000
2018-02-23 21:04:00,0.00118690,7.58000000
2018-02-23 21:04:00,0.00118690,0.24000000
2018-02-23 21:04:00,0.00118700,7.00000000
2018-02-23 21:04:06,0.00118540,66.87000000
2018-02-23 21:04:06,0.00118530,202.58000000
2018-02-23 21:04:09,0.00118560,3.40000000
2018-02-23 21:04:09,0.00118530,289.88000000
2018-02-23 21:04:09,0.00118500,29.72000000
2018-02-23 21:04:12,0.00118550,117.42000000
2018-02-23 21:04:12,0.00118620,3.57000000
2018-02-23 21:04:14,0.00118620,2.11000000
2018-02-23 21:04:15,0.00118510,4.21000000
2018-02-23 21:04:15,0.00118500,453.33000000
2018-02-23 21:04:15,0.00118620,5.27000000
2018-02-23 21:04:15,0.00118620,25.27000000
2018-02-23 21:04:15,0.00118620,13.78000000
2018-02-23 21:04:15,0.00118620,5.27000000
2018-02-23 21:04:15,0.00118620,3.99000000
2018-02-23 21:04:19,0.00118620,0.11000000
2018-02-23 21:04:19,0.00118620,13.11000000
2018-02-23 21:04:19,0.00118620,24.30000000
2018-02-23 21:04:19,0.00118620,11.82000000
2018-02-23 21:04:19,0.00118620,14.68000000
2018-02-23 21:04:19,0.00118620,2.53000000
2018-02-23 21:04:20,0.00118620,42.28000000
2018-02-23 21:04:20,0.00118550,11.89000000
2018-02-23 21:04:20,0.00118520,7.00000000
2018-02-23 21:04:20,0.00118500,3.65000000
2018-02-23 21:04:21,0.00118500,30.84000000
2018-02-23 21:04:21,0.00118600,9.23000000
2018-02-23 21:04:22,0.00118500,4.99000000
2018-02-23 21:04:23,0.00118500,31.96000000
2018-02-23 21:04:25,0.00118500,2.07000000
2018-02-23 21:04:25,0.00118500,16.56000000
2018-02-23 21:04:25,0.00118500,425.73000000
2018-02-23 21:04:26,0.00118600,2.52000000
2018-02-23 21:04:26,0.00118620,250.26000000
2018-02-23 21:04:27,0.00118620,148.18000000
2018-02-23 21:04:27,0.00118630,124.33000000
2018-02-23 21:04:27,0.00118650,3.40000000
2018-02-23 21:04:27,0.00118660,19.76000000
2018-02-23 21:04:27,0.00118680,70.51000000
2018-02-23 21:04:28,0.00118500,1.38000000
2018-02-23 21:04:28,0.00118500,18.09000000
2018-02-23 21:04:29,0.00118510,8.43000000
2018-02-23 21:04:29,0.00118500,64.24000000
2018-02-23 21:04:29,0.00118500,250.18000000
2018-02-23 21:04:30,0.00118500,158.64000000
2018-02-23 21:04:31,0.00118560,48.61000000
2018-02-23 21:04:32,0.00118520,3.35000000
2018-02-23 21:04:32,0.00118620,7.33000000
2018-02-23 21:04:33,0.00118620,514.91000000
2018-02-23 21:04:33,0.00118670,16.87000000
2018-02-23 21:04:33,0.00118680,591.53000000
2018-02-23 21:04:33,0.00118700,402.57000000
2018-02-23 21:04:33,0.00118750,263.43000000
2018-02-23 21:04:34,0.00118600,8.57000000
2018-02-23 21:04:34,0.00118740,37.23000000
2018-02-23 21:04:34,0.00118750,11.89000000
2018-02-23 21:04:34,0.00118790,109.82000000
2018-02-23 21:04:34,0.00118800,45.73000000
2018-02-23 21:04:34,0.00118620,3.40000000
2018-02-23 21:04:34,0.00118600,13.66000000
2018-02-23 21:04:35,0.00118720,3.40000000
2018-02-23 21:04:35,0.00118840,0.99000000
2018-02-23 21:04:35,0.00118800,131.15000000
2018-02-23 21:04:36,0.00118800,43.74000000
2018-02-23 21:04:36,0.00118800,14.44000000
2018-02-23 21:04:36,0.00118800,4.21000000
2018-02-23 21:04:36,0.00118800,25.24000000
2018-02-23 21:04:36,0.00118800,17.46000000
2018-02-23 21:04:36,0.00118890,11.80000000
2018-02-23 21:04:36,0.00118930,60.19000000
2018-02-23 21:04:36,0.00118960,38.99000000
2018-02-23 21:04:36,0.00118970,1.31000000
2018-02-23 21:04:36,0.00118800,12.36000000
2018-02-23 21:04:36,0.00118800,26.53000000
2018-02-23 21:04:37,0.00118970,11.32000000
2018-02-23 21:04:37,0.00118990,4.19000000
2018-02-23 21:04:37,0.00119000,114.84000000
2018-02-23 21:04:37,0.00118820,3.40000000
2018-02-23 21:04:37,0.00118950,3.40000000
2018-02-23 21:04:37,0.00119020,8.46000000
2018-02-23 21:04:38,0.00118970,213.81000000
2018-02-23 21:04:38,0.00119050,18.42000000
2018-02-23 21:04:38,0.00119110,17.24000000
2018-02-23 21:04:38,0.00118810,22.13000000
2018-02-23 21:04:38,0.00118810,14.47000000
2018-02-23 21:04:39,0.00118890,7.91000000
2018-02-23 21:04:39,0.00118950,36.60000000
2018-02-23 21:04:39,0.00118960,3.35000000
2018-02-23 21:04:40,0.00119000,250.00000000
2018-02-23 21:04:41,0.00119020,11.65000000
2018-02-23 21:04:42,0.00119020,3.39000000
2018-02-23 21:04:42,0.00119020,5.16000000
2018-02-23 21:04:43,0.00119170,16.80000000
2018-02-23 21:04:43,0.00119180,3.40000000
2018-02-23 21:04:43,0.00119190,70.27000000
2018-02-23 21:04:43,0.00119180,8.94000000
2018-02-23 21:04:44,0.00119190,2.00000000
2018-02-23 21:04:44,0.00119180,560.69000000
2018-02-23 21:04:44,0.00119020,3.40000000
2018-02-23 21:04:44,0.00119000,147.53000000
2018-02-23 21:04:45,0.00119170,3.40000000
2018-02-23 21:04:45,0.00119190,21.29000000
2018-02-23 21:04:45,0.00119200,5.29000000
2018-02-23 21:04:46,0.00119200,9.72000000
2018-02-23 21:04:46,0.00119090,4.19000000
2018-02-23 21:04:46,0.00119000,13.77000000
2018-02-23 21:04:46,0.00119200,0.10000000
2018-02-23 21:04:47,0.00119200,433.52000000
2018-02-23 21:04:49,0.00119240,123.91000000
2018-02-23 21:04:50,0.00119220,3.36000000
2018-02-23 21:04:50,0.00119200,112.93000000
2018-02-23 21:04:50,0.00119200,3.36000000
2018-02-23 21:04:50,0.00119220,3.36000000
2018-02-23 21:04:50,0.00119280,3.36000000
2018-02-23 21:04:50,0.00119300,48.58000000
2018-02-23 21:04:50,0.00119320,10.00000000
2018-02-23 21:04:50,0.00119330,10.18000000
2018-02-23 21:04:50,0.00119400,474.52000000
2018-02-23 21:04:51,0.00119400,62.51000000
2018-02-23 21:04:52,0.00119400,62.00000000
2018-02-23 21:04:52,0.00119240,1.00000000
2018-02-23 21:04:52,0.00119400,0.53000000
2018-02-23 21:04:52,0.00119400,167.12000000
2018-02-23 21:04:53,0.00119400,83.35000000
2018-02-23 21:04:53,0.00119400,716.55000000
2018-02-23 21:04:53,0.00119400,249.33000000
2018-02-23 21:04:53,0.00119400,16.89000000
2018-02-23 21:04:53,0.00119400,438.01000000
2018-02-23 21:04:53,0.00119410,4.85000000
2018-02-23 21:04:53,0.00119440,1.00000000
2018-02-23 21:04:53,0.00119450,15.00000000
2018-02-23 21:04:53,0.00119500,28.44000000
2018-02-23 21:04:53,0.00119600,434.38000000
2018-02-23 21:04:53,0.00119610,40.73000000
2018-02-23 21:04:53,0.00119630,21.37000000
2018-02-23 21:04:53,0.00119640,4.33000000
2018-02-23 21:04:53,0.00119670,56.47000000
2018-02-23 21:04:53,0.00119690,4.91000000
2018-02-23 21:04:53,0.00119780,15.10000000
2018-02-23 21:04:53,0.00119810,3.37000000
2018-02-23 21:04:53,0.00119830,4.31000000
2018-02-23 21:04:54,0.00119840,18.16000000
2018-02-23 21:04:54,0.00119850,18.82000000
2018-02-23 21:04:54,0.00119870,3.03000000
2018-02-23 21:04:54,0.00119880,12.59000000
2018-02-23 21:04:55,0.00119430,32.38000000
2018-02-23 21:04:55,0.00119840,54.79000000
2018-02-23 21:04:56,0.00119800,1.88000000
2018-02-23 21:04:56,0.00119480,0.14000000
2018-02-23 21:04:57,0.00119800,1.88000000
2018-02-23 21:04:57,0.00119880,57.56000000
2018-02-23 21:04:57,0.00119900,39.48000000
2018-02-23 21:04:57,0.00119920,38.16000000
2018-02-23 21:04:58,0.00119940,3.85000000
2018-02-23 21:04:58,0.00119950,15.89000000
2018-02-23 21:04:58,0.00119960,18.77000000
2018-02-23 21:04:59,0.00119980,0.10000000
2018-02-23 21:04:59,0.00119560,9.06000000
2018-02-23 21:05:01,0.00119970,7.08000000
2018-02-23 21:05:02,0.00119940,0.84000000
2018-02-23 21:05:02,0.00119940,0.84000000
2018-02-23 21:05:02,0.00119940,0.84000000
2018-02-23 21:05:02,0.00119940,0.84000000
2018-02-23 21:05:02,0.00119940,4.22000000
2018-02-23 21:05:02,0.00119940,2.17000000
2018-02-23 21:05:02,0.00119570,2.17000000
2018-02-23 21:05:02,0.00119720,1.95000000
2018-02-23 21:05:02,0.00119600,2.70000000
2018-02-23 21:05:02,0.00119600,0.66000000
2018-02-23 21:05:02,0.00119580,7.31000000
2018-02-23 21:05:03,0.00119700,3.36000000
2018-02-23 21:05:03,0.00119750,2.17000000
2018-02-23 21:05:03,0.00119840,7.17000000
2018-02-23 21:05:04,0.00119940,6.49000000
2018-02-23 21:05:04,0.00119980,154.81000000
2018-02-23 21:05:04,0.00119980,25.41000000
2018-02-23 21:05:04,0.00119990,1.00000000
2018-02-23 21:05:04,0.00119990,5.00000000
2018-02-23 21:05:04,0.00119990,15.40000000
2018-02-23 21:05:04,0.00119990,15.40000000
2018-02-23 21:05:04,0.00119990,2.59000000
2018-02-23 21:05:04,0.00119990,9.36000000
2018-02-23 21:05:04,0.00119990,9.37000000
2018-02-23 21:05:04,0.00119990,4.82000000
2018-02-23 21:05:04,0.00119990,3.35000000
2018-02-23 21:05:04,0.00120000,36.54000000
2018-02-23 21:05:04,0.00119990,3.39000000
2018-02-23 21:05:04,0.00119990,92.13000000
2018-02-23 21:05:04,0.00119590,3.39000000
2018-02-23 21:05:05,0.00119590,25.00000000
2018-02-23 21:05:05,0.00119760,21.88000000
2018-02-23 21:05:07,0.00119630,5.00000000
2018-02-23 21:05:07,0.00119970,8.33000000
2018-02-23 21:05:07,0.00119630,8.39000000
2018-02-23 21:05:08,0.00119630,16.71000000
2018-02-23 21:05:08,0.00119620,3.36000000
2018-02-23 21:05:08,0.00119610,5.76000000
2018-02-23 21:05:09,0.00119640,3.36000000
2018-02-23 21:05:09,0.00119610,17.18000000
2018-02-23 21:05:09,0.00119610,4.80000000
2018-02-23 21:05:09,0.00119740,3.36000000
2018-02-23 21:05:09,0.00119950,2.52000000
2018-02-23 21:05:09,0.00119610,21.98000000
2018-02-23 21:05:10,0.00119610,13.47000000
2018-02-23 21:05:11,0.00119950,0.84000000
2018-02-23 21:05:11,0.00119960,2.48000000
2018-02-23 21:05:11,0.00119620,1.01000000
2018-02-23 21:05:11,0.00119780,2.11000000
2018-02-23 21:05:11,0.00119780,52.99000000
2018-02-23 21:05:11,0.00119780,2.11000000
2018-02-23 21:05:11,0.00119940,11.81000000
2018-02-23 21:05:11,0.00119610,2.53000000
2018-02-23 21:05:12,0.00119620,1.20000000
2018-02-23 21:05:12,0.00119640,2.12000000
2018-02-23 21:05:13,0.00119940,4.90000000
2018-02-23 21:05:13,0.00119960,3.39000000
2018-02-23 21:05:13,0.00119680,4.80000000
2018-02-23 21:05:14,0.00119950,11.78000000
2018-02-23 21:05:14,0.00119950,92.13000000
2018-02-23 21:05:14,0.00119950,12.82000000
2018-02-23 21:05:15,0.00119730,4.94000000
2018-02-23 21:05:15,0.00119740,25.99000000
2018-02-23 21:05:16,0.00119680,1.40000000
2018-02-23 21:05:16,0.00119680,1.96000000
2018-02-23 21:05:16,0.00119660,1.40000000
2018-02-23 21:05:16,0.00119660,1.40000000
2018-02-23 21:05:16,0.00119660,75.27000000
2018-02-23 21:05:16,0.00119650,11.81000000
2018-02-23 21:05:16,0.00119640,1.24000000
2018-02-23 21:05:16,0.00119630,79.44000000
2018-02-23 21:05:16,0.00119610,0.17000000
2018-02-23 21:05:16,0.00119720,3.36000000
2018-02-23 21:05:16,0.00119610,36.01000000
2018-02-23 21:05:16,0.00119600,1.72000000
2018-02-23 21:05:16,0.00119680,3.36000000
2018-02-23 21:05:16,0.00119740,4.89000000
2018-02-23 21:05:16,0.00119600,19.28000000
2018-02-23 21:05:17,0.00119600,1.73000000
2018-02-23 21:05:17,0.00119740,11.94000000
2018-02-23 21:05:17,0.00119660,14.45000000
2018-02-23 21:05:17,0.00119660,10.37000000
2018-02-23 21:05:17,0.00119740,6.35000000
2018-02-23 21:05:18,0.00119660,6.58000000
2018-02-23 21:05:19,0.00119730,3.06000000
2018-02-23 21:05:19,0.00119730,0.33000000
2018-02-23 21:05:19,0.00119730,4.71000000
2018-02-23 21:05:19,0.00119740,0.82000000
2018-02-23 21:05:19,0.00119830,1.76000000
2018-02-23 21:05:19,0.00119730,1.08000000
2018-02-23 21:05:23,0.00119620,50.00000000
2018-02-23 21:05:23,0.00119620,22.10000000
2018-02-23 21:05:24,0.00119620,16.76000000
2018-02-23 21:05:25,0.00119610,3.36000000
2018-02-23 21:05:26,0.00119610,25.08000000
2018-02-23 21:05:26,0.00119610,7.68000000
2018-02-23 21:05:26,0.00119610,7.68000000
2018-02-23 21:05:26,0.00119610,6.20000000
2018-02-23 21:05:27,0.00119610,1.48000000
2018-02-23 21:05:28,0.00119620,3.74000000
2018-02-23 21:05:28,0.00119590,9.88000000
2018-02-23 21:05:29,0.00119590,1.95000000
2018-02-23 21:05:29,0.00119580,7.03000000
2018-02-23 21:05:29,0.00119570,3.52000000
2018-02-23 21:05:29,0.00119570,0.65000000
2018-02-23 21:05:29,0.00119560,61.35000000
2018-02-23 21:05:30,0.00119620,3.18000000
2018-02-23 21:05:30,0.00119560,147.62000000
2018-02-23 21:05:30,0.00119500,40.39000000
2018-02-23 21:05:31,0.00119500,109.73000000
2018-02-23 21:05:31,0.00119550,130.40000000
2018-02-23 21:05:32,0.00119620,71.34000000
2018-02-23 21:05:32,0.00119700,0.54000000
2018-02-23 21:05:32,0.00119620,360.80000000
2018-02-23 21:05:32,0.00119620,120.41000000
2018-02-23 21:05:32,0.00119620,65.00000000
2018-02-23 21:05:32,0.00119620,343.12000000
2018-02-23 21:05:33,0.00119620,11.38000000
2018-02-23 21:05:33,0.00119440,10.62000000
2018-02-23 21:05:33,0.00119440,123.38000000
2018-02-23 21:05:33,0.00119430,349.70000000
2018-02-23 21:05:33,0.00119610,10.09000000
2018-02-23 21:05:33,0.00119400,692.71000000
2018-02-23 21:05:33,0.00119400,1.88000000
2018-02-23 21:05:33,0.00119370,2.09000000
2018-02-23 21:05:33,0.00119350,6.12000000
2018-02-23 21:05:33,0.00119200,18.07000000
2018-02-23 21:05:34,0.00119670,2.00000000
2018-02-23 21:05:34,0.00119460,11.95000000
2018-02-23 21:05:37,0.00119450,5.36000000
2018-02-23 21:05:37,0.00119140,2.00000000
2018-02-23 21:05:37,0.00119130,16.78000000
2018-02-23 21:05:37,0.00119100,8.59000000
2018-02-23 21:05:38,0.00119100,4.19000000
2018-02-23 21:05:38,0.00119100,50.00000000
2018-02-23 21:05:38,0.00119090,10.53000000
2018-02-23 21:05:39,0.00119100,50.00000000
2018-02-23 21:05:40,0.00119090,8.39000000
2018-02-23 21:05:40,0.00119010,10.08000000
2018-02-23 21:05:40,0.00118950,28.54000000
2018-02-23 21:05:40,0.00118950,14.09000000
2018-02-23 21:05:40,0.00118920,3.34000000
2018-02-23 21:05:40,0.00118950,14.09000000
2018-02-23 21:05:40,0.00118950,12.65000000
2018-02-23 21:05:40,0.00118950,12.65000000
2018-02-23 21:05:40,0.00118920,2.06000000
2018-02-23 21:05:40,0.00118810,15.02000000
2018-02-23 21:05:40,0.00118790,70.20000000
2018-02-23 21:05:40,0.00118950,12.66000000
2018-02-23 21:05:40,0.00118950,11.00000000
2018-02-23 21:05:41,0.00118950,4.20000000
2018-02-23 21:05:41,0.00118950,2.09000000
2018-02-23 21:05:42,0.00118920,8.40000000
2018-02-23 21:05:42,0.00118790,84.85000000
2018-02-23 21:05:43,0.00118920,110.43000000
2018-02-23 21:05:43,0.00118920,5.38000000
2018-02-23 21:05:43,0.00118920,37.30000000
2018-02-23 21:05:43,0.00118920,40.02000000
2018-02-23 21:05:43,0.00118920,25.21000000
2018-02-23 21:05:43,0.00118920,20.66000000
2018-02-23 21:05:43,0.00118940,4.72000000
2018-02-23 21:05:43,0.00118950,30.81000000
2018-02-23 21:05:43,0.00118800,28.76000000
2018-02-23 21:05:44,0.00119060,24.11000000
2018-02-23 21:05:44,0.00118810,3.98000000
2018-02-23 21:05:44,0.00118800,30.02000000
2018-02-23 21:05:44,0.00118790,86.27000000
2018-02-23 21:05:45,0.00118790,21.68000000
2018-02-23 21:05:45,0.00118790,10.50000000
2018-02-23 21:05:45,0.00119000,12.43000000
2018-02-23 21:05:45,0.00119090,16.67000000
2018-02-23 21:05:45,0.00119100,471.63000000
2018-02-23 21:05:45,0.00119180,2.00000000
2018-02-23 21:05:45,0.00119190,4.17000000
2018-02-23 21:05:45,0.00119430,13.48000000
2018-02-23 21:05:45,0.00119450,4.69000000
2018-02-23 21:05:45,0.00119460,15.99000000
2018-02-23 21:05:46,0.00118980,5.40000000
2018-02-23 21:05:46,0.00118990,131.40000000
2018-02-23 21:05:47,0.00119060,229.96000000
2018-02-23 21:05:47,0.00119660,50.00000000
2018-02-23 21:05:47,0.00119790,12.00000000
2018-02-23 21:05:47,0.00119820,99.97000000
2018-02-23 21:05:47,0.00119840,0.99000000
2018-02-23 21:05:49,0.00119600,6.68000000
2018-02-23 21:05:49,0.00118850,1.44000000
2018-02-23 21:05:49,0.00118840,16.82000000
2018-02-23 21:05:49,0.00118830,81.74000000
2018-02-23 21:05:50,0.00119220,4.39000000
2018-02-23 21:05:50,0.00119220,7.17000000
2018-02-23 21:05:50,0.00119220,2.00000000
2018-02-23 21:05:50,0.00119220,4.39000000
2018-02-23 21:05:50,0.00119220,43.64000000
2018-02-23 21:05:50,0.00118860,13.00000000
2018-02-23 21:05:50,0.00119210,66.87000000
2018-02-23 21:05:50,0.00119220,17.95000000
2018-02-23 21:05:50,0.00118860,48.56000000
2018-02-23 21:05:50,0.00118850,321.15000000
2018-02-23 21:05:50,0.00118840,63.61000000
2018-02-23 21:05:50,0.00118820,16.05000000
2018-02-23 21:05:50,0.00118790,492.98000000
2018-02-23 21:05:51,0.00119110,4.39000000
2018-02-23 21:05:51,0.00119120,11.56000000
2018-02-23 21:05:51,0.00119200,16.82000000
2018-02-23 21:05:51,0.00119410,14.31000000
2018-02-23 21:05:54,0.00119560,10.19000000
2018-02-23 21:05:58,0.00119520,100.00000000
2018-02-23 21:05:58,0.00119530,89.84000000
2018-02-23 21:05:58,0.00119560,0.34000000
2018-02-23 21:05:58,0.00119600,423.81000000
2018-02-23 21:05:59,0.00119050,2.28000000
2018-02-23 21:06:01,0.00119680,20.00000000
2018-02-23 21:06:01,0.00119820,24.48000000
2018-02-23 21:06:01,0.00119310,1.36000000
2018-02-23 21:06:02,0.00119810,5.53000000
2018-02-23 21:06:03,0.00119810,1.85000000
2018-02-23 21:06:04,0.00119440,33.22000000
2018-02-23 21:06:04,0.00119440,103.53000000
2018-02-23 21:06:04,0.00119440,33.22000000
2018-02-23 21:06:05,0.00119790,7.91000000
2018-02-23 21:06:05,0.00119810,17.21000000
2018-02-23 21:06:05,0.00119830,28.25000000
2018-02-23 21:06:07,0.00119500,16.69000000
2018-02-23 21:06:07,0.00119500,34.31000000
2018-02-23 21:06:08,0.00119500,40.25000000
2018-02-23 21:06:08,0.00119500,183.80000000
2018-02-23 21:06:09,0.00119840,2.00000000
2018-02-23 21:06:09,0.00119830,111.41000000
2018-02-23 21:06:09,0.00119830,12.27000000
2018-02-23 21:06:09,0.00119830,12.32000000
2018-02-23 21:06:09,0.00119830,24.06000000
2018-02-23 21:06:09,0.00119830,1.00000000
2018-02-23 21:06:12,0.00119250,1.89000000
2018-02-23 21:06:12,0.00119820,117.18000000
2018-02-23 21:06:13,0.00119250,21.00000000
2018-02-23 21:06:15,0.00119780,2.29000000
2018-02-23 21:06:15,0.00119780,14.48000000
2018-02-23 21:06:15,0.00119790,6.12000000
2018-02-23 21:06:15,0.00119800,75.72000000
2018-02-23 21:06:15,0.00119830,83.42000000
2018-02-23 21:06:15,0.00119830,39.99000000
2018-02-23 21:06:15,0.00119830,12.56000000
2018-02-23 21:06:15,0.00119830,57.44000000
2018-02-23 21:06:17,0.00119560,67.94000000
2018-02-23 21:06:17,0.00119310,1.73000000
2018-02-23 21:06:17,0.00119300,9.28000000
2018-02-23 21:06:22,0.00119380,11.98000000
2018-02-23 21:06:24,0.00119780,11.98000000
2018-02-23 21:06:24,0.00119790,34.38000000
2018-02-23 21:06:24,0.00119800,36.64000000
2018-02-23 21:06:24,0.00119810,17.34000000
2018-02-23 21:06:27,0.00119530,9.43000000
2018-02-23 21:06:29,0.00119560,4.13000000
2018-02-23 21:06:30,0.00119790,9.43000000
2018-02-23 21:06:30,0.00119790,103.17000000
2018-02-23 21:06:31,0.00119680,143.24000000
2018-02-23 21:06:32,0.00119590,9.19000000
2018-02-23 21:06:33,0.00119690,4.93000000
2018-02-23 21:06:34,0.00119690,0.13000000
2018-02-23 21:06:35,0.00119540,3.36000000
2018-02-23 21:06:35,0.00119510,5.00000000
2018-02-23 21:06:36,0.00119690,4.13000000
2018-02-23 21:06:36,0.00119700,146.80000000
2018-02-23 21:06:36,0.00119510,3.45000000
2018-02-23 21:06:36,0.00119480,124.51000000
2018-02-23 21:06:37,0.00119690,9.13000000
2018-02-23 21:06:37,0.00119700,10.87000000
2018-02-23 21:06:37,0.00119510,9.21000000
2018-02-23 21:06:37,0.00119500,97.72000000
2018-02-23 21:06:38,0.00119530,41.42000000
2018-02-23 21:06:39,0.00119560,21.80000000
2018-02-23 21:06:42,0.00119400,11.56000000
2018-02-23 21:06:42,0.00119390,50.00000000
2018-02-23 21:06:42,0.00119380,7.00000000
2018-02-23 21:06:43,0.00119400,2.00000000
2018-02-23 21:06:43,0.00119410,13.29000000
2018-02-23 21:06:43,0.00119340,2.51000000
2018-02-23 21:06:44,0.00119480,86.22000000
2018-02-23 21:06:45,0.00119640,8.74000000
2018-02-23 21:06:45,0.00119280,53.35000000
2018-02-23 21:06:47,0.00119620,2.67000000
2018-02-23 21:06:48,0.00119610,2.51000000
2018-02-23 21:06:48,0.00119500,222.36000000
2018-02-23 21:06:48,0.00119500,25.07000000
2018-02-23 21:06:48,0.00119500,5.36000000
2018-02-23 21:06:48,0.00119500,25.07000000
2018-02-23 21:06:49,0.00119500,25.06000000
2018-02-23 21:06:49,0.00119500,16.07000000
2018-02-23 21:06:49,0.00119500,2.00000000
2018-02-23 21:06:49,0.00119500,5.36000000
2018-02-23 21:06:49,0.00119500,16.10000000
2018-02-23 21:06:49,0.00119500,69.32000000
2018-02-23 21:06:49,0.00119500,109.67000000
2018-02-23 21:06:49,0.00119500,9.00000000
2018-02-23 21:06:49,0.00119500,3.49000000
2018-02-23 21:06:49,0.00119380,4.18000000
2018-02-23 21:06:49,0.00119490,3.11000000
2018-02-23 21:06:49,0.00119280,20.89000000
2018-02-23 21:06:49,0.00119490,7.96000000
2018-02-23 21:06:49,0.00119280,3.48000000
2018-02-23 21:06:49,0.00119480,3.36000000
2018-02-23 21:06:49,0.00119490,21.72000000
2018-02-23 21:06:49,0.00119490,7.97000000
2018-02-23 21:06:49,0.00119490,13.27000000
2018-02-23 21:06:50,0.00119500,25.08000000
2018-02-23 21:06:50,0.00119280,13.13000000
2018-02-23 21:06:50,0.00119500,12.32000000
2018-02-23 21:06:50,0.00119590,28.67000000
2018-02-23 21:06:51,0.00119290,9.22000000
2018-02-23 21:06:51,0.00119250,3.03000000
2018-02-23 21:06:51,0.00119240,4.17000000
2018-02-23 21:06:51,0.00119230,23.82000000
2018-02-23 21:06:51,0.00119590,62.59000000
2018-02-23 21:06:51,0.00119600,9.18000000
2018-02-23 21:06:51,0.00119600,25.08000000
2018-02-23 21:06:51,0.00119640,9.22000000
2018-02-23 21:06:51,0.00119650,16.74000000
2018-02-23 21:06:51,0.00119660,501.11000000
2018-02-23 21:06:51,0.00119680,34.20000000
2018-02-23 21:06:51,0.00119690,79.42000000
2018-02-23 21:06:51,0.00119700,42.43000000
2018-02-23 21:06:51,0.00119800,209.08000000
2018-02-23 21:06:51,0.00119840,422.39000000
2018-02-23 21:06:51,0.00119600,25.08000000
2018-02-23 21:06:51,0.00119600,25.08000000
2018-02-23 21:06:51,0.00119610,74.43000000
2018-02-23 21:06:51,0.00119840,1260.17000000
2018-02-23 21:06:51,0.00119850,1.90000000
2018-02-23 21:06:51,0.00119890,12.00000000
2018-02-23 21:06:51,0.00119900,196.37000000
2018-02-23 21:06:51,0.00119920,23.12000000
2018-02-23 21:06:51,0.00119950,14.80000000
2018-02-23 21:06:51,0.00119960,10.08000000
2018-02-23 21:06:51,0.00119970,4.79000000
2018-02-23 21:06:51,0.00119990,25.38000000
2018-02-23 21:06:51,0.00120000,1176.37000000
2018-02-23 21:06:51,0.00119600,25.08000000
2018-02-23 21:06:52,0.00119600,25.08000000
2018-02-23 21:06:52,0.00119600,25.08000000
2018-02-23 21:06:52,0.00119610,10.56000000
2018-02-23 21:06:52,0.00119610,10.16000000
2018-02-23 21:06:52,0.00119610,25.08000000
2018-02-23 21:06:52,0.00119610,2.45000000
2018-02-23 21:06:56,0.00119970,48.25000000
2018-02-23 21:06:56,0.00119980,5.05000000
2018-02-23 21:06:56,0.00120000,740.38000000
2018-02-23 21:06:57,0.00120000,8.39000000
2018-02-23 21:06:58,0.00120030,2.08000000
2018-02-23 21:06:59,0.00120030,0.83000000
2018-02-23 21:06:59,0.00120030,1.47000000
2018-02-23 21:06:59,0.00120160,4.53000000
2018-02-23 21:06:59,0.00120000,5.04000000
2018-02-23 21:07:00,0.00120000,3.64000000
2018-02-23 21:07:01,0.00120160,47.52000000
2018-02-23 21:07:01,0.00120200,0.86000000
2018-02-23 21:07:01,0.00120210,14.17000000
2018-02-23 21:07:01,0.00120240,118.68000000
2018-02-23 21:07:01,0.00120020,3.36000000
2018-02-23 21:07:01,0.00120000,13.17000000
2018-02-23 21:07:02,0.00120140,3.36000000
2018-02-23 21:07:02,0.00120240,4.33000000
2018-02-23 21:07:02,0.00120240,8.28000000
2018-02-23 21:07:04,0.00120250,20.36000000
2018-02-23 21:07:04,0.00120270,1.28000000
2018-02-23 21:07:04,0.00120490,2.07000000
2018-02-23 21:07:04,0.00120280,9.14000000
2018-02-23 21:07:04,0.00120270,2.08000000
2018-02-23 21:07:04,0.00120240,375.91000000
2018-02-23 21:07:05,0.00120460,9.14000000
2018-02-23 21:07:05,0.00120470,3.36000000
2018-02-23 21:07:05,0.00120490,0.69000000
2018-02-23 21:07:05,0.00120530,14.80000000
2018-02-23 21:07:05,0.00120590,28.30000000
2018-02-23 21:07:05,0.00120600,2.52000000
2018-02-23 21:07:05,0.00120650,1.84000000
2018-02-23 21:07:05,0.00120730,4.17000000
2018-02-23 21:07:05,0.00120780,248.66000000
2018-02-23 21:07:05,0.00120810,3.99000000
2018-02-23 21:07:05,0.00120830,166.26000000
2018-02-23 21:07:05,0.00120870,1.00000000
2018-02-23 21:07:05,0.00120930,72.71000000
2018-02-23 21:07:05,0.00121000,42.56000000
2018-02-23 21:07:06,0.00120260,103.89000000
2018-02-23 21:07:06,0.00120260,0.93000000
2018-02-23 21:07:07,0.00120270,66.84000000
2018-02-23 21:07:07,0.00120290,11.61000000
2018-02-23 21:07:08,0.00120280,105.08000000
2018-02-23 21:07:09,0.00120290,83.13000000
2018-02-23 21:07:09,0.00120270,27.10000000
2018-02-23 21:07:09,0.00120260,61.71000000
2018-02-23 21:07:09,0.00120020,0.79000000
2018-02-23 21:07:09,0.00120400,17.82000000
2018-02-23 21:07:09,0.00120400,2.18000000
2018-02-23 21:07:09,0.00120300,98.58000000
2018-02-23 21:07:09,0.00120020,20.00000000
2018-02-23 21:07:09,0.00120020,13.97000000
2018-02-23 21:07:10,0.00120400,5.62000000
2018-02-23 21:07:10,0.00120390,2.31000000
2018-02-23 21:07:11,0.00120290,2.53000000
2018-02-23 21:07:12,0.00120290,1.26000000
2018-02-23 21:07:12,0.00120290,2.11000000
2018-02-23 21:07:12,0.00120290,2.09000000
2018-02-23 21:07:12,0.00120370,12.52000000
2018-02-23 21:07:12,0.00120380,100.00000000
2018-02-23 21:07:12,0.00120390,40.67000000
2018-02-23 21:07:12,0.00120400,30.57000000
2018-02-23 21:07:12,0.00120290,120.47000000
2018-02-23 21:07:13,0.00120370,19.64000000
2018-02-23 21:07:13,0.00120360,39.00000000
2018-02-23 21:07:13,0.00120290,2.09000000
2018-02-23 21:07:14,0.00120290,8.99000000
2018-02-23 21:07:14,0.00120290,23.23000000
2018-02-23 21:07:15,0.00120350,145.00000000
2018-02-23 21:07:15,0.00120350,20.42000000
2018-02-23 21:07:15,0.00120360,27.58000000
2018-02-23 21:07:18,0.00120290,16.57000000
2018-02-23 21:07:19,0.00120290,8.00000000
2018-02-23 21:07:19,0.00120290,64.20000000
2018-02-23 21:07:19,0.00120290,5.36000000
2018-02-23 21:07:19,0.00120290,92.07000000
2018-02-23 21:07:19,0.00120340,0.77000000
2018-02-23 21:07:20,0.00120290,30.85000000
2018-02-23 21:07:20,0.00120200,35.36000000
2018-02-23 21:07:20,0.00120330,2.45000000
2018-02-23 21:07:20,0.00120340,20.90000000
2018-02-23 21:07:20,0.00120350,20.02000000
2018-02-23 21:07:20,0.00120290,35.72000000
2018-02-23 21:07:21,0.00120200,7.13000000
2018-02-23 21:07:22,0.00120290,2.24000000
2018-02-23 21:07:22,0.00120290,10.00000000
2018-02-23 21:07:22,0.00120290,12.50000000
2018-02-23 21:07:23,0.00120270,14.74000000
2018-02-23 21:07:23,0.00120270,4.16000000
2018-02-23 21:07:23,0.00120200,2.78000000
2018-02-23 21:07:24,0.00120110,2.51000000
2018-02-23 21:07:24,0.00120200,7.16000000
2018-02-23 21:07:25,0.00120270,12.69000000
2018-02-23 21:07:25,0.00120290,35.21000000
2018-02-23 21:07:26,0.00120260,63.11000000
2018-02-23 21:07:26,0.00120280,1.76000000
2018-02-23 21:07:26,0.00120290,19.14000000
2018-02-23 21:07:26,0.00120300,2.51000000
2018-02-23 21:07:26,0.00120300,32.04000000
2018-02-23 21:07:26,0.00120300,24.83000000
2018-02-23 21:07:26,0.00120300,6.44000000
2018-02-23 21:07:26,0.00120300,77.81000000
2018-02-23 21:07:26,0.00120300,51.99000000
2018-02-23 21:07:26,0.00120300,6.06000000
2018-02-23 21:07:26,0.00120300,1.65000000
2018-02-23 21:07:26,0.00120300,7.32000000
2018-02-23 21:07:26,0.00120300,18.51000000
2018-02-23 21:07:27,0.00120300,41.89000000
2018-02-23 21:07:27,0.00120300,2.78000000
2018-02-23 21:07:27,0.00120300,13.32000000
2018-02-23 21:07:27,0.00120300,1.28000000
2018-02-23 21:07:27,0.00120300,107.48000000
2018-02-23 21:07:27,0.00120200,51.45000000
2018-02-23 21:07:27,0.00120200,73.83000000
2018-02-23 21:07:28,0.00120210,9.15000000
2018-02-23 21:07:28,0.00120200,1.03000000
2018-02-23 21:07:29,0.00120200,164.51000000
2018-02-23 21:07:29,0.00120140,1.66000000
2018-02-23 21:07:29,0.00120100,10.00000000
2018-02-23 21:07:29,0.00120060,2.08000000
2018-02-23 21:07:29,0.00120050,2.50000000
2018-02-23 21:07:29,0.00120040,25.11000000
2018-02-23 21:07:29,0.00120020,142.03000000
2018-02-23 21:07:29,0.00120020,575.47000000
2018-02-23 21:07:30,0.00120280,16.62000000
2018-02-23 21:07:30,0.00120290,3.38000000
2018-02-23 21:07:31,0.00120220,80.92000000
2018-02-23 21:07:33,0.00120250,5.77000000
2018-02-23 21:07:33,0.00120260,42.56000000
2018-02-23 21:07:33,0.00120260,17.31000000
2018-02-23 21:07:33,0.00120270,10.48000000
2018-02-23 21:07:33,0.00120280,4.02000000
2018-02-23 21:07:33,0.00120300,13.41000000
2018-02-23 21:07:36,0.00120210,45.82000000
2018-02-23 21:07:36,0.00120210,0.92000000
2018-02-23 21:07:37,0.00120210,6.69000000
2018-02-23 21:07:37,0.00120300,4.12000000
2018-02-23 21:07:37,0.00120260,8.97000000
2018-02-23 21:07:38,0.00120260,33.20000000
2018-02-23 21:07:38,0.00120210,127.10000000
2018-02-23 21:07:38,0.00120200,2.53000000
2018-02-23 21:07:38,0.00120210,62.83000000
2018-02-23 21:07:39,0.00120210,310.59000000
2018-02-23 21:07:39,0.00120200,1.80000000
2018-02-23 21:07:39,0.00120210,11.63000000
2018-02-23 21:07:40,0.00120260,0.01000000
2018-02-23 21:07:40,0.00120260,0.99000000
2018-02-23 21:07:43,0.00120210,2.56000000
2018-02-23 21:07:43,0.00120230,3.36000000
2018-02-23 21:07:43,0.00120210,87.11000000
2018-02-23 21:07:45,0.00120210,88.82000000
2018-02-23 21:07:45,0.00120210,18.24000000
2018-02-23 21:07:45,0.00120280,3.36000000
2018-02-23 21:07:45,0.00120300,1.84000000
2018-02-23 21:07:45,0.00120290,6.97000000
2018-02-23 21:07:45,0.00120290,12.34000000
2018-02-23 21:07:45,0.00120280,39.09000000
2018-02-23 21:07:45,0.00120280,19.30000000
2018-02-23 21:07:46,0.00120280,24.94000000
2018-02-23 21:07:47,0.00120280,24.94000000
2018-02-23 21:07:47,0.00120280,24.94000000
2018-02-23 21:07:47,0.00120280,24.94000000
2018-02-23 21:07:47,0.00120280,10.25000000
2018-02-23 21:07:47,0.00120210,15.09000000
2018-02-23 21:07:48,0.00120250,12.11000000
2018-02-23 21:07:49,0.00120210,7.72000000
2018-02-23 21:07:50,0.00120300,5.34000000
2018-02-23 21:07:55,0.00120250,6.45000000
2018-02-23 21:07:55,0.00120300,8.62000000
2018-02-23 21:07:55,0.00120340,20.68000000
2018-02-23 21:07:55,0.00120380,1.41000000
2018-02-23 21:07:55,0.00120300,1.24000000
2018-02-23 21:07:57,0.00120380,0.25000000
2018-02-23 21:07:57,0.00120400,81.59000000
2018-02-23 21:08:01,0.00120400,561.92000000
2018-02-23 21:08:02,0.00120320,3.36000000
2018-02-23 21:08:02,0.00120380,2.08000000
2018-02-23 21:08:02,0.00120380,1.28000000
2018-02-23 21:08:02,0.00120400,180.99000000
2018-02-23 21:08:02,0.00120470,5.62000000
2018-02-23 21:08:02,0.00120500,69.06000000
2018-02-23 21:08:02,0.00120520,0.15000000
2018-02-23 21:08:02,0.00120330,87.41000000
2018-02-23 21:08:03,0.00120300,254.23000000
2018-02-23 21:08:06,0.00120270,3.36000000
2018-02-23 21:08:06,0.00120300,76.89000000
2018-02-23 21:08:07,0.00120300,2.08000000
2018-02-23 21:08:08,0.00120300,2.00000000
2018-02-23 21:08:09,0.00120260,100.00000000
2018-02-23 21:08:09,0.00120250,30.18000000
2018-02-23 21:08:09,0.00120230,3.36000000
2018-02-23 21:08:09,0.00120200,17.00000000
2018-02-23 21:08:09,0.00120110,16.65000000
2018-02-23 21:08:09,0.00120060,2.50000000
2018-02-23 21:08:09,0.00120030,4.15000000
2018-02-23 21:08:09,0.00120020,79.31000000
2018-02-23 21:08:09,0.00120000,54.86000000
2018-02-23 21:08:09,0.00120270,3.39000000
2018-02-23 21:08:10,0.00120030,3.36000000
2018-02-23 21:08:10,0.00120000,141.66000000
2018-02-23 21:08:11,0.00120200,1.43000000
2018-02-23 21:08:11,0.00120200,42.38000000
2018-02-23 21:08:12,0.00120260,10.00000000
2018-02-23 21:08:12,0.00120200,1.54000000
2018-02-23 21:08:12,0.00120000,0.56000000
2018-02-23 21:08:12,0.00120000,4.98000000
2018-02-23 21:08:14,0.00120010,1.67000000
2018-02-23 21:08:14,0.00120010,9.16000000
2018-02-23 21:08:14,0.00120000,67.51000000
2018-02-23 21:08:15,0.00120000,201.77000000
2018-02-23 21:08:15,0.00119960,6.09000000
2018-02-23 21:08:15,0.00119840,76.72000000
2018-02-23 21:08:15,0.00119620,15.33000000
2018-02-23 21:08:15,0.00119620,7.00000000
2018-02-23 21:08:16,0.00119900,160.02000000
2018-02-23 21:08:17,0.00119630,77.97000000
2018-02-23 21:08:17,0.00119900,20.00000000
2018-02-23 21:08:17,0.00119900,20.00000000
2018-02-23 21:08:17,0.00119630,19.12000000
2018-02-23 21:08:17,0.00119630,22.41000000
2018-02-23 21:08:18,0.00120200,17.98000000
2018-02-23 21:08:18,0.00120210,40.21000000
2018-02-23 21:08:19,0.00119670,2.53000000
2018-02-23 21:08:19,0.00120200,12.55000000
2018-02-23 21:08:20,0.00119670,7.33000000
2018-02-23 21:08:20,0.00119720,1.56000000
2018-02-23 21:08:21,0.00119730,4.23000000
2018-02-23 21:08:22,0.00120170,9.98000000
2018-02-23 21:08:24,0.00120070,18.60000000
2018-02-23 21:08:25,0.00120140,2.08000000
2018-02-23 21:08:26,0.00120030,5.88000000
2018-02-23 21:08:26,0.00120130,13.22000000
2018-02-23 21:08:26,0.00120140,48.78000000
2018-02-23 21:08:26,0.00120030,4.87000000
2018-02-23 21:08:26,0.00120030,5.00000000
2018-02-23 21:08:26,0.00120030,0.02000000
2018-02-23 21:08:27,0.00120030,4.27000000
2018-02-23 21:08:28,0.00120030,5.58000000
2018-02-23 21:08:28,0.00120150,5.58000000
2018-02-23 21:08:29,0.00120030,4.12000000
2018-02-23 21:08:29,0.00120030,7.04000000
2018-02-23 21:08:29,0.00120020,12.41000000
2018-02-23 21:08:29,0.00120000,1.28000000
2018-02-23 21:08:29,0.00119970,0.55000000
2018-02-23 21:08:30,0.00120000,8.78000000
2018-02-23 21:08:30,0.00120000,4.19000000
2018-02-23 21:08:30,0.00120000,50.00000000
2018-02-23 21:08:30,0.00120000,7.27000000
2018-02-23 21:08:31,0.00120030,1.19000000
2018-02-23 21:08:32,0.00120030,20.03000000
2018-02-23 21:08:32,0.00120070,134.53000000
2018-02-23 21:08:32,0.00120100,5.14000000
2018-02-23 21:08:33,0.00120000,2.11000000
2018-02-23 21:08:34,0.00120000,2.52000000
2018-02-23 21:08:35,0.00120020,3.36000000
2018-02-23 21:08:35,0.00120000,3.88000000
2018-02-23 21:08:36,0.00120000,1.00000000
2018-02-23 21:08:37,0.00120000,55.77000000
2018-02-23 21:08:37,0.00119970,2.75000000
2018-02-23 21:08:37,0.00119940,1.28000000
2018-02-23 21:08:37,0.00120000,14.56000000
2018-02-23 21:08:39,0.00119960,93.91000000
2018-02-23 21:08:40,0.00119940,0.39000000
2018-02-23 21:08:40,0.00119740,0.85000000
2018-02-23 21:08:42,0.00119760,2.95000000
2018-02-23 21:08:44,0.00119800,4.19000000
2018-02-23 21:08:44,0.00119970,7.10000000
2018-02-23 21:08:44,0.00119980,60.47000000
2018-02-23 21:08:44,0.00119990,6.07000000
2018-02-23 21:08:45,0.00119770,6.00000000
2018-02-23 21:08:45,0.00119770,21.57000000
2018-02-23 21:08:48,0.00119770,2.77000000
2018-02-23 21:08:48,0.00119780,27.57000000
2018-02-23 21:08:48,0.00119790,3.36000000
2018-02-23 21:08:48,0.00119990,125.47000000
2018-02-23 21:08:50,0.00119770,2.04000000
2018-02-23 21:08:51,0.00119980,10.00000000
2018-02-23 21:08:52,0.00119900,9.74000000
2018-02-23 21:08:53,0.00119970,0.21000000
2018-02-23 21:08:54,0.00119900,170.26000000
2018-02-23 21:08:55,0.00119970,1.26000000
2018-02-23 21:08:55,0.00119860,24.95000000
2018-02-23 21:08:56,0.00119780,9.22000000
2018-02-23 21:08:56,0.00119770,25.54000000
2018-02-23 21:08:56,0.00119750,1.76000000
2018-02-23 21:08:56,0.00119740,3.80000000
2018-02-23 21:08:56,0.00119720,1.00000000
2018-02-23 21:08:56,0.00119640,0.84000000
2018-02-23 21:09:00,0.00119890,25.00000000
2018-02-23 21:09:02,0.00119700,25.06000000
2018-02-23 21:09:03,0.00119710,16.70000000
2018-02-23 21:09:03,0.00119700,8.24000000
2018-02-23 21:09:03,0.00119890,77.78000000
2018-02-23 21:09:03,0.00119890,16.70000000
2018-02-23 21:09:03,0.00119890,21.01000000
2018-02-23 21:09:03,0.00119890,21.01000000
2018-02-23 21:09:03,0.00119890,47.88000000
2018-02-23 21:09:03,0.00119890,47.17000000
2018-02-23 21:09:03,0.00119890,25.02000000
2018-02-23 21:09:03,0.00119890,0.05000000
2018-02-23 21:09:03,0.00119890,41.73000000
2018-02-23 21:09:03,0.00119890,25.02000000
2018-02-23 21:09:03,0.00119890,2.00000000
2018-02-23 21:09:03,0.00119890,25.81000000
2018-02-23 21:09:03,0.00119890,20.97000000
2018-02-23 21:09:03,0.00119700,8.97000000
2018-02-23 21:09:03,0.00119700,7.73000000
2018-02-23 21:09:05,0.00119800,100.25000000
2018-02-23 21:09:07,0.00119740,7.90000000
2018-02-23 21:09:12,0.00119750,13.10000000
2018-02-23 21:09:12,0.00119750,10.03000000
2018-02-23 21:09:14,0.00119750,30.00000000
2018-02-23 21:09:15,0.00119750,92.76000000
2018-02-23 21:09:16,0.00119750,49.66000000
2018-02-23 21:09:16,0.00119750,11.34000000
2018-02-23 21:09:17,0.00119760,12.00000000
2018-02-23 21:09:19,0.00119810,31.44000000
2018-02-23 21:09:21,0.00119760,23.95000000
2018-02-23 21:09:26,0.00119770,5.00000000
2018-02-23 21:09:27,0.00119880,15.53000000
2018-02-23 21:09:29,0.00119810,25.02000000
2018-02-23 21:09:29,0.00119810,57.83000000
2018-02-23 21:09:29,0.00119790,25.02000000
2018-02-23 21:09:29,0.00119790,189.51000000
2018-02-23 21:09:29,0.00119770,29.43000000
2018-02-23 21:09:29,0.00119760,36.46000000
2018-02-23 21:09:33,0.00119790,6.70000000
2018-02-23 21:09:34,0.00119770,106.75000000
2018-02-23 21:09:36,0.00119760,51.27000000
2018-02-23 21:09:36,0.00119790,3.87000000
2018-02-23 21:09:37,0.00119760,21.60000000
2018-02-23 21:09:37,0.00119750,19.59000000
2018-02-23 21:09:37,0.00119730,273.37000000
2018-02-23 21:09:37,0.00119650,4.54000000
2018-02-23 21:09:39,0.00119660,27.96000000
2018-02-23 21:09:42,0.00119790,16.66000000
2018-02-23 21:09:42,0.00119790,31.94000000
2018-02-23 21:09:42,0.00119790,3.36000000
2018-02-23 21:09:42,0.00119790,9.85000000
2018-02-23 21:09:43,0.00119790,11.90000000
2018-02-23 21:09:43,0.00119790,48.70000000
2018-02-23 21:09:44,0.00119790,20.28000000
2018-02-23 21:09:47,0.00119750,83.95000000
2018-02-23 21:09:48,0.00119790,39.19000000
2018-02-23 21:09:48,0.00119800,35.29000000
2018-02-23 21:09:48,0.00119770,37.93000000
2018-02-23 21:09:49,0.00119800,92.82000000
2018-02-23 21:09:49,0.00119810,37.72000000
2018-02-23 21:09:50,0.00119810,24.82000000
2018-02-23 21:09:51,0.00119810,8.34000000
2018-02-23 21:09:52,0.00119800,2.00000000
2018-02-23 21:09:52,0.00119810,318.11000000
2018-02-23 21:09:57,0.00119790,1.00000000
2018-02-23 21:09:57,0.00119800,3.82000000
2018-02-23 21:09:57,0.00119810,44.78000000
2018-02-23 21:09:58,0.00119810,39.70000000
2018-02-23 21:09:59,0.00119810,18.03000000
2018-02-23 21:09:59,0.00119810,39.57000000
2018-02-23 21:10:00,0.00119810,5.91000000
2018-02-23 21:10:00,0.00119770,113.24000000
2018-02-23 21:10:04,0.00119760,51.97000000
2018-02-23 21:10:05,0.00119760,14.80000000
2018-02-23 21:10:08,0.00119750,10.79000000
2018-02-23 21:10:10,0.00119750,31.91000000
2018-02-23 21:10:10,0.00119760,21.69000000
2018-02-23 21:10:10,0.00119770,13.48000000
2018-02-23 21:10:12,0.00119750,2.62000000
2018-02-23 21:10:13,0.00119760,44.43000000
2018-02-23 21:10:14,0.00119770,42.33000000
2018-02-23 21:10:15,0.00119770,20.06000000
2018-02-23 21:10:18,0.00119770,23.13000000
2018-02-23 21:10:18,0.00119770,20.39000000
2018-02-23 21:10:18,0.00119770,36.52000000
2018-02-23 21:10:20,0.00119770,58.99000000
2018-02-23 21:10:20,0.00119760,224.04000000
2018-02-23 21:10:20,0.00119750,146.80000000
2018-02-23 21:10:22,0.00119730,26.54000000
2018-02-23 21:10:23,0.00119770,10.26000000
2018-02-23 21:10:25,0.00119730,8.02000000
2018-02-23 21:10:26,0.00119790,1.46000000
2018-02-23 21:10:26,0.00119770,10.43000000
2018-02-23 21:10:27,0.00119730,106.35000000
2018-02-23 21:10:27,0.00119700,25.00000000
2018-02-23 21:10:27,0.00119670,17.62000000
2018-02-23 21:10:27,0.00119660,1.48000000
2018-02-23 21:10:27,0.00119650,8.67000000
2018-02-23 21:10:28,0.00119790,1.10000000
2018-02-23 21:10:29,0.00119660,9.31000000
2018-02-23 21:10:29,0.00119650,14.64000000
2018-02-23 21:10:30,0.00119780,9.31000000
2018-02-23 21:10:30,0.00119790,259.33000000
2018-02-23 21:10:30,0.00119710,119.73000000
2018-02-23 21:10:31,0.00119650,309.00000000
2018-02-23 21:10:32,0.00119660,9.32000000
2018-02-23 21:10:32,0.00119650,41.12000000
2018-02-23 21:10:33,0.00119640,17.49000000
2018-02-23 21:10:34,0.00119650,75.94000000
2018-02-23 21:10:34,0.00119640,8.99000000
2018-02-23 21:10:36,0.00119640,0.33000000
2018-02-23 21:10:36,0.00119650,23.50000000
2018-02-23 21:10:36,0.00119630,13.24000000
2018-02-23 21:10:36,0.00119630,13.23000000
2018-02-23 21:10:37,0.00119630,124.84000000
2018-02-23 21:10:38,0.00119620,126.03000000
2018-02-23 21:10:38,0.00119610,198.93000000
2018-02-23 21:10:38,0.00119600,1315.06000000
2018-02-23 21:10:38,0.00119600,289.64000000
2018-02-23 21:10:38,0.00119630,5.00000000
2018-02-23 21:10:39,0.00119600,252.55000000
2018-02-23 21:10:39,0.00119600,493.05000000
2018-02-23 21:10:39,0.00119600,50.00000000
2018-02-23 21:10:39,0.00119600,1007.24000000
2018-02-23 21:10:39,0.00119600,1667.64000000
2018-02-23 21:10:39,0.00119600,256.15000000
2018-02-23 21:10:39,0.00119630,7.32000000
2018-02-23 21:10:39,0.00119630,83.54000000
2018-02-23 21:10:40,0.00119600,3036.92000000
2018-02-23 21:10:40,0.00119600,39.69000000
2018-02-23 21:10:40,0.00119600,213.57000000
2018-02-23 21:10:40,0.00119600,369.24000000
2018-02-23 21:10:40,0.00119560,4.18000000
2018-02-23 21:10:40,0.00119530,24.07000000
2018-02-23 21:10:40,0.00119530,25.93000000
2018-02-23 21:10:40,0.00119500,5.62000000
2018-02-23 21:10:40,0.00119500,349.50000000
2018-02-23 21:10:40,0.00119500,25.07000000
2018-02-23 21:10:40,0.00119460,3.13000000
2018-02-23 21:10:40,0.00119450,3.13000000
2018-02-23 21:10:41,0.00119440,119.26000000
2018-02-23 21:10:41,0.00119440,0.13000000
2018-02-23 21:10:41,0.00119500,24.97000000
2018-02-23 21:10:41,0.00119430,1.93000000
2018-02-23 21:10:41,0.00119380,5.06000000
2018-02-23 21:10:41,0.00119330,27.22000000
2018-02-23 21:10:41,0.00119320,9.80000000
2018-02-23 21:10:41,0.00119280,4.24000000
2018-02-23 21:10:41,0.00119270,1.15000000
2018-02-23 21:10:41,0.00119240,9.14000000
2018-02-23 21:10:41,0.00119210,3.46000000
2018-02-23 21:10:43,0.00119230,32.57000000
2018-02-23 21:10:43,0.00119220,50.33000000
2018-02-23 21:10:43,0.00119230,9.12000000
2018-02-23 21:10:43,0.00119370,1.19000000
2018-02-23 21:10:44,0.00119230,46.99000000
2018-02-23 21:10:44,0.00119220,16.87000000
2018-02-23 21:10:44,0.00119220,152.00000000
2018-02-23 21:10:44,0.00119210,21.54000000
2018-02-23 21:10:44,0.00119100,27.21000000
2018-02-23 21:10:44,0.00119090,7.14000000
2018-02-23 21:10:44,0.00119090,152.01000000
2018-02-23 21:10:44,0.00119090,152.01000000
2018-02-23 21:10:44,0.00119090,25.10000000
2018-02-23 21:10:44,0.00119090,24.13000000
2018-02-23 21:10:44,0.00119090,187.73000000
2018-02-23 21:10:44,0.00119090,448.24000000
2018-02-23 21:10:44,0.00119090,1.57000000
2018-02-23 21:10:44,0.00119090,5.01000000
2018-02-23 21:10:44,0.00119090,225.27000000
2018-02-23 21:10:44,0.00119090,64.58000000
2018-02-23 21:10:44,0.00119090,2.20000000
2018-02-23 21:10:44,0.00119160,22.80000000
2018-02-23 21:10:44,0.00119160,20.00000000
2018-02-23 21:10:44,0.00119220,0.01000000
2018-02-23 21:10:44,0.00119260,25.74000000
2018-02-23 21:10:45,0.00119080,1.76000000
2018-02-23 21:10:45,0.00119070,16.80000000
2018-02-23 21:10:45,0.00119030,8.83000000
2018-02-23 21:10:45,0.00119460,4.50000000
2018-02-23 21:10:45,0.00119030,3.05000000
2018-02-23 21:10:45,0.00119030,0.61000000
2018-02-23 21:10:45,0.00119010,2.44000000
2018-02-23 21:10:45,0.00119010,3.05000000
2018-02-23 21:10:45,0.00119460,12.20000000
2018-02-23 21:10:45,0.00119470,9.35000000
2018-02-23 21:10:45,0.00119500,54.60000000
2018-02-23 21:10:46,0.00119490,41.42000000
2018-02-23 21:10:46,0.00119230,20.00000000
2018-02-23 21:10:46,0.00119230,48.54000000
2018-02-23 21:10:47,0.00119480,5.01000000
2018-02-23 21:10:47,0.00119480,2.51000000
2018-02-23 21:10:47,0.00119350,50.92000000
2018-02-23 21:10:48,0.00119360,12.84000000
2018-02-23 21:10:49,0.00119360,4.22000000
2018-02-23 21:10:49,0.00119360,1.53000000
2018-02-23 21:10:51,0.00119440,6.70000000
2018-02-23 21:10:51,0.00119360,23.25000000
2018-02-23 21:10:51,0.00119240,16.77000000
2018-02-23 21:10:51,0.00119230,107.12000000
2018-02-23 21:10:51,0.00119220,75.70000000
2018-02-23 21:10:53,0.00119230,8.69000000
2018-02-23 21:10:53,0.00119220,60.31000000
2018-02-23 21:10:53,0.00119220,123.82000000
2018-02-23 21:10:54,0.00119350,8.37000000
2018-02-23 21:10:55,0.00119360,3.69000000
2018-02-23 21:10:55,0.00119420,4.67000000
2018-02-23 21:10:57,0.00119350,9.75000000
2018-02-23 21:10:58,0.00119250,0.05000000
2018-02-23 21:10:58,0.00119250,33.49000000
2018-02-23 21:10:58,0.00119250,100.12000000
2018-02-23 21:10:58,0.00119220,12.00000000
2018-02-23 21:10:59,0.00119340,2.49000000
2018-02-23 21:10:59,0.00119340,142.94000000
2018-02-23 21:10:59,0.00119350,255.69000000
2018-02-23 21:10:59,0.00119360,175.91000000
2018-02-23 21:10:59,0.00119420,12.10000000
2018-02-23 21:10:59,0.00119440,48.54000000
2018-02-23 21:10:59,0.00119470,276.79000000
2018-02-23 21:10:59,0.00119500,298.97000000
2018-02-23 21:10:59,0.00119640,22.96000000
2018-02-23 21:10:59,0.00119650,2.10000000
2018-02-23 21:11:00,0.00119250,291.27000000
2018-02-23 21:11:02,0.00119250,16.77000000
2018-02-23 21:11:02,0.00119240,29.25000000
2018-02-23 21:11:02,0.00119230,2.97000000
2018-02-23 21:11:03,0.00119240,19.97000000
2018-02-23 21:11:03,0.00119240,0.03000000
2018-02-23 21:11:03,0.00119340,20.00000000
2018-02-23 21:11:03,0.00119230,112.24000000
2018-02-23 21:11:03,0.00119220,47.41000000
2018-02-23 21:11:03,0.00119340,25.10000000
2018-02-23 21:11:03,0.00119340,81.12000000
2018-02-23 21:11:04,0.00119460,20.00000000
2018-02-23 21:11:04,0.00119470,12.22000000
2018-02-23 21:11:04,0.00119480,60.06000000
2018-02-23 21:11:06,0.00119460,27.31000000
2018-02-23 21:11:06,0.00119350,8.60000000
2018-02-23 21:11:06,0.00119340,0.08000000
2018-02-23 21:11:07,0.00119460,2.50000000
2018-02-23 21:11:07,0.00119460,82.43000000
2018-02-23 21:11:07,0.00119470,134.31000000
2018-02-23 21:11:07,0.00119500,124.97000000
2018-02-23 21:11:07,0.00119500,14.65000000
2018-02-23 21:11:09,0.00119590,27.06000000
2018-02-23 21:11:09,0.00119600,72.94000000
2018-02-23 21:11:09,0.00119500,45.02000000
2018-02-23 21:11:10,0.00119590,3.99000000
2018-02-23 21:11:10,0.00119500,4.25000000
2018-02-23 21:11:11,0.00119520,3.36000000
2018-02-23 21:11:11,0.00119500,1.50000000
2018-02-23 21:11:11,0.00119580,3.36000000
2018-02-23 21:11:11,0.00119600,32.83000000
2018-02-23 21:11:11,0.00119650,29.65000000
2018-02-23 21:11:13,0.00119650,8.36000000
2018-02-23 21:11:14,0.00119530,3.36000000
2018-02-23 21:11:14,0.00119630,3.36000000
2018-02-23 21:11:14,0.00119650,1.28000000
2018-02-23 21:11:15,0.00119510,7.75000000
2018-02-23 21:11:15,0.00119640,3.93000000
2018-02-23 21:11:15,0.00119510,23.24000000
2018-02-23 21:11:17,0.00119510,1.51000000
2018-02-23 21:11:17,0.00119530,3.36000000
2018-02-23 21:11:17,0.00119510,3.36000000
2018-02-23 21:11:18,0.00119510,80.25000000
2018-02-23 21:11:18,0.00119500,19.75000000
2018-02-23 21:11:19,0.00119610,3.36000000
2018-02-23 21:11:19,0.00119630,0.64000000
2018-02-23 21:11:21,0.00119550,57.26000000
2018-02-23 21:11:21,0.00119610,7.85000000
2018-02-23 21:11:22,0.00119520,3.36000000
2018-02-23 21:11:22,0.00119500,5.64000000
2018-02-23 21:11:24,0.00119590,3.36000000
2018-02-23 21:11:24,0.00119610,35.64000000
2018-02-23 21:11:25,0.00119500,30.00000000
2018-02-23 21:11:26,0.00119520,3.36000000
2018-02-23 21:11:26,0.00119500,199.14000000
2018-02-23 21:11:26,0.00119500,1.91000000
2018-02-23 21:11:29,0.00119520,8.05000000
2018-02-23 21:11:29,0.00119500,9.51000000
2018-02-23 21:11:34,0.00119500,41.84000000
2018-02-23 21:11:34,0.00119500,2.40000000
2018-02-23 21:11:37,0.00119500,3.69000000
2018-02-23 21:11:37,0.00119520,132.57000000
2018-02-23 21:11:42,0.00119500,319.15000000
2018-02-23 21:11:42,0.00119560,8.61000000
2018-02-23 21:11:42,0.00119570,0.92000000
2018-02-23 21:11:43,0.00119500,4.59000000
2018-02-23 21:11:47,0.00119510,71.62000000
2018-02-23 21:11:47,0.00119500,319.77000000
2018-02-23 21:11:50,0.00119570,3.15000000
2018-02-23 21:11:51,0.00119520,24.33000000
2018-02-23 21:11:51,0.00119500,556.77000000
2018-02-23 21:11:53,0.00119500,308.08000000
2018-02-23 21:11:54,0.00119500,9.55000000
2018-02-23 21:11:56,0.00119530,63.76000000
2018-02-23 21:11:58,0.00119520,13.13000000
2018-02-23 21:11:58,0.00119510,138.25000000
2018-02-23 21:12:00,0.00119510,49.74000000
2018-02-23 21:12:01,0.00119510,100.00000000
2018-02-23 21:12:01,0.00119510,741.45000000
2018-02-23 21:12:06,0.00119510,120.72000000
2018-02-23 21:12:08,0.00119500,4.58000000
2018-02-23 21:12:08,0.00119460,4.58000000
2018-02-23 21:12:08,0.00119510,139.06000000
2018-02-23 21:12:08,0.00119460,4.58000000
2018-02-23 21:12:08,0.00119460,13.55000000
2018-02-23 21:12:09,0.00119510,0.24000000
2018-02-23 21:12:09,0.00119510,9.69000000
2018-02-23 21:12:09,0.00119460,0.30000000
2018-02-23 21:12:12,0.00119510,34.33000000
2018-02-23 21:12:12,0.00119500,3.40000000
2018-02-23 21:12:12,0.00119500,25.07000000
2018-02-23 21:12:12,0.00119500,24.92000000
2018-02-23 21:12:12,0.00119500,17.79000000
2018-02-23 21:12:12,0.00119500,0.10000000
2018-02-23 21:12:12,0.00119530,46.41000000
2018-02-23 21:12:12,0.00119570,36.76000000
2018-02-23 21:12:12,0.00119570,25.07000000
2018-02-23 21:12:12,0.00119570,32.25000000
2018-02-23 21:12:12,0.00119570,25.07000000
2018-02-23 21:12:13,0.00119550,25.07000000
2018-02-23 21:12:13,0.00119550,40.00000000
2018-02-23 21:12:13,0.00119550,12.87000000
2018-02-23 21:12:13,0.00119550,25.07000000
2018-02-23 21:12:13,0.00119550,25.07000000
2018-02-23 21:12:13,0.00119550,25.07000000
2018-02-23 21:12:13,0.00119550,41.82000000
2018-02-23 21:12:13,0.00119510,19.69000000
2018-02-23 21:12:13,0.00119550,5.38000000
2018-02-23 21:12:13,0.00119550,25.07000000
2018-02-23 21:12:13,0.00119550,83.38000000
2018-02-23 21:12:13,0.00119550,37.95000000
2018-02-23 21:12:13,0.00119550,6.32000000
2018-02-23 21:12:13,0.00119550,127.24000000
2018-02-23 21:12:13,0.00119550,4.82000000
2018-02-23 21:12:14,0.00119510,4.82000000
2018-02-23 21:12:14,0.00119550,2.26000000
2018-02-23 21:12:15,0.00119510,14.87000000
2018-02-23 21:12:17,0.00119480,3.36000000
2018-02-23 21:12:17,0.00119460,41.23000000
2018-02-23 21:12:17,0.00119360,0.94000000
2018-02-23 21:12:17,0.00119350,8.76000000
2018-02-23 21:12:17,0.00119340,12.75000000
2018-02-23 21:12:19,0.00119510,19.46000000
2018-02-23 21:12:19,0.00119550,251.72000000
2018-02-23 21:12:22,0.00119380,3.36000000
2018-02-23 21:12:22,0.00119360,9.68000000
2018-02-23 21:12:23,0.00119370,70.25000000
2018-02-23 21:12:27,0.00119370,38.99000000
2018-02-23 21:12:27,0.00119380,47.58000000
2018-02-23 21:12:27,0.00119380,7.31000000
2018-02-23 21:12:27,0.00119370,0.33000000
2018-02-23 21:12:27,0.00119380,7.31000000
2018-02-23 21:12:27,0.00119380,7.33000000
2018-02-23 21:12:27,0.00119370,7.31000000
2018-02-23 21:12:28,0.00119370,23.62000000
2018-02-23 21:12:28,0.00119340,62.21000000
2018-02-23 21:12:28,0.00119250,14.14000000
2018-02-23 21:12:29,0.00119380,229.50000000
2018-02-23 21:12:30,0.00119380,9.56000000
2018-02-23 21:12:31,0.00119380,8.37000000
2018-02-23 21:12:31,0.00119370,4.18000000
2018-02-23 21:12:31,0.00119370,108.24000000
2018-02-23 21:12:31,0.00119380,36.76000000
2018-02-23 21:12:32,0.00119270,3.36000000
2018-02-23 21:12:32,0.00119250,19.89000000
2018-02-23 21:12:34,0.00119250,18.15000000
2018-02-23 21:12:34,0.00119230,31.87000000
2018-02-23 21:12:34,0.00119220,348.76000000
2018-02-23 21:12:34,0.00119200,11.63000000
2018-02-23 21:12:34,0.00119100,310.62000000
2018-02-23 21:12:34,0.00119010,67.99000000
2018-02-23 21:12:34,0.00119000,359.74000000
2018-02-23 21:12:34,0.00118970,2.10000000
2018-02-23 21:12:34,0.00118900,277.35000000
2018-02-23 21:12:35,0.00118900,45.00000000
2018-02-23 21:12:36,0.00119340,8.76000000
2018-02-23 21:12:36,0.00119330,20.00000000
2018-02-23 21:12:38,0.00119180,5.71000000
2018-02-23 21:12:38,0.00119020,86.22000000
2018-02-23 21:12:38,0.00119020,21.10000000
2018-02-23 21:12:39,0.00119020,36.81000000
2018-02-23 21:12:39,0.00118930,17.19000000
2018-02-23 21:12:39,0.00119270,29.35000000
2018-02-23 21:12:39,0.00119280,7.17000000
2018-02-23 21:12:40,0.00119250,71.76000000
2018-02-23 21:12:40,0.00119260,100.00000000
2018-02-23 21:12:40,0.00119280,8.78000000
2018-02-23 21:12:41,0.00119270,9.94000000
2018-02-23 21:12:41,0.00119360,3.36000000
2018-02-23 21:12:45,0.00119270,10.06000000
2018-02-23 21:12:45,0.00119260,58.14000000
2018-02-23 21:12:45,0.00119360,17.47000000
2018-02-23 21:12:47,0.00119360,0.01000000
2018-02-23 21:12:47,0.00119260,9.99000000
2018-02-23 21:12:48,0.00119380,3.00000000
2018-02-23 21:12:51,0.00119300,76.74000000
2018-02-23 21:12:51,0.00119280,3.36000000
2018-02-23 21:12:51,0.00119260,153.60000000
2018-02-23 21:12:51,0.00119260,50.07000000
2018-02-23 21:12:51,0.00119330,3.36000000
2018-02-23 21:12:51,0.00119350,6.45000000
2018-02-23 21:12:53,0.00119260,5.39000000
2018-02-23 21:12:53,0.00119250,3.49000000
2018-02-23 21:12:53,0.00119250,41.36000000
2018-02-23 21:12:53,0.00119260,10.78000000
2018-02-23 21:12:54,0.00119080,1.00000000
2018-02-23 21:12:54,0.00119340,3.28000000
2018-02-23 21:12:56,0.00119330,1.68000000
2018-02-23 21:12:57,0.00119120,44.95000000
2018-02-23 21:12:57,0.00119340,47.10000000
2018-02-23 21:12:57,0.00119350,70.31000000
2018-02-23 21:12:58,0.00119360,9.75000000
2018-02-23 21:12:58,0.00119370,8.37000000
2018-02-23 21:12:58,0.00119360,18.32000000
2018-02-23 21:12:59,0.00119380,5.00000000
2018-02-23 21:12:59,0.00119260,7.00000000
2018-02-23 21:13:06,0.00119190,2.00000000
2018-02-23 21:13:07,0.00119220,5.34000000
2018-02-23 21:13:07,0.00119290,7.93000000
2018-02-23 21:13:09,0.00119310,2.00000000
2018-02-23 21:13:09,0.00119340,9.05000000
2018-02-23 21:13:11,0.00119270,12.66000000
2018-02-23 21:13:11,0.00119260,2.77000000
2018-02-23 21:13:11,0.00119340,16.04000000
2018-02-23 21:13:11,0.00119380,6.57000000
2018-02-23 21:13:14,0.00119380,7.82000000
2018-02-23 21:13:15,0.00119280,3.36000000
2018-02-23 21:13:16,0.00119260,25.72000000
2018-02-23 21:13:16,0.00119210,3.36000000
2018-02-23 21:13:16,0.00119140,3.36000000
2018-02-23 21:13:17,0.00119110,73.91000000
2018-02-23 21:13:18,0.00119100,18.36000000
2018-02-23 21:13:18,0.00119080,1.92000000
2018-02-23 21:13:18,0.00119020,1.02000000
2018-02-23 21:13:18,0.00119000,17.85000000
2018-02-23 21:13:19,0.00119010,9.43000000
2018-02-23 21:13:19,0.00119000,22.69000000
2018-02-23 21:13:19,0.00118950,20.82000000
2018-02-23 21:13:19,0.00118940,184.09000000
2018-02-23 21:13:19,0.00118930,31.80000000
2018-02-23 21:13:19,0.00118920,31.00000000
2018-02-23 21:13:19,0.00118900,649.54000000
2018-02-23 21:13:20,0.00119130,1.09000000
2018-02-23 21:13:21,0.00119030,3.40000000
2018-02-23 21:13:21,0.00119000,66.88000000
2018-02-23 21:13:21,0.00118900,229.63000000
2018-02-23 21:13:22,0.00119120,6.76000000
2018-02-23 21:13:22,0.00119130,8.34000000
2018-02-23 21:13:22,0.00119230,3.36000000
2018-02-23 21:13:22,0.00119320,3.36000000
2018-02-23 21:13:22,0.00119330,1.11000000
2018-02-23 21:13:22,0.00119360,6.72000000
2018-02-23 21:13:22,0.00119370,4.19000000
2018-02-23 21:13:22,0.00119380,125.70000000
2018-02-23 21:13:22,0.00118910,85.39000000
2018-02-23 21:13:22,0.00118900,35.06000000
2018-02-23 21:13:24,0.00118940,50.00000000
2018-02-23 21:13:24,0.00118930,13.20000000
2018-02-23 21:13:24,0.00118920,12.61000000
2018-02-23 21:13:24,0.00118910,16.92000000
2018-02-23 21:13:24,0.00118900,184.38000000
2018-02-23 21:13:26,0.00119120,20.00000000
2018-02-23 21:13:26,0.00119120,63.23000000
2018-02-23 21:13:26,0.00119120,3.02000000
2018-02-23 21:13:27,0.00118940,1417.72000000
2018-02-23 21:13:27,0.00118940,5.00000000
2018-02-23 21:13:28,0.00118940,42.17000000
2018-02-23 21:13:31,0.00118940,1617.02000000
2018-02-23 21:13:34,0.00119090,39.91000000
2018-02-23 21:13:35,0.00119100,96.07000000
2018-02-23 21:13:35,0.00119100,10.60000000
2018-02-23 21:13:35,0.00118980,3.40000000
2018-02-23 21:13:35,0.00118960,3.40000000
2018-02-23 21:13:35,0.00118950,4.20000000
2018-02-23 21:13:35,0.00118940,338.39000000
2018-02-23 21:13:36,0.00119070,3.40000000
2018-02-23 21:13:36,0.00119080,3.40000000
2018-02-23 21:13:36,0.00119110,25.17000000
2018-02-23 21:13:36,0.00119110,25.17000000
2018-02-23 21:13:36,0.00119110,15.05000000
2018-02-23 21:13:37,0.00119120,16.98000000
2018-02-23 21:13:37,0.00119130,41.06000000
2018-02-23 21:13:37,0.00119110,15.05000000
2018-02-23 21:13:37,0.00119120,21.30000000
2018-02-23 21:13:37,0.00119130,16.96000000
2018-02-23 21:13:38,0.00118970,3.40000000
2018-02-23 21:13:38,0.00118940,98.95000000
2018-02-23 21:13:38,0.00119090,3.40000000
2018-02-23 21:13:38,0.00119090,3.40000000
2018-02-23 21:13:41,0.00119130,892.01000000
2018-02-23 21:13:41,0.00119180,24.00000000
2018-02-23 21:13:41,0.00119200,45.34000000
