DATE,PRICE,VOLUME
2018-02-26 23:00:02,0.00133040,5.31000000
2018-02-26 23:00:02,0.00133090,3.30000000
2018-02-26 23:00:06,0.00133000,9.35000000
2018-02-26 23:00:06,0.00133090,3.34000000
2018-02-26 23:00:06,0.00133000,10.45000000
2018-02-26 23:00:06,0.00133000,10.00000000
2018-02-26 23:00:07,0.00133000,9.35000000
2018-02-26 23:00:07,0.00133000,28.68000000
2018-02-26 23:00:14,0.00133000,10.88000000
2018-02-26 23:00:14,0.00133000,2.18000000
2018-02-26 23:00:14,0.00132670,13.06000000
2018-02-26 23:00:14,0.00132680,5.32000000
2018-02-26 23:00:15,0.00133000,5.50000000
2018-02-26 23:00:15,0.00133000,0.01000000
2018-02-26 23:00:23,0.00132830,53.86000000
2018-02-26 23:00:37,0.00132760,393.12000000
2018-02-26 23:00:37,0.00132630,813.18000000
2018-02-26 23:00:37,0.00132630,1.43000000
2018-02-26 23:00:37,0.00132630,34.87000000
2018-02-26 23:00:38,0.00132630,4.62000000
2018-02-26 23:00:38,0.00132620,0.93000000
2018-02-26 23:00:38,0.00132620,6.67000000
2018-02-26 23:00:39,0.00132560,8.62000000
2018-02-26 23:00:41,0.00132630,7.74000000
2018-02-26 23:00:42,0.00132620,9.29000000
2018-02-26 23:00:42,0.00132630,5.74000000
2018-02-26 23:00:47,0.00132630,22.14000000
2018-02-26 23:00:48,0.00132630,91.65000000
2018-02-26 23:00:51,0.00132510,40.00000000
2018-02-26 23:00:51,0.00132500,19.08000000
2018-02-26 23:00:51,0.00132500,7.53000000
2018-02-26 23:00:52,0.00132500,2.08000000
2018-02-26 23:00:52,0.00132480,58.13000000
2018-02-26 23:00:53,0.00132500,17.26000000
2018-02-26 23:00:57,0.00132470,10.95000000
2018-02-26 23:00:58,0.00132410,17.62000000
2018-02-26 23:00:58,0.00132400,5.77000000
2018-02-26 23:00:59,0.00132470,26.32000000
2018-02-26 23:01:00,0.00132350,1.52000000
2018-02-26 23:01:00,0.00132340,3.00000000
2018-02-26 23:01:00,0.00132310,29.54000000
2018-02-26 23:01:00,0.00132300,1.86000000
2018-02-26 23:01:01,0.00132460,40.00000000
2018-02-26 23:01:02,0.00132460,40.00000000
2018-02-26 23:01:05,0.00132380,13.04000000
2018-02-26 23:01:05,0.00132300,98.14000000
2018-02-26 23:01:05,0.00132290,2.27000000
2018-02-26 23:01:05,0.00132270,7.49000000
2018-02-26 23:01:05,0.00132260,3.91000000
2018-02-26 23:01:05,0.00132250,276.48000000
2018-02-26 23:01:05,0.00132460,3.77000000
2018-02-26 23:01:05,0.00132350,12.89000000
2018-02-26 23:01:08,0.00132470,0.01000000
2018-02-26 23:01:08,0.00132600,20.26000000
2018-02-26 23:01:09,0.00132600,31.75000000
2018-02-26 23:01:10,0.00132600,4.66000000
2018-02-26 23:01:11,0.00132590,29.97000000
2018-02-26 23:01:11,0.00132600,19.64000000
2018-02-26 23:01:12,0.00132600,1.00000000
2018-02-26 23:01:12,0.00132600,12.65000000
2018-02-26 23:01:13,0.00132600,0.75000000
2018-02-26 23:01:14,0.00132320,1.66000000
2018-02-26 23:01:14,0.00132290,68.53000000
2018-02-26 23:01:14,0.00132250,105.66000000
2018-02-26 23:01:15,0.00132250,7.54000000
2018-02-26 23:01:15,0.00132250,7.54000000
2018-02-26 23:01:15,0.00132250,1.80000000
2018-02-26 23:01:15,0.00132200,3.78000000
2018-02-26 23:01:15,0.00132250,14.63000000
2018-02-26 23:01:15,0.00132250,137.38000000
2018-02-26 23:01:15,0.00132250,7.54000000
2018-02-26 23:01:15,0.00132250,7.54000000
2018-02-26 23:01:16,0.00132250,7.54000000
2018-02-26 23:01:16,0.00132250,1.41000000
2018-02-26 23:01:16,0.00132250,7.54000000
2018-02-26 23:01:16,0.00132250,4.40000000
2018-02-26 23:01:16,0.00132250,7.54000000
2018-02-26 23:01:16,0.00132250,7.54000000
2018-02-26 23:01:16,0.00132250,0.97000000
2018-02-26 23:01:16,0.00132250,7.54000000
2018-02-26 23:01:16,0.00132250,29.14000000
2018-02-26 23:01:16,0.00132250,7.54000000
2018-02-26 23:01:16,0.00132250,37.26000000
2018-02-26 23:01:16,0.00132250,7.54000000
2018-02-26 23:01:16,0.00132250,7.54000000
2018-02-26 23:01:16,0.00132250,71.48000000
2018-02-26 23:01:16,0.00132250,7.54000000
2018-02-26 23:01:16,0.00132170,7.54000000
2018-02-26 23:01:16,0.00132170,43.64000000
2018-02-26 23:01:16,0.00132170,11.21000000
2018-02-26 23:01:16,0.00132250,1.09000000
2018-02-26 23:01:16,0.00132250,7.54000000
2018-02-26 23:01:16,0.00132250,7.54000000
2018-02-26 23:01:16,0.00132170,2.54000000
2018-02-26 23:01:16,0.00132250,7.54000000
2018-02-26 23:01:16,0.00132250,7.54000000
2018-02-26 23:01:16,0.00132250,7.54000000
2018-02-26 23:01:17,0.00132250,7.54000000
2018-02-26 23:01:17,0.00132250,7.54000000
2018-02-26 23:01:17,0.00132250,41.31000000
2018-02-26 23:01:17,0.00132600,7.54000000
2018-02-26 23:01:17,0.00132600,5.01000000
2018-02-26 23:01:17,0.00132170,1.32000000
2018-02-26 23:01:18,0.00132180,50.00000000
2018-02-26 23:01:18,0.00132250,37.42000000
2018-02-26 23:01:20,0.00132190,1.53000000
2018-02-26 23:01:24,0.00132230,16.81000000
2018-02-26 23:01:24,0.00132220,9.30000000
2018-02-26 23:01:24,0.00132250,5.17000000
2018-02-26 23:01:24,0.00132250,2.89000000
2018-02-26 23:01:24,0.00132210,2.88000000
2018-02-26 23:01:24,0.00132210,0.91000000
2018-02-26 23:01:24,0.00132240,20.00000000
2018-02-26 23:01:24,0.00132250,28.41000000
2018-02-26 23:01:24,0.00132250,5.01000000
2018-02-26 23:01:25,0.00132240,2.79000000
2018-02-26 23:01:25,0.00132240,3.89000000
2018-02-26 23:01:25,0.00132250,5.01000000
2018-02-26 23:01:26,0.00132250,5.01000000
2018-02-26 23:01:26,0.00132250,5.01000000
2018-02-26 23:01:26,0.00132250,5.01000000
2018-02-26 23:01:27,0.00132250,5.01000000
2018-02-26 23:01:27,0.00132250,5.01000000
2018-02-26 23:01:28,0.00132250,5.01000000
2018-02-26 23:01:28,0.00132250,31.71000000
2018-02-26 23:01:28,0.00132250,5.01000000
2018-02-26 23:01:28,0.00132250,3.96000000
2018-02-26 23:01:29,0.00132200,5.82000000
2018-02-26 23:01:30,0.00132190,3.74000000
2018-02-26 23:01:30,0.00132180,17.16000000
2018-02-26 23:01:31,0.00132170,60.12000000
2018-02-26 23:01:31,0.00132100,8.95000000
2018-02-26 23:01:31,0.00132040,8.28000000
2018-02-26 23:01:31,0.00132020,15.34000000
2018-02-26 23:01:31,0.00132010,526.86000000
2018-02-26 23:01:31,0.00132010,38.14000000
2018-02-26 23:01:31,0.00132190,70.00000000
2018-02-26 23:01:31,0.00132190,18.54000000
2018-02-26 23:01:32,0.00132180,18.79000000
2018-02-26 23:01:33,0.00132170,0.72000000
2018-02-26 23:01:33,0.00132170,2.14000000
2018-02-26 23:01:34,0.00132170,0.93000000
2018-02-26 23:01:34,0.00132180,36.76000000
2018-02-26 23:01:34,0.00132010,6.55000000
2018-02-26 23:01:34,0.00132010,73.24000000
2018-02-26 23:01:34,0.00132000,127.63000000
2018-02-26 23:01:34,0.00132000,19.89000000
2018-02-26 23:01:34,0.00132010,6.50000000
2018-02-26 23:01:34,0.00132000,0.96000000
2018-02-26 23:01:35,0.00132180,45.40000000
2018-02-26 23:01:37,0.00132010,65.00000000
2018-02-26 23:01:37,0.00132010,3.80000000
2018-02-26 23:01:39,0.00132000,27.00000000
2018-02-26 23:01:39,0.00132000,434.93000000
2018-02-26 23:01:39,0.00132010,13.64000000
2018-02-26 23:01:40,0.00132010,3.82000000
2018-02-26 23:01:40,0.00132000,76.31000000
2018-02-26 23:01:40,0.00132000,320.22000000
2018-02-26 23:01:40,0.00131980,1.88000000
2018-02-26 23:01:40,0.00131930,3.76000000
2018-02-26 23:01:41,0.00132000,220.33000000
2018-02-26 23:01:41,0.00132010,7.99000000
2018-02-26 23:01:41,0.00132010,15.00000000
2018-02-26 23:01:41,0.00132010,125.35000000
2018-02-26 23:01:41,0.00132010,145.76000000
2018-02-26 23:01:41,0.00132010,104.46000000
2018-02-26 23:01:41,0.00132010,1.52000000
2018-02-26 23:01:42,0.00132010,7.58000000
2018-02-26 23:01:42,0.00132010,5.00000000
2018-02-26 23:01:43,0.00132010,3.56000000
2018-02-26 23:01:43,0.00131900,31.75000000
2018-02-26 23:01:43,0.00132010,65.90000000
2018-02-26 23:01:43,0.00132170,45.67000000
2018-02-26 23:01:44,0.00132170,20.00000000
2018-02-26 23:01:44,0.00131900,2.68000000
2018-02-26 23:01:44,0.00132170,2.79000000
2018-02-26 23:01:44,0.00132190,7.21000000
2018-02-26 23:01:45,0.00131900,1.04000000
2018-02-26 23:01:45,0.00131860,31.94000000
2018-02-26 23:01:45,0.00131850,1.55000000
2018-02-26 23:01:45,0.00131840,9.36000000
2018-02-26 23:01:45,0.00131830,3.79000000
2018-02-26 23:01:45,0.00131790,0.99000000
2018-02-26 23:01:45,0.00131770,57.59000000
2018-02-26 23:01:45,0.00131750,54.16000000
2018-02-26 23:01:45,0.00132010,81.37000000
2018-02-26 23:01:46,0.00132000,3.69000000
2018-02-26 23:01:47,0.00131750,37.19000000
2018-02-26 23:01:47,0.00131710,17.44000000
2018-02-26 23:01:47,0.00131700,2.32000000
2018-02-26 23:01:47,0.00131690,2.97000000
2018-02-26 23:01:47,0.00131670,1.59000000
2018-02-26 23:01:47,0.00131650,27.48000000
2018-02-26 23:01:47,0.00131640,1.00000000
2018-02-26 23:01:47,0.00131620,11.64000000
2018-02-26 23:01:47,0.00131570,8.06000000
2018-02-26 23:01:48,0.00131900,1.07000000
2018-02-26 23:01:48,0.00131900,12.48000000
2018-02-26 23:01:48,0.00131900,0.81000000
2018-02-26 23:01:49,0.00131900,3.80000000
2018-02-26 23:01:49,0.00131750,66.66000000
2018-02-26 23:01:50,0.00131620,1.01000000
2018-02-26 23:01:51,0.00131900,0.99000000
2018-02-26 23:01:51,0.00131900,15.06000000
2018-02-26 23:01:51,0.00131620,1.13000000
2018-02-26 23:01:51,0.00131570,4.87000000
2018-02-26 23:01:51,0.00131900,3.08000000
2018-02-26 23:01:55,0.00131830,3.03000000
2018-02-26 23:01:55,0.00131760,1.53000000
2018-02-26 23:01:55,0.00131600,2.43000000
2018-02-26 23:01:55,0.00131570,157.30000000
2018-02-26 23:01:55,0.00131880,17.40000000
2018-02-26 23:02:00,0.00131600,3.15000000
2018-02-26 23:02:00,0.00131580,68.70000000
2018-02-26 23:02:00,0.00131570,316.58000000
2018-02-26 23:02:00,0.00131560,3.76000000
2018-02-26 23:02:00,0.00131550,29.35000000
2018-02-26 23:02:00,0.00131500,693.98000000
2018-02-26 23:02:00,0.00131490,16.00000000
2018-02-26 23:02:00,0.00131460,8.40000000
2018-02-26 23:02:00,0.00131400,2.28000000
2018-02-26 23:02:00,0.00131390,6.36000000
2018-02-26 23:02:00,0.00131370,22.86000000
2018-02-26 23:02:00,0.00131350,6.09000000
2018-02-26 23:02:00,0.00131340,1.22000000
2018-02-26 23:02:00,0.00131300,93.38000000
2018-02-26 23:02:00,0.00131270,8.69000000
2018-02-26 23:02:00,0.00131250,8.39000000
2018-02-26 23:02:00,0.00131240,0.84000000
2018-02-26 23:02:00,0.00131230,89.64000000
2018-02-26 23:02:00,0.00131210,114.12000000
2018-02-26 23:02:00,0.00131200,1084.30000000
2018-02-26 23:02:00,0.00131150,3.41000000
2018-02-26 23:02:00,0.00131140,6.71000000
2018-02-26 23:02:00,0.00131080,11.69000000
2018-02-26 23:02:00,0.00131070,10.11000000
2018-02-26 23:02:00,0.00131060,84.43000000
2018-02-26 23:02:00,0.00131050,38.63000000
2018-02-26 23:02:00,0.00131040,8.98000000
2018-02-26 23:02:00,0.00131020,37.80000000
2018-02-26 23:02:00,0.00131010,97.36000000
2018-02-26 23:02:00,0.00131000,296.62000000
2018-02-26 23:02:00,0.00131000,16.30000000
2018-02-26 23:02:00,0.00131280,6.00000000
2018-02-26 23:02:00,0.00131370,4.00000000
2018-02-26 23:02:00,0.00131500,24.48000000
2018-02-26 23:02:00,0.00131870,3.79000000
2018-02-26 23:02:00,0.00131880,6.17000000
2018-02-26 23:02:00,0.00131700,6.04000000
2018-02-26 23:02:00,0.00131600,3.81000000
2018-02-26 23:02:00,0.00131700,2.94000000
2018-02-26 23:02:00,0.00131880,2.93000000
2018-02-26 23:02:01,0.00131880,44.10000000
2018-02-26 23:02:02,0.00131870,9.91000000
2018-02-26 23:02:02,0.00131870,19.10000000
2018-02-26 23:02:04,0.00131880,14.75000000
2018-02-26 23:02:04,0.00131900,91.21000000
2018-02-26 23:02:04,0.00131960,0.49000000
2018-02-26 23:02:05,0.00131840,21.43000000
2018-02-26 23:02:09,0.00131990,1.88000000
2018-02-26 23:02:10,0.00131990,29.23000000
2018-02-26 23:02:11,0.00132000,31.73000000
2018-02-26 23:02:12,0.00131990,4.02000000
2018-02-26 23:02:13,0.00131990,4.32000000
2018-02-26 23:02:14,0.00131990,10.00000000
2018-02-26 23:02:15,0.00131990,61.90000000
2018-02-26 23:02:18,0.00131850,70.93000000
2018-02-26 23:02:20,0.00131950,3.80000000
2018-02-26 23:02:21,0.00131760,7.60000000
2018-02-26 23:02:21,0.00131730,3.29000000
2018-02-26 23:02:22,0.00131700,0.23000000
2018-02-26 23:02:22,0.00131700,5.65000000
2018-02-26 23:02:23,0.00131670,4.01000000
2018-02-26 23:02:23,0.00131620,1.51000000
2018-02-26 23:02:24,0.00131960,7.60000000
2018-02-26 23:02:24,0.00131980,68.64000000
2018-02-26 23:02:24,0.00131990,121.81000000
2018-02-26 23:02:27,0.00131960,74.31000000
2018-02-26 23:02:27,0.00131960,10.35000000
2018-02-26 23:02:28,0.00131860,2.43000000
2018-02-26 23:02:29,0.00131820,25.69000000
2018-02-26 23:02:29,0.00131700,7.60000000
2018-02-26 23:02:29,0.00131660,76.34000000
2018-02-26 23:02:30,0.00131540,3.42000000
2018-02-26 23:02:32,0.00131900,21.51000000
2018-02-26 23:02:34,0.00131590,4.32000000
2018-02-26 23:02:37,0.00131900,1.90000000
2018-02-26 23:02:37,0.00131900,76.40000000
2018-02-26 23:02:38,0.00131930,7.55000000
2018-02-26 23:02:38,0.00131930,7.55000000
2018-02-26 23:02:38,0.00131930,3.26000000
2018-02-26 23:02:38,0.00131930,3.25000000
2018-02-26 23:02:40,0.00131620,3.29000000
2018-02-26 23:02:40,0.00131600,7.58000000
2018-02-26 23:02:40,0.00131590,1.75000000
2018-02-26 23:02:40,0.00131550,88.57000000
2018-02-26 23:02:41,0.00131900,38.32000000
2018-02-26 23:02:45,0.00131900,3.03000000
2018-02-26 23:02:45,0.00131900,3.03000000
2018-02-26 23:02:46,0.00131900,30.78000000
2018-02-26 23:02:46,0.00131900,116.27000000
2018-02-26 23:02:47,0.00131740,75.10000000
2018-02-26 23:02:49,0.00131600,8.56000000
2018-02-26 23:02:51,0.00131890,2.85000000
2018-02-26 23:02:51,0.00131890,2.45000000
2018-02-26 23:02:51,0.00131900,0.24000000
2018-02-26 23:02:55,0.00131890,2.04000000
2018-02-26 23:02:55,0.00131890,4.21000000
2018-02-26 23:02:57,0.00131600,18.06000000
2018-02-26 23:02:57,0.00131590,2.39000000
2018-02-26 23:02:57,0.00131590,1.40000000
2018-02-26 23:02:58,0.00131590,4.44000000
2018-02-26 23:02:58,0.00131590,6.86000000
2018-02-26 23:02:58,0.00131590,6.86000000
2018-02-26 23:02:59,0.00131590,84.46000000
2018-02-26 23:02:59,0.00131590,14.66000000
2018-02-26 23:03:00,0.00131590,153.15000000
2018-02-26 23:03:00,0.00131590,369.45000000
2018-02-26 23:03:00,0.00131590,11.00000000
2018-02-26 23:03:01,0.00131590,203.01000000
2018-02-26 23:03:02,0.00131590,3.28000000
2018-02-26 23:03:02,0.00131590,20.00000000
2018-02-26 23:03:03,0.00131590,0.91000000
2018-02-26 23:03:03,0.00131590,5.31000000
2018-02-26 23:03:03,0.00131590,1.27000000
2018-02-26 23:03:03,0.00131590,49.96000000
2018-02-26 23:03:04,0.00131590,66.84000000
2018-02-26 23:03:04,0.00131590,0.27000000
2018-02-26 23:03:04,0.00131590,1.27000000
2018-02-26 23:03:04,0.00131590,1.27000000
2018-02-26 23:03:04,0.00131590,3.32000000
2018-02-26 23:03:05,0.00131600,0.01000000
2018-02-26 23:03:05,0.00131600,1.90000000
2018-02-26 23:03:06,0.00131600,18.67000000
2018-02-26 23:03:07,0.00131590,85.92000000
2018-02-26 23:03:09,0.00131740,29.87000000
2018-02-26 23:03:09,0.00131880,1.86000000
2018-02-26 23:03:09,0.00131880,2.98000000
2018-02-26 23:03:11,0.00131880,1.44000000
2018-02-26 23:03:11,0.00131880,1.90000000
2018-02-26 23:03:12,0.00131880,2.16000000
2018-02-26 23:03:12,0.00131620,2.63000000
2018-02-26 23:03:13,0.00131880,1.83000000
2018-02-26 23:03:13,0.00131880,108.79000000
2018-02-26 23:03:13,0.00131880,86.12000000
2018-02-26 23:03:14,0.00131880,15.91000000
2018-02-26 23:03:14,0.00131900,3.79000000
2018-02-26 23:03:14,0.00131900,24.98000000
2018-02-26 23:03:14,0.00131900,38.00000000
2018-02-26 23:03:14,0.00131900,72.04000000
2018-02-26 23:03:15,0.00131900,113.68000000
2018-02-26 23:03:17,0.00131940,15.20000000
2018-02-26 23:03:18,0.00131940,0.18000000
2018-02-26 23:03:19,0.00131930,104.28000000
2018-02-26 23:03:19,0.00131990,30.86000000
2018-02-26 23:03:19,0.00132000,104.06000000
2018-02-26 23:03:19,0.00132000,1.92000000
2018-02-26 23:03:19,0.00132000,18.81000000
2018-02-26 23:03:19,0.00132120,9.08000000
2018-02-26 23:03:20,0.00132000,41.73000000
2018-02-26 23:03:20,0.00132020,7.60000000
2018-02-26 23:03:20,0.00132000,222.14000000
2018-02-26 23:03:20,0.00132000,89.15000000
2018-02-26 23:03:22,0.00132200,0.76000000
2018-02-26 23:03:23,0.00132200,6.84000000
2018-02-26 23:03:24,0.00132200,48.02000000
2018-02-26 23:03:24,0.00132200,1.00000000
2018-02-26 23:03:24,0.00132200,1.66000000
2018-02-26 23:03:25,0.00132200,30.21000000
2018-02-26 23:03:25,0.00132240,39.59000000
2018-02-26 23:03:25,0.00132260,3.78000000
2018-02-26 23:03:25,0.00132310,125.35000000
2018-02-26 23:03:25,0.00132310,3.03000000
2018-02-26 23:03:25,0.00132320,2.28000000
2018-02-26 23:03:26,0.00132400,79.37000000
2018-02-26 23:03:27,0.00132500,2.26000000
2018-02-26 23:03:28,0.00132500,2.11000000
2018-02-26 23:03:28,0.00132500,1.89000000
2018-02-26 23:03:28,0.00132500,3.02000000
2018-02-26 23:03:28,0.00132500,1.63000000
2018-02-26 23:03:29,0.00132500,0.82000000
2018-02-26 23:03:29,0.00132500,3.41000000
2018-02-26 23:03:29,0.00132580,0.91000000
2018-02-26 23:03:30,0.00132500,2.20000000
2018-02-26 23:03:32,0.00132500,0.82000000
2018-02-26 23:03:33,0.00132500,1.75000000
2018-02-26 23:03:33,0.00132580,1.38000000
2018-02-26 23:03:33,0.00132590,12.87000000
2018-02-26 23:03:33,0.00132630,134.13000000
2018-02-26 23:03:34,0.00132630,40.21000000
2018-02-26 23:03:37,0.00132630,0.01000000
2018-02-26 23:03:37,0.00132500,3.60000000
2018-02-26 23:03:37,0.00132640,1.88000000
2018-02-26 23:03:38,0.00132640,1.88000000
2018-02-26 23:03:40,0.00132530,1.30000000
2018-02-26 23:03:42,0.00132630,6.05000000
2018-02-26 23:03:42,0.00132640,0.28000000
2018-02-26 23:03:44,0.00132580,34.13000000
2018-02-26 23:03:45,0.00132640,5.06000000
2018-02-26 23:03:45,0.00132640,1.00000000
2018-02-26 23:03:45,0.00132670,6.50000000
2018-02-26 23:03:45,0.00132720,2.20000000
2018-02-26 23:03:45,0.00132720,10.92000000
2018-02-26 23:03:45,0.00132720,2.03000000
2018-02-26 23:03:46,0.00132720,1.62000000
2018-02-26 23:03:46,0.00132720,1.16000000
2018-02-26 23:03:47,0.00132860,2.63000000
2018-02-26 23:03:47,0.00132720,0.02000000
2018-02-26 23:03:47,0.00132640,1.22000000
2018-02-26 23:03:48,0.00132670,1.51000000
2018-02-26 23:03:48,0.00132680,7.00000000
2018-02-26 23:03:49,0.00132680,0.60000000
2018-02-26 23:03:49,0.00132670,4.40000000
2018-02-26 23:03:50,0.00132670,32.34000000
2018-02-26 23:03:51,0.00132680,5.00000000
2018-02-26 23:03:52,0.00132720,7.53000000
2018-02-26 23:03:54,0.00132720,0.56000000
2018-02-26 23:03:55,0.00132700,4.84000000
2018-02-26 23:03:55,0.00132700,5.00000000
2018-02-26 23:03:55,0.00132700,9.62000000
2018-02-26 23:03:55,0.00132700,1.92000000
2018-02-26 23:03:55,0.00132720,2.52000000
2018-02-26 23:03:55,0.00132670,7.46000000
2018-02-26 23:03:55,0.00132670,2.02000000
2018-02-26 23:03:57,0.00132720,1.81000000
2018-02-26 23:03:57,0.00132670,5.45000000
2018-02-26 23:03:57,0.00132640,7.53000000
2018-02-26 23:03:57,0.00132650,4.54000000
2018-02-26 23:03:57,0.00132690,79.09000000
2018-02-26 23:03:58,0.00132640,7.53000000
2018-02-26 23:03:58,0.00132640,1.38000000
2018-02-26 23:03:58,0.00132640,1.32000000
2018-02-26 23:03:58,0.00132530,3.00000000
2018-02-26 23:03:58,0.00132640,1.45000000
2018-02-26 23:03:58,0.00132690,0.43000000
2018-02-26 23:03:58,0.00132530,42.21000000
2018-02-26 23:03:59,0.00132530,44.47000000
2018-02-26 23:03:59,0.00132500,268.33000000
2018-02-26 23:03:59,0.00132380,3.80000000
2018-02-26 23:03:59,0.00132320,2.00000000
2018-02-26 23:04:04,0.00132100,10.00000000
2018-02-26 23:04:06,0.00132670,2.71000000
2018-02-26 23:04:06,0.00132320,4.49000000
2018-02-26 23:04:06,0.00132320,98.15000000
2018-02-26 23:04:07,0.00132100,85.92000000
2018-02-26 23:04:08,0.00132490,10.00000000
2018-02-26 23:04:08,0.00132500,77.57000000
2018-02-26 23:04:08,0.00132660,3.80000000
2018-02-26 23:04:08,0.00132670,26.22000000
2018-02-26 23:04:08,0.00132690,83.20000000
2018-02-26 23:04:08,0.00132720,172.61000000
2018-02-26 23:04:08,0.00132830,7.60000000
2018-02-26 23:04:08,0.00132830,7.52000000
2018-02-26 23:04:08,0.00132830,1.24000000
2018-02-26 23:04:08,0.00132830,2.06000000
2018-02-26 23:04:08,0.00132860,4.14000000
2018-02-26 23:04:08,0.00132910,13.62000000
2018-02-26 23:04:08,0.00132930,6.09000000
2018-02-26 23:04:08,0.00132940,16.00000000
2018-02-26 23:04:09,0.00132830,92.61000000
2018-02-26 23:04:10,0.00133000,21.25000000
2018-02-26 23:04:11,0.00133000,10.08000000
2018-02-26 23:04:13,0.00132830,1.08000000
2018-02-26 23:04:13,0.00133000,15.26000000
2018-02-26 23:04:14,0.00133000,1.88000000
2018-02-26 23:04:14,0.00133000,15.38000000
2018-02-26 23:04:15,0.00133000,1.88000000
2018-02-26 23:04:16,0.00133000,3.39000000
2018-02-26 23:04:16,0.00133000,0.54000000
2018-02-26 23:04:17,0.00133050,8.56000000
2018-02-26 23:04:17,0.00133050,52.56000000
2018-02-26 23:04:17,0.00133060,100.49000000
2018-02-26 23:04:19,0.00133070,38.40000000
2018-02-26 23:04:19,0.00133090,363.63000000
2018-02-26 23:04:20,0.00133060,181.57000000
2018-02-26 23:04:20,0.00133090,98.13000000
2018-02-26 23:04:21,0.00133090,121.11000000
2018-02-26 23:04:21,0.00133060,70.00000000
2018-02-26 23:04:23,0.00133090,353.58000000
2018-02-26 23:04:23,0.00133090,24.09000000
2018-02-26 23:04:23,0.00133090,20.00000000
2018-02-26 23:04:23,0.00133090,5.00000000
2018-02-26 23:04:24,0.00133090,1.83000000
2018-02-26 23:04:24,0.00133100,32.35000000
2018-02-26 23:04:24,0.00133120,1.00000000
2018-02-26 23:04:24,0.00133130,3.78000000
2018-02-26 23:04:25,0.00133090,1.30000000
2018-02-26 23:04:25,0.00133090,9.46000000
2018-02-26 23:04:26,0.00133140,0.83000000
2018-02-26 23:04:26,0.00133090,228.32000000
2018-02-26 23:04:26,0.00133090,5.00000000
2018-02-26 23:04:27,0.00133090,13.52000000
2018-02-26 23:04:27,0.00133090,108.65000000
2018-02-26 23:04:27,0.00133090,5.00000000
2018-02-26 23:04:30,0.00133060,74.40000000
2018-02-26 23:04:30,0.00133190,3.00000000
2018-02-26 23:04:31,0.00133060,268.13000000
2018-02-26 23:04:32,0.00133060,17.18000000
2018-02-26 23:04:32,0.00133190,2.23000000
2018-02-26 23:04:33,0.00133190,200.42000000
2018-02-26 23:04:34,0.00133060,24.00000000
2018-02-26 23:04:35,0.00133090,87.90000000
2018-02-26 23:04:36,0.00133090,5.00000000
2018-02-26 23:04:37,0.00133200,323.52000000
2018-02-26 23:04:37,0.00133090,4.48000000
2018-02-26 23:04:37,0.00133090,8.56000000
2018-02-26 23:04:39,0.00133090,3.28000000
2018-02-26 23:04:39,0.00133090,4.48000000
2018-02-26 23:04:41,0.00133190,65.28000000
2018-02-26 23:04:42,0.00133190,69.74000000
2018-02-26 23:04:42,0.00133220,2.27000000
2018-02-26 23:04:42,0.00133260,8.67000000
2018-02-26 23:04:42,0.00133260,3.43000000
2018-02-26 23:04:44,0.00133200,4.67000000
2018-02-26 23:04:44,0.00133200,4.67000000
2018-02-26 23:04:44,0.00133200,8.00000000
2018-02-26 23:04:45,0.00133200,16.89000000
2018-02-26 23:04:45,0.00133200,0.84000000
2018-02-26 23:04:45,0.00133100,18.09000000
2018-02-26 23:04:45,0.00133090,404.09000000
2018-02-26 23:04:45,0.00133060,15.67000000
2018-02-26 23:04:45,0.00132890,0.79000000
2018-02-26 23:04:45,0.00132880,270.64000000
2018-02-26 23:04:45,0.00132850,3.76000000
2018-02-26 23:04:45,0.00133260,154.65000000
2018-02-26 23:04:46,0.00133260,6.21000000
2018-02-26 23:04:46,0.00133260,1.30000000
2018-02-26 23:04:46,0.00133260,1.30000000
2018-02-26 23:04:46,0.00133260,1.30000000
2018-02-26 23:04:46,0.00133260,65.70000000
2018-02-26 23:04:46,0.00132910,7.60000000
2018-02-26 23:04:46,0.00132650,260.84000000
2018-02-26 23:04:46,0.00132580,3.01000000
2018-02-26 23:04:46,0.00132270,0.83000000
2018-02-26 23:04:46,0.00132160,75.66000000
2018-02-26 23:04:46,0.00132100,2.44000000
2018-02-26 23:04:46,0.00132000,138.20000000
2018-02-26 23:04:47,0.00132020,2.44000000
2018-02-26 23:04:47,0.00132090,7.24000000
2018-02-26 23:04:48,0.00132130,15.50000000
2018-02-26 23:04:49,0.00132810,20.00000000
2018-02-26 23:04:49,0.00132820,2.00000000
2018-02-26 23:04:49,0.00133000,27.96000000
2018-02-26 23:04:52,0.00132210,40.00000000
2018-02-26 23:04:52,0.00132190,52.71000000
2018-02-26 23:04:53,0.00132900,37.75000000
2018-02-26 23:04:53,0.00132900,25.03000000
2018-02-26 23:04:54,0.00132560,42.67000000
2018-02-26 23:04:59,0.00132570,20.00000000
2018-02-26 23:04:59,0.00132560,102.79000000
2018-02-26 23:05:02,0.00132730,2.44000000
2018-02-26 23:05:02,0.00132740,51.56000000
2018-02-26 23:05:03,0.00132720,12.56000000
2018-02-26 23:05:04,0.00132500,5.70000000
2018-02-26 23:05:06,0.00132700,1.22000000
2018-02-26 23:05:08,0.00132500,48.31000000
2018-02-26 23:05:10,0.00132560,141.29000000
2018-02-26 23:05:11,0.00132640,68.57000000
2018-02-26 23:05:11,0.00132670,3.76000000
2018-02-26 23:05:11,0.00132680,3.24000000
2018-02-26 23:05:14,0.00132640,12.54000000
2018-02-26 23:05:14,0.00132500,127.79000000
2018-02-26 23:05:16,0.00132490,5.87000000
2018-02-26 23:05:16,0.00132340,7.60000000
2018-02-26 23:05:16,0.00132160,7.60000000
2018-02-26 23:05:16,0.00132100,4.05000000
2018-02-26 23:05:18,0.00132470,2.26000000
2018-02-26 23:05:18,0.00132100,3.85000000
2018-02-26 23:05:19,0.00132470,4.38000000
2018-02-26 23:05:19,0.00132480,6.04000000
2018-02-26 23:05:19,0.00132490,0.18000000
2018-02-26 23:05:19,0.00132500,317.97000000
2018-02-26 23:05:19,0.00132500,7.60000000
2018-02-26 23:05:19,0.00132500,7.60000000
2018-02-26 23:05:19,0.00132500,40.31000000
2018-02-26 23:05:19,0.00132610,3.76000000
2018-02-26 23:05:19,0.00132620,3.85000000
2018-02-26 23:05:19,0.00132630,325.15000000
2018-02-26 23:05:19,0.00132650,15.12000000
2018-02-26 23:05:19,0.00132680,304.31000000
2018-02-26 23:05:19,0.00132700,42.69000000
2018-02-26 23:05:20,0.00132500,83.60000000
2018-02-26 23:05:20,0.00132980,45.60000000
2018-02-26 23:05:20,0.00132990,45.98000000
2018-02-26 23:05:20,0.00133000,117.41000000
2018-02-26 23:05:21,0.00132900,90.46000000
2018-02-26 23:05:21,0.00133090,18.78000000
2018-02-26 23:05:21,0.00133100,3.64000000
2018-02-26 23:05:21,0.00132540,9.42000000
2018-02-26 23:05:21,0.00132530,1.82000000
2018-02-26 23:05:22,0.00133080,9.42000000
2018-02-26 23:05:23,0.00132910,33.57000000
2018-02-26 23:05:23,0.00132570,98.22000000
2018-02-26 23:05:23,0.00132560,78.18000000
2018-02-26 23:05:23,0.00132550,21.31000000
2018-02-26 23:05:23,0.00132520,123.03000000
2018-02-26 23:05:23,0.00132510,80.22000000
2018-02-26 23:05:24,0.00132590,38.49000000
2018-02-26 23:05:24,0.00132510,4.12000000
2018-02-26 23:05:25,0.00132510,2.60000000
2018-02-26 23:05:27,0.00133030,3.78000000
2018-02-26 23:05:29,0.00133000,1.33000000
2018-02-26 23:05:29,0.00132540,3.78000000
2018-02-26 23:05:29,0.00132530,15.47000000
2018-02-26 23:05:29,0.00132990,17.55000000
2018-02-26 23:05:29,0.00133000,30.00000000
2018-02-26 23:05:30,0.00132510,3.43000000
2018-02-26 23:05:31,0.00132980,7.51000000
2018-02-26 23:05:31,0.00132970,16.89000000
2018-02-26 23:05:31,0.00132980,32.49000000
2018-02-26 23:05:34,0.00132960,2.45000000
2018-02-26 23:05:35,0.00132620,7.60000000
2018-02-26 23:05:35,0.00132600,6.61000000
2018-02-26 23:05:37,0.00132900,21.38000000
2018-02-26 23:05:37,0.00132940,6.61000000
2018-02-26 23:05:37,0.00132950,7.60000000
2018-02-26 23:05:37,0.00132960,24.41000000
2018-02-26 23:05:39,0.00132940,1.83000000
2018-02-26 23:05:39,0.00132950,127.15000000
2018-02-26 23:05:39,0.00132960,53.36000000
2018-02-26 23:05:39,0.00133020,20.00000000
2018-02-26 23:05:39,0.00133000,2.72000000
2018-02-26 23:05:39,0.00133000,5.41000000
2018-02-26 23:05:40,0.00133000,5.00000000
2018-02-26 23:05:42,0.00133010,151.20000000
2018-02-26 23:05:42,0.00133000,2.72000000
2018-02-26 23:05:42,0.00133020,250.00000000
2018-02-26 23:05:42,0.00133000,63.13000000
2018-02-26 23:05:44,0.00133000,5.00000000
2018-02-26 23:05:45,0.00133020,256.81000000
2018-02-26 23:05:45,0.00133030,65.43000000
2018-02-26 23:05:45,0.00133000,0.83000000
2018-02-26 23:05:46,0.00133000,2.72000000
2018-02-26 23:05:48,0.00133000,5.00000000
2018-02-26 23:05:48,0.00133030,35.32000000
2018-02-26 23:05:48,0.00133100,5.70000000
2018-02-26 23:05:48,0.00133280,39.50000000
2018-02-26 23:05:49,0.00133000,64.23000000
2018-02-26 23:05:50,0.00133030,0.05000000
2018-02-26 23:05:52,0.00133030,3.69000000
2018-02-26 23:05:52,0.00133280,46.31000000
2018-02-26 23:05:52,0.00133020,1.00000000
2018-02-26 23:05:53,0.00133020,4.21000000
2018-02-26 23:05:59,0.00133150,43.71000000
2018-02-26 23:06:00,0.00133270,13.67000000
2018-02-26 23:06:00,0.00133060,7.51000000
2018-02-26 23:06:05,0.00133280,0.14000000
2018-02-26 23:06:06,0.00133060,5.04000000
2018-02-26 23:06:07,0.00133100,2.28000000
2018-02-26 23:06:07,0.00133100,4.86000000
2018-02-26 23:06:08,0.00133100,1.58000000
2018-02-26 23:06:08,0.00133100,1.32000000
2018-02-26 23:06:09,0.00133100,3.30000000
2018-02-26 23:06:09,0.00133100,2.28000000
2018-02-26 23:06:09,0.00133100,5.73000000
2018-02-26 23:06:12,0.00133100,0.01000000
2018-02-26 23:06:12,0.00133240,4.19000000
2018-02-26 23:06:13,0.00133240,3.41000000
2018-02-26 23:06:13,0.00133270,22.91000000
2018-02-26 23:06:13,0.00133280,44.99000000
2018-02-26 23:06:18,0.00133070,161.35000000
2018-02-26 23:06:18,0.00133100,2.58000000
2018-02-26 23:06:20,0.00133070,2.71000000
2018-02-26 23:06:22,0.00133070,0.98000000
2018-02-26 23:06:22,0.00133060,4.02000000
2018-02-26 23:06:22,0.00133100,10.00000000
2018-02-26 23:06:22,0.00133060,45.28000000
2018-02-26 23:06:22,0.00133040,72.33000000
2018-02-26 23:06:23,0.00133040,0.95000000
2018-02-26 23:06:24,0.00133040,1.49000000
2018-02-26 23:06:28,0.00133020,2.39000000
2018-02-26 23:06:29,0.00133020,17.73000000
2018-02-26 23:06:33,0.00133010,61.00000000
2018-02-26 23:06:33,0.00133020,48.38000000
2018-02-26 23:06:33,0.00133040,27.95000000
2018-02-26 23:06:33,0.00133070,48.57000000
2018-02-26 23:06:33,0.00133090,18.00000000
2018-02-26 23:06:33,0.00133100,60.60000000
2018-02-26 23:06:33,0.00133250,7.60000000
2018-02-26 23:06:33,0.00133260,7.60000000
2018-02-26 23:06:33,0.00133280,270.14000000
2018-02-26 23:06:33,0.00133290,62.01000000
2018-02-26 23:06:33,0.00133300,5.81000000
2018-02-26 23:06:33,0.00133330,1.49000000
2018-02-26 23:06:33,0.00133350,7.59000000
2018-02-26 23:06:33,0.00133500,24.28000000
2018-02-26 23:06:33,0.00133510,45.40000000
2018-02-26 23:06:33,0.00133540,16.43000000
2018-02-26 23:06:38,0.00132790,0.13000000
2018-02-26 23:06:39,0.00133140,53.85000000
2018-02-26 23:06:40,0.00132810,2.71000000
2018-02-26 23:06:49,0.00133000,10.00000000
2018-02-26 23:06:51,0.00133030,7.83000000
2018-02-26 23:06:55,0.00133070,5.00000000
2018-02-26 23:06:57,0.00133060,2.37000000
2018-02-26 23:06:59,0.00133230,14.32000000
2018-02-26 23:06:59,0.00133240,4.80000000
2018-02-26 23:06:59,0.00133230,157.17000000
2018-02-26 23:06:59,0.00133080,2.37000000
2018-02-26 23:07:00,0.00133080,10.00000000
2018-02-26 23:07:01,0.00133080,2.37000000
2018-02-26 23:07:01,0.00133080,1.44000000
2018-02-26 23:07:01,0.00133050,3.77000000
2018-02-26 23:07:05,0.00133030,1.14000000
2018-02-26 23:07:05,0.00133030,0.78000000
2018-02-26 23:07:05,0.00133020,7.60000000
2018-02-26 23:07:07,0.00132810,20.74000000
2018-02-26 23:07:07,0.00132630,32.08000000
2018-02-26 23:07:07,0.00132520,47.61000000
2018-02-26 23:07:07,0.00132510,28.03000000
2018-02-26 23:07:09,0.00133000,0.32000000
2018-02-26 23:07:13,0.00133000,264.22000000
2018-02-26 23:07:17,0.00132900,63.99000000
2018-02-26 23:07:18,0.00132830,1.90000000
2018-02-26 23:07:20,0.00132980,7.60000000
2018-02-26 23:07:20,0.00133000,2.97000000
2018-02-26 23:07:24,0.00132830,5.70000000
2018-02-26 23:07:25,0.00132960,20.00000000
2018-02-26 23:07:25,0.00132970,3.77000000
2018-02-26 23:07:25,0.00133000,277.49000000
2018-02-26 23:07:29,0.00132630,2.05000000
2018-02-26 23:07:29,0.00132670,17.95000000
2018-02-26 23:07:29,0.00132660,7.60000000
2018-02-26 23:07:29,0.00132600,7.60000000
2018-02-26 23:07:29,0.00132560,23.43000000
2018-02-26 23:07:29,0.00132520,74.57000000
2018-02-26 23:07:29,0.00132510,19.02000000
2018-02-26 23:07:29,0.00132500,4.58000000
2018-02-26 23:07:31,0.00132610,181.63000000
2018-02-26 23:07:32,0.00132360,15.81000000
2018-02-26 23:07:37,0.00132460,2.78000000
2018-02-26 23:07:38,0.00132490,2.78000000
2018-02-26 23:07:39,0.00132480,2.78000000
2018-02-26 23:07:41,0.00132790,4.00000000
2018-02-26 23:07:42,0.00132540,4.19000000
2018-02-26 23:07:42,0.00132520,4.19000000
2018-02-26 23:07:42,0.00132480,4.19000000
2018-02-26 23:07:42,0.00132450,3.77000000
2018-02-26 23:07:42,0.00132390,334.92000000
2018-02-26 23:07:45,0.00132790,69.00000000
2018-02-26 23:07:48,0.00132700,20.66000000
2018-02-26 23:07:49,0.00132700,35.77000000
2018-02-26 23:07:49,0.00132790,152.50000000
2018-02-26 23:07:49,0.00132470,20.00000000
2018-02-26 23:07:49,0.00132460,4.19000000
2018-02-26 23:07:49,0.00132430,4.19000000
2018-02-26 23:07:49,0.00132390,64.15000000
2018-02-26 23:07:49,0.00132360,391.73000000
2018-02-26 23:07:52,0.00132590,74.14000000
2018-02-26 23:08:02,0.00132450,40.00000000
2018-02-26 23:08:02,0.00132360,1662.46000000
2018-02-26 23:08:02,0.00132360,178.03000000
2018-02-26 23:08:02,0.00132360,157.94000000
2018-02-26 23:08:04,0.00132390,20.00000000
2018-02-26 23:08:04,0.00132380,68.78000000
2018-02-26 23:08:04,0.00132340,6.04000000
2018-02-26 23:08:04,0.00132310,37.34000000
2018-02-26 23:08:09,0.00132440,3.68000000
2018-02-26 23:08:09,0.00132420,1.28000000
2018-02-26 23:08:13,0.00132420,191.77000000
2018-02-26 23:08:16,0.00132320,3.69000000
2018-02-26 23:08:16,0.00132300,8.31000000
2018-02-26 23:08:17,0.00132470,20.00000000
2018-02-26 23:08:17,0.00132480,3.77000000
2018-02-26 23:08:17,0.00132500,68.71000000
2018-02-26 23:08:17,0.00132580,37.34000000
2018-02-26 23:08:17,0.00132590,248.73000000
2018-02-26 23:08:17,0.00132750,2.00000000
2018-02-26 23:08:17,0.00132580,40.00000000
2018-02-26 23:08:17,0.00132790,62.89000000
2018-02-26 23:08:17,0.00132790,40.00000000
2018-02-26 23:08:17,0.00132560,7.60000000
2018-02-26 23:08:18,0.00132560,6.46000000
2018-02-26 23:08:18,0.00132560,52.96000000
2018-02-26 23:08:18,0.00132660,38.49000000
2018-02-26 23:08:19,0.00132560,71.23000000
2018-02-26 23:08:23,0.00132920,1.00000000
2018-02-26 23:08:23,0.00132920,1.00000000
2018-02-26 23:08:23,0.00132580,1.00000000
2018-02-26 23:08:24,0.00132740,84.05000000
2018-02-26 23:08:25,0.00132920,3.46000000
2018-02-26 23:08:26,0.00132910,20.00000000
2018-02-26 23:08:26,0.00132920,97.79000000
2018-02-26 23:08:26,0.00132940,15.20000000
2018-02-26 23:08:26,0.00132970,19.19000000
2018-02-26 23:08:26,0.00133000,14.55000000
2018-02-26 23:08:26,0.00133000,15.00000000
2018-02-26 23:08:26,0.00133000,2.32000000
2018-02-26 23:08:26,0.00133000,5.50000000
2018-02-26 23:08:26,0.00133000,2.78000000
2018-02-26 23:08:26,0.00133000,1.25000000
2018-02-26 23:08:26,0.00133000,0.53000000
2018-02-26 23:08:26,0.00133000,7.50000000
2018-02-26 23:08:26,0.00133000,7.37000000
2018-02-26 23:08:26,0.00133010,20.00000000
2018-02-26 23:08:27,0.00133000,1.10000000
2018-02-26 23:08:28,0.00133000,3.10000000
2018-02-26 23:08:34,0.00133000,2.28000000
2018-02-26 23:08:35,0.00133000,40.41000000
2018-02-26 23:08:38,0.00133000,4.19000000
2018-02-26 23:08:45,0.00133010,5.33000000
2018-02-26 23:08:46,0.00133000,1.42000000
2018-02-26 23:08:50,0.00133000,2.45000000
2018-02-26 23:08:51,0.00133000,79.71000000
2018-02-26 23:08:58,0.00132830,94.19000000
2018-02-26 23:08:59,0.00132990,1.29000000
2018-02-26 23:09:03,0.00132710,7.60000000
2018-02-26 23:09:03,0.00132670,18.48000000
2018-02-26 23:09:03,0.00132660,45.86000000
2018-02-26 23:09:13,0.00132790,211.82000000
2018-02-26 23:09:13,0.00132660,4.79000000
2018-02-26 23:09:15,0.00132660,5.00000000
2018-02-26 23:09:17,0.00132660,3.90000000
2018-02-26 23:09:19,0.00132660,18.66000000
2018-02-26 23:09:21,0.00132660,260.88000000
2018-02-26 23:09:21,0.00132660,7.60000000
2018-02-26 23:09:21,0.00132660,15.18000000
2018-02-26 23:09:30,0.00132660,23.40000000
2018-02-26 23:09:32,0.00132720,104.33000000
2018-02-26 23:09:38,0.00132870,1.66000000
2018-02-26 23:09:40,0.00132840,1.50000000
2018-02-26 23:09:41,0.00132720,7.50000000
2018-02-26 23:09:48,0.00132770,221.96000000
2018-02-26 23:09:51,0.00132840,15.36000000
2018-02-26 23:09:52,0.00132840,29.18000000
2018-02-26 23:09:52,0.00132840,7.50000000
2018-02-26 23:09:52,0.00132840,29.18000000
2018-02-26 23:09:52,0.00132840,17.97000000
2018-02-26 23:09:53,0.00132840,7.50000000
2018-02-26 23:09:53,0.00132840,3.30000000
2018-02-26 23:09:54,0.00132840,0.41000000
2018-02-26 23:09:54,0.00132720,8.59000000
2018-02-26 23:09:54,0.00132660,1.00000000
2018-02-26 23:09:54,0.00132590,239.48000000
2018-02-26 23:09:54,0.00132550,11.66000000
2018-02-26 23:09:54,0.00132500,3.77000000
2018-02-26 23:09:54,0.00132400,5.73000000
2018-02-26 23:09:57,0.00132420,56.20000000
2018-02-26 23:09:57,0.00132420,5.09000000
2018-02-26 23:09:57,0.00132410,7.55000000
2018-02-26 23:09:58,0.00132420,8.25000000
2018-02-26 23:09:59,0.00132430,7.55000000
2018-02-26 23:09:59,0.00132390,7.60000000
2018-02-26 23:09:59,0.00132350,7.55000000
2018-02-26 23:10:02,0.00132390,2.27000000
2018-02-26 23:10:03,0.00132390,3.85000000
2018-02-26 23:10:04,0.00132360,7.55000000
2018-02-26 23:10:04,0.00132300,4.91000000
2018-02-26 23:10:05,0.00132360,7.20000000
2018-02-26 23:10:06,0.00132360,3.77000000
2018-02-26 23:10:08,0.00132200,2.51000000
2018-02-26 23:10:08,0.00132130,0.83000000
2018-02-26 23:10:08,0.00132090,5.11000000
2018-02-26 23:10:08,0.00132000,12.78000000
2018-02-26 23:10:09,0.00132350,1.84000000
2018-02-26 23:10:12,0.00132280,18.46000000
2018-02-26 23:10:14,0.00132310,48.25000000
2018-02-26 23:10:14,0.00132320,5.86000000
2018-02-26 23:10:16,0.00132320,0.01000000
2018-02-26 23:10:18,0.00132320,16.24000000
2018-02-26 23:10:19,0.00132320,202.09000000
2018-02-26 23:10:19,0.00132280,58.29000000
2018-02-26 23:10:19,0.00132030,29.06000000
2018-02-26 23:10:20,0.00132210,6.98000000
2018-02-26 23:10:21,0.00132010,37.75000000
2018-02-26 23:10:21,0.00132280,62.01000000
2018-02-26 23:10:22,0.00132290,13.45000000
2018-02-26 23:10:24,0.00132290,48.56000000
2018-02-26 23:10:24,0.00132010,232.31000000
2018-02-26 23:10:25,0.00132310,15.00000000
2018-02-26 23:10:25,0.00132310,8.09000000
2018-02-26 23:10:25,0.00132320,15.21000000
2018-02-26 23:10:25,0.00132380,6.94000000
2018-02-26 23:10:25,0.00132830,7.60000000
2018-02-26 23:10:25,0.00132880,7.39000000
2018-02-26 23:10:25,0.00132300,1.93000000
2018-02-26 23:10:25,0.00132310,1.93000000
2018-02-26 23:10:26,0.00132320,0.86000000
2018-02-26 23:10:29,0.00132840,1.88000000
2018-02-26 23:10:29,0.00132830,1.88000000
2018-02-26 23:10:32,0.00132370,8.18000000
2018-02-26 23:10:32,0.00132360,1.88000000
2018-02-26 23:10:32,0.00132350,18.58000000
2018-02-26 23:10:32,0.00132330,2.34000000
2018-02-26 23:10:32,0.00132330,1.88000000
2018-02-26 23:10:33,0.00132330,10.00000000
2018-02-26 23:10:34,0.00132310,5.78000000
2018-02-26 23:10:37,0.00132310,0.38000000
2018-02-26 23:10:40,0.00132180,1.35000000
2018-02-26 23:10:40,0.00132180,123.26000000
2018-02-26 23:10:57,0.00132280,2.34000000
2018-02-26 23:10:57,0.00132290,42.78000000
2018-02-26 23:10:57,0.00132310,27.73000000
2018-02-26 23:10:57,0.00132340,99.02000000
2018-02-26 23:10:57,0.00132550,8.18000000
2018-02-26 23:10:57,0.00132560,102.68000000
2018-02-26 23:10:58,0.00132560,15.00000000
2018-02-26 23:10:58,0.00132560,40.60000000
2018-02-26 23:10:58,0.00132560,466.21000000
2018-02-26 23:10:58,0.00132560,195.46000000
2018-02-26 23:10:59,0.00132430,17.12000000
2018-02-26 23:11:00,0.00132700,1.00000000
2018-02-26 23:11:04,0.00132230,0.36000000
2018-02-26 23:11:07,0.00132250,1.32000000
2018-02-26 23:11:10,0.00132680,0.90000000
2018-02-26 23:11:10,0.00132300,17.55000000
2018-02-26 23:11:10,0.00132480,134.53000000
2018-02-26 23:11:25,0.00132500,27.04000000
2018-02-26 23:11:25,0.00132660,16.65000000
2018-02-26 23:11:25,0.00132670,13.88000000
2018-02-26 23:11:25,0.00132670,25.67000000
2018-02-26 23:11:25,0.00132670,0.97000000
2018-02-26 23:11:25,0.00132700,59.99000000
2018-02-26 23:11:26,0.00132700,5.77000000
2018-02-26 23:11:26,0.00132670,5.77000000
2018-02-26 23:11:26,0.00132670,34.75000000
2018-02-26 23:11:26,0.00132660,16.65000000
2018-02-26 23:11:27,0.00132360,3.78000000
2018-02-26 23:11:27,0.00132360,15.00000000
2018-02-26 23:11:27,0.00132360,39.50000000
2018-02-26 23:11:36,0.00132500,73.41000000
2018-02-26 23:11:40,0.00132590,4.14000000
2018-02-26 23:11:40,0.00132600,5.06000000
2018-02-26 23:11:41,0.00132600,0.85000000
2018-02-26 23:11:43,0.00132500,1.93000000
2018-02-26 23:11:43,0.00132500,9.21000000
2018-02-26 23:11:43,0.00132540,144.67000000
2018-02-26 23:11:44,0.00132500,121.56000000
2018-02-26 23:11:50,0.00132590,7.50000000
2018-02-26 23:11:50,0.00132600,3.07000000
2018-02-26 23:11:53,0.00132590,4.22000000
2018-02-26 23:11:58,0.00132590,5.78000000
2018-02-26 23:11:59,0.00132590,10.00000000
2018-02-26 23:11:59,0.00132600,37.45000000
2018-02-26 23:11:59,0.00132700,36.24000000
2018-02-26 23:12:03,0.00132730,37.18000000
2018-02-26 23:12:06,0.00132610,0.80000000
2018-02-26 23:12:10,0.00132610,6.80000000
2018-02-26 23:12:10,0.00132590,1.89000000
2018-02-26 23:12:12,0.00132860,3.01000000
2018-02-26 23:12:12,0.00132860,3.59000000
2018-02-26 23:12:16,0.00132730,55.41000000
2018-02-26 23:12:17,0.00132660,154.81000000
2018-02-26 23:12:17,0.00132730,28.18000000
2018-02-26 23:12:20,0.00132600,34.99000000
2018-02-26 23:12:23,0.00132600,2.41000000
2018-02-26 23:12:26,0.00132730,220.85000000
2018-02-26 23:12:26,0.00132730,2.20000000
2018-02-26 23:12:37,0.00132850,3.81000000
2018-02-26 23:12:37,0.00132780,47.32000000
2018-02-26 23:12:42,0.00132860,1.00000000
2018-02-26 23:12:42,0.00132880,0.21000000
2018-02-26 23:12:42,0.00132890,60.87000000
2018-02-26 23:12:42,0.00132960,53.95000000
2018-02-26 23:12:42,0.00132970,7.60000000
2018-02-26 23:12:42,0.00133000,24.09000000
2018-02-26 23:12:48,0.00132860,189.00000000
2018-02-26 23:12:49,0.00133000,34.40000000
2018-02-26 23:12:49,0.00133010,57.93000000
2018-02-26 23:12:52,0.00132930,164.95000000
2018-02-26 23:12:53,0.00133010,29.18000000
2018-02-26 23:12:54,0.00133010,3.76000000
2018-02-26 23:12:54,0.00133010,141.23000000
2018-02-26 23:12:56,0.00132860,10.53000000
2018-02-26 23:12:56,0.00133010,3.23000000
2018-02-26 23:12:57,0.00133010,2.00000000
2018-02-26 23:13:04,0.00133010,484.40000000
2018-02-26 23:13:05,0.00133010,17.30000000
2018-02-26 23:13:06,0.00133010,0.83000000
2018-02-26 23:13:08,0.00133080,57.46000000
2018-02-26 23:13:10,0.00133080,1.75000000
2018-02-26 23:13:12,0.00133080,1.75000000
2018-02-26 23:13:14,0.00133080,1.75000000
2018-02-26 23:13:15,0.00133160,2.25000000
2018-02-26 23:13:16,0.00133090,1.00000000
2018-02-26 23:13:16,0.00133090,1.07000000
2018-02-26 23:13:17,0.00133160,3.59000000
2018-02-26 23:13:17,0.00133200,261.05000000
2018-02-26 23:13:18,0.00133090,4.59000000
2018-02-26 23:13:21,0.00133090,4.84000000
2018-02-26 23:13:21,0.00133080,7.25000000
2018-02-26 23:13:22,0.00133080,8.44000000
2018-02-26 23:13:26,0.00133150,175.09000000
2018-02-26 23:13:27,0.00133230,4.24000000
2018-02-26 23:13:34,0.00133090,5.00000000
2018-02-26 23:13:34,0.00133230,2.18000000
2018-02-26 23:13:39,0.00133230,4.99000000
2018-02-26 23:13:44,0.00133240,67.60000000
2018-02-26 23:13:45,0.00133270,3.25000000
2018-02-26 23:13:45,0.00133310,1.14000000
2018-02-26 23:13:45,0.00133400,130.09000000
2018-02-26 23:13:45,0.00133400,13.00000000
2018-02-26 23:13:47,0.00133280,303.73000000
2018-02-26 23:13:47,0.00133230,509.40000000
2018-02-26 23:13:49,0.00133400,51.91000000
2018-02-26 23:13:49,0.00133430,10.98000000
2018-02-26 23:13:49,0.00133460,0.79000000
2018-02-26 23:13:49,0.00133470,16.32000000
2018-02-26 23:13:49,0.00133270,64.33000000
2018-02-26 23:13:49,0.00133230,26.83000000
2018-02-26 23:13:52,0.00133140,7.60000000
2018-02-26 23:13:52,0.00133100,10.00000000
2018-02-26 23:13:52,0.00133090,6.86000000
2018-02-26 23:13:52,0.00133080,54.85000000
2018-02-26 23:13:52,0.00133080,148.11000000
2018-02-26 23:13:52,0.00133060,3.78000000
2018-02-26 23:13:53,0.00133230,49.00000000
2018-02-26 23:13:53,0.00133160,7.60000000
2018-02-26 23:13:54,0.00133010,9.52000000
2018-02-26 23:13:54,0.00133010,0.02000000
2018-02-26 23:13:54,0.00133000,19.00000000
2018-02-26 23:13:56,0.00132890,75.58000000
2018-02-26 23:13:56,0.00132910,7.60000000
2018-02-26 23:13:56,0.00132890,5.17000000
2018-02-26 23:14:00,0.00132890,3.34000000
2018-02-26 23:14:00,0.00132890,1.66000000
2018-02-26 23:14:00,0.00133010,183.35000000
2018-02-26 23:14:07,0.00132880,3.78000000
2018-02-26 23:14:07,0.00132890,218.11000000
2018-02-26 23:14:07,0.00133010,1.66000000
2018-02-26 23:14:07,0.00133150,136.14000000
2018-02-26 23:14:07,0.00133180,494.41000000
2018-02-26 23:14:07,0.00133230,724.68000000
2018-02-26 23:14:08,0.00133230,2.06000000
2018-02-26 23:14:10,0.00133230,24.15000000
2018-02-26 23:14:11,0.00133230,223.05000000
2018-02-26 23:14:15,0.00133300,77.52000000
2018-02-26 23:14:17,0.00133230,510.80000000
2018-02-26 23:14:19,0.00133370,6.02000000
2018-02-26 23:14:19,0.00133380,7.60000000
2018-02-26 23:14:19,0.00133380,122.62000000
2018-02-26 23:14:21,0.00133230,1.32000000
2018-02-26 23:14:21,0.00133400,5.73000000
2018-02-26 23:14:21,0.00133450,7.24000000
2018-02-26 23:14:23,0.00133230,141.08000000
2018-02-26 23:14:23,0.00133450,0.36000000
2018-02-26 23:14:23,0.00133470,3.94000000
2018-02-26 23:14:26,0.00133260,5.91000000
2018-02-26 23:14:27,0.00133470,45.41000000
2018-02-26 23:14:27,0.00133500,177.56000000
2018-02-26 23:14:28,0.00133500,7.49000000
2018-02-26 23:14:29,0.00133500,184.68000000
2018-02-26 23:14:29,0.00133500,69.75000000
2018-02-26 23:14:29,0.00133500,65.20000000
2018-02-26 23:14:29,0.00133500,5.00000000
2018-02-26 23:14:29,0.00133500,207.53000000
2018-02-26 23:14:30,0.00133500,3.34000000
2018-02-26 23:14:30,0.00133500,240.83000000
2018-02-26 23:14:30,0.00133500,76.71000000
2018-02-26 23:14:31,0.00133530,1.73000000
2018-02-26 23:14:36,0.00133420,195.15000000
2018-02-26 23:14:36,0.00133530,517.17000000
2018-02-26 23:14:36,0.00133530,2.00000000
2018-02-26 23:14:36,0.00133530,21.86000000
2018-02-26 23:14:36,0.00133530,1.40000000
2018-02-26 23:14:36,0.00133530,25.20000000
2018-02-26 23:14:36,0.00133530,4.68000000
2018-02-26 23:14:37,0.00133530,148.28000000
2018-02-26 23:14:38,0.00133530,1.26000000
2018-02-26 23:14:38,0.00133530,5.00000000
2018-02-26 23:14:39,0.00133530,3.14000000
2018-02-26 23:14:39,0.00133530,1.26000000
2018-02-26 23:14:39,0.00133530,3.30000000
2018-02-26 23:14:39,0.00133530,6.29000000
2018-02-26 23:14:40,0.00133530,5.00000000
2018-02-26 23:14:40,0.00133530,50.34000000
2018-02-26 23:14:41,0.00133530,30.53000000
2018-02-26 23:14:43,0.00133320,7.60000000
2018-02-26 23:14:43,0.00133290,7.60000000
2018-02-26 23:14:43,0.00133260,1.69000000
2018-02-26 23:14:43,0.00133240,1.26000000
2018-02-26 23:14:43,0.00133430,7.60000000
2018-02-26 23:14:43,0.00133450,7.60000000
2018-02-26 23:14:43,0.00133480,7.60000000
2018-02-26 23:14:43,0.00133530,1.39000000
2018-02-26 23:14:45,0.00133530,0.90000000
2018-02-26 23:14:47,0.00133530,93.39000000
2018-02-26 23:14:47,0.00133530,13.22000000
2018-02-26 23:14:47,0.00133350,7.50000000
2018-02-26 23:14:47,0.00133240,5.00000000
2018-02-26 23:14:48,0.00133520,4.37000000
2018-02-26 23:14:48,0.00133520,1.72000000
2018-02-26 23:14:49,0.00133280,7.60000000
2018-02-26 23:14:49,0.00133250,3.00000000
2018-02-26 23:14:49,0.00133240,12.48000000
2018-02-26 23:14:49,0.00133230,255.77000000
2018-02-26 23:14:51,0.00133240,0.56000000
2018-02-26 23:14:52,0.00133500,4.64000000
2018-02-26 23:14:52,0.00133240,0.94000000
2018-02-26 23:14:53,0.00133360,87.66000000
2018-02-26 23:14:56,0.00133500,0.02000000
2018-02-26 23:15:03,0.00133230,35.48000000
2018-02-26 23:15:04,0.00133300,7.60000000
2018-02-26 23:15:04,0.00133300,5.00000000
2018-02-26 23:15:04,0.00133300,10.80000000
2018-02-26 23:15:05,0.00133490,35.09000000
2018-02-26 23:15:06,0.00133300,2.45000000
2018-02-26 23:15:06,0.00133250,7.60000000
2018-02-26 23:15:06,0.00133230,3.46000000
2018-02-26 23:15:06,0.00133230,70.00000000
2018-02-26 23:15:06,0.00133230,5.00000000
2018-02-26 23:15:06,0.00133470,7.60000000
2018-02-26 23:15:06,0.00133490,2.08000000
2018-02-26 23:15:06,0.00133500,4.44000000
2018-02-26 23:15:06,0.00133520,1.41000000
2018-02-26 23:15:06,0.00133540,0.42000000
2018-02-26 23:15:06,0.00133580,54.86000000
2018-02-26 23:15:06,0.00133600,109.90000000
2018-02-26 23:15:06,0.00133600,236.59000000
2018-02-26 23:15:06,0.00133600,144.67000000
2018-02-26 23:15:07,0.00133600,148.61000000
2018-02-26 23:15:07,0.00133600,26.12000000
2018-02-26 23:15:07,0.00133600,1.25000000
2018-02-26 23:15:08,0.00133600,9.05000000
2018-02-26 23:15:08,0.00133650,6.00000000
2018-02-26 23:15:08,0.00133600,3.00000000
2018-02-26 23:15:08,0.00133600,25.19000000
2018-02-26 23:15:09,0.00133620,205.29000000
2018-02-26 23:15:10,0.00133650,16.82000000
2018-02-26 23:15:10,0.00133700,7.26000000
2018-02-26 23:15:10,0.00133710,51.93000000
2018-02-26 23:15:10,0.00133720,13.99000000
2018-02-26 23:15:10,0.00133600,5.00000000
2018-02-26 23:15:12,0.00133650,1.70000000
2018-02-26 23:15:12,0.00133650,3.98000000
2018-02-26 23:15:13,0.00133720,85.21000000
2018-02-26 23:15:13,0.00133720,7.47000000
2018-02-26 23:15:13,0.00133720,7.47000000
2018-02-26 23:15:13,0.00133720,7.47000000
2018-02-26 23:15:13,0.00133720,187.24000000
2018-02-26 23:15:14,0.00133720,7.47000000
2018-02-26 23:15:14,0.00133720,7.47000000
2018-02-26 23:15:14,0.00133720,7.47000000
2018-02-26 23:15:14,0.00133720,7.47000000
2018-02-26 23:15:14,0.00133720,7.47000000
2018-02-26 23:15:14,0.00133720,7.47000000
2018-02-26 23:15:14,0.00133720,7.47000000
2018-02-26 23:15:14,0.00133720,5.00000000
2018-02-26 23:15:14,0.00133720,7.47000000
2018-02-26 23:15:14,0.00133720,7.47000000
2018-02-26 23:15:14,0.00133720,7.08000000
2018-02-26 23:15:14,0.00133720,248.91000000
2018-02-26 23:15:14,0.00133720,7.47000000
2018-02-26 23:15:14,0.00133720,22.46000000
2018-02-26 23:15:14,0.00133720,25.19000000
2018-02-26 23:15:14,0.00133720,6.11000000
2018-02-26 23:15:15,0.00133600,1.36000000
2018-02-26 23:15:16,0.00133600,5.00000000
2018-02-26 23:15:17,0.00133600,3.80000000
2018-02-26 23:15:17,0.00133600,15.00000000
2018-02-26 23:15:18,0.00133600,5.00000000
2018-02-26 23:15:20,0.00133600,5.00000000
2018-02-26 23:15:21,0.00133600,71.99000000
2018-02-26 23:15:21,0.00133600,25.19000000
2018-02-26 23:15:21,0.00133740,25.59000000
2018-02-26 23:15:21,0.00133800,17.91000000
2018-02-26 23:15:21,0.00133840,30.03000000
2018-02-26 23:15:21,0.00133600,213.65000000
2018-02-26 23:15:22,0.00133840,8.92000000
2018-02-26 23:15:22,0.00133860,16.23000000
2018-02-26 23:15:22,0.00133890,5.79000000
2018-02-26 23:15:22,0.00133900,5.11000000
2018-02-26 23:15:23,0.00133900,18.30000000
2018-02-26 23:15:23,0.00133620,7.50000000
2018-02-26 23:15:25,0.00133600,0.02000000
2018-02-26 23:15:25,0.00133600,2.23000000
2018-02-26 23:15:26,0.00133620,3.45000000
2018-02-26 23:15:26,0.00133620,3.31000000
2018-02-26 23:15:27,0.00133650,3.74000000
2018-02-26 23:15:29,0.00133630,97.80000000
2018-02-26 23:15:30,0.00133620,0.01000000
2018-02-26 23:15:30,0.00133500,14.81000000
2018-02-26 23:15:31,0.00133500,3.80000000
2018-02-26 23:15:32,0.00133500,10.72000000
2018-02-26 23:15:32,0.00133500,5.96000000
2018-02-26 23:15:36,0.00133500,2.63000000
2018-02-26 23:15:37,0.00133500,64.03000000
2018-02-26 23:15:38,0.00133500,2.58000000
2018-02-26 23:15:42,0.00133500,106.34000000
2018-02-26 23:15:44,0.00133500,3.00000000
2018-02-26 23:15:50,0.00133570,215.43000000
2018-02-26 23:15:55,0.00133650,1.49000000
2018-02-26 23:15:58,0.00133500,0.50000000
2018-02-26 23:16:04,0.00133500,14.99000000
2018-02-26 23:16:06,0.00133570,107.94000000
2018-02-26 23:16:09,0.00133500,32.40000000
2018-02-26 23:16:10,0.00133500,28.46000000
2018-02-26 23:16:12,0.00133500,10.00000000
2018-02-26 23:16:12,0.00133500,52.37000000
2018-02-26 23:16:13,0.00133500,62.51000000
2018-02-26 23:16:25,0.00133500,9.50000000
2018-02-26 23:16:25,0.00133500,59.28000000
2018-02-26 23:16:26,0.00133640,136.30000000
2018-02-26 23:16:26,0.00133650,17.58000000
2018-02-26 23:16:26,0.00133800,7.50000000
2018-02-26 23:16:26,0.00133820,7.50000000
2018-02-26 23:16:26,0.00133880,1.50000000
2018-02-26 23:16:26,0.00133890,183.62000000
2018-02-26 23:16:26,0.00133560,5.34000000
2018-02-26 23:16:27,0.00133500,1043.99000000
2018-02-26 23:16:38,0.00133540,40.00000000
2018-02-26 23:16:38,0.00133540,7.50000000
2018-02-26 23:16:39,0.00133540,10.48000000
2018-02-26 23:16:39,0.00133850,1.98000000
2018-02-26 23:16:42,0.00133840,40.00000000
2018-02-26 23:16:42,0.00133850,5.52000000
2018-02-26 23:16:43,0.00133850,17.41000000
2018-02-26 23:16:43,0.00133850,6.25000000
2018-02-26 23:16:44,0.00133850,47.77000000
2018-02-26 23:16:44,0.00133520,11.68000000
2018-02-26 23:16:44,0.00133500,20.47000000
2018-02-26 23:16:44,0.00133860,0.98000000
2018-02-26 23:16:44,0.00133870,15.60000000
2018-02-26 23:16:53,0.00133500,0.01000000
2018-02-26 23:16:54,0.00133790,17.62000000
2018-02-26 23:16:54,0.00133800,44.34000000
2018-02-26 23:16:55,0.00133800,15.82000000
2018-02-26 23:16:56,0.00133800,23.84000000
2018-02-26 23:16:56,0.00133540,2.00000000
2018-02-26 23:16:57,0.00133800,63.81000000
2018-02-26 23:16:57,0.00133870,150.10000000
2018-02-26 23:17:00,0.00133700,10.59000000
2018-02-26 23:17:01,0.00133580,4.02000000
2018-02-26 23:17:06,0.00133870,3.00000000
2018-02-26 23:17:07,0.00133570,0.03000000
2018-02-26 23:17:11,0.00133700,127.99000000
2018-02-26 23:17:11,0.00133570,7.47000000
2018-02-26 23:17:11,0.00133540,3.53000000
2018-02-26 23:17:22,0.00133570,46.80000000
2018-02-26 23:17:23,0.00133660,20.50000000
2018-02-26 23:17:25,0.00133540,2.18000000
2018-02-26 23:17:35,0.00133540,12.72000000
2018-02-26 23:17:39,0.00133650,138.13000000
2018-02-26 23:17:41,0.00133540,36.00000000
2018-02-26 23:17:43,0.00133770,14.56000000
2018-02-26 23:17:43,0.00133770,27.90000000
2018-02-26 23:17:43,0.00133560,1.40000000
2018-02-26 23:17:45,0.00133560,6.10000000
2018-02-26 23:17:45,0.00133540,0.69000000
2018-02-26 23:17:46,0.00133500,69.56000000
2018-02-26 23:17:46,0.00133430,0.44000000
2018-02-26 23:17:47,0.00133540,5.52000000
2018-02-26 23:17:48,0.00133330,2.16000000
2018-02-26 23:17:49,0.00133540,8.96000000
2018-02-26 23:17:49,0.00133540,1.47000000
2018-02-26 23:17:51,0.00133330,1.66000000
2018-02-26 23:17:53,0.00133330,2.07000000
2018-02-26 23:17:56,0.00133330,146.14000000
2018-02-26 23:18:00,0.00133540,0.73000000
2018-02-26 23:18:00,0.00133430,30.64000000
2018-02-26 23:18:02,0.00133430,1.64000000
2018-02-26 23:18:09,0.00133330,77.24000000
2018-02-26 23:18:13,0.00133330,44.70000000
2018-02-26 23:18:14,0.00133430,10.00000000
2018-02-26 23:18:14,0.00133530,5.01000000
2018-02-26 23:18:15,0.00133530,3.70000000
2018-02-26 23:18:17,0.00133410,148.28000000
2018-02-26 23:18:17,0.00133330,44.73000000
2018-02-26 23:18:19,0.00133500,4.67000000
2018-02-26 23:18:19,0.00133530,29.32000000
2018-02-26 23:18:21,0.00133530,11.26000000
2018-02-26 23:18:24,0.00133530,15.86000000
2018-02-26 23:18:31,0.00133430,18.00000000
2018-02-26 23:18:39,0.00133470,40.78000000
2018-02-26 23:18:50,0.00133430,0.83000000
2018-02-26 23:18:50,0.00133330,2.95000000
2018-02-26 23:18:56,0.00133390,158.42000000
2018-02-26 23:18:59,0.00133460,134.00000000
2018-02-26 23:18:59,0.00133470,75.14000000
2018-02-26 23:19:08,0.00133330,152.25000000
2018-02-26 23:19:11,0.00133430,32.07000000
2018-02-26 23:19:14,0.00133430,656.59000000
2018-02-26 23:19:17,0.00133430,43.71000000
2018-02-26 23:19:18,0.00133440,50.92000000
2018-02-26 23:19:21,0.00133460,19.10000000
2018-02-26 23:19:22,0.00133460,2.25000000
2018-02-26 23:19:26,0.00133460,61.02000000
2018-02-26 23:19:27,0.00133430,38.64000000
2018-02-26 23:19:28,0.00133430,53.71000000
2018-02-26 23:19:28,0.00133460,31.24000000
2018-02-26 23:19:32,0.00133460,11.78000000
2018-02-26 23:19:37,0.00133380,168.56000000
2018-02-26 23:19:38,0.00133380,3.00000000
2018-02-26 23:19:44,0.00133320,18.66000000
2018-02-26 23:19:44,0.00133310,63.84000000
2018-02-26 23:19:44,0.00133270,1.67000000
2018-02-26 23:19:44,0.00133260,25.47000000
2018-02-26 23:19:44,0.00133370,2.00000000
2018-02-26 23:19:45,0.00133370,1.25000000
2018-02-26 23:19:46,0.00133370,4.25000000
2018-02-26 23:19:46,0.00133260,5.00000000
2018-02-26 23:19:50,0.00133260,91.28000000
2018-02-26 23:19:58,0.00133310,61.06000000
2018-02-26 23:19:59,0.00133260,78.05000000
2018-02-26 23:19:59,0.00133260,249.17000000
2018-02-26 23:19:59,0.00133380,8.16000000
2018-02-26 23:20:00,0.00133380,1.32000000
2018-02-26 23:20:02,0.00133380,38.78000000
2018-02-26 23:20:02,0.00133380,8.05000000
2018-02-26 23:20:04,0.00133380,79.53000000
2018-02-26 23:20:05,0.00133230,10.00000000
2018-02-26 23:20:07,0.00133230,572.39000000
2018-02-26 23:20:09,0.00133230,413.43000000
2018-02-26 23:20:09,0.00133230,246.04000000
2018-02-26 23:20:14,0.00133230,3.40000000
2018-02-26 23:20:16,0.00133230,39.07000000
2018-02-26 23:20:16,0.00133340,178.47000000
2018-02-26 23:20:16,0.00133230,128.17000000
2018-02-26 23:20:16,0.00133220,6.65000000
2018-02-26 23:20:16,0.00133200,3.00000000
2018-02-26 23:20:16,0.00133200,89.91000000
2018-02-26 23:20:16,0.00133220,1.33000000
2018-02-26 23:20:21,0.00133440,112.19000000
2018-02-26 23:20:21,0.00133460,110.95000000
2018-02-26 23:20:24,0.00133460,10.75000000
2018-02-26 23:20:24,0.00133500,596.10000000
2018-02-26 23:20:27,0.00133500,2.99000000
2018-02-26 23:20:28,0.00133250,10.00000000
2018-02-26 23:20:29,0.00133500,200.00000000
2018-02-26 23:20:30,0.00133430,70.98000000
2018-02-26 23:20:37,0.00133500,300.00000000
2018-02-26 23:20:39,0.00133380,18.59000000
2018-02-26 23:20:47,0.00133430,188.61000000
2018-02-26 23:20:53,0.00133500,35.00000000
2018-02-26 23:20:55,0.00133500,9.69000000
2018-02-26 23:20:55,0.00133530,15.35000000
2018-02-26 23:20:55,0.00133750,7.50000000
2018-02-26 23:20:55,0.00133780,7.50000000
2018-02-26 23:20:55,0.00133800,191.47000000
2018-02-26 23:20:55,0.00133890,2.58000000
2018-02-26 23:20:55,0.00133900,85.54000000
2018-02-26 23:20:58,0.00133500,32.06000000
2018-02-26 23:20:58,0.00133800,1.84000000
2018-02-26 23:20:58,0.00133900,27.13000000
2018-02-26 23:20:58,0.00133910,18.09000000
2018-02-26 23:21:00,0.00133900,5.97000000
2018-02-26 23:21:00,0.00133900,18.68000000
2018-02-26 23:21:00,0.00133910,1.17000000
2018-02-26 23:21:02,0.00133800,4.96000000
2018-02-26 23:21:02,0.00133620,81.12000000
2018-02-26 23:21:04,0.00133800,1.93000000
2018-02-26 23:21:04,0.00133800,1.25000000
2018-02-26 23:21:07,0.00133800,0.31000000
2018-02-26 23:21:08,0.00133800,51.59000000
2018-02-26 23:21:08,0.00133570,20.00000000
2018-02-26 23:21:10,0.00133550,1.00000000
2018-02-26 23:21:10,0.00133570,77.45000000
2018-02-26 23:21:10,0.00133780,7.48000000
2018-02-26 23:21:10,0.00133800,432.50000000
2018-02-26 23:21:12,0.00133790,129.88000000
2018-02-26 23:21:12,0.00133800,32.30000000
2018-02-26 23:21:17,0.00133800,0.08000000
2018-02-26 23:21:18,0.00133800,158.67000000
2018-02-26 23:21:20,0.00133520,7.50000000
2018-02-26 23:21:20,0.00133490,7.50000000
2018-02-26 23:21:20,0.00133460,3.75000000
2018-02-26 23:21:20,0.00133440,0.36000000
2018-02-26 23:21:21,0.00133770,15.00000000
2018-02-26 23:21:21,0.00133800,485.00000000
2018-02-26 23:21:21,0.00133600,198.75000000
2018-02-26 23:21:25,0.00133470,7.50000000
2018-02-26 23:21:25,0.00133440,474.32000000
2018-02-26 23:21:32,0.00133600,28.98000000
2018-02-26 23:21:32,0.00133720,4.19000000
2018-02-26 23:21:32,0.00133730,7.50000000
2018-02-26 23:21:32,0.00133800,59.33000000
2018-02-26 23:21:37,0.00133490,7.47000000
2018-02-26 23:21:40,0.00133620,37.84000000
2018-02-26 23:21:40,0.00133510,7.50000000
2018-02-26 23:21:40,0.00133490,0.03000000
2018-02-26 23:21:40,0.00133450,80.79000000
2018-02-26 23:21:41,0.00133450,20.08000000
2018-02-26 23:21:44,0.00133440,0.33000000
2018-02-26 23:21:44,0.00133450,23.44000000
2018-02-26 23:21:48,0.00133450,153.34000000
2018-02-26 23:21:50,0.00133380,27.00000000
2018-02-26 23:21:50,0.00133450,11.38000000
2018-02-26 23:21:51,0.00133380,13.56000000
2018-02-26 23:21:51,0.00133160,136.50000000
2018-02-26 23:21:54,0.00133330,170.42000000
2018-02-26 23:21:54,0.00133220,16.51000000
2018-02-26 23:21:54,0.00133450,11.62000000
2018-02-26 23:22:03,0.00133450,67.67000000
2018-02-26 23:22:06,0.00133740,1.44000000
2018-02-26 23:22:11,0.00133510,49.27000000
2018-02-26 23:22:19,0.00133500,78.54000000
2018-02-26 23:22:19,0.00133500,1.50000000
2018-02-26 23:22:20,0.00133500,85.58000000
2018-02-26 23:22:26,0.00133500,8.00000000
2018-02-26 23:22:28,0.00133450,1.00000000
2018-02-26 23:22:29,0.00133470,181.85000000
2018-02-26 23:22:31,0.00133450,4.20000000
2018-02-26 23:22:34,0.00133490,59.08000000
2018-02-26 23:22:42,0.00133450,76.96000000
2018-02-26 23:22:42,0.00133250,2.59000000
2018-02-26 23:22:42,0.00133160,6.79000000
2018-02-26 23:22:42,0.00133150,14.29000000
2018-02-26 23:22:42,0.00133100,49.37000000
2018-02-26 23:22:45,0.00133450,6.25000000
2018-02-26 23:22:47,0.00133280,60.70000000
2018-02-26 23:22:49,0.00133150,1.90000000
2018-02-26 23:22:50,0.00133440,3.90000000
2018-02-26 23:22:55,0.00133440,0.17000000
2018-02-26 23:22:55,0.00133450,4.72000000
2018-02-26 23:23:00,0.00133280,193.28000000
2018-02-26 23:23:10,0.00133330,3.83000000
2018-02-26 23:23:11,0.00133440,6.78000000
2018-02-26 23:23:11,0.00133440,4.45000000
2018-02-26 23:23:12,0.00133450,19.46000000
2018-02-26 23:23:15,0.00133260,4.37000000
2018-02-26 23:23:17,0.00133280,72.13000000
2018-02-26 23:23:26,0.00133280,21.37000000
2018-02-26 23:23:27,0.00133280,0.01000000
2018-02-26 23:23:36,0.00133280,152.81000000
2018-02-26 23:23:37,0.00133330,204.71000000
2018-02-26 23:23:37,0.00133400,0.25000000
2018-02-26 23:23:38,0.00133280,20.86000000
2018-02-26 23:23:40,0.00133280,5.18000000
2018-02-26 23:23:44,0.00133280,9.85000000
2018-02-26 23:23:46,0.00133320,11.76000000
2018-02-26 23:23:46,0.00133290,3.31000000
2018-02-26 23:23:46,0.00133280,19.90000000
2018-02-26 23:23:47,0.00133280,5.62000000
2018-02-26 23:23:48,0.00133280,11.28000000
2018-02-26 23:23:49,0.00133400,0.90000000
2018-02-26 23:23:50,0.00133400,115.11000000
2018-02-26 23:23:50,0.00133450,116.86000000
2018-02-26 23:23:51,0.00133450,3.75000000
2018-02-26 23:23:52,0.00133360,83.56000000
2018-02-26 23:23:53,0.00133280,127.17000000
2018-02-26 23:23:53,0.00133250,38.12000000
2018-02-26 23:24:03,0.00133260,216.13000000
2018-02-26 23:24:06,0.00133250,14.43000000
2018-02-26 23:24:08,0.00133280,16.12000000
2018-02-26 23:24:10,0.00133260,26.86000000
2018-02-26 23:24:11,0.00133260,38.85000000
2018-02-26 23:24:11,0.00133250,4.88000000
2018-02-26 23:24:12,0.00133250,58.01000000
2018-02-26 23:24:12,0.00133200,14.82000000
2018-02-26 23:24:12,0.00133150,21.56000000
2018-02-26 23:24:12,0.00133110,8.05000000
2018-02-26 23:24:12,0.00133100,68.87000000
2018-02-26 23:24:13,0.00133260,2.85000000
2018-02-26 23:24:15,0.00133260,7.54000000
2018-02-26 23:24:16,0.00133260,10.23000000
2018-02-26 23:24:17,0.00133100,291.42000000
2018-02-26 23:24:17,0.00133030,3.01000000
2018-02-26 23:24:17,0.00133000,1.00000000
2018-02-26 23:24:17,0.00132920,3.75000000
2018-02-26 23:24:17,0.00132910,2.17000000
2018-02-26 23:24:17,0.00132900,18.65000000
2018-02-26 23:24:17,0.00132800,105.20000000
2018-02-26 23:24:21,0.00132860,1.79000000
2018-02-26 23:24:23,0.00133070,94.73000000
2018-02-26 23:24:25,0.00133000,36.23000000
2018-02-26 23:24:30,0.00133220,14.41000000
2018-02-26 23:24:31,0.00133200,80.71000000
2018-02-26 23:24:31,0.00133220,97.07000000
2018-02-26 23:24:31,0.00133230,3.75000000
2018-02-26 23:24:31,0.00133240,5.00000000
2018-02-26 23:24:31,0.00133250,7.50000000
2018-02-26 23:24:31,0.00133260,10.04000000
2018-02-26 23:24:31,0.00133280,13.87000000
2018-02-26 23:24:32,0.00133280,100.00000000
2018-02-26 23:24:32,0.00133000,17.39000000
2018-02-26 23:24:32,0.00133000,137.07000000
2018-02-26 23:24:36,0.00133020,40.00000000
2018-02-26 23:24:36,0.00133010,28.15000000
2018-02-26 23:24:36,0.00133000,1.24000000
2018-02-26 23:24:37,0.00133000,136.72000000
2018-02-26 23:24:37,0.00132990,9.14000000
2018-02-26 23:24:37,0.00132910,227.31000000
2018-02-26 23:24:38,0.00132990,10.86000000
2018-02-26 23:24:38,0.00133000,19.10000000
2018-02-26 23:24:42,0.00133000,3.75000000
2018-02-26 23:24:42,0.00133000,7.60000000
2018-02-26 23:24:42,0.00133000,6.49000000
2018-02-26 23:24:45,0.00132880,21.81000000
2018-02-26 23:24:45,0.00132850,86.87000000
2018-02-26 23:24:45,0.00132830,267.92000000
2018-02-26 23:24:48,0.00132990,20.00000000
2018-02-26 23:24:48,0.00133000,63.33000000
2018-02-26 23:24:48,0.00133060,29.92000000
2018-02-26 23:24:48,0.00133060,76.24000000
2018-02-26 23:24:49,0.00133060,29.92000000
2018-02-26 23:24:50,0.00133230,1.00000000
2018-02-26 23:25:00,0.00133000,5.01000000
2018-02-26 23:25:00,0.00132920,7.60000000
2018-02-26 23:25:00,0.00132900,0.18000000
2018-02-26 23:25:02,0.00133030,238.74000000
2018-02-26 23:25:03,0.00133060,374.69000000
2018-02-26 23:25:05,0.00133140,20.26000000
2018-02-26 23:25:13,0.00132950,21.42000000
2018-02-26 23:25:13,0.00132920,32.71000000
2018-02-26 23:25:15,0.00133100,6.00000000
2018-02-26 23:25:17,0.00132990,117.59000000
2018-02-26 23:25:18,0.00133000,0.92000000
2018-02-26 23:25:18,0.00133100,3.75000000
2018-02-26 23:25:18,0.00133110,1.81000000
2018-02-26 23:25:21,0.00133130,20.89000000
2018-02-26 23:25:21,0.00133140,100.00000000
2018-02-26 23:25:23,0.00133140,50.00000000
2018-02-26 23:25:23,0.00133140,68.24000000
2018-02-26 23:25:26,0.00132910,16.68000000
2018-02-26 23:25:28,0.00133140,3.67000000
2018-02-26 23:25:28,0.00133140,46.33000000
2018-02-26 23:25:32,0.00132910,56.03000000
2018-02-26 23:25:33,0.00133100,29.21000000
2018-02-26 23:25:33,0.00133110,53.73000000
2018-02-26 23:25:38,0.00133000,250.17000000
2018-02-26 23:25:39,0.00133110,43.50000000
2018-02-26 23:25:42,0.00133130,3.76000000
2018-02-26 23:25:42,0.00133140,221.06000000
2018-02-26 23:25:42,0.00133150,5.98000000
2018-02-26 23:25:46,0.00133130,1.66000000
2018-02-26 23:25:46,0.00132940,7.60000000
2018-02-26 23:25:46,0.00132920,14.45000000
2018-02-26 23:25:46,0.00132910,133.25000000
2018-02-26 23:25:46,0.00132900,3.34000000
2018-02-26 23:25:46,0.00132800,39.80000000
2018-02-26 23:25:46,0.00132790,3.76000000
2018-02-26 23:25:46,0.00132780,22.78000000
2018-02-26 23:25:46,0.00132770,62.02000000
2018-02-26 23:25:50,0.00133090,2.23000000
2018-02-26 23:25:52,0.00132770,187.62000000
2018-02-26 23:25:52,0.00132760,496.69000000
2018-02-26 23:25:58,0.00132910,129.02000000
2018-02-26 23:25:59,0.00132770,0.32000000
2018-02-26 23:26:02,0.00133000,2.89000000
2018-02-26 23:26:02,0.00132980,4.82000000
2018-02-26 23:26:02,0.00132770,2.89000000
2018-02-26 23:26:02,0.00132770,164.14000000
2018-02-26 23:26:02,0.00132760,2.89000000
2018-02-26 23:26:03,0.00133000,2.89000000
2018-02-26 23:26:03,0.00132760,8.22000000
2018-02-26 23:26:03,0.00132760,1.26000000
2018-02-26 23:26:04,0.00132990,3.76000000
2018-02-26 23:26:05,0.00132760,8.26000000
2018-02-26 23:26:05,0.00132760,125.12000000
2018-02-26 23:26:05,0.00132760,1.32000000
2018-02-26 23:26:05,0.00132760,51.17000000
2018-02-26 23:26:08,0.00132770,3.97000000
2018-02-26 23:26:13,0.00132770,30.49000000
2018-02-26 23:26:14,0.00132770,105.75000000
2018-02-26 23:26:14,0.00132900,7.87000000
2018-02-26 23:26:24,0.00133040,50.00000000
2018-02-26 23:26:25,0.00132790,7.60000000
2018-02-26 23:26:25,0.00132770,3.09000000
2018-02-26 23:26:25,0.00132760,7.70000000
2018-02-26 23:26:27,0.00133020,7.60000000
2018-02-26 23:26:27,0.00133040,23.42000000
2018-02-26 23:26:27,0.00133050,1.42000000
2018-02-26 23:26:27,0.00133050,150.00000000
2018-02-26 23:26:32,0.00132910,140.45000000
2018-02-26 23:26:33,0.00133050,1.88000000
2018-02-26 23:26:36,0.00133050,21.94000000
2018-02-26 23:26:40,0.00133050,16.21000000
2018-02-26 23:26:44,0.00133040,3.97000000
2018-02-26 23:26:46,0.00132900,19.30000000
2018-02-26 23:26:56,0.00132780,162.95000000
2018-02-26 23:26:59,0.00132780,2.00000000
2018-02-26 23:27:06,0.00132830,151.62000000
2018-02-26 23:27:10,0.00132900,12.62000000
2018-02-26 23:27:12,0.00132900,2.38000000
2018-02-26 23:27:16,0.00132780,6.50000000
2018-02-26 23:27:16,0.00132780,96.81000000
2018-02-26 23:27:17,0.00132770,30.47000000
2018-02-26 23:27:17,0.00132760,1.79000000
2018-02-26 23:27:18,0.00132760,0.78000000
2018-02-26 23:27:21,0.00132760,29.11000000
2018-02-26 23:27:22,0.00132770,12.97000000
2018-02-26 23:27:26,0.00132760,61.90000000
2018-02-26 23:27:26,0.00132780,169.98000000
2018-02-26 23:27:27,0.00132780,3.66000000
2018-02-26 23:27:27,0.00132780,53.00000000
2018-02-26 23:27:28,0.00132800,163.05000000
2018-02-26 23:27:38,0.00132800,8.95000000
2018-02-26 23:27:43,0.00132800,1.00000000
2018-02-26 23:27:46,0.00132800,22.25000000
2018-02-26 23:27:46,0.00132760,19.75000000
2018-02-26 23:27:49,0.00132790,41.90000000
2018-02-26 23:27:50,0.00132800,20.00000000
2018-02-26 23:27:50,0.00132830,2.23000000
2018-02-26 23:27:50,0.00132900,21.42000000
2018-02-26 23:27:56,0.00132900,378.10000000
2018-02-26 23:27:56,0.00132900,63.26000000
2018-02-26 23:27:56,0.00132760,46.01000000
2018-02-26 23:27:57,0.00132990,5.41000000
2018-02-26 23:27:58,0.00132980,61.00000000
2018-02-26 23:28:01,0.00132980,10.76000000
2018-02-26 23:28:02,0.00132980,42.45000000
2018-02-26 23:28:02,0.00132990,120.09000000
2018-02-26 23:28:02,0.00133000,61.30000000
2018-02-26 23:28:02,0.00133010,30.49000000
2018-02-26 23:28:02,0.00133020,163.79000000
2018-02-26 23:28:02,0.00133030,176.38000000
2018-02-26 23:28:02,0.00133030,7.37000000
2018-02-26 23:28:03,0.00133030,125.58000000
2018-02-26 23:28:03,0.00133040,65.24000000
2018-02-26 23:28:03,0.00133050,147.33000000
2018-02-26 23:28:04,0.00133050,53.14000000
2018-02-26 23:28:04,0.00133050,106.28000000
2018-02-26 23:28:04,0.00133050,13.28000000
2018-02-26 23:28:04,0.00133050,26.57000000
2018-02-26 23:28:07,0.00133040,174.48000000
2018-02-26 23:28:08,0.00133050,13.91000000
2018-02-26 23:28:08,0.00133050,101.25000000
2018-02-26 23:28:09,0.00133050,4.63000000
2018-02-26 23:28:12,0.00133030,453.93000000
2018-02-26 23:28:12,0.00133030,25.66000000
2018-02-26 23:28:22,0.00133030,15.33000000
2018-02-26 23:28:22,0.00132810,7.60000000
2018-02-26 23:28:22,0.00132780,17.52000000
2018-02-26 23:28:22,0.00132760,8.93000000
2018-02-26 23:28:23,0.00132960,7.60000000
2018-02-26 23:28:23,0.00133010,1.17000000
2018-02-26 23:28:27,0.00132880,53.33000000
2018-02-26 23:28:35,0.00132760,143.03000000
2018-02-26 23:28:36,0.00132760,10.00000000
2018-02-26 23:28:40,0.00132880,83.59000000
2018-02-26 23:28:43,0.00132880,57.61000000
2018-02-26 23:28:43,0.00132880,10.17000000
2018-02-26 23:28:43,0.00132940,185.91000000
2018-02-26 23:28:50,0.00132940,5.52000000
2018-02-26 23:28:54,0.00132880,20.06000000
2018-02-26 23:28:54,0.00132940,1.04000000
2018-02-26 23:28:57,0.00132940,16.63000000
2018-02-26 23:29:01,0.00132940,27.51000000
2018-02-26 23:29:02,0.00132970,64.76000000
2018-02-26 23:29:02,0.00133010,2.25000000
2018-02-26 23:29:10,0.00133010,25.41000000
2018-02-26 23:29:10,0.00133050,65.68000000
2018-02-26 23:29:11,0.00133000,17.16000000
2018-02-26 23:29:21,0.00133020,197.34000000
2018-02-26 23:29:26,0.00133000,34.09000000
2018-02-26 23:29:34,0.00133010,76.19000000
2018-02-26 23:29:40,0.00133000,0.66000000
2018-02-26 23:29:40,0.00132950,155.75000000
2018-02-26 23:29:40,0.00132900,168.78000000
2018-02-26 23:29:46,0.00132880,5.00000000
2018-02-26 23:29:49,0.00132890,208.52000000
2018-02-26 23:29:50,0.00132900,1.82000000
2018-02-26 23:29:58,0.00132900,1.00000000
2018-02-26 23:30:08,0.00132900,12.14000000
2018-02-26 23:30:08,0.00132890,6.66000000
2018-02-26 23:30:08,0.00132880,7.72000000
2018-02-26 23:30:10,0.00132930,4.53000000
2018-02-26 23:30:10,0.00132930,82.84000000
2018-02-26 23:30:18,0.00132960,7.25000000
2018-02-26 23:30:23,0.00132940,219.94000000
2018-02-26 23:30:28,0.00132960,0.01000000
2018-02-26 23:30:30,0.00132960,16.45000000
2018-02-26 23:30:34,0.00133000,14.73000000
2018-02-26 23:30:37,0.00132970,98.79000000
2018-02-26 23:30:42,0.00132960,3.00000000
2018-02-26 23:30:47,0.00133000,516.77000000
2018-02-26 23:30:47,0.00133020,36.54000000
2018-02-26 23:30:47,0.00133050,128.76000000
2018-02-26 23:30:47,0.00133060,22.78000000
2018-02-26 23:30:47,0.00133130,0.50000000
2018-02-26 23:30:47,0.00133230,8.83000000
2018-02-26 23:30:47,0.00133280,0.87000000
2018-02-26 23:30:47,0.00133300,1.00000000
2018-02-26 23:30:47,0.00133310,126.61000000
2018-02-26 23:30:47,0.00133400,34.77000000
2018-02-26 23:30:47,0.00133410,3.97000000
2018-02-26 23:30:47,0.00133440,18.61000000
2018-02-26 23:30:47,0.00133450,95.99000000
2018-02-26 23:30:49,0.00132980,10.00000000
2018-02-26 23:30:53,0.00133290,4.34000000
2018-02-26 23:30:53,0.00133130,231.37000000
2018-02-26 23:31:00,0.00132990,174.17000000
2018-02-26 23:31:00,0.00132980,124.52000000
2018-02-26 23:31:06,0.00132970,5.66000000
2018-02-26 23:31:06,0.00132980,57.56000000
2018-02-26 23:31:12,0.00133000,50.20000000
2018-02-26 23:31:13,0.00133140,110.22000000
2018-02-26 23:31:20,0.00133290,78.00000000
2018-02-26 23:31:21,0.00133290,72.19000000
2018-02-26 23:31:21,0.00133290,123.27000000
2018-02-26 23:31:26,0.00133290,2.76000000
2018-02-26 23:31:26,0.00133300,0.91000000
2018-02-26 23:31:27,0.00133300,4.14000000
2018-02-26 23:31:27,0.00133290,75.17000000
2018-02-26 23:31:27,0.00133180,7.00000000
2018-02-26 23:31:27,0.00133180,235.80000000
2018-02-26 23:31:28,0.00133180,1.51000000
2018-02-26 23:31:34,0.00133300,31.72000000
2018-02-26 23:31:42,0.00133300,21.40000000
2018-02-26 23:31:42,0.00133300,29.83000000
2018-02-26 23:31:42,0.00133300,37.82000000
2018-02-26 23:31:43,0.00133300,1.25000000
2018-02-26 23:31:44,0.00133360,121.65000000
2018-02-26 23:31:46,0.00133440,7.76000000
2018-02-26 23:31:46,0.00133450,24.24000000
2018-02-26 23:31:47,0.00133300,214.89000000
2018-02-26 23:31:49,0.00133400,5.71000000
2018-02-26 23:31:51,0.00133400,7.17000000
2018-02-26 23:31:52,0.00133400,1.94000000
2018-02-26 23:31:54,0.00133400,475.90000000
2018-02-26 23:31:54,0.00133400,1.25000000
2018-02-26 23:31:55,0.00133400,0.69000000
2018-02-26 23:31:59,0.00133450,109.31000000
2018-02-26 23:32:01,0.00133400,23.28000000
2018-02-26 23:32:01,0.00133400,47.74000000
2018-02-26 23:32:04,0.00133390,4.47000000
2018-02-26 23:32:07,0.00133500,37.00000000
2018-02-26 23:32:13,0.00133390,2.65000000
2018-02-26 23:32:21,0.00133390,132.35000000
2018-02-26 23:32:23,0.00133350,6.56000000
2018-02-26 23:32:28,0.00133300,189.79000000
2018-02-26 23:32:28,0.00133350,14.72000000
2018-02-26 23:32:30,0.00133350,66.04000000
2018-02-26 23:32:30,0.00133390,28.78000000
2018-02-26 23:32:37,0.00133350,244.08000000
2018-02-26 23:32:38,0.00133320,11.93000000
2018-02-26 23:32:40,0.00133330,2.44000000
2018-02-26 23:32:40,0.00133360,34.20000000
2018-02-26 23:32:43,0.00133300,178.73000000
2018-02-26 23:32:49,0.00133180,0.01000000
2018-02-26 23:32:53,0.00133300,5.58000000
2018-02-26 23:32:54,0.00133230,144.26000000
2018-02-26 23:32:57,0.00133300,5.48000000
2018-02-26 23:32:57,0.00133400,38.13000000
2018-02-26 23:33:01,0.00133180,0.01000000
2018-02-26 23:33:02,0.00133180,5.47000000
2018-02-26 23:33:03,0.00133180,0.51000000
2018-02-26 23:33:04,0.00133350,160.96000000
2018-02-26 23:33:05,0.00133120,0.01000000
2018-02-26 23:33:06,0.00133120,0.03000000
2018-02-26 23:33:13,0.00133230,23.11000000
2018-02-26 23:33:16,0.00133230,7.78000000
2018-02-26 23:33:31,0.00133120,20.00000000
2018-02-26 23:33:31,0.00133230,155.69000000
2018-02-26 23:33:32,0.00133350,199.04000000
2018-02-26 23:33:36,0.00133120,45.25000000
2018-02-26 23:33:42,0.00133230,24.92000000
2018-02-26 23:33:43,0.00133360,3.13000000
2018-02-26 23:33:49,0.00133360,12.00000000
2018-02-26 23:33:50,0.00133270,34.54000000
2018-02-26 23:33:50,0.00133200,9.56000000
2018-02-26 23:33:52,0.00133200,0.82000000
2018-02-26 23:33:55,0.00133130,116.90000000
2018-02-26 23:33:55,0.00133120,163.87000000
2018-02-26 23:33:55,0.00133200,11.42000000
2018-02-26 23:34:03,0.00133120,50.64000000
2018-02-26 23:34:03,0.00133120,2.95000000
2018-02-26 23:34:04,0.00133120,38.85000000
2018-02-26 23:34:05,0.00133120,1.32000000
2018-02-26 23:34:05,0.00133120,283.27000000
2018-02-26 23:34:05,0.00133120,1.26000000
2018-02-26 23:34:07,0.00133120,38.03000000
2018-02-26 23:34:07,0.00133120,3.47000000
2018-02-26 23:34:08,0.00133120,32.17000000
2018-02-26 23:34:08,0.00133110,510.29000000
2018-02-26 23:34:10,0.00133050,167.12000000
2018-02-26 23:34:24,0.00133050,8.08000000
2018-02-26 23:34:27,0.00133050,38.86000000
2018-02-26 23:34:29,0.00133050,273.18000000
2018-02-26 23:34:32,0.00133110,45.97000000
2018-02-26 23:34:35,0.00133080,1.90000000
2018-02-26 23:34:35,0.00133050,13.02000000
2018-02-26 23:34:42,0.00133110,7.60000000
2018-02-26 23:34:42,0.00133110,7.60000000
2018-02-26 23:34:43,0.00133050,7.47000000
2018-02-26 23:34:45,0.00133110,8.10000000
2018-02-26 23:34:49,0.00133050,26.84000000
2018-02-26 23:34:50,0.00133070,178.55000000
2018-02-26 23:34:53,0.00133110,2.63000000
2018-02-26 23:34:55,0.00133110,3.01000000
2018-02-26 23:34:55,0.00133050,53.86000000
2018-02-26 23:34:55,0.00133010,34.83000000
2018-02-26 23:34:57,0.00133050,68.59000000
2018-02-26 23:34:57,0.00133110,37.40000000
2018-02-26 23:34:57,0.00133290,78.69000000
2018-02-26 23:34:57,0.00133320,80.73000000
2018-02-26 23:34:57,0.00133330,76.94000000
2018-02-26 23:35:00,0.00133320,3.00000000
2018-02-26 23:35:01,0.00133110,3.00000000
2018-02-26 23:35:01,0.00133110,20.17000000
2018-02-26 23:35:02,0.00133110,74.37000000
2018-02-26 23:35:06,0.00133200,57.40000000
2018-02-26 23:35:08,0.00133110,109.86000000
2018-02-26 23:35:09,0.00133110,19.55000000
2018-02-26 23:35:09,0.00133110,45.50000000
2018-02-26 23:35:10,0.00133110,1.68000000
2018-02-26 23:35:11,0.00133110,12.05000000
2018-02-26 23:35:11,0.00133110,290.40000000
2018-02-26 23:35:13,0.00133300,125.80000000
2018-02-26 23:35:13,0.00133310,148.28000000
2018-02-26 23:35:15,0.00133110,7.51000000
2018-02-26 23:35:18,0.00133110,9.86000000
2018-02-26 23:35:21,0.00133190,189.97000000
2018-02-26 23:35:29,0.00133110,6.25000000
2018-02-26 23:35:34,0.00133140,68.82000000
2018-02-26 23:35:34,0.00133110,4.31000000
2018-02-26 23:35:35,0.00133190,1.00000000
2018-02-26 23:35:42,0.00133180,3.26000000
2018-02-26 23:35:42,0.00133180,23.91000000
2018-02-26 23:35:44,0.00133190,2.73000000
2018-02-26 23:35:44,0.00133330,4.71000000
2018-02-26 23:35:45,0.00133210,201.15000000
2018-02-26 23:35:49,0.00133330,152.07000000
2018-02-26 23:35:49,0.00133360,38.19000000
2018-02-26 23:35:50,0.00133110,5.15000000
2018-02-26 23:36:05,0.00133250,80.00000000
2018-02-26 23:36:06,0.00133140,32.60000000
2018-02-26 23:36:06,0.00133110,0.15000000
2018-02-26 23:36:07,0.00133110,0.83000000
2018-02-26 23:36:09,0.00133110,6.08000000
2018-02-26 23:36:10,0.00133300,1.65000000
2018-02-26 23:36:13,0.00133250,0.99000000
2018-02-26 23:36:16,0.00133190,12.85000000
2018-02-26 23:36:16,0.00133110,0.37000000
2018-02-26 23:36:17,0.00133170,33.38000000
2018-02-26 23:36:17,0.00133170,179.20000000
2018-02-26 23:36:19,0.00133170,12.00000000
2018-02-26 23:36:23,0.00133170,9.79000000
2018-02-26 23:36:25,0.00133250,0.01000000
2018-02-26 23:36:37,0.00133180,67.95000000
2018-02-26 23:36:38,0.00133180,23.48000000
2018-02-26 23:36:39,0.00133170,1.51000000
2018-02-26 23:36:44,0.00133180,67.95000000
2018-02-26 23:36:45,0.00133170,10.08000000
2018-02-26 23:36:46,0.00133170,7.84000000
2018-02-26 23:36:46,0.00133190,11.32000000
2018-02-26 23:36:46,0.00133250,199.34000000
2018-02-26 23:36:46,0.00133300,5.95000000
2018-02-26 23:36:46,0.00133320,2.78000000
2018-02-26 23:36:46,0.00133330,60.60000000
2018-02-26 23:36:47,0.00133330,37.57000000
2018-02-26 23:36:54,0.00133330,8.33000000
2018-02-26 23:36:55,0.00133180,4.71000000
2018-02-26 23:36:57,0.00133300,13.20000000
2018-02-26 23:36:57,0.00133330,39.56000000
2018-02-26 23:36:59,0.00133250,224.01000000
2018-02-26 23:36:59,0.00133180,3.37000000
2018-02-26 23:36:59,0.00133180,32.68000000
2018-02-26 23:36:59,0.00133140,7.60000000
2018-02-26 23:36:59,0.00133110,10.24000000
2018-02-26 23:37:10,0.00133120,5.34000000
2018-02-26 23:37:10,0.00133310,34.42000000
2018-02-26 23:37:10,0.00133320,8.50000000
2018-02-26 23:37:10,0.00133330,1398.80000000
2018-02-26 23:37:11,0.00133120,63.14000000
2018-02-26 23:37:11,0.00133110,210.96000000
2018-02-26 23:37:15,0.00133110,26.00000000
2018-02-26 23:37:19,0.00133110,212.86000000
2018-02-26 23:37:19,0.00133100,75.00000000
2018-02-26 23:37:19,0.00133060,52.29000000
2018-02-26 23:37:19,0.00133210,4.53000000
2018-02-26 23:37:19,0.00133210,98.33000000
2018-02-26 23:37:38,0.00133150,11.74000000
2018-02-26 23:37:38,0.00133150,223.70000000
2018-02-26 23:37:40,0.00133150,8.79000000
2018-02-26 23:37:40,0.00133150,2.95000000
2018-02-26 23:37:40,0.00133110,9.00000000
2018-02-26 23:37:40,0.00133060,2.60000000
2018-02-26 23:37:42,0.00133210,4.53000000
2018-02-26 23:37:42,0.00133320,11.37000000
2018-02-26 23:37:42,0.00133330,5.60000000
2018-02-26 23:37:43,0.00133060,17.06000000
2018-02-26 23:37:43,0.00133050,38.80000000
2018-02-26 23:37:43,0.00133010,5.06000000
2018-02-26 23:37:43,0.00133000,6.92000000
2018-02-26 23:37:43,0.00132930,4.53000000
2018-02-26 23:37:43,0.00132900,37.62000000
2018-02-26 23:37:43,0.00132870,3.76000000
2018-02-26 23:37:43,0.00132780,2.00000000
2018-02-26 23:37:43,0.00132760,296.06000000
2018-02-26 23:37:53,0.00133000,114.29000000
2018-02-26 23:37:53,0.00133110,7.30000000
2018-02-26 23:37:54,0.00133110,57.13000000
2018-02-26 23:37:54,0.00133110,3.66000000
2018-02-26 23:37:54,0.00133110,3.33000000
2018-02-26 23:37:58,0.00133160,1.32000000
2018-02-26 23:37:59,0.00132830,21.32000000
2018-02-26 23:37:59,0.00132820,258.73000000
2018-02-26 23:38:03,0.00132830,70.00000000
2018-02-26 23:38:03,0.00132830,7.60000000
2018-02-26 23:38:04,0.00132830,28.48000000
2018-02-26 23:38:04,0.00132830,0.01000000
2018-02-26 23:38:05,0.00132950,20.00000000
2018-02-26 23:38:05,0.00132960,85.19000000
2018-02-26 23:38:08,0.00132950,3.76000000
2018-02-26 23:38:10,0.00132960,20.00000000
2018-02-26 23:38:14,0.00132950,187.75000000
2018-02-26 23:38:14,0.00132950,210.05000000
2018-02-26 23:38:14,0.00132950,224.95000000
2018-02-26 23:38:14,0.00132950,96.77000000
2018-02-26 23:38:15,0.00132850,106.82000000
2018-02-26 23:38:15,0.00132850,43.48000000
2018-02-26 23:38:15,0.00133120,7.60000000
2018-02-26 23:38:19,0.00133210,3.16000000
2018-02-26 23:38:21,0.00133160,30.41000000
2018-02-26 23:38:26,0.00133210,67.14000000
2018-02-26 23:38:26,0.00133300,30.00000000
2018-02-26 23:38:26,0.00133330,32.86000000
2018-02-26 23:38:28,0.00133120,0.18000000
2018-02-26 23:38:28,0.00132860,20.71000000
2018-02-26 23:38:37,0.00133290,20.00000000
2018-02-26 23:38:37,0.00133300,3.76000000
2018-02-26 23:38:37,0.00133310,16.94000000
2018-02-26 23:38:37,0.00133320,5.99000000
2018-02-26 23:38:37,0.00133330,28.31000000
2018-02-26 23:38:41,0.00133220,112.24000000
2018-02-26 23:38:41,0.00133160,7.58000000
2018-02-26 23:38:43,0.00133160,0.02000000
2018-02-26 23:38:46,0.00133120,6.80000000
2018-02-26 23:38:46,0.00132950,143.33000000
2018-02-26 23:38:49,0.00133160,0.88000000
2018-02-26 23:38:50,0.00133160,33.06000000
2018-02-26 23:38:50,0.00133260,7.60000000
2018-02-26 23:38:50,0.00133300,7.60000000
2018-02-26 23:38:50,0.00133330,3.81000000
2018-02-26 23:38:51,0.00133330,52.07000000
2018-02-26 23:38:53,0.00133160,37.46000000
2018-02-26 23:39:06,0.00133030,8.00000000
2018-02-26 23:39:11,0.00133030,12.00000000
2018-02-26 23:39:12,0.00133070,119.30000000
2018-02-26 23:39:14,0.00133110,2.00000000
2018-02-26 23:39:15,0.00133320,7.22000000
2018-02-26 23:39:15,0.00133330,473.04000000
2018-02-26 23:39:15,0.00133340,30.04000000
2018-02-26 23:39:15,0.00133360,1.50000000
2018-02-26 23:39:15,0.00133390,29.98000000
2018-02-26 23:39:15,0.00133400,137.40000000
2018-02-26 23:39:18,0.00133070,15.34000000
2018-02-26 23:39:22,0.00133100,3.75000000
2018-02-26 23:39:22,0.00133060,46.25000000
2018-02-26 23:39:26,0.00133250,44.52000000
2018-02-26 23:39:28,0.00133140,2.28000000
2018-02-26 23:39:29,0.00133140,5.32000000
2018-02-26 23:39:29,0.00133120,7.60000000
2018-02-26 23:39:29,0.00133050,1.96000000
2018-02-26 23:39:30,0.00133160,5.32000000
2018-02-26 23:39:30,0.00133160,2.28000000
2018-02-26 23:39:30,0.00133060,4.66000000
2018-02-26 23:39:30,0.00133050,5.18000000
2018-02-26 23:39:30,0.00133050,5.00000000
2018-02-26 23:39:32,0.00133060,5.00000000
2018-02-26 23:39:34,0.00133060,5.00000000
2018-02-26 23:39:47,0.00133210,126.35000000
2018-02-26 23:39:50,0.00133320,3.76000000
2018-02-26 23:39:50,0.00133330,5.24000000
2018-02-26 23:39:55,0.00133100,112.37000000
2018-02-26 23:39:55,0.00133100,4.25000000
2018-02-26 23:39:55,0.00133100,2.21000000
2018-02-26 23:39:58,0.00133100,16.76000000
2018-02-26 23:40:00,0.00133200,51.57000000
2018-02-26 23:40:02,0.00133100,3.66000000
2018-02-26 23:40:05,0.00133100,0.01000000
2018-02-26 23:40:07,0.00133060,3.77000000
2018-02-26 23:40:10,0.00133100,1.19000000
2018-02-26 23:40:17,0.00133310,5.00000000
2018-02-26 23:40:20,0.00133110,11.98000000
2018-02-26 23:40:21,0.00133200,133.41000000
2018-02-26 23:40:32,0.00133220,58.47000000
2018-02-26 23:40:35,0.00133130,5.00000000
2018-02-26 23:40:41,0.00133150,60.01000000
2018-02-26 23:40:41,0.00133130,8.79000000
2018-02-26 23:40:43,0.00133160,27.19000000
2018-02-26 23:40:43,0.00133160,113.12000000
2018-02-26 23:40:43,0.00133200,54.17000000
2018-02-26 23:40:44,0.00133190,68.05000000
2018-02-26 23:40:44,0.00133200,292.04000000
2018-02-26 23:40:47,0.00133210,11.21000000
2018-02-26 23:40:48,0.00133210,32.34000000
2018-02-26 23:40:50,0.00133310,2.00000000
2018-02-26 23:40:57,0.00133310,1.50000000
2018-02-26 23:40:59,0.00133250,65.53000000
2018-02-26 23:40:59,0.00133310,2.24000000
2018-02-26 23:41:00,0.00133310,1.00000000
2018-02-26 23:41:04,0.00133200,55.00000000
2018-02-26 23:41:05,0.00133310,20.00000000
2018-02-26 23:41:05,0.00133310,3.65000000
2018-02-26 23:41:05,0.00133310,17.03000000
2018-02-26 23:41:06,0.00133300,14.76000000
2018-02-26 23:41:07,0.00133310,52.00000000
2018-02-26 23:41:10,0.00133310,1.50000000
2018-02-26 23:41:12,0.00133310,26.36000000
2018-02-26 23:41:14,0.00133310,73.96000000
2018-02-26 23:41:17,0.00133310,4.44000000
2018-02-26 23:41:20,0.00133310,62.82000000
2018-02-26 23:41:20,0.00133310,17.85000000
2018-02-26 23:41:23,0.00133210,2.00000000
2018-02-26 23:41:23,0.00133200,0.07000000
2018-02-26 23:41:24,0.00133310,2.39000000
2018-02-26 23:41:32,0.00133300,4.35000000
2018-02-26 23:41:32,0.00133310,7.60000000
2018-02-26 23:41:33,0.00133250,72.58000000
2018-02-26 23:41:47,0.00133220,2.24000000
2018-02-26 23:41:50,0.00133260,154.42000000
2018-02-26 23:41:51,0.00133220,9.01000000
2018-02-26 23:41:51,0.00133210,444.59000000
2018-02-26 23:42:00,0.00133230,98.00000000
2018-02-26 23:42:01,0.00133300,5.16000000
2018-02-26 23:42:04,0.00133300,9.43000000
2018-02-26 23:42:04,0.00133300,475.27000000
2018-02-26 23:42:05,0.00133300,27.73000000
2018-02-26 23:42:05,0.00133300,2.40000000
2018-02-26 23:42:05,0.00133300,66.40000000
2018-02-26 23:42:05,0.00133260,79.64000000
2018-02-26 23:42:06,0.00133300,102.63000000
2018-02-26 23:42:07,0.00133300,108.32000000
2018-02-26 23:42:11,0.00133300,1.26000000
2018-02-26 23:42:11,0.00133300,11.73000000
2018-02-26 23:42:11,0.00133300,68.87000000
2018-02-26 23:42:13,0.00133300,5.97000000
2018-02-26 23:42:14,0.00133300,133.18000000
2018-02-26 23:42:19,0.00133270,5.67000000
2018-02-26 23:42:20,0.00133300,8.18000000
2018-02-26 23:42:21,0.00133300,2.58000000
2018-02-26 23:42:22,0.00133300,13.24000000
2018-02-26 23:42:22,0.00133300,263.82000000
2018-02-26 23:42:25,0.00133310,132.85000000
2018-02-26 23:42:28,0.00133310,117.78000000
2018-02-26 23:42:29,0.00133310,90.01000000
2018-02-26 23:42:29,0.00133310,58.74000000
2018-02-26 23:42:32,0.00133350,22.78000000
2018-02-26 23:42:32,0.00133320,86.69000000
2018-02-26 23:42:32,0.00133310,6.00000000
2018-02-26 23:42:37,0.00133350,0.01000000
2018-02-26 23:42:37,0.00133360,22.80000000
2018-02-26 23:42:37,0.00133400,123.10000000
2018-02-26 23:42:38,0.00133470,2.59000000
2018-02-26 23:42:38,0.00133500,134.88000000
2018-02-26 23:42:38,0.00133510,3.74000000
2018-02-26 23:42:38,0.00133630,7.16000000
2018-02-26 23:42:38,0.00133700,449.38000000
2018-02-26 23:42:38,0.00133730,115.75000000
2018-02-26 23:42:38,0.00133730,66.35000000
2018-02-26 23:42:38,0.00133320,18.48000000
2018-02-26 23:42:39,0.00133330,11.93000000
2018-02-26 23:42:39,0.00133790,20.00000000
2018-02-26 23:42:39,0.00133800,189.91000000
2018-02-26 23:42:39,0.00133800,104.95000000
2018-02-26 23:42:39,0.00133800,52.47000000
2018-02-26 23:42:39,0.00133800,26.23000000
2018-02-26 23:42:39,0.00133800,13.11000000
2018-02-26 23:42:40,0.00133350,1.00000000
2018-02-26 23:42:43,0.00133780,6.55000000
2018-02-26 23:42:43,0.00133780,3.27000000
2018-02-26 23:42:43,0.00133780,1.63000000
2018-02-26 23:42:43,0.00133780,0.40000000
2018-02-26 23:42:43,0.00133780,0.81000000
2018-02-26 23:42:44,0.00133580,11.91000000
2018-02-26 23:42:44,0.00133780,0.27000000
2018-02-26 23:42:44,0.00133790,62.16000000
2018-02-26 23:42:45,0.00133790,15.46000000
2018-02-26 23:42:45,0.00133780,6.38000000
2018-02-26 23:42:45,0.00133420,7.47000000
2018-02-26 23:42:46,0.00133760,1.01000000
2018-02-26 23:42:46,0.00133770,19.38000000
2018-02-26 23:42:46,0.00133790,16.68000000
2018-02-26 23:42:46,0.00133800,66.77000000
2018-02-26 23:42:47,0.00133450,15.00000000
2018-02-26 23:42:47,0.00133770,15.71000000
2018-02-26 23:42:47,0.00133770,3.67000000
2018-02-26 23:42:47,0.00133450,3.67000000
2018-02-26 23:42:48,0.00133670,1.35000000
2018-02-26 23:42:48,0.00133750,15.54000000
2018-02-26 23:42:48,0.00133800,15.29000000
2018-02-26 23:42:48,0.00133800,10.00000000
2018-02-26 23:42:49,0.00133790,6.14000000
2018-02-26 23:42:49,0.00133800,860.33000000
2018-02-26 23:42:49,0.00133800,3.86000000
2018-02-26 23:42:50,0.00133470,3.70000000
2018-02-26 23:42:50,0.00133800,3.86000000
2018-02-26 23:42:50,0.00133800,81.00000000
2018-02-26 23:42:50,0.00133800,1.03000000
2018-02-26 23:42:50,0.00133800,84.69000000
2018-02-26 23:42:50,0.00133800,15.17000000
2018-02-26 23:42:50,0.00133800,149.68000000
2018-02-26 23:42:50,0.00133470,3.80000000
2018-02-26 23:42:50,0.00133460,9.72000000
2018-02-26 23:42:50,0.00133450,103.83000000
2018-02-26 23:42:50,0.00133450,4.32000000
2018-02-26 23:42:50,0.00133440,0.68000000
2018-02-26 23:42:52,0.00133450,6.06000000
2018-02-26 23:42:52,0.00133720,6.84000000
2018-02-26 23:42:53,0.00133720,5.10000000
2018-02-26 23:42:54,0.00133720,6.84000000
2018-02-26 23:42:58,0.00133730,5.97000000
2018-02-26 23:43:00,0.00133770,1.64000000
2018-02-26 23:43:01,0.00133620,93.59000000
2018-02-26 23:43:01,0.00133610,3.75000000
2018-02-26 23:43:01,0.00133770,3.75000000
2018-02-26 23:43:05,0.00133770,2.11000000
2018-02-26 23:43:06,0.00133770,121.94000000
2018-02-26 23:43:08,0.00133800,3.64000000
2018-02-26 23:43:08,0.00133830,3.01000000
2018-02-26 23:43:08,0.00133890,160.17000000
2018-02-26 23:43:08,0.00133770,159.28000000
2018-02-26 23:43:11,0.00133890,101.23000000
2018-02-26 23:43:11,0.00133890,16.05000000
2018-02-26 23:43:12,0.00133900,41.59000000
2018-02-26 23:43:12,0.00133770,72.51000000
2018-02-26 23:43:12,0.00133770,146.58000000
2018-02-26 23:43:12,0.00133770,282.88000000
2018-02-26 23:43:12,0.00133770,18.39000000
2018-02-26 23:43:14,0.00133890,65.10000000
2018-02-26 23:43:15,0.00133770,17.17000000
2018-02-26 23:43:16,0.00133770,18.81000000
2018-02-26 23:43:16,0.00133770,34.13000000
2018-02-26 23:43:17,0.00133740,18.81000000
2018-02-26 23:43:17,0.00133590,15.04000000
2018-02-26 23:43:17,0.00133860,4.46000000
2018-02-26 23:43:18,0.00133860,7.48000000
2018-02-26 23:43:18,0.00133900,14.93000000
2018-02-26 23:43:18,0.00133890,89.03000000
2018-02-26 23:43:21,0.00133770,33.37000000
2018-02-26 23:43:22,0.00133900,30.50000000
2018-02-26 23:43:23,0.00133600,1.67000000
2018-02-26 23:43:23,0.00133600,4.30000000
2018-02-26 23:43:24,0.00133600,11.86000000
2018-02-26 23:43:24,0.00133600,17.85000000
2018-02-26 23:43:25,0.00133600,7.46000000
2018-02-26 23:43:26,0.00133600,44.18000000
2018-02-26 23:43:26,0.00133600,10.37000000
2018-02-26 23:43:28,0.00133600,49.74000000
2018-02-26 23:43:29,0.00133700,37.41000000
2018-02-26 23:43:30,0.00133720,100.64000000
2018-02-26 23:43:31,0.00133590,111.00000000
2018-02-26 23:43:34,0.00133860,5.97000000
2018-02-26 23:43:34,0.00133870,5.97000000
2018-02-26 23:43:34,0.00133900,19.67000000
2018-02-26 23:43:34,0.00133910,1.67000000
2018-02-26 23:43:36,0.00133720,2.80000000
2018-02-26 23:43:36,0.00133910,8.19000000
2018-02-26 23:43:37,0.00133910,11.86000000
2018-02-26 23:43:38,0.00133910,2.60000000
2018-02-26 23:43:40,0.00133910,11.28000000
2018-02-26 23:43:40,0.00133970,7.90000000
2018-02-26 23:43:40,0.00133980,35.60000000
2018-02-26 23:43:40,0.00133990,115.59000000
2018-02-26 23:43:40,0.00134000,9522.33000000
2018-02-26 23:43:41,0.00134120,22.75000000
2018-02-26 23:43:41,0.00134190,2.55000000
2018-02-26 23:43:41,0.00134210,16.93000000
2018-02-26 23:43:41,0.00134300,21.19000000
2018-02-26 23:43:41,0.00134310,4.39000000
2018-02-26 23:43:41,0.00134250,116.16000000
2018-02-26 23:43:41,0.00134350,16.73000000
2018-02-26 23:43:41,0.00134250,78.33000000
2018-02-26 23:43:41,0.00133650,7.50000000
2018-02-26 23:43:41,0.00133590,42.50000000
2018-02-26 23:43:41,0.00133590,78.33000000
2018-02-26 23:43:41,0.00133590,4.44000000
2018-02-26 23:43:42,0.00133870,7.50000000
2018-02-26 23:43:42,0.00134230,65.28000000
2018-02-26 23:43:42,0.00134250,22.00000000
2018-02-26 23:43:43,0.00133910,25.86000000
2018-02-26 23:43:43,0.00133910,87.12000000
2018-02-26 23:43:43,0.00133980,25.86000000
2018-02-26 23:43:43,0.00133630,160.88000000
2018-02-26 23:43:44,0.00134020,3.78000000
2018-02-26 23:43:44,0.00134020,9.39000000
2018-02-26 23:43:44,0.00134020,21.97000000
2018-02-26 23:43:44,0.00134020,21.93000000
2018-02-26 23:43:44,0.00134020,45.67000000
2018-02-26 23:43:45,0.00134020,5.00000000
2018-02-26 23:43:45,0.00134370,34.83000000
2018-02-26 23:43:45,0.00134390,5.94000000
2018-02-26 23:43:45,0.00134410,5.97000000
2018-02-26 23:43:45,0.00134490,58.75000000
2018-02-26 23:43:45,0.00134500,21.59000000
2018-02-26 23:43:45,0.00134540,19.76000000
2018-02-26 23:43:45,0.00134580,8.17000000
2018-02-26 23:43:45,0.00134590,556.91000000
2018-02-26 23:43:45,0.00134020,45.23000000
2018-02-26 23:43:45,0.00134590,61.42000000
2018-02-26 23:43:45,0.00134040,5.00000000
2018-02-26 23:43:45,0.00134050,4.79000000
2018-02-26 23:43:45,0.00134680,20.00000000
2018-02-26 23:43:45,0.00134690,1.12000000
2018-02-26 23:43:45,0.00134700,6.00000000
2018-02-26 23:43:45,0.00134710,7.49000000
2018-02-26 23:43:45,0.00134750,2.67000000
2018-02-26 23:43:45,0.00134790,195.42000000
2018-02-26 23:43:45,0.00134800,31.18000000
2018-02-26 23:43:45,0.00134810,83.57000000
2018-02-26 23:43:45,0.00134820,175.48000000
2018-02-26 23:43:45,0.00134900,2.84000000
2018-02-26 23:43:45,0.00134910,30.65000000
2018-02-26 23:43:45,0.00134980,66.06000000
2018-02-26 23:43:45,0.00135000,22.07000000
2018-02-26 23:43:45,0.00135000,284.96000000
2018-02-26 23:43:46,0.00134260,5.00000000
2018-02-26 23:43:47,0.00134370,1.41000000
2018-02-26 23:43:47,0.00134370,14.06000000
2018-02-26 23:43:47,0.00134370,20.89000000
2018-02-26 23:43:47,0.00134370,8.42000000
2018-02-26 23:43:47,0.00134380,30.00000000
2018-02-26 23:43:47,0.00134370,21.65000000
2018-02-26 23:43:47,0.00134250,30.06000000
2018-02-26 23:43:47,0.00134080,7.50000000
2018-02-26 23:43:47,0.00134070,11.79000000
2018-02-26 23:43:47,0.00134080,15.00000000
2018-02-26 23:43:48,0.00134380,3.78000000
2018-02-26 23:43:48,0.00134380,5.00000000
2018-02-26 23:43:48,0.00134950,170.00000000
2018-02-26 23:43:48,0.00134960,10.00000000
2018-02-26 23:43:49,0.00134380,40.89000000
2018-02-26 23:43:49,0.00134080,66.11000000
2018-02-26 23:43:49,0.00134070,2.00000000
2018-02-26 23:43:49,0.00134070,1.76000000
2018-02-26 23:43:50,0.00134930,1.79000000
2018-02-26 23:43:50,0.00134940,20.00000000
2018-02-26 23:43:50,0.00134950,38.65000000
2018-02-26 23:43:50,0.00134970,39.14000000
2018-02-26 23:43:51,0.00134970,32.44000000
2018-02-26 23:43:51,0.00134980,7.50000000
2018-02-26 23:43:51,0.00134990,78.33000000
2018-02-26 23:43:51,0.00135000,776.11000000
2018-02-26 23:43:51,0.00135000,8.08000000
2018-02-26 23:43:51,0.00135000,883.77000000
2018-02-26 23:43:52,0.00135000,5.00000000
2018-02-26 23:43:52,0.00135000,66.65000000
2018-02-26 23:43:52,0.00135000,130.77000000
2018-02-26 23:43:52,0.00135000,7.40000000
2018-02-26 23:43:52,0.00135000,10.17000000
2018-02-26 23:43:52,0.00134120,0.99000000
2018-02-26 23:43:52,0.00135000,7.40000000
2018-02-26 23:43:52,0.00135000,7.40000000
2018-02-26 23:43:52,0.00135000,2.67000000
2018-02-26 23:43:52,0.00135000,7.40000000
2018-02-26 23:43:52,0.00135020,19.01000000
2018-02-26 23:43:52,0.00135000,95.17000000
2018-02-26 23:43:52,0.00135000,7.40000000
2018-02-26 23:43:52,0.00135000,7.40000000
2018-02-26 23:43:52,0.00135000,17.00000000
2018-02-26 23:43:53,0.00135020,0.97000000
2018-02-26 23:43:53,0.00135000,2.69000000
2018-02-26 23:43:53,0.00135000,7.83000000
2018-02-26 23:43:53,0.00135000,3.68000000
2018-02-26 23:43:54,0.00135000,12.34000000
2018-02-26 23:43:54,0.00135070,24.24000000
2018-02-26 23:43:55,0.00135030,1.00000000
2018-02-26 23:43:55,0.00135030,106.70000000
2018-02-26 23:43:55,0.00135030,1.00000000
2018-02-26 23:43:55,0.00135000,10.00000000
2018-02-26 23:43:55,0.00135000,2.57000000
2018-02-26 23:43:56,0.00135070,7.27000000
2018-02-26 23:43:56,0.00135100,2.17000000
2018-02-26 23:43:56,0.00135180,1.70000000
2018-02-26 23:43:56,0.00135200,20.00000000
2018-02-26 23:43:56,0.00135210,5.73000000
2018-02-26 23:43:56,0.00135400,2.13000000
2018-02-26 23:43:56,0.00135000,8.58000000
2018-02-26 23:43:56,0.00135000,11.85000000
2018-02-26 23:43:56,0.00135000,1.93000000
2018-02-26 23:43:57,0.00135030,3.01000000
2018-02-26 23:43:57,0.00135030,4.49000000
2018-02-26 23:43:57,0.00135010,5.51000000
2018-02-26 23:43:58,0.00135010,2.95000000
2018-02-26 23:43:58,0.00135010,7.52000000
2018-02-26 23:44:02,0.00135010,109.44000000
2018-02-26 23:44:02,0.00135000,237.43000000
2018-02-26 23:44:02,0.00135020,7.50000000
2018-02-26 23:44:02,0.00135360,2.95000000
2018-02-26 23:44:02,0.00135000,4.45000000
2018-02-26 23:44:03,0.00135330,10.47000000
2018-02-26 23:44:03,0.00135340,7.50000000
2018-02-26 23:44:03,0.00135360,22.03000000
2018-02-26 23:44:03,0.00135360,20.91000000
2018-02-26 23:44:03,0.00135360,6.94000000
2018-02-26 23:44:03,0.00135360,4.00000000
2018-02-26 23:44:03,0.00135360,5.51000000
2018-02-26 23:44:03,0.00135360,5.00000000
2018-02-26 23:44:04,0.00135360,8.08000000
2018-02-26 23:44:04,0.00135010,17.91000000
2018-02-26 23:44:04,0.00135010,4.40000000
2018-02-26 23:44:04,0.00135280,8.35000000
2018-02-26 23:44:05,0.00135010,1.43000000
2018-02-26 23:44:05,0.00135030,7.50000000
2018-02-26 23:44:05,0.00135010,67.50000000
2018-02-26 23:44:05,0.00135010,20.00000000
2018-02-26 23:44:09,0.00135020,40.00000000
2018-02-26 23:44:09,0.00135030,18.77000000
2018-02-26 23:44:09,0.00135240,9.63000000
2018-02-26 23:44:09,0.00135260,187.32000000
2018-02-26 23:44:09,0.00135280,9.56000000
2018-02-26 23:44:09,0.00135010,3.79000000
2018-02-26 23:44:09,0.00135230,8.08000000
2018-02-26 23:44:09,0.00135260,4.09000000
2018-02-26 23:44:09,0.00135020,1.28000000
2018-02-26 23:44:09,0.00135020,2.25000000
2018-02-26 23:44:10,0.00135020,1.13000000
2018-02-26 23:44:10,0.00135020,3.77000000
2018-02-26 23:44:10,0.00135020,3.75000000
2018-02-26 23:44:10,0.00135040,2.25000000
2018-02-26 23:44:10,0.00135380,8.74000000
2018-02-26 23:44:10,0.00135400,1.16000000
2018-02-26 23:44:10,0.00135490,5.00000000
2018-02-26 23:44:10,0.00135500,367.59000000
2018-02-26 23:44:11,0.00135040,1.20000000
2018-02-26 23:44:11,0.00135040,3.72000000
2018-02-26 23:44:11,0.00135050,5.63000000
2018-02-26 23:44:11,0.00135050,0.90000000
2018-02-26 23:44:12,0.00135500,94.57000000
2018-02-26 23:44:12,0.00135500,204.24000000
2018-02-26 23:44:12,0.00135050,2.25000000
2018-02-26 23:44:12,0.00135060,3.01000000
2018-02-26 23:44:12,0.00135050,5.99000000
2018-02-26 23:44:13,0.00135070,1.97000000
2018-02-26 23:44:13,0.00135500,1.00000000
2018-02-26 23:44:13,0.00135500,9.99000000
2018-02-26 23:44:13,0.00135500,5.20000000
2018-02-26 23:44:13,0.00135500,4.33000000
2018-02-26 23:44:13,0.00135500,75.34000000
2018-02-26 23:44:13,0.00135500,5.20000000
2018-02-26 23:44:13,0.00135500,7.38000000
2018-02-26 23:44:13,0.00135500,27.66000000
2018-02-26 23:44:13,0.00135500,3.58000000
2018-02-26 23:44:13,0.00135500,17.68000000
2018-02-26 23:44:13,0.00135500,38.93000000
2018-02-26 23:44:13,0.00135500,7.95000000
2018-02-26 23:44:14,0.00135090,6.59000000
2018-02-26 23:44:14,0.00135350,178.35000000
2018-02-26 23:44:14,0.00135500,2.03000000
2018-02-26 23:44:14,0.00135200,1.97000000
2018-02-26 23:44:14,0.00135210,30.95000000
2018-02-26 23:44:14,0.00135090,0.91000000
2018-02-26 23:44:14,0.00135060,2.10000000
2018-02-26 23:44:15,0.00135210,1.97000000
2018-02-26 23:44:15,0.00135660,22.27000000
2018-02-26 23:44:15,0.00135680,1.05000000
2018-02-26 23:44:16,0.00135070,0.83000000
2018-02-26 23:44:16,0.00135200,7.85000000
2018-02-26 23:44:16,0.00135460,3.16000000
2018-02-26 23:44:16,0.00135080,1.43000000
2018-02-26 23:44:19,0.00135500,21.46000000
2018-02-26 23:44:19,0.00135670,0.83000000
2018-02-26 23:44:19,0.00135680,1.96000000
2018-02-26 23:44:19,0.00135700,86.79000000
2018-02-26 23:44:19,0.00135730,3.76000000
2018-02-26 23:44:19,0.00135790,15.00000000
2018-02-26 23:44:19,0.00135850,7.80000000
2018-02-26 23:44:19,0.00135860,5.43000000
2018-02-26 23:44:19,0.00135890,10.00000000
2018-02-26 23:44:19,0.00135500,5.00000000
2018-02-26 23:44:20,0.00135790,4.12000000
2018-02-26 23:44:20,0.00135790,7.11000000
