DATE,PRICE,VOLUME
2018-02-28 20:00:00,0.05324400,0.11300000
2018-02-28 20:00:05,0.05324500,0.01800000
2018-02-28 20:00:05,0.05322500,0.08100000
2018-02-28 20:00:11,0.05322500,0.03900000
2018-02-28 20:00:11,0.05324400,0.06800000
2018-02-28 20:00:11,0.05324400,0.04900000
2018-02-28 20:00:12,0.05322500,0.59000000
2018-02-28 20:00:15,0.05322500,0.00200000
2018-02-28 20:00:17,0.05324300,0.01900000
2018-02-28 20:00:17,0.05324500,0.19400000
2018-02-28 20:00:17,0.05324700,0.02100000
2018-02-28 20:00:22,0.05324600,0.15000000
2018-02-28 20:00:22,0.05324700,0.03800000
2018-02-28 20:00:23,0.05322500,3.41000000
2018-02-28 20:00:23,0.05321000,0.24200000
2018-02-28 20:00:23,0.05320700,10.89900000
2018-02-28 20:00:23,0.05320100,4.24100000
2018-02-28 20:00:23,0.05320000,52.01000000
2018-02-28 20:00:23,0.05317900,0.36300000
2018-02-28 20:00:23,0.05315400,0.18800000
2018-02-28 20:00:23,0.05313500,0.41900000
2018-02-28 20:00:23,0.05313100,0.47400000
2018-02-28 20:00:23,0.05313000,4.21800000
2018-02-28 20:00:23,0.05312900,0.08400000
2018-02-28 20:00:23,0.05312600,0.02400000
2018-02-28 20:00:23,0.05312400,0.05600000
2018-02-28 20:00:23,0.05311400,0.02600000
2018-02-28 20:00:23,0.05311100,0.06300000
2018-02-28 20:00:25,0.05324300,0.13100000
2018-02-28 20:00:26,0.05324200,0.07700000
2018-02-28 20:00:28,0.05312800,0.14000000
2018-02-28 20:00:29,0.05324000,0.12400000
2018-02-28 20:00:32,0.05321800,0.14000000
2018-02-28 20:00:32,0.05322000,0.04700000
2018-02-28 20:00:33,0.05319800,0.11700000
2018-02-28 20:00:34,0.05312800,0.61400000
2018-02-28 20:00:34,0.05312800,1.10000000
2018-02-28 20:00:34,0.05312800,0.10600000
2018-02-28 20:00:34,0.05312800,0.49300000
2018-02-28 20:00:36,0.05319800,0.08900000
2018-02-28 20:00:39,0.05319500,0.02900000
2018-02-28 20:00:39,0.05312800,0.66200000
2018-02-28 20:00:39,0.05311100,3.95100000
2018-02-28 20:00:39,0.05311000,0.49100000
2018-02-28 20:00:40,0.05311000,0.03600000
2018-02-28 20:00:40,0.05310200,0.23300000
2018-02-28 20:00:40,0.05310100,0.02100000
2018-02-28 20:00:40,0.05310000,2.11700000
2018-02-28 20:00:40,0.05308100,0.02000000
2018-02-28 20:00:40,0.05307900,0.12200000
2018-02-28 20:00:40,0.05307700,0.01900000
2018-02-28 20:00:40,0.05307600,0.81500000
2018-02-28 20:00:40,0.05307600,0.26700000
2018-02-28 20:00:40,0.05311000,2.90000000
2018-02-28 20:00:40,0.05311000,0.11300000
2018-02-28 20:00:40,0.05311000,0.06500000
2018-02-28 20:00:41,0.05311000,0.08300000
2018-02-28 20:00:41,0.05311000,0.23300000
2018-02-28 20:00:41,0.05311000,0.13600000
2018-02-28 20:00:45,0.05310900,0.04800000
2018-02-28 20:00:47,0.05310900,0.01600000
2018-02-28 20:00:47,0.05311000,0.02700000
2018-02-28 20:00:48,0.05311000,0.04900000
2018-02-28 20:00:49,0.05310500,0.10000000
2018-02-28 20:00:49,0.05310000,0.29300000
2018-02-28 20:00:54,0.05310000,0.09500000
2018-02-28 20:00:54,0.05307600,0.02700000
2018-02-28 20:00:57,0.05307900,0.09400000
2018-02-28 20:00:57,0.05307600,1.46100000
2018-02-28 20:00:57,0.05307100,0.02900000
2018-02-28 20:00:57,0.05306900,0.06600000
2018-02-28 20:00:57,0.05305600,0.07500000
2018-02-28 20:00:57,0.05310900,0.16000000
2018-02-28 20:00:58,0.05310900,0.46900000
2018-02-28 20:00:59,0.05305600,0.05900000
2018-02-28 20:00:59,0.05303100,0.09100000
2018-02-28 20:00:59,0.05302500,0.67400000
2018-02-28 20:00:59,0.05302300,0.18900000
2018-02-28 20:00:59,0.05300700,2.97100000
2018-02-28 20:00:59,0.05300400,0.10000000
2018-02-28 20:00:59,0.05300100,1.14800000
2018-02-28 20:00:59,0.05300000,13.40300000
2018-02-28 20:00:59,0.05300000,0.02000000
2018-02-28 20:00:59,0.05300000,3.07800000
2018-02-28 20:00:59,0.05300100,0.55200000
2018-02-28 20:01:02,0.05301300,0.10200000
2018-02-28 20:01:02,0.05300100,1.94000000
2018-02-28 20:01:02,0.05300100,1.86600000
2018-02-28 20:01:05,0.05300100,0.10600000
2018-02-28 20:01:07,0.05300100,5.42700000
2018-02-28 20:01:07,0.05300100,2.22500000
2018-02-28 20:01:07,0.05300100,0.08100000
2018-02-28 20:01:08,0.05309900,0.04300000
2018-02-28 20:01:11,0.05300100,1.23500000
2018-02-28 20:01:11,0.05309800,0.02300000
2018-02-28 20:01:14,0.05300200,1.28800000
2018-02-28 20:01:16,0.05309800,0.03200000
2018-02-28 20:01:16,0.05310000,0.20000000
2018-02-28 20:01:16,0.05310800,0.36200000
2018-02-28 20:01:16,0.05310900,9.29000000
2018-02-28 20:01:16,0.05320000,1.24600000
2018-02-28 20:01:16,0.05320700,1.88600000
2018-02-28 20:01:16,0.05320700,0.07300000
2018-02-28 20:01:17,0.05324700,0.07500000
2018-02-28 20:01:17,0.05324700,0.04700000
2018-02-28 20:01:17,0.05320700,0.02300000
2018-02-28 20:01:18,0.05324600,0.37100000
2018-02-28 20:01:18,0.05324700,0.00500000
2018-02-28 20:01:18,0.05324700,0.09400000
2018-02-28 20:01:20,0.05320700,0.06300000
2018-02-28 20:01:21,0.05320700,3.33900000
2018-02-28 20:01:21,0.05324700,0.02400000
2018-02-28 20:01:22,0.05320900,1.87800000
2018-02-28 20:01:22,0.05320700,1.11400000
2018-02-28 20:01:22,0.05320000,0.24200000
2018-02-28 20:01:23,0.05319800,0.05900000
2018-02-28 20:01:23,0.05319800,0.02300000
2018-02-28 20:01:23,0.05319800,0.03400000
2018-02-28 20:01:23,0.05319800,0.07500000
2018-02-28 20:01:24,0.05319800,0.37500000
2018-02-28 20:01:24,0.05319800,0.04700000
2018-02-28 20:01:25,0.05319800,0.06800000
2018-02-28 20:01:25,0.05319800,0.03800000
2018-02-28 20:01:25,0.05319800,0.16900000
2018-02-28 20:01:25,0.05309800,0.11300000
2018-02-28 20:01:25,0.05309100,0.56500000
2018-02-28 20:01:25,0.05300200,0.31500000
2018-02-28 20:01:25,0.05300100,0.82700000
2018-02-28 20:01:25,0.05300100,1.28800000
2018-02-28 20:01:25,0.05300200,0.43300000
2018-02-28 20:01:25,0.05319400,0.35600000
2018-02-28 20:01:26,0.05300200,0.09200000
2018-02-28 20:01:27,0.05300200,0.50000000
2018-02-28 20:01:27,0.05300100,1.58100000
2018-02-28 20:01:27,0.05300000,16.05100000
2018-02-28 20:01:27,0.05318800,0.14100000
2018-02-28 20:01:27,0.05318800,0.02300000
2018-02-28 20:01:29,0.05309300,0.02100000
2018-02-28 20:01:29,0.05309200,0.06800000
2018-02-28 20:01:30,0.05308900,0.21500000
2018-02-28 20:01:32,0.05308100,0.44900000
2018-02-28 20:01:32,0.05308300,0.71700000
2018-02-28 20:01:32,0.05309800,0.71200000
2018-02-28 20:01:36,0.05318400,0.03400000
2018-02-28 20:01:37,0.05318300,0.50000000
2018-02-28 20:01:37,0.05318400,0.02500000
2018-02-28 20:01:37,0.05319900,0.47500000
2018-02-28 20:01:39,0.05319900,0.05600000
2018-02-28 20:01:40,0.05319900,0.01200000
2018-02-28 20:01:42,0.05318400,1.73200000
2018-02-28 20:01:44,0.05318400,0.02300000
2018-02-28 20:01:44,0.05318400,0.04600000
2018-02-28 20:01:44,0.05318400,0.03400000
2018-02-28 20:01:45,0.05318400,0.15000000
2018-02-28 20:01:48,0.05305900,0.04000000
2018-02-28 20:01:49,0.05310000,0.06200000
2018-02-28 20:01:50,0.05310000,0.06500000
2018-02-28 20:01:50,0.05310000,0.01200000
2018-02-28 20:01:50,0.05318400,0.02100000
2018-02-28 20:01:50,0.05318400,0.09400000
2018-02-28 20:01:56,0.05318400,0.03800000
2018-02-28 20:01:56,0.05318500,0.50000000
2018-02-28 20:01:56,0.05318400,0.03000000
2018-02-28 20:02:09,0.05318400,0.14900000
2018-02-28 20:02:09,0.05318400,0.37600000
2018-02-28 20:02:09,0.05319000,0.06500000
2018-02-28 20:02:14,0.05319000,0.05600000
2018-02-28 20:02:16,0.05316400,0.14800000
2018-02-28 20:02:16,0.05316100,0.66800000
2018-02-28 20:02:16,0.05316000,2.35000000
2018-02-28 20:02:16,0.05307600,0.56500000
2018-02-28 20:02:16,0.05302100,4.27000000
2018-02-28 20:02:16,0.05301800,0.69800000
2018-02-28 20:02:16,0.05300300,0.11600000
2018-02-28 20:02:16,0.05300100,0.52100000
2018-02-28 20:02:20,0.05318700,0.04000000
2018-02-28 20:02:20,0.05318800,0.00700000
2018-02-28 20:02:23,0.05309400,0.04900000
2018-02-28 20:02:23,0.05300300,0.10000000
2018-02-28 20:02:23,0.05300100,0.31700000
2018-02-28 20:02:24,0.05300400,0.50000000
2018-02-28 20:02:24,0.05300300,0.55200000
2018-02-28 20:02:29,0.05301800,1.88300000
2018-02-28 20:02:29,0.05301600,0.26400000
2018-02-28 20:02:33,0.05316400,2.43500000
2018-02-28 20:02:33,0.05316600,1.21600000
2018-02-28 20:02:33,0.05316900,0.00200000
2018-02-28 20:02:35,0.05304100,1.46700000
2018-02-28 20:02:36,0.05316900,0.18800000
2018-02-28 20:02:37,0.05318100,0.31000000
2018-02-28 20:02:46,0.05317400,0.04100000
2018-02-28 20:02:50,0.05307000,0.03300000
2018-02-28 20:02:54,0.05307000,0.91600000
2018-02-28 20:02:55,0.05306800,1.42600000
2018-02-28 20:02:55,0.05307000,0.02100000
2018-02-28 20:02:56,0.05306600,0.10000000
2018-02-28 20:02:57,0.05306800,0.01300000
2018-02-28 20:03:00,0.05307000,0.05700000
2018-02-28 20:03:05,0.05307000,0.37700000
2018-02-28 20:03:13,0.05306900,0.05200000
2018-02-28 20:03:13,0.05307000,0.01300000
2018-02-28 20:03:17,0.05305000,0.04500000
2018-02-28 20:03:17,0.05305000,0.16000000
2018-02-28 20:03:17,0.05301700,0.30200000
2018-02-28 20:03:20,0.05301700,1.76000000
2018-02-28 20:03:20,0.05301600,0.04800000
2018-02-28 20:03:20,0.05301000,0.83300000
2018-02-28 20:03:24,0.05305000,0.10000000
2018-02-28 20:03:24,0.05301000,5.46300000
2018-02-28 20:03:24,0.05301000,5.19800000
2018-02-28 20:03:24,0.05307000,8.93800000
2018-02-28 20:03:24,0.05307200,0.07300000
2018-02-28 20:03:26,0.05307200,0.30100000
2018-02-28 20:03:26,0.05307200,1.51000000
2018-02-28 20:03:26,0.05307000,0.97500000
2018-02-28 20:03:26,0.05306900,0.05800000
2018-02-28 20:03:26,0.05301000,0.97300000
2018-02-28 20:03:26,0.05300300,0.04800000
2018-02-28 20:03:26,0.05300200,1.12100000
2018-02-28 20:03:26,0.05300100,1.40900000
2018-02-28 20:03:27,0.05300100,9.97300000
2018-02-28 20:03:29,0.05304800,0.04700000
2018-02-28 20:03:30,0.05300100,0.23300000
2018-02-28 20:03:30,0.05304800,0.05600000
2018-02-28 20:03:31,0.05304800,0.11300000
2018-02-28 20:03:31,0.05302000,0.06200000
2018-02-28 20:03:33,0.05300100,1.64000000
2018-02-28 20:03:33,0.05300100,1.08800000
2018-02-28 20:03:33,0.05300000,0.47000000
2018-02-28 20:03:33,0.05300200,0.41600000
2018-02-28 20:03:33,0.05300000,0.71400000
2018-02-28 20:03:36,0.05300100,0.28100000
2018-02-28 20:03:36,0.05300000,0.97800000
2018-02-28 20:03:37,0.05300000,0.05000000
2018-02-28 20:03:38,0.05301800,0.13000000
2018-02-28 20:03:38,0.05300000,0.24700000
2018-02-28 20:03:40,0.05299800,0.60700000
2018-02-28 20:03:41,0.05298300,0.86000000
2018-02-28 20:03:50,0.05299800,0.13400000
2018-02-28 20:03:52,0.05298400,0.09400000
2018-02-28 20:03:52,0.05298300,0.32600000
2018-02-28 20:03:53,0.05299800,0.94300000
2018-02-28 20:03:56,0.05299800,5.36800000
2018-02-28 20:04:03,0.05299800,0.10000000
2018-02-28 20:04:05,0.05298400,0.39900000
2018-02-28 20:04:05,0.05298300,3.69300000
2018-02-28 20:04:05,0.05298200,0.08600000
2018-02-28 20:04:05,0.05296100,0.28900000
2018-02-28 20:04:05,0.05295000,0.92200000
2018-02-28 20:04:05,0.05293500,0.11800000
2018-02-28 20:04:05,0.05293100,0.18900000
2018-02-28 20:04:05,0.05292400,5.52700000
2018-02-28 20:04:05,0.05291600,0.05800000
2018-02-28 20:04:06,0.05299800,0.11300000
2018-02-28 20:04:08,0.05298400,0.03300000
2018-02-28 20:04:09,0.05298400,0.05300000
2018-02-28 20:04:11,0.05298400,0.10000000
2018-02-28 20:04:11,0.05298400,0.53800000
2018-02-28 20:04:14,0.05299800,0.75400000
2018-02-28 20:04:14,0.05299800,0.07300000
2018-02-28 20:04:20,0.05299700,0.13600000
2018-02-28 20:04:23,0.05299700,0.06800000
2018-02-28 20:04:24,0.05298400,0.02300000
2018-02-28 20:04:24,0.05291600,2.00200000
2018-02-28 20:04:27,0.05299700,1.25100000
2018-02-28 20:04:30,0.05291600,0.07400000
2018-02-28 20:04:30,0.05299700,0.37000000
2018-02-28 20:04:31,0.05299700,0.05900000
2018-02-28 20:04:33,0.05299700,0.03700000
2018-02-28 20:04:33,0.05291600,0.55100000
2018-02-28 20:04:36,0.05299700,0.20200000
2018-02-28 20:04:37,0.05291600,1.20800000
2018-02-28 20:04:37,0.05290000,1.29000000
2018-02-28 20:04:40,0.05299700,0.05300000
2018-02-28 20:04:40,0.05299700,0.68400000
2018-02-28 20:04:44,0.05299700,0.11300000
2018-02-28 20:04:44,0.05290000,1.27000000
2018-02-28 20:04:47,0.05290100,2.04500000
2018-02-28 20:04:48,0.05291600,0.32100000
2018-02-28 20:04:50,0.05290100,0.11000000
2018-02-28 20:04:50,0.05290000,0.23100000
2018-02-28 20:04:55,0.05299700,0.02200000
2018-02-28 20:04:56,0.05290100,0.13300000
2018-02-28 20:04:56,0.05290000,1.61500000
2018-02-28 20:04:56,0.05284700,1.77400000
2018-02-28 20:04:56,0.05282300,0.22100000
2018-02-28 20:04:56,0.05282100,0.23400000
2018-02-28 20:04:56,0.05281900,1.32400000
2018-02-28 20:04:56,0.05281500,0.50400000
2018-02-28 20:04:56,0.05280500,0.28900000
2018-02-28 20:04:56,0.05280500,0.36600000
2018-02-28 20:04:56,0.05280000,2.11700000
2018-02-28 20:04:56,0.05280000,1.13300000
2018-02-28 20:04:57,0.05280000,1.80500000
2018-02-28 20:04:57,0.05280000,5.56800000
2018-02-28 20:04:57,0.05299700,2.93800000
2018-02-28 20:04:57,0.05299500,0.50000000
2018-02-28 20:04:57,0.05299600,0.56500000
2018-02-28 20:04:57,0.05299700,1.86300000
2018-02-28 20:04:57,0.05299800,12.85300000
2018-02-28 20:05:00,0.05290000,2.77600000
2018-02-28 20:05:00,0.05290000,5.26200000
2018-02-28 20:05:04,0.05299500,0.12000000
2018-02-28 20:05:05,0.05283000,0.37500000
2018-02-28 20:05:06,0.05299500,0.08300000
2018-02-28 20:05:06,0.05299600,0.01100000
2018-02-28 20:05:08,0.05299600,0.07500000
2018-02-28 20:05:09,0.05285700,1.51700000
2018-02-28 20:05:09,0.05285500,0.56700000
2018-02-28 20:05:09,0.05284000,1.94800000
2018-02-28 20:05:09,0.05281200,0.50000000
2018-02-28 20:05:09,0.05280000,0.46300000
2018-02-28 20:05:11,0.05299400,0.10900000
2018-02-28 20:05:11,0.05291400,1.78300000
2018-02-28 20:05:11,0.05291600,0.32100000
2018-02-28 20:05:11,0.05296300,0.56700000
2018-02-28 20:05:11,0.05299400,0.07000000
2018-02-28 20:05:11,0.05299600,0.00800000
2018-02-28 20:05:12,0.05299700,0.50000000
2018-02-28 20:05:13,0.05299600,0.38200000
2018-02-28 20:05:15,0.05299700,0.07500000
2018-02-28 20:05:16,0.05299700,0.07500000
2018-02-28 20:05:16,0.05299600,0.09600000
2018-02-28 20:05:16,0.05299700,0.13400000
2018-02-28 20:05:17,0.05299600,0.44800000
2018-02-28 20:05:18,0.05299700,0.39200000
2018-02-28 20:05:21,0.05299700,0.04600000
2018-02-28 20:05:32,0.05299600,0.99300000
2018-02-28 20:05:32,0.05298000,0.06200000
2018-02-28 20:05:32,0.05285800,0.04200000
2018-02-28 20:05:32,0.05284500,0.63200000
2018-02-28 20:05:32,0.05284000,4.99500000
2018-02-28 20:05:32,0.05280000,8.18300000
2018-02-28 20:05:32,0.05278600,0.13400000
2018-02-28 20:05:32,0.05274800,0.56900000
2018-02-28 20:05:32,0.05273700,0.07000000
2018-02-28 20:05:32,0.05272900,0.08400000
2018-02-28 20:05:32,0.05271700,1.89600000
2018-02-28 20:05:32,0.05271000,0.99800000
2018-02-28 20:05:32,0.05270000,3.15300000
2018-02-28 20:05:32,0.05269800,0.06700000
2018-02-28 20:05:32,0.05268400,0.57200000
2018-02-28 20:05:32,0.05267100,4.89600000
2018-02-28 20:05:32,0.05275500,0.02100000
2018-02-28 20:05:32,0.05278500,0.08100000
2018-02-28 20:05:33,0.05278500,0.09400000
2018-02-28 20:05:33,0.05278500,0.03100000
2018-02-28 20:05:33,0.05278500,0.03100000
2018-02-28 20:05:33,0.05278500,0.06700000
2018-02-28 20:05:33,0.05278500,0.00200000
2018-02-28 20:05:33,0.05278500,0.06700000
2018-02-28 20:05:34,0.05278500,0.06700000
2018-02-28 20:05:35,0.05278500,0.06700000
2018-02-28 20:05:35,0.05278500,0.06700000
2018-02-28 20:05:36,0.05278500,0.37800000
2018-02-28 20:05:36,0.05278500,0.09300000
2018-02-28 20:05:36,0.05278500,0.06700000
2018-02-28 20:05:36,0.05278500,0.10000000
2018-02-28 20:05:36,0.05278500,0.01900000
2018-02-28 20:05:36,0.05278300,0.05300000
2018-02-28 20:05:37,0.05278300,0.02100000
2018-02-28 20:05:37,0.05278300,0.00100000
2018-02-28 20:05:37,0.05278500,0.04500000
2018-02-28 20:05:37,0.05278300,0.06700000
2018-02-28 20:05:38,0.05278500,0.15000000
2018-02-28 20:05:46,0.05269600,0.09400000
2018-02-28 20:05:46,0.05267900,0.24500000
2018-02-28 20:05:47,0.05271700,1.89600000
2018-02-28 20:05:47,0.05267900,0.38800000
2018-02-28 20:05:47,0.05267100,2.16400000
2018-02-28 20:05:47,0.05267000,0.14900000
2018-02-28 20:05:47,0.05265700,0.03200000
2018-02-28 20:05:47,0.05265000,0.94900000
2018-02-28 20:05:47,0.05264700,0.02900000
2018-02-28 20:05:47,0.05264000,0.90000000
2018-02-28 20:05:47,0.05263900,0.14400000
2018-02-28 20:05:47,0.05262300,0.02500000
2018-02-28 20:05:47,0.05260000,2.42400000
2018-02-28 20:05:48,0.05278300,0.18900000
2018-02-28 20:05:49,0.05278300,0.18900000
2018-02-28 20:05:51,0.05267800,0.37800000
2018-02-28 20:05:51,0.05267200,0.07500000
2018-02-28 20:05:51,0.05260000,0.64800000
2018-02-28 20:05:53,0.05278000,0.50000000
2018-02-28 20:05:54,0.05278000,0.11400000
2018-02-28 20:05:55,0.05262200,1.89900000
2018-02-28 20:05:55,0.05262000,0.02200000
2018-02-28 20:05:55,0.05261900,0.17900000
2018-02-28 20:05:55,0.05262000,0.07800000
2018-02-28 20:05:56,0.05277700,0.02900000
2018-02-28 20:05:56,0.05262100,0.06200000
2018-02-28 20:05:57,0.05277400,0.02900000
2018-02-28 20:05:57,0.05277400,0.02900000
2018-02-28 20:05:58,0.05277400,1.84000000
2018-02-28 20:05:59,0.05277200,0.02900000
2018-02-28 20:05:59,0.05263600,0.04000000
2018-02-28 20:05:59,0.05262600,0.01500000
2018-02-28 20:06:00,0.05277200,0.54000000
2018-02-28 20:06:01,0.05277100,0.09400000
2018-02-28 20:06:02,0.05265000,1.89800000
2018-02-28 20:06:02,0.05264800,0.27300000
2018-02-28 20:06:02,0.05264500,0.56900000
2018-02-28 20:06:02,0.05262100,0.06400000
2018-02-28 20:06:02,0.05262000,0.06400000
2018-02-28 20:06:02,0.05261900,0.06400000
2018-02-28 20:06:02,0.05261000,1.14100000
2018-02-28 20:06:02,0.05260000,10.26700000
2018-02-28 20:06:02,0.05259900,4.28300000
2018-02-28 20:06:02,0.05259800,0.02500000
2018-02-28 20:06:02,0.05259500,0.02400000
2018-02-28 20:06:02,0.05259400,0.11400000
2018-02-28 20:06:02,0.05259300,0.09600000
2018-02-28 20:06:02,0.05257900,0.61400000
2018-02-28 20:06:02,0.05257100,0.47100000
2018-02-28 20:06:02,0.05256800,0.03000000
2018-02-28 20:06:02,0.05256400,0.15100000
2018-02-28 20:06:02,0.05255100,0.02000000
2018-02-28 20:06:02,0.05254700,1.54900000
2018-02-28 20:06:02,0.05254300,0.15900000
2018-02-28 20:06:02,0.05252900,0.32100000
2018-02-28 20:06:02,0.05252000,1.14300000
2018-02-28 20:06:02,0.05250100,0.07300000
2018-02-28 20:06:02,0.05250000,3.93300000
2018-02-28 20:06:02,0.05250000,0.10000000
2018-02-28 20:06:02,0.05250000,0.33200000
2018-02-28 20:06:04,0.05262600,0.69300000
2018-02-28 20:06:04,0.05262600,2.71300000
2018-02-28 20:06:04,0.05262600,1.67500000
2018-02-28 20:06:04,0.05277100,0.50000000
2018-02-28 20:06:04,0.05277200,0.53800000
2018-02-28 20:06:04,0.05262600,0.31300000
2018-02-28 20:06:05,0.05276900,0.32000000
2018-02-28 20:06:06,0.05262700,0.50000000
2018-02-28 20:06:06,0.05262700,0.04800000
2018-02-28 20:06:07,0.05262700,0.02900000
2018-02-28 20:06:08,0.05262600,0.27900000
2018-02-28 20:06:10,0.05262800,0.26700000
2018-02-28 20:06:10,0.05262600,2.12800000
2018-02-28 20:06:11,0.05262600,0.06400000
2018-02-28 20:06:12,0.05262100,0.06400000
2018-02-28 20:06:13,0.05262100,0.34000000
2018-02-28 20:06:13,0.05262100,0.06400000
2018-02-28 20:06:13,0.05261800,0.02300000
2018-02-28 20:06:14,0.05261800,0.17700000
2018-02-28 20:06:14,0.05252300,0.28400000
2018-02-28 20:06:14,0.05251300,0.19000000
2018-02-28 20:06:14,0.05250000,0.82100000
2018-02-28 20:06:15,0.05261800,0.06400000
2018-02-28 20:06:17,0.05250000,6.65100000
2018-02-28 20:06:18,0.05261200,0.02500000
2018-02-28 20:06:19,0.05251000,0.19000000
2018-02-28 20:06:19,0.05250000,0.20000000
2018-02-28 20:06:19,0.05250000,0.07500000
2018-02-28 20:06:19,0.05249900,0.14700000
2018-02-28 20:06:19,0.05249800,0.06200000
2018-02-28 20:06:23,0.05249700,0.07500000
2018-02-28 20:06:23,0.05259900,0.02300000
2018-02-28 20:06:23,0.05259900,0.03800000
2018-02-28 20:06:24,0.05259900,0.03200000
2018-02-28 20:06:24,0.05260000,0.02900000
2018-02-28 20:06:26,0.05251000,0.19000000
2018-02-28 20:06:26,0.05249800,0.04700000
2018-02-28 20:06:26,0.05249700,0.08300000
2018-02-28 20:06:26,0.05249300,0.19100000
2018-02-28 20:06:26,0.05248900,0.04000000
2018-02-28 20:06:26,0.05247200,0.79300000
2018-02-28 20:06:26,0.05247100,0.22400000
2018-02-28 20:06:26,0.05245300,0.02100000
2018-02-28 20:06:26,0.05244700,0.28200000
2018-02-28 20:06:26,0.05243100,0.36100000
2018-02-28 20:06:26,0.05241600,0.07200000
2018-02-28 20:06:26,0.05240700,0.18800000
2018-02-28 20:06:26,0.05240600,0.07200000
2018-02-28 20:06:26,0.05240300,0.19000000
2018-02-28 20:06:26,0.05240200,0.19100000
2018-02-28 20:06:26,0.05240100,10.64800000
2018-02-28 20:06:26,0.05240000,3.02000000
2018-02-28 20:06:26,0.05237300,0.15300000
2018-02-28 20:06:26,0.05236300,0.31100000
2018-02-28 20:06:26,0.05233000,0.06700000
2018-02-28 20:06:26,0.05231900,0.29300000
2018-02-28 20:06:26,0.05231300,1.33800000
2018-02-28 20:06:26,0.05231100,0.19200000
2018-02-28 20:06:26,0.05230300,0.28400000
2018-02-28 20:06:26,0.05230100,2.63100000
2018-02-28 20:06:26,0.05230000,1.79100000
2018-02-28 20:06:26,0.05229700,0.02600000
2018-02-28 20:06:26,0.05229500,0.20500000
2018-02-28 20:06:26,0.05229300,0.29300000
2018-02-28 20:06:26,0.05229100,0.49900000
2018-02-28 20:06:26,0.05228900,1.91200000
2018-02-28 20:06:26,0.05227700,0.60400000
2018-02-28 20:06:26,0.05227400,0.07100000
2018-02-28 20:06:26,0.05225700,0.02400000
2018-02-28 20:06:26,0.05224200,0.07100000
2018-02-28 20:06:26,0.05222600,0.02900000
2018-02-28 20:06:26,0.05221300,0.12400000
2018-02-28 20:06:26,0.05220300,0.84500000
2018-02-28 20:06:26,0.05220100,2.52000000
2018-02-28 20:06:26,0.05220000,1.09200000
2018-02-28 20:06:26,0.05218800,0.04000000
2018-02-28 20:06:26,0.05217800,0.57500000
2018-02-28 20:06:26,0.05216700,0.07100000
2018-02-28 20:06:26,0.05215200,0.05700000
2018-02-28 20:06:26,0.05215100,0.05700000
2018-02-28 20:06:26,0.05214500,0.23700000
2018-02-28 20:06:26,0.05214400,0.02200000
2018-02-28 20:06:26,0.05211700,0.08700000
2018-02-28 20:06:26,0.05211400,1.12500000
2018-02-28 20:06:26,0.05211300,0.18000000
2018-02-28 20:06:26,0.05211000,2.05200000
2018-02-28 20:06:26,0.05240000,0.07300000
2018-02-28 20:06:26,0.05240000,5.82200000
2018-02-28 20:06:26,0.05211000,2.43900000
2018-02-28 20:06:26,0.05210300,0.77900000
2018-02-28 20:06:26,0.05210000,1.14500000
2018-02-28 20:06:26,0.05210000,0.10200000
2018-02-28 20:06:26,0.05226500,1.08600000
2018-02-28 20:06:26,0.05226500,1.08600000
2018-02-28 20:06:26,0.05226500,0.13800000
2018-02-28 20:06:26,0.05226500,1.03000000
2018-02-28 20:06:27,0.05226500,0.02900000
2018-02-28 20:06:27,0.05226500,0.07700000
2018-02-28 20:06:27,0.05226500,0.07700000
2018-02-28 20:06:27,0.05226500,0.07700000
2018-02-28 20:06:27,0.05226500,0.07700000
2018-02-28 20:06:27,0.05210200,0.07700000
2018-02-28 20:06:27,0.05210300,0.03700000
2018-02-28 20:06:27,0.05226400,0.47000000
2018-02-28 20:06:27,0.05226400,0.09900000
2018-02-28 20:06:27,0.05226500,22.46900000
2018-02-28 20:06:27,0.05236300,0.05700000
2018-02-28 20:06:28,0.05242200,0.04700000
2018-02-28 20:06:28,0.05240500,0.04700000
2018-02-28 20:06:28,0.05246400,0.07200000
2018-02-28 20:06:28,0.05250600,0.00900000
2018-02-28 20:06:29,0.05240500,0.06700000
2018-02-28 20:06:29,0.05240300,1.00000000
2018-02-28 20:06:29,0.05235700,0.57200000
2018-02-28 20:06:29,0.05225700,0.07200000
2018-02-28 20:06:29,0.05212000,1.79200000
2018-02-28 20:06:30,0.05246200,0.07700000
2018-02-28 20:06:30,0.05250600,0.09400000
2018-02-28 20:06:30,0.05251000,0.07500000
2018-02-28 20:06:30,0.05251000,1.03000000
2018-02-28 20:06:30,0.05251000,1.08800000
2018-02-28 20:06:31,0.05251800,0.02400000
2018-02-28 20:06:31,0.05259700,0.02300000
2018-02-28 20:06:32,0.05250400,0.07200000
2018-02-28 20:06:32,0.05249900,0.80300000
2018-02-28 20:06:32,0.05212000,0.14400000
2018-02-28 20:06:33,0.05240500,0.90000000
2018-02-28 20:06:33,0.05240500,0.04700000
2018-02-28 20:06:33,0.05240500,0.10300000
2018-02-28 20:06:33,0.05240500,0.19000000
2018-02-28 20:06:33,0.05240500,0.04000000
2018-02-28 20:06:33,0.05240500,0.09800000
2018-02-28 20:06:33,0.05240500,0.34200000
2018-02-28 20:06:33,0.05240500,0.04100000
2018-02-28 20:06:34,0.05240400,0.34800000
2018-02-28 20:06:34,0.05240400,0.05700000
2018-02-28 20:06:34,0.05240400,0.02900000
2018-02-28 20:06:34,0.05240400,0.19000000
2018-02-28 20:06:34,0.05240300,0.04700000
2018-02-28 20:06:34,0.05240300,0.09500000
2018-02-28 20:06:34,0.05240300,0.04600000
2018-02-28 20:06:34,0.05240200,0.09400000
2018-02-28 20:06:34,0.05240200,0.12900000
2018-02-28 20:06:35,0.05240200,0.04800000
2018-02-28 20:06:35,0.05240100,0.02400000
2018-02-28 20:06:35,0.05212900,0.09400000
2018-02-28 20:06:35,0.05240100,0.15200000
2018-02-28 20:06:35,0.05240100,0.04700000
2018-02-28 20:06:35,0.05240100,0.08900000
2018-02-28 20:06:35,0.05240200,0.00600000
2018-02-28 20:06:35,0.05238000,0.04700000
2018-02-28 20:06:35,0.05238000,0.04700000
2018-02-28 20:06:35,0.05238000,0.64100000
2018-02-28 20:06:36,0.05238000,0.10000000
2018-02-28 20:06:36,0.05238000,0.04800000
2018-02-28 20:06:36,0.05237900,0.09400000
2018-02-28 20:06:36,0.05238000,0.25000000
2018-02-28 20:06:36,0.05240200,0.02400000
2018-02-28 20:06:36,0.05240300,0.18600000
2018-02-28 20:06:36,0.05240300,0.08500000
2018-02-28 20:06:36,0.05240400,0.20100000
2018-02-28 20:06:38,0.05240400,0.21400000
2018-02-28 20:06:38,0.05240200,0.05700000
2018-02-28 20:06:38,0.05240400,0.04700000
2018-02-28 20:06:39,0.05240400,0.82500000
2018-02-28 20:06:40,0.05215500,1.34900000
2018-02-28 20:06:41,0.05217900,0.16300000
2018-02-28 20:06:41,0.05240500,2.63700000
2018-02-28 20:06:41,0.05248700,0.07200000
2018-02-28 20:06:41,0.05249900,0.29400000
2018-02-28 20:06:41,0.05250000,0.95200000
2018-02-28 20:06:42,0.05218500,0.03600000
2018-02-28 20:06:42,0.05250000,0.04700000
2018-02-28 20:06:43,0.05220500,0.57500000
2018-02-28 20:06:44,0.05250000,0.19000000
2018-02-28 20:06:44,0.05250000,0.04800000
2018-02-28 20:06:44,0.05250000,0.05600000
2018-02-28 20:06:44,0.05250000,0.04600000
2018-02-28 20:06:45,0.05249900,0.03400000
2018-02-28 20:06:45,0.05249800,0.02200000
2018-02-28 20:06:45,0.05249800,0.14500000
2018-02-28 20:06:45,0.05249800,0.03200000
2018-02-28 20:06:45,0.05249900,0.01600000
2018-02-28 20:06:45,0.05249900,0.03600000
2018-02-28 20:06:45,0.05250000,0.01100000
2018-02-28 20:06:45,0.05250000,0.06800000
2018-02-28 20:06:45,0.05250000,0.04200000
2018-02-28 20:06:46,0.05250000,0.09200000
2018-02-28 20:06:46,0.05250000,0.04700000
2018-02-28 20:06:46,0.05250000,0.04700000
2018-02-28 20:06:46,0.05250000,0.02200000
2018-02-28 20:06:46,0.05250000,0.03200000
2018-02-28 20:06:46,0.05259100,0.04700000
2018-02-28 20:06:47,0.05245000,0.50000000
2018-02-28 20:06:47,0.05245000,0.03300000
2018-02-28 20:06:47,0.05245000,0.03800000
2018-02-28 20:06:48,0.05245000,0.07500000
2018-02-28 20:06:48,0.05245000,0.02400000
2018-02-28 20:06:48,0.05245000,0.03800000
2018-02-28 20:06:48,0.05245000,0.80000000
2018-02-28 20:06:48,0.05250000,0.04000000
2018-02-28 20:06:48,0.05259100,0.98600000
2018-02-28 20:06:48,0.05259100,0.09300000
2018-02-28 20:06:48,0.05259100,0.06400000
2018-02-28 20:06:48,0.05258900,0.03800000
2018-02-28 20:06:49,0.05250000,1.70300000
2018-02-28 20:06:49,0.05258600,0.57000000
2018-02-28 20:06:49,0.05258600,0.04700000
2018-02-28 20:06:50,0.05240000,0.05200000
2018-02-28 20:06:50,0.05228500,0.18900000
2018-02-28 20:06:50,0.05240000,0.32500000
2018-02-28 20:06:50,0.05239800,0.07600000
2018-02-28 20:06:50,0.05228500,0.00100000
2018-02-28 20:06:50,0.05227300,0.04600000
2018-02-28 20:06:51,0.05239800,0.05000000
2018-02-28 20:06:51,0.05227300,0.12600000
2018-02-28 20:06:51,0.05225300,0.57400000
2018-02-28 20:06:51,0.05225200,1.04500000
2018-02-28 20:06:51,0.05239800,0.03800000
2018-02-28 20:06:52,0.05239800,0.19000000
2018-02-28 20:06:53,0.05239500,0.04700000
2018-02-28 20:06:56,0.05239500,0.04700000
2018-02-28 20:06:56,0.05230000,2.74500000
2018-02-28 20:06:57,0.05239500,0.04600000
2018-02-28 20:06:57,0.05239500,0.81700000
2018-02-28 20:06:57,0.05239700,0.70900000
2018-02-28 20:06:57,0.05240000,0.69300000
2018-02-28 20:06:59,0.05240000,0.04700000
2018-02-28 20:07:00,0.05240000,0.95400000
2018-02-28 20:07:01,0.05239500,0.08700000
2018-02-28 20:07:02,0.05239800,0.04700000
2018-02-28 20:07:04,0.05230900,0.08600000
2018-02-28 20:07:04,0.05230000,2.06400000
2018-02-28 20:07:04,0.05229300,0.57300000
2018-02-28 20:07:04,0.05239800,0.04500000
2018-02-28 20:07:05,0.05239800,0.04800000
2018-02-28 20:07:05,0.05239800,0.18500000
2018-02-28 20:07:05,0.05239800,2.28000000
2018-02-28 20:07:06,0.05239800,0.04700000
2018-02-28 20:07:08,0.05239600,0.05900000
2018-02-28 20:07:08,0.05239600,0.00100000
2018-02-28 20:07:08,0.05225200,0.14000000
2018-02-28 20:07:09,0.05225200,0.68100000
2018-02-28 20:07:11,0.05239600,0.07100000
2018-02-28 20:07:11,0.05239600,0.77500000
2018-02-28 20:07:12,0.05239000,0.50000000
2018-02-28 20:07:13,0.05239500,0.09900000
2018-02-28 20:07:14,0.05239200,0.11300000
2018-02-28 20:07:17,0.05225300,2.18800000
2018-02-28 20:07:17,0.05225000,0.70400000
2018-02-28 20:07:18,0.05218400,0.00400000
2018-02-28 20:07:19,0.05237900,0.50400000
2018-02-28 20:07:19,0.05238000,0.45000000
2018-02-28 20:07:19,0.05218400,0.12000000
2018-02-28 20:07:21,0.05237400,0.15900000
2018-02-28 20:07:21,0.05237600,0.57300000
2018-02-28 20:07:21,0.05237900,0.17400000
2018-02-28 20:07:21,0.05239000,0.09400000
2018-02-28 20:07:21,0.05239000,0.08300000
2018-02-28 20:07:21,0.05239200,4.93700000
2018-02-28 20:07:22,0.05226200,1.91300000
2018-02-28 20:07:22,0.05226100,0.50000000
2018-02-28 20:07:22,0.05226000,0.50000000
2018-02-28 20:07:24,0.05218800,0.00700000
2018-02-28 20:07:24,0.05218800,1.20400000
2018-02-28 20:07:24,0.05218800,3.62300000
2018-02-28 20:07:25,0.05237900,1.91300000
2018-02-28 20:07:25,0.05238100,0.76900000
2018-02-28 20:07:27,0.05238100,0.02500000
2018-02-28 20:07:27,0.05219700,1.91500000
2018-02-28 20:07:27,0.05219500,0.76900000
2018-02-28 20:07:27,0.05218900,0.57400000
2018-02-28 20:07:27,0.05218800,0.39100000
2018-02-28 20:07:27,0.05238000,0.05500000
2018-02-28 20:07:29,0.05225800,0.02900000
2018-02-28 20:07:30,0.05225200,1.12300000
2018-02-28 20:07:31,0.05218900,0.10100000
2018-02-28 20:07:31,0.05225100,0.47500000
2018-02-28 20:07:31,0.05225200,0.76300000
2018-02-28 20:07:31,0.05226000,1.67200000
2018-02-28 20:07:31,0.05226000,0.00100000
2018-02-28 20:07:31,0.05237700,0.21100000
2018-02-28 20:07:31,0.05238000,0.51900000
2018-02-28 20:07:31,0.05238100,0.08100000
2018-02-28 20:07:31,0.05239000,3.04600000
2018-02-28 20:07:31,0.05239200,0.25000000
2018-02-28 20:07:31,0.05226000,0.50000000
2018-02-28 20:07:32,0.05226500,0.09400000
2018-02-28 20:07:33,0.05226500,1.81600000
2018-02-28 20:07:33,0.05226300,0.57400000
2018-02-28 20:07:33,0.05226000,1.46100000
2018-02-28 20:07:33,0.05238000,0.04700000
2018-02-28 20:07:36,0.05237500,0.07600000
2018-02-28 20:07:37,0.05237400,0.04700000
2018-02-28 20:07:37,0.05237400,0.07500000
2018-02-28 20:07:37,0.05237400,0.05500000
2018-02-28 20:07:38,0.05226000,2.14800000
2018-02-28 20:07:38,0.05225800,0.18400000
2018-02-28 20:07:38,0.05225800,0.04800000
2018-02-28 20:07:38,0.05225800,0.27900000
2018-02-28 20:07:39,0.05218900,3.28300000
2018-02-28 20:07:39,0.05218800,1.98400000
2018-02-28 20:07:39,0.05225800,1.32200000
2018-02-28 20:07:40,0.05225800,0.00100000
2018-02-28 20:07:40,0.05226000,0.09500000
2018-02-28 20:07:40,0.05226000,3.12000000
2018-02-28 20:07:40,0.05229200,0.04700000
2018-02-28 20:07:41,0.05226000,0.06200000
2018-02-28 20:07:41,0.05229200,0.35000000
2018-02-28 20:07:41,0.05237500,0.15300000
2018-02-28 20:07:41,0.05238000,1.22700000
2018-02-28 20:07:42,0.05238000,0.61500000
2018-02-28 20:07:42,0.05238000,3.96900000
2018-02-28 20:07:43,0.05225800,0.99700000
2018-02-28 20:07:44,0.05225800,0.00200000
2018-02-28 20:07:44,0.05238100,0.04500000
2018-02-28 20:07:45,0.05238000,0.52500000
2018-02-28 20:07:45,0.05238100,0.48600000
2018-02-28 20:07:45,0.05238900,0.06700000
2018-02-28 20:07:45,0.05239200,1.46100000
2018-02-28 20:07:45,0.05225800,0.02100000
2018-02-28 20:07:46,0.05225800,0.02900000
2018-02-28 20:07:46,0.05225800,0.44200000
2018-02-28 20:07:46,0.05225800,0.45800000
2018-02-28 20:07:47,0.05229200,0.02500000
2018-02-28 20:07:47,0.05239200,0.04700000
2018-02-28 20:07:48,0.05239100,0.04700000
2018-02-28 20:07:49,0.05239100,0.18800000
2018-02-28 20:07:49,0.05239100,0.22300000
2018-02-28 20:07:49,0.05239200,0.52100000
2018-02-28 20:07:49,0.05239200,1.24400000
2018-02-28 20:07:49,0.05239600,1.22900000
2018-02-28 20:07:49,0.05239800,0.05400000
2018-02-28 20:07:51,0.05239800,0.05600000
2018-02-28 20:07:51,0.05239800,0.57300000
2018-02-28 20:07:52,0.05239800,0.04400000
2018-02-28 20:07:52,0.05239800,0.09500000
2018-02-28 20:07:52,0.05239600,15.34800000
2018-02-28 20:07:53,0.05239800,0.06500000
2018-02-28 20:07:53,0.05239800,0.12400000
2018-02-28 20:07:53,0.05239800,0.03800000
2018-02-28 20:07:53,0.05234600,0.06200000
2018-02-28 20:07:54,0.05239800,0.63000000
2018-02-28 20:07:54,0.05239800,0.04800000
2018-02-28 20:07:55,0.05224600,1.91200000
2018-02-28 20:07:55,0.05224400,1.00000000
2018-02-28 20:07:55,0.05224100,0.50000000
2018-02-28 20:07:55,0.05224000,1.42000000
2018-02-28 20:07:55,0.05239500,0.05600000
2018-02-28 20:07:56,0.05239200,0.02900000
2018-02-28 20:07:56,0.05239200,0.17100000
2018-02-28 20:07:56,0.05239200,0.05700000
2018-02-28 20:07:57,0.05239200,0.04900000
2018-02-28 20:07:57,0.05238000,0.32300000
2018-02-28 20:07:57,0.05237800,0.02200000
2018-02-28 20:07:58,0.05225600,0.21000000
2018-02-28 20:07:58,0.05225500,0.09500000
2018-02-28 20:07:58,0.05224100,0.57400000
2018-02-28 20:07:58,0.05224000,0.50000000
2018-02-28 20:07:58,0.05224100,0.09700000
2018-02-28 20:07:58,0.05224000,0.08000000
2018-02-28 20:07:58,0.05223900,0.03800000
2018-02-28 20:07:59,0.05223900,0.04700000
2018-02-28 20:07:59,0.05223900,0.04800000
2018-02-28 20:07:59,0.05223900,0.12600000
2018-02-28 20:07:59,0.05223900,0.08200000
2018-02-28 20:08:00,0.05223900,1.10600000
2018-02-28 20:08:00,0.05223900,0.00100000
2018-02-28 20:08:00,0.05224100,1.05800000
2018-02-28 20:08:00,0.05223900,0.01900000
2018-02-28 20:08:00,0.05223800,0.03800000
2018-02-28 20:08:01,0.05219900,0.57000000
2018-02-28 20:08:01,0.05219900,0.31300000
2018-02-28 20:08:02,0.05224000,0.44300000
2018-02-28 20:08:02,0.05224100,0.00100000
2018-02-28 20:08:02,0.05236000,0.05600000
2018-02-28 20:08:05,0.05221300,1.80600000
2018-02-28 20:08:07,0.05235400,0.18200000
2018-02-28 20:08:08,0.05235300,0.05900000
2018-02-28 20:08:08,0.05235300,0.00400000
2018-02-28 20:08:09,0.05222200,0.03800000
2018-02-28 20:08:09,0.05235300,0.03800000
2018-02-28 20:08:09,0.05222500,0.10700000
2018-02-28 20:08:09,0.05222300,0.31100000
2018-02-28 20:08:12,0.05234300,0.54100000
2018-02-28 20:08:12,0.05221900,0.61600000
2018-02-28 20:08:13,0.05233500,1.95100000
2018-02-28 20:08:13,0.05233700,0.16900000
2018-02-28 20:08:13,0.05234000,0.39200000
2018-02-28 20:08:13,0.05236000,1.64100000
2018-02-28 20:08:13,0.05222900,1.91100000
2018-02-28 20:08:13,0.05222700,0.09500000
2018-02-28 20:08:13,0.05222400,0.83100000
2018-02-28 20:08:13,0.05222300,19.16300000
2018-02-28 20:08:15,0.05238600,1.91100000
2018-02-28 20:08:15,0.05238800,0.83100000
2018-02-28 20:08:15,0.05239200,0.07100000
2018-02-28 20:08:15,0.05239600,0.63200000
2018-02-28 20:08:15,0.05240000,3.95800000
2018-02-28 20:08:16,0.05238800,0.21000000
2018-02-28 20:08:16,0.05250000,0.19000000
2018-02-28 20:08:17,0.05250000,0.38100000
2018-02-28 20:08:17,0.05250000,0.03800000
2018-02-28 20:08:17,0.05250000,0.22900000
2018-02-28 20:08:17,0.05250000,0.07600000
2018-02-28 20:08:17,0.05250000,0.22300000
2018-02-28 20:08:17,0.05250000,0.48800000
2018-02-28 20:08:17,0.05239800,0.02300000
2018-02-28 20:08:17,0.05239800,0.12100000
2018-02-28 20:08:17,0.05240000,0.07400000
2018-02-28 20:08:17,0.05250000,0.27600000
2018-02-28 20:08:17,0.05250000,0.03400000
2018-02-28 20:08:17,0.05250000,0.13800000
2018-02-28 20:08:17,0.05250000,0.03400000
2018-02-28 20:08:18,0.05250000,0.09900000
2018-02-28 20:08:18,0.05250000,0.09300000
2018-02-28 20:08:18,0.05250000,0.05700000
2018-02-28 20:08:18,0.05250000,0.07500000
2018-02-28 20:08:18,0.05250000,0.04300000
2018-02-28 20:08:18,0.05250000,0.04800000
2018-02-28 20:08:18,0.05250000,0.13300000
2018-02-28 20:08:18,0.05250000,0.05600000
2018-02-28 20:08:18,0.05250000,0.09300000
2018-02-28 20:08:19,0.05250000,0.06100000
2018-02-28 20:08:19,0.05250000,0.04600000
2018-02-28 20:08:19,0.05250000,0.03500000
2018-02-28 20:08:19,0.05250000,0.12300000
2018-02-28 20:08:19,0.05250000,0.04800000
2018-02-28 20:08:19,0.05250000,0.03000000
2018-02-28 20:08:19,0.05250000,0.07200000
2018-02-28 20:08:19,0.05250000,0.05800000
2018-02-28 20:08:19,0.05238900,0.20200000
2018-02-28 20:08:19,0.05250000,0.07600000
2018-02-28 20:08:20,0.05240000,0.06000000
2018-02-28 20:08:20,0.05240000,0.19400000
2018-02-28 20:08:20,0.05240000,0.02200000
2018-02-28 20:08:20,0.05240000,0.48400000
2018-02-28 20:08:20,0.05250000,0.16200000
2018-02-28 20:08:20,0.05250000,0.05700000
2018-02-28 20:08:20,0.05250000,0.03700000
2018-02-28 20:08:20,0.05250000,0.07500000
2018-02-28 20:08:20,0.05250000,0.04600000
2018-02-28 20:08:20,0.05250000,0.04800000
2018-02-28 20:08:20,0.05250000,0.35200000
2018-02-28 20:08:20,0.05250000,0.04800000
2018-02-28 20:08:20,0.05250000,0.07300000
2018-02-28 20:08:20,0.05250000,0.04700000
2018-02-28 20:08:20,0.05249800,0.04800000
2018-02-28 20:08:20,0.05249800,0.02300000
2018-02-28 20:08:21,0.05249800,0.08400000
2018-02-28 20:08:21,0.05249800,0.04700000
2018-02-28 20:08:21,0.05250000,0.00900000
2018-02-28 20:08:21,0.05250000,0.04200000
2018-02-28 20:08:21,0.05250000,0.09500000
2018-02-28 20:08:21,0.05250000,0.09500000
2018-02-28 20:08:21,0.05250000,8.32900000
2018-02-28 20:08:23,0.05258500,0.03800000
2018-02-28 20:08:24,0.05258500,0.04600000
2018-02-28 20:08:24,0.05258500,0.03000000
2018-02-28 20:08:24,0.05258500,0.04800000
2018-02-28 20:08:25,0.05258500,0.03300000
2018-02-28 20:08:25,0.05258500,0.07200000
2018-02-28 20:08:25,0.05258500,0.15200000
2018-02-28 20:08:25,0.05258500,0.02300000
2018-02-28 20:08:25,0.05258500,0.05700000
2018-02-28 20:08:25,0.05258500,0.25300000
2018-02-28 20:08:26,0.05258500,0.09500000
2018-02-28 20:08:26,0.05258500,0.06100000
2018-02-28 20:08:26,0.05258500,0.04900000
2018-02-28 20:08:26,0.05258500,0.17900000
2018-02-28 20:08:26,0.05258500,0.07600000
2018-02-28 20:08:26,0.05258500,0.03200000
2018-02-28 20:08:26,0.05258500,0.02300000
2018-02-28 20:08:26,0.05258500,0.03900000
2018-02-28 20:08:27,0.05259700,0.02200000
2018-02-28 20:08:27,0.05259800,0.03700000
2018-02-28 20:08:28,0.05259800,0.06300000
2018-02-28 20:08:28,0.05260000,0.66200000
2018-02-28 20:08:29,0.05260000,0.04700000
2018-02-28 20:08:30,0.05260000,0.03000000
2018-02-28 20:08:30,0.05260900,0.10100000
2018-02-28 20:08:32,0.05260900,0.16300000
2018-02-28 20:08:32,0.05260900,0.04300000
2018-02-28 20:08:33,0.05260000,0.16100000
2018-02-28 20:08:33,0.05260900,0.04200000
2018-02-28 20:08:33,0.05260900,0.33200000
2018-02-28 20:08:33,0.05262400,0.02800000
2018-02-28 20:08:34,0.05260000,2.03900000
2018-02-28 20:08:34,0.05262400,0.16800000
2018-02-28 20:08:35,0.05260000,4.03400000
2018-02-28 20:08:35,0.05260000,0.92200000
2018-02-28 20:08:35,0.05260000,0.99900000
2018-02-28 20:08:36,0.05262400,0.04700000
2018-02-28 20:08:36,0.05260000,1.08500000
2018-02-28 20:08:36,0.05262400,0.53600000
2018-02-28 20:08:36,0.05263800,0.08700000
2018-02-28 20:08:36,0.05265000,0.09600000
2018-02-28 20:08:36,0.05266500,0.19000000
2018-02-28 20:08:36,0.05266800,0.07200000
2018-02-28 20:08:36,0.05268700,0.99900000
2018-02-28 20:08:36,0.05268900,0.07100000
2018-02-28 20:08:36,0.05271900,0.11400000
2018-02-28 20:08:36,0.05272200,0.07200000
2018-02-28 20:08:36,0.05272500,0.38300000
2018-02-28 20:08:36,0.05276200,0.03800000
2018-02-28 20:08:36,0.05276900,0.36900000
2018-02-28 20:08:36,0.05278500,8.88100000
2018-02-28 20:08:38,0.05274500,0.05600000
2018-02-28 20:08:38,0.05278400,0.02300000
2018-02-28 20:08:38,0.05278400,0.02100000
2018-02-28 20:08:39,0.05278400,0.02800000
2018-02-28 20:08:39,0.05278400,0.09600000
2018-02-28 20:08:40,0.05278400,0.31600000
2018-02-28 20:08:40,0.05278500,0.79300000
2018-02-28 20:08:40,0.05280000,1.08600000
2018-02-28 20:08:40,0.05286700,0.56900000
2018-02-28 20:08:40,0.05286800,0.12800000
2018-02-28 20:08:40,0.05292000,0.78600000
2018-02-28 20:08:40,0.05299600,3.46500000
2018-02-28 20:08:40,0.05299700,0.86700000
2018-02-28 20:08:40,0.05300000,1.27800000
2018-02-28 20:08:40,0.05303400,0.68300000
2018-02-28 20:08:40,0.05304000,0.11400000
2018-02-28 20:08:40,0.05307800,0.09900000
2018-02-28 20:08:40,0.05311200,1.21700000
2018-02-28 20:08:40,0.05311300,0.21400000
2018-02-28 20:08:40,0.05311400,0.50000000
2018-02-28 20:08:40,0.05311600,0.49900000
2018-02-28 20:08:40,0.05314000,0.90300000
2018-02-28 20:08:40,0.05315000,0.42000000
2018-02-28 20:08:40,0.05318100,0.07300000
2018-02-28 20:08:40,0.05318500,0.39200000
2018-02-28 20:08:40,0.05318600,0.79800000
2018-02-28 20:08:40,0.05319000,0.04700000
2018-02-28 20:08:40,0.05319900,0.03400000
2018-02-28 20:08:40,0.05320000,1.40300000
2018-02-28 20:08:40,0.05320800,0.69600000
2018-02-28 20:08:41,0.05290000,0.12000000
2018-02-28 20:08:41,0.05284100,0.41700000
2018-02-28 20:08:41,0.05284100,3.34800000
2018-02-28 20:08:41,0.05284000,0.50000000
2018-02-28 20:08:41,0.05283900,1.90000000
2018-02-28 20:08:41,0.05283700,0.05600000
2018-02-28 20:08:41,0.05263500,0.56900000
2018-02-28 20:08:41,0.05263300,1.95700000
2018-02-28 20:08:41,0.05263200,0.86700000
2018-02-28 20:08:41,0.05262900,0.02000000
2018-02-28 20:08:41,0.05261600,0.07100000
2018-02-28 20:08:41,0.05260900,0.28100000
2018-02-28 20:08:41,0.05260900,1.25000000
2018-02-28 20:08:41,0.05283700,0.50000000
2018-02-28 20:08:41,0.05260900,0.18900000
2018-02-28 20:08:43,0.05283100,0.01900000
2018-02-28 20:08:43,0.05282800,0.01900000
2018-02-28 20:08:44,0.05282800,0.09500000
2018-02-28 20:08:45,0.05265500,0.07500000
2018-02-28 20:08:45,0.05261000,1.27100000
2018-02-28 20:08:45,0.05260900,1.48900000
2018-02-28 20:08:45,0.05282000,0.16900000
2018-02-28 20:08:45,0.05282000,0.06600000
2018-02-28 20:08:46,0.05281700,0.09500000
2018-02-28 20:08:47,0.05281000,0.04100000
2018-02-28 20:08:47,0.05280900,0.01900000
2018-02-28 20:08:47,0.05280900,0.35800000
2018-02-28 20:08:48,0.05280600,0.03700000
2018-02-28 20:08:49,0.05279200,1.09600000
2018-02-28 20:08:50,0.05279200,0.17600000
2018-02-28 20:08:50,0.05278900,0.04200000
2018-02-28 20:08:51,0.05278900,0.09500000
2018-02-28 20:08:51,0.05278800,0.46400000
2018-02-28 20:08:51,0.05278300,0.07500000
2018-02-28 20:08:51,0.05278800,0.13700000
2018-02-28 20:08:52,0.05265600,0.50000000
2018-02-28 20:08:52,0.05265000,0.62000000
2018-02-28 20:08:52,0.05265000,0.60000000
2018-02-28 20:08:52,0.05265000,0.18000000
2018-02-28 20:08:52,0.05261700,0.18000000
2018-02-28 20:08:53,0.05278000,0.04200000
2018-02-28 20:08:54,0.05261000,0.04800000
2018-02-28 20:08:55,0.05277100,0.29400000
2018-02-28 20:08:55,0.05277300,0.53200000
2018-02-28 20:08:55,0.05277600,2.47600000
2018-02-28 20:08:55,0.05277700,0.05700000
2018-02-28 20:08:55,0.05277800,3.51100000
2018-02-28 20:08:55,0.05277900,3.82500000
2018-02-28 20:08:55,0.05277600,0.21100000
2018-02-28 20:08:55,0.05277900,0.07000000
2018-02-28 20:08:56,0.05277900,0.07000000
2018-02-28 20:08:56,0.05277900,0.02000000
2018-02-28 20:08:56,0.05262600,0.05000000
2018-02-28 20:08:57,0.05277800,0.05500000
2018-02-28 20:08:57,0.05277900,0.63900000
2018-02-28 20:08:58,0.05277900,0.11800000
2018-02-28 20:08:58,0.05282800,0.31500000
2018-02-28 20:08:58,0.05283700,1.45900000
2018-02-28 20:08:58,0.05283700,4.29700000
2018-02-28 20:08:58,0.05290000,0.20500000
2018-02-28 20:08:58,0.05299600,0.05600000
2018-02-28 20:08:58,0.05307000,0.03700000
2018-02-28 20:08:58,0.05317200,0.57100000
2018-02-28 20:08:58,0.05320700,0.07100000
2018-02-28 20:08:58,0.05320800,0.15000000
2018-02-28 20:08:58,0.05321000,0.23000000
2018-02-28 20:08:58,0.05321100,0.04600000
2018-02-28 20:08:58,0.05323300,0.11900000
2018-02-28 20:08:58,0.05325700,0.47000000
2018-02-28 20:08:58,0.05326200,0.11300000
2018-02-28 20:08:58,0.05326300,0.11300000
2018-02-28 20:08:58,0.05329900,4.25000000
2018-02-28 20:08:58,0.05330000,1.30000000
2018-02-28 20:08:58,0.05331300,0.16700000
2018-02-28 20:08:58,0.05331400,0.60500000
2018-02-28 20:08:58,0.05331500,0.21500000
2018-02-28 20:08:59,0.05286300,1.89600000
2018-02-28 20:08:59,0.05286100,0.56700000
2018-02-28 20:08:59,0.05285900,3.11600000
2018-02-28 20:09:01,0.05286200,0.03100000
2018-02-28 20:09:02,0.05330600,0.77800000
2018-02-28 20:09:03,0.05330300,0.02800000
2018-02-28 20:09:04,0.05292500,0.03700000
2018-02-28 20:09:05,0.05320900,0.27700000
2018-02-28 20:09:05,0.05278100,0.50000000
2018-02-28 20:09:05,0.05292600,0.21000000
2018-02-28 20:09:05,0.05320800,0.36600000
2018-02-28 20:09:06,0.05320500,0.63400000
2018-02-28 20:09:06,0.05320600,0.35600000
2018-02-28 20:09:07,0.05287600,0.07000000
2018-02-28 20:09:10,0.05318900,0.00100000
2018-02-28 20:09:10,0.05288300,0.05000000
2018-02-28 20:09:11,0.05288400,0.07200000
2018-02-28 20:09:11,0.05288800,0.05700000
2018-02-28 20:09:11,0.05288800,0.01800000
2018-02-28 20:09:11,0.05288400,0.26700000
2018-02-28 20:09:11,0.05288500,0.19000000
2018-02-28 20:09:12,0.05314800,0.45600000
2018-02-28 20:09:12,0.05314900,1.03300000
2018-02-28 20:09:12,0.05315000,0.83900000
2018-02-28 20:09:12,0.05315100,1.89200000
2018-02-28 20:09:12,0.05318200,1.29800000
2018-02-28 20:09:12,0.05318500,0.56700000
2018-02-28 20:09:12,0.05320000,1.46200000
2018-02-28 20:09:12,0.05320100,0.03100000
2018-02-28 20:09:12,0.05320500,0.10200000
2018-02-28 20:09:12,0.05330100,0.03700000
2018-02-28 20:09:12,0.05331500,2.00500000
2018-02-28 20:09:13,0.05314400,0.07500000
2018-02-28 20:09:13,0.05314900,0.21000000
2018-02-28 20:09:13,0.05331500,1.56200000
2018-02-28 20:09:13,0.05333100,0.02000000
2018-02-28 20:09:13,0.05333300,0.11300000
2018-02-28 20:09:13,0.05333900,0.02000000
2018-02-28 20:09:14,0.05305000,0.50000000
2018-02-28 20:09:14,0.05305000,0.44700000
2018-02-28 20:09:14,0.05291700,0.26500000
2018-02-28 20:09:14,0.05305000,0.17700000
2018-02-28 20:09:15,0.05305000,0.11700000
2018-02-28 20:09:17,0.05300000,0.10700000
2018-02-28 20:09:18,0.05304600,0.12000000
2018-02-28 20:09:19,0.05304600,0.03700000
2018-02-28 20:09:19,0.05304600,0.04100000
2018-02-28 20:09:19,0.05304600,0.06700000
2018-02-28 20:09:19,0.05305000,0.71300000
2018-02-28 20:09:23,0.05304800,7.25300000
2018-02-28 20:09:23,0.05304800,0.11200000
2018-02-28 20:09:23,0.05304800,0.95600000
2018-02-28 20:09:23,0.05305000,0.99000000
2018-02-28 20:09:24,0.05305200,0.18000000
2018-02-28 20:09:24,0.05305400,0.73100000
2018-02-28 20:09:27,0.05319900,0.09500000
2018-02-28 20:09:27,0.05320000,0.00500000
2018-02-28 20:09:27,0.05310000,0.50000000
2018-02-28 20:09:28,0.05305800,3.13200000
2018-02-28 20:09:28,0.05305100,0.56500000
2018-02-28 20:09:28,0.05305000,1.69800000
2018-02-28 20:09:30,0.05319700,0.47100000
2018-02-28 20:09:30,0.05307200,0.18800000
2018-02-28 20:09:30,0.05307200,0.05600000
2018-02-28 20:09:30,0.05307200,0.70900000
2018-02-28 20:09:31,0.05307000,0.18000000
2018-02-28 20:09:31,0.05319700,0.09400000
2018-02-28 20:09:31,0.05320000,0.72600000
2018-02-28 20:09:32,0.05320000,0.16300000
2018-02-28 20:09:32,0.05320000,0.03200000
2018-02-28 20:09:33,0.05320000,0.03900000
2018-02-28 20:09:33,0.05320500,0.16200000
2018-02-28 20:09:33,0.05325500,0.83600000
2018-02-28 20:09:33,0.05331100,0.03700000
2018-02-28 20:09:33,0.05333900,0.01100000
2018-02-28 20:09:33,0.05336100,3.13200000
2018-02-28 20:09:33,0.05336200,0.41300000
2018-02-28 20:09:33,0.05336300,0.11300000
2018-02-28 20:09:33,0.05337200,1.13000000
2018-02-28 20:09:33,0.05340000,5.01100000
2018-02-28 20:09:33,0.05345000,0.03500000
2018-02-28 20:09:34,0.05344900,0.50000000
2018-02-28 20:09:34,0.05345000,2.13700000
2018-02-28 20:09:34,0.05345000,0.35400000
2018-02-28 20:09:34,0.05320800,0.04600000
2018-02-28 20:09:35,0.05321100,0.02000000
2018-02-28 20:09:35,0.05321200,0.03900000
2018-02-28 20:09:36,0.05321400,0.01900000
2018-02-28 20:09:36,0.05321800,0.50000000
2018-02-28 20:09:37,0.05323000,0.04700000
2018-02-28 20:09:38,0.05323000,0.22300000
2018-02-28 20:09:38,0.05347700,0.53900000
2018-02-28 20:09:38,0.05347800,0.73100000
2018-02-28 20:09:38,0.05347900,0.38000000
2018-02-28 20:09:38,0.05348000,2.02100000
2018-02-28 20:09:38,0.05349000,4.41300000
2018-02-28 20:09:38,0.05323300,0.04700000
2018-02-28 20:09:38,0.05349000,0.03700000
2018-02-28 20:09:39,0.05349000,0.05600000
2018-02-28 20:09:39,0.05323300,0.02500000
2018-02-28 20:09:39,0.05347800,0.13700000
2018-02-28 20:09:40,0.05347600,0.06100000
2018-02-28 20:09:40,0.05347600,0.36600000
2018-02-28 20:09:40,0.05347800,0.14000000
2018-02-28 20:09:40,0.05349000,1.47700000
2018-02-28 20:09:42,0.05347900,0.06200000
2018-02-28 20:09:42,0.05349000,0.43300000
2018-02-28 20:09:43,0.05349000,1.19200000
2018-02-28 20:09:43,0.05349000,0.56000000
2018-02-28 20:09:44,0.05349000,8.68300000
2018-02-28 20:09:44,0.05349000,3.59800000
2018-02-28 20:09:45,0.05326100,0.30600000
2018-02-28 20:09:47,0.05348900,0.30600000
2018-02-28 20:09:47,0.05349000,2.06000000
2018-02-28 20:09:47,0.05349000,1.64200000
2018-02-28 20:09:51,0.05347400,0.01400000
2018-02-28 20:09:52,0.05347400,0.09100000
2018-02-28 20:09:52,0.05347400,0.01900000
2018-02-28 20:09:53,0.05331700,0.01900000
2018-02-28 20:09:54,0.05331800,0.08300000
2018-02-28 20:09:54,0.05332000,0.19000000
2018-02-28 20:09:56,0.05332600,1.40000000
2018-02-28 20:09:56,0.05345000,0.31700000
2018-02-28 20:09:56,0.05347300,0.94400000
2018-02-28 20:09:57,0.05347300,0.21700000
2018-02-28 20:09:57,0.05347300,0.73800000
2018-02-28 20:09:57,0.05347300,0.03300000
2018-02-28 20:09:59,0.05347300,0.31400000
2018-02-28 20:09:59,0.05347400,0.99000000
2018-02-28 20:10:01,0.05335100,0.07200000
2018-02-28 20:10:02,0.05347200,1.39400000
2018-02-28 20:10:02,0.05335400,0.38500000
2018-02-28 20:10:02,0.05335300,0.56200000
2018-02-28 20:10:02,0.05335200,0.41700000
2018-02-28 20:10:02,0.05333500,0.09600000
2018-02-28 20:10:02,0.05347200,0.06100000
2018-02-28 20:10:03,0.05347000,0.15100000
2018-02-28 20:10:03,0.05331700,0.10500000
2018-02-28 20:10:03,0.05330000,0.04000000
2018-02-28 20:10:04,0.05335900,0.20000000
2018-02-28 20:10:05,0.05322000,0.09500000
2018-02-28 20:10:06,0.05322000,0.04800000
2018-02-28 20:10:06,0.05322000,0.02300000
2018-02-28 20:10:06,0.05330000,0.02300000
2018-02-28 20:10:06,0.05330000,0.03800000
2018-02-28 20:10:06,0.05330000,0.09500000
2018-02-28 20:10:07,0.05330100,0.15200000
2018-02-28 20:10:07,0.05330100,0.07600000
2018-02-28 20:10:07,0.05330100,0.04600000
2018-02-28 20:10:07,0.05330100,0.02100000
2018-02-28 20:10:08,0.05330000,0.04400000
2018-02-28 20:10:08,0.05322000,0.00400000
2018-02-28 20:10:08,0.05322000,0.37600000
2018-02-28 20:10:08,0.05322000,0.05700000
2018-02-28 20:10:10,0.05322000,0.04000000
2018-02-28 20:10:10,0.05322000,0.09500000
2018-02-28 20:10:10,0.05322000,0.04200000
2018-02-28 20:10:11,0.05330000,0.10400000
2018-02-28 20:10:11,0.05339100,0.18500000
2018-02-28 20:10:11,0.05330000,0.05900000
2018-02-28 20:10:12,0.05330000,0.09500000
2018-02-28 20:10:12,0.05330000,0.09500000
2018-02-28 20:10:12,0.05330000,0.03300000
2018-02-28 20:10:13,0.05322000,0.32300000
2018-02-28 20:10:13,0.05321900,0.03700000
2018-02-28 20:10:13,0.05321900,0.12300000
2018-02-28 20:10:14,0.05330000,0.08400000
2018-02-28 20:10:14,0.05338200,0.08400000
2018-02-28 20:10:15,0.05330000,0.02300000
2018-02-28 20:10:15,0.05330000,0.09500000
2018-02-28 20:10:15,0.05330000,0.09500000
2018-02-28 20:10:15,0.05337700,0.09400000
2018-02-28 20:10:16,0.05337400,1.82000000
2018-02-28 20:10:17,0.05330000,0.38100000
2018-02-28 20:10:17,0.05323500,0.06900000
2018-02-28 20:10:17,0.05321900,0.44800000
2018-02-28 20:10:17,0.05321800,0.22400000
2018-02-28 20:10:17,0.05337300,0.05800000
2018-02-28 20:10:17,0.05322000,0.21400000
2018-02-28 20:10:18,0.05321800,0.77000000
2018-02-28 20:10:18,0.05320000,0.13200000
2018-02-28 20:10:18,0.05312400,0.09300000
2018-02-28 20:10:18,0.05306000,0.60300000
2018-02-28 20:10:18,0.05331400,0.05600000
2018-02-28 20:10:18,0.05331400,0.15900000
2018-02-28 20:10:18,0.05331600,0.44200000
2018-02-28 20:10:18,0.05331700,0.03400000
2018-02-28 20:10:18,0.05336800,0.20000000
2018-02-28 20:10:18,0.05337300,0.43700000
2018-02-28 20:10:18,0.05337500,0.01500000
2018-02-28 20:10:19,0.05330000,0.03800000
2018-02-28 20:10:19,0.05331300,0.05800000
2018-02-28 20:10:19,0.05330000,0.09500000
2018-02-28 20:10:19,0.05330000,0.05900000
2018-02-28 20:10:19,0.05330000,0.00900000
2018-02-28 20:10:19,0.05306300,1.10700000
2018-02-28 20:10:21,0.05306300,0.74300000
2018-02-28 20:10:21,0.05306300,0.03000000
2018-02-28 20:10:21,0.05327700,0.18800000
2018-02-28 20:10:22,0.05306100,0.19000000
2018-02-28 20:10:23,0.05306100,0.03800000
2018-02-28 20:10:23,0.05306100,0.33000000
2018-02-28 20:10:23,0.05306600,0.04600000
2018-02-28 20:10:23,0.05306600,0.02900000
2018-02-28 20:10:25,0.05324000,0.60300000
2018-02-28 20:10:25,0.05324600,0.04900000
2018-02-28 20:10:26,0.05302400,0.07600000
2018-02-28 20:10:26,0.05324200,1.00000000
2018-02-28 20:10:26,0.05324300,1.71800000
2018-02-28 20:10:26,0.05324500,0.47800000
2018-02-28 20:10:26,0.05324800,0.05400000
2018-02-28 20:10:26,0.05304000,0.09100000
2018-02-28 20:10:27,0.05304300,2.11000000
2018-02-28 20:10:27,0.05304200,1.81400000
2018-02-28 20:10:27,0.05337100,0.06200000
2018-02-28 20:10:27,0.05304200,0.06700000
2018-02-28 20:10:27,0.05304000,0.02700000
2018-02-28 20:10:28,0.05306100,0.04800000
2018-02-28 20:10:29,0.05306600,0.02400000
2018-02-28 20:10:30,0.05306600,0.05100000
2018-02-28 20:10:30,0.05306400,0.22800000
2018-02-28 20:10:31,0.05308000,0.02300000
2018-02-28 20:10:32,0.05306600,0.48700000
2018-02-28 20:10:33,0.05310000,0.06100000
2018-02-28 20:10:33,0.05310100,0.04800000
2018-02-28 20:10:34,0.05310100,0.19400000
2018-02-28 20:10:34,0.05310100,0.04600000
2018-02-28 20:10:34,0.05310100,0.64100000
2018-02-28 20:10:35,0.05319800,0.04700000
2018-02-28 20:10:35,0.05310100,0.63100000
2018-02-28 20:10:35,0.05310100,0.16100000
2018-02-28 20:10:35,0.05310100,0.02900000
2018-02-28 20:10:36,0.05310100,0.04800000
2018-02-28 20:10:36,0.05310100,0.07600000
2018-02-28 20:10:36,0.05310100,0.04800000
2018-02-28 20:10:36,0.05310100,2.32800000
2018-02-28 20:10:37,0.05310100,0.03200000
2018-02-28 20:10:37,0.05310100,0.03200000
2018-02-28 20:10:37,0.05306900,0.03200000
2018-02-28 20:10:37,0.05309900,0.19500000
2018-02-28 20:10:37,0.05309900,0.02000000
2018-02-28 20:10:37,0.05306900,0.34600000
2018-02-28 20:10:37,0.05309900,1.02600000
2018-02-28 20:10:37,0.05309800,0.15400000
2018-02-28 20:10:37,0.05309900,0.03300000
2018-02-28 20:10:37,0.05306600,0.08000000
2018-02-28 20:10:37,0.05300000,0.10700000
2018-02-28 20:10:38,0.05303800,0.56000000
2018-02-28 20:10:38,0.05304000,0.20200000
2018-02-28 20:10:39,0.05310100,3.04300000
2018-02-28 20:10:39,0.05319100,0.21300000
2018-02-28 20:10:39,0.05319200,0.07500000
2018-02-28 20:10:39,0.05320000,0.26100000
2018-02-28 20:10:39,0.05310100,0.04200000
2018-02-28 20:10:40,0.05310100,2.20600000
2018-02-28 20:10:40,0.05310100,1.11000000
2018-02-28 20:10:41,0.05310100,0.03800000
2018-02-28 20:10:41,0.05310100,0.02400000
2018-02-28 20:10:42,0.05319900,0.22800000
2018-02-28 20:10:42,0.05320000,0.10100000
2018-02-28 20:10:42,0.05312000,0.09600000
2018-02-28 20:10:43,0.05312000,0.06600000
2018-02-28 20:10:44,0.05312000,0.11500000
2018-02-28 20:10:46,0.05319900,0.09300000
2018-02-28 20:10:46,0.05320000,0.46700000
2018-02-28 20:10:48,0.05320000,2.58300000
2018-02-28 20:10:49,0.05310100,0.05700000
2018-02-28 20:10:49,0.05310100,0.07600000
2018-02-28 20:10:50,0.05320000,0.28200000
2018-02-28 20:10:52,0.05319800,0.15200000
2018-02-28 20:10:52,0.05320000,0.00400000
2018-02-28 20:10:52,0.05323900,0.53500000
2018-02-28 20:10:52,0.05324500,0.15400000
2018-02-28 20:10:52,0.05337100,0.08100000
2018-02-28 20:10:52,0.05337500,0.36200000
2018-02-28 20:10:53,0.05311100,0.05700000
2018-02-28 20:10:55,0.05311700,0.54100000
2018-02-28 20:10:55,0.05331900,0.09000000
2018-02-28 20:10:56,0.05331900,0.18700000
2018-02-28 20:10:57,0.05313200,1.87900000
2018-02-28 20:10:57,0.05313000,0.02100000
2018-02-28 20:10:57,0.05312900,0.77700000
2018-02-28 20:10:57,0.05312600,2.32300000
2018-02-28 20:11:00,0.05330700,0.06600000
2018-02-28 20:11:03,0.05317500,0.44700000
2018-02-28 20:11:05,0.05326900,0.06200000
2018-02-28 20:11:06,0.05326900,1.75100000
2018-02-28 20:11:06,0.05327100,0.50000000
2018-02-28 20:11:06,0.05328000,0.27700000
2018-02-28 20:11:06,0.05329300,0.56200000
2018-02-28 20:11:06,0.05330700,0.40600000
2018-02-28 20:11:08,0.05330000,7.35600000
2018-02-28 20:11:11,0.05327100,0.14800000
2018-02-28 20:11:11,0.05330000,0.02300000
2018-02-28 20:11:13,0.05330000,0.05000000
2018-02-28 20:11:13,0.05330700,0.40400000
2018-02-28 20:11:13,0.05337500,0.26600000
2018-02-28 20:11:14,0.05335400,2.25800000
2018-02-28 20:11:14,0.05340000,1.57800000
2018-02-28 20:11:14,0.05345300,0.05900000
2018-02-28 20:11:15,0.05345000,0.50000000
2018-02-28 20:11:15,0.05345100,0.46800000
2018-02-28 20:11:17,0.05345100,0.24100000
2018-02-28 20:11:17,0.05320900,1.87700000
2018-02-28 20:11:17,0.05320800,0.07500000
2018-02-28 20:11:17,0.05320700,1.00000000
2018-02-28 20:11:17,0.05320500,0.46700000
2018-02-28 20:11:17,0.05320400,0.71000000
2018-02-28 20:11:17,0.05320300,0.56300000
2018-02-28 20:11:17,0.05320000,2.00000000
2018-02-28 20:11:17,0.05318800,0.09400000
2018-02-28 20:11:17,0.05318300,0.18600000
2018-02-28 20:11:17,0.05318200,1.61900000
2018-02-28 20:11:17,0.05317500,3.30600000
2018-02-28 20:11:19,0.05341600,0.06100000
2018-02-28 20:11:19,0.05341600,1.48500000
2018-02-28 20:11:19,0.05341700,0.48700000
2018-02-28 20:11:19,0.05341700,0.02300000
2018-02-28 20:11:21,0.05339400,0.01400000
2018-02-28 20:11:24,0.05337100,0.00400000
2018-02-28 20:11:29,0.05333900,0.00100000
2018-02-28 20:11:31,0.05330000,0.33400000
2018-02-28 20:11:31,0.05329800,0.20300000
2018-02-28 20:11:31,0.05329800,1.67000000
2018-02-28 20:11:31,0.05330000,1.66600000
2018-02-28 20:11:31,0.05333300,0.07500000
2018-02-28 20:11:31,0.05333500,0.56300000
2018-02-28 20:11:32,0.05333600,0.02000000
2018-02-28 20:11:32,0.05329900,0.21000000
2018-02-28 20:11:32,0.05333500,0.47600000
2018-02-28 20:11:32,0.05333600,0.42200000
2018-02-28 20:11:32,0.05333600,0.21000000
2018-02-28 20:11:33,0.05320100,1.42000000
2018-02-28 20:11:33,0.05333500,0.50000000
2018-02-28 20:11:37,0.05336700,0.14500000
2018-02-28 20:11:37,0.05337100,0.69800000
2018-02-28 20:11:37,0.05337100,0.09400000
2018-02-28 20:11:37,0.05337100,0.72500000
2018-02-28 20:11:38,0.05337200,0.36000000
2018-02-28 20:11:39,0.05337200,0.14000000
2018-02-28 20:11:39,0.05337100,0.69600000
2018-02-28 20:11:47,0.05325200,0.20000000
2018-02-28 20:11:47,0.05325000,0.07600000
2018-02-28 20:11:48,0.05325900,0.02900000
2018-02-28 20:11:48,0.05325900,0.69500000
2018-02-28 20:11:48,0.05326100,0.37500000
2018-02-28 20:11:50,0.05325000,0.32300000
2018-02-28 20:11:52,0.05330200,0.46300000
2018-02-28 20:11:52,0.05330200,0.37500000
2018-02-28 20:11:54,0.05330200,1.42200000
2018-02-28 20:11:54,0.05330200,2.90800000
2018-02-28 20:11:57,0.05330000,0.50000000
2018-02-28 20:12:01,0.05332600,0.20000000
2018-02-28 20:12:01,0.05332700,0.14200000
2018-02-28 20:12:01,0.05332800,1.10000000
2018-02-28 20:12:02,0.05337100,0.06700000
2018-02-28 20:12:02,0.05337200,0.16000000
2018-02-28 20:12:02,0.05337400,0.19600000
2018-02-28 20:12:04,0.05340000,0.03400000
2018-02-28 20:12:05,0.05337400,0.02700000
2018-02-28 20:12:12,0.05339700,0.03200000
2018-02-28 20:12:12,0.05339900,0.03500000
2018-02-28 20:12:19,0.05339900,0.10400000
2018-02-28 20:12:19,0.05340000,0.54300000
2018-02-28 20:12:19,0.05340700,0.37400000
2018-02-28 20:12:19,0.05345300,0.83700000
2018-02-28 20:12:22,0.05337600,0.01900000
2018-02-28 20:12:26,0.05337600,0.18700000
2018-02-28 20:12:33,0.05345100,1.18100000
2018-02-28 20:12:33,0.05345200,0.05700000
2018-02-28 20:12:33,0.05346000,0.15800000
2018-02-28 20:12:33,0.05346600,1.68400000
2018-02-28 20:12:34,0.05348800,0.16200000
2018-02-28 20:12:34,0.05349800,7.69200000
2018-02-28 20:12:34,0.05349900,0.39900000
2018-02-28 20:12:34,0.05350000,0.71700000
2018-02-28 20:12:34,0.05350000,9.08600000
2018-02-28 20:12:34,0.05350000,9.35600000
2018-02-28 20:12:34,0.05351000,0.11300000
2018-02-28 20:12:35,0.05352000,0.50000000
2018-02-28 20:12:35,0.05352100,0.37800000
2018-02-28 20:12:35,0.05352400,0.16300000
2018-02-28 20:12:36,0.05350000,2.87900000
2018-02-28 20:12:39,0.05350000,0.07200000
2018-02-28 20:12:39,0.05350000,0.03700000
2018-02-28 20:12:40,0.05350100,0.50000000
2018-02-28 20:12:40,0.05350000,0.61500000
2018-02-28 20:12:40,0.05350000,0.00200000
2018-02-28 20:12:40,0.05350000,1.14400000
2018-02-28 20:12:40,0.05355400,0.19500000
2018-02-28 20:12:40,0.05356200,1.06600000
2018-02-28 20:12:40,0.05357800,2.86500000
2018-02-28 20:12:40,0.05358900,0.32000000
2018-02-28 20:12:40,0.05358900,9.31800000
2018-02-28 20:12:43,0.05343400,0.01400000
2018-02-28 20:12:46,0.05358800,0.22500000
2018-02-28 20:12:48,0.05345500,0.22200000
2018-02-28 20:12:49,0.05345600,0.04700000
2018-02-28 20:12:49,0.05358600,0.02000000
2018-02-28 20:12:49,0.05345800,0.10000000
2018-02-28 20:12:49,0.05345800,0.04800000
2018-02-28 20:12:50,0.05346100,0.02300000
2018-02-28 20:12:51,0.05346900,0.56100000
2018-02-28 20:12:51,0.05346800,0.91200000
2018-02-28 20:12:53,0.05347400,0.56200000
2018-02-28 20:12:57,0.05346500,0.19800000
2018-02-28 20:12:57,0.05346400,0.14000000
2018-02-28 20:12:58,0.05346400,0.02900000
2018-02-28 20:12:59,0.05346400,0.02900000
2018-02-28 20:13:03,0.05347000,0.14400000
2018-02-28 20:13:03,0.05347000,2.37000000
2018-02-28 20:13:04,0.05347000,0.00100000
2018-02-28 20:13:05,0.05346800,0.16000000
2018-02-28 20:13:08,0.05345000,0.03500000
2018-02-28 20:13:08,0.05343400,1.77900000
2018-02-28 20:13:08,0.05340000,0.52200000
2018-02-28 20:13:08,0.05337800,0.17100000
2018-02-28 20:13:08,0.05337700,3.71500000
2018-02-28 20:13:08,0.05337600,8.74400000
2018-02-28 20:13:11,0.05337600,0.12000000
2018-02-28 20:13:12,0.05337600,0.06100000
2018-02-28 20:13:12,0.05337600,3.40000000
2018-02-28 20:13:12,0.05337600,0.15200000
2018-02-28 20:13:13,0.05337600,0.05700000
2018-02-28 20:13:13,0.05337600,1.48400000
2018-02-28 20:13:13,0.05345800,0.45500000
2018-02-28 20:13:13,0.05337600,0.02900000
2018-02-28 20:13:13,0.05337600,0.04800000
2018-02-28 20:13:13,0.05345800,1.04100000
2018-02-28 20:13:14,0.05337600,0.19600000
2018-02-28 20:13:18,0.05337700,0.18900000
2018-02-28 20:13:19,0.05337700,0.08400000
2018-02-28 20:13:23,0.05337700,1.87200000
2018-02-28 20:13:23,0.05337700,1.55000000
2018-02-28 20:13:23,0.05337700,0.18800000
2018-02-28 20:13:24,0.05337800,1.87200000
2018-02-28 20:13:24,0.05337800,0.35500000
2018-02-28 20:13:25,0.05337800,0.00200000
2018-02-28 20:13:25,0.05337700,0.05900000
2018-02-28 20:13:28,0.05338000,0.08500000
2018-02-28 20:13:34,0.05338000,0.13100000
2018-02-28 20:13:42,0.05344200,0.22500000
2018-02-28 20:13:42,0.05344900,0.12700000
2018-02-28 20:13:42,0.05345000,0.29500000
2018-02-28 20:13:46,0.05340000,0.15200000
2018-02-28 20:13:48,0.05340000,0.07400000
2018-02-28 20:13:51,0.05344800,0.19800000
2018-02-28 20:13:51,0.05344800,0.16400000
2018-02-28 20:13:51,0.05344900,0.12400000
2018-02-28 20:13:51,0.05345000,1.70900000
2018-02-28 20:13:51,0.05346400,0.76600000
2018-02-28 20:13:51,0.05346700,0.13000000
2018-02-28 20:13:52,0.05346700,0.83000000
2018-02-28 20:13:59,0.05346500,0.00100000
2018-02-28 20:14:00,0.05346700,0.07800000
2018-02-28 20:14:00,0.05346700,0.05900000
2018-02-28 20:14:03,0.05340100,3.60700000
2018-02-28 20:14:03,0.05340000,4.59300000
2018-02-28 20:14:03,0.05338000,2.22100000
2018-02-28 20:14:03,0.05337700,2.22100000
2018-02-28 20:14:03,0.05337600,1.64300000
2018-02-28 20:14:03,0.05337400,7.37600000
2018-02-28 20:14:03,0.05337000,3.70700000
2018-02-28 20:14:03,0.05337000,12.19300000
2018-02-28 20:14:03,0.05336400,0.03000000
2018-02-28 20:14:03,0.05336300,0.08400000
2018-02-28 20:14:05,0.05330500,0.03800000
2018-02-28 20:14:05,0.05330800,1.87200000
2018-02-28 20:14:05,0.05330600,0.42000000
2018-02-28 20:14:05,0.05330600,0.08000000
2018-02-28 20:14:05,0.05330300,0.50000000
2018-02-28 20:14:05,0.05330000,0.62700000
2018-02-28 20:14:07,0.05346100,0.56100000
2018-02-28 20:14:07,0.05346400,1.61500000
2018-02-28 20:14:07,0.05346900,0.22100000
2018-02-28 20:14:07,0.05347000,0.04600000
2018-02-28 20:14:07,0.05350000,0.61600000
2018-02-28 20:14:07,0.05350000,1.91000000
2018-02-28 20:14:07,0.05350000,0.18600000
2018-02-28 20:14:07,0.05350000,0.61500000
2018-02-28 20:14:07,0.05350000,0.18600000
2018-02-28 20:14:07,0.05350000,0.09300000
2018-02-28 20:14:07,0.05350100,0.50000000
2018-02-28 20:14:07,0.05350000,0.00100000
2018-02-28 20:14:07,0.05350000,0.18600000
2018-02-28 20:14:07,0.05350000,0.80200000
2018-02-28 20:14:07,0.05321000,0.10800000
2018-02-28 20:14:07,0.05321000,0.08900000
2018-02-28 20:14:08,0.05321200,0.09600000
2018-02-28 20:14:08,0.05321200,0.04200000
2018-02-28 20:14:10,0.05322800,0.07500000
2018-02-28 20:14:10,0.05322600,0.11500000
2018-02-28 20:14:10,0.05322900,0.15000000
2018-02-28 20:14:11,0.05322900,0.05300000
2018-02-28 20:14:11,0.05322900,0.11300000
2018-02-28 20:14:12,0.05323500,0.04800000
2018-02-28 20:14:12,0.05323500,0.06100000
2018-02-28 20:14:12,0.05323600,0.50000000
2018-02-28 20:14:12,0.05323500,0.10300000
2018-02-28 20:14:14,0.05324100,0.09900000
2018-02-28 20:14:14,0.05324400,0.57300000
2018-02-28 20:14:16,0.05324700,0.03800000
2018-02-28 20:14:17,0.05325000,0.71200000
2018-02-28 20:14:17,0.05324800,0.56300000
2018-02-28 20:14:18,0.05322100,0.19700000
2018-02-28 20:14:18,0.05322200,0.50000000
2018-02-28 20:14:18,0.05322600,9.72500000
2018-02-28 20:14:18,0.05324400,2.20300000
2018-02-28 20:14:20,0.05324600,0.32000000
2018-02-28 20:14:20,0.05324600,0.06300000
2018-02-28 20:14:21,0.05324600,0.04800000
2018-02-28 20:14:25,0.05335400,0.07500000
2018-02-28 20:14:27,0.05324600,1.44400000
2018-02-28 20:14:27,0.05324400,0.91500000
2018-02-28 20:14:29,0.05324500,1.17900000
2018-02-28 20:14:29,0.05324400,0.69600000
2018-02-28 20:14:30,0.05324600,0.03800000
2018-02-28 20:14:32,0.05324600,0.35700000
2018-02-28 20:14:33,0.05324600,0.18700000
2018-02-28 20:14:37,0.05335100,0.08500000
2018-02-28 20:14:41,0.05324400,0.54800000
2018-02-28 20:14:43,0.05324600,0.52000000
2018-02-28 20:14:43,0.05324500,1.68100000
2018-02-28 20:14:43,0.05324500,0.08700000
2018-02-28 20:14:43,0.05324400,0.45700000
2018-02-28 20:14:44,0.05324400,3.55600000
2018-02-28 20:14:47,0.05324500,0.25000000
2018-02-28 20:14:47,0.05320100,2.61900000
2018-02-28 20:14:47,0.05320000,0.56500000
2018-02-28 20:14:47,0.05320000,6.82100000
2018-02-28 20:14:47,0.05320000,5.56500000
2018-02-28 20:14:49,0.05316200,0.24600000
2018-02-28 20:14:50,0.05316200,0.04200000
2018-02-28 20:14:51,0.05316200,0.00100000
2018-02-28 20:14:52,0.05314000,0.03600000
2018-02-28 20:14:52,0.05316200,1.02200000
2018-02-28 20:14:52,0.05324200,0.00700000
2018-02-28 20:14:53,0.05314000,0.08100000
2018-02-28 20:14:55,0.05310700,0.56300000
2018-02-28 20:14:56,0.05310700,1.31600000
2018-02-28 20:14:56,0.05310200,0.03300000
2018-02-28 20:14:58,0.05307300,0.33300000
2018-02-28 20:14:58,0.05301600,0.12600000
2018-02-28 20:14:58,0.05300100,0.33800000
2018-02-28 20:14:58,0.05300000,1.56500000
2018-02-28 20:14:58,0.05300000,0.72400000
2018-02-28 20:14:59,0.05300000,3.54000000
2018-02-28 20:15:02,0.05300000,17.11000000
2018-02-28 20:15:02,0.05290000,2.00000000
2018-02-28 20:15:02,0.05288400,3.94300000
2018-02-28 20:15:02,0.05288400,1.10800000
2018-02-28 20:15:02,0.05284400,0.58100000
2018-02-28 20:15:02,0.05284100,0.09400000
2018-02-28 20:15:04,0.05299800,0.15800000
2018-02-28 20:15:04,0.05299800,0.28500000
2018-02-28 20:15:05,0.05294500,0.03700000
2018-02-28 20:15:05,0.05299700,0.15100000
2018-02-28 20:15:08,0.05293700,1.40300000
2018-02-28 20:15:08,0.05293800,0.04900000
2018-02-28 20:15:08,0.05293900,0.41200000
2018-02-28 20:15:08,0.05294200,0.15000000
2018-02-28 20:15:08,0.05299700,0.18800000
2018-02-28 20:15:10,0.05299700,0.06500000
2018-02-28 20:15:12,0.05299700,0.11300000
2018-02-28 20:15:12,0.05299700,0.07600000
2018-02-28 20:15:13,0.05299700,0.22400000
2018-02-28 20:15:13,0.05299900,0.11900000
2018-02-28 20:15:13,0.05300000,0.38600000
2018-02-28 20:15:13,0.05300000,0.14200000
2018-02-28 20:15:18,0.05299700,0.27800000
2018-02-28 20:15:18,0.05299800,0.09400000
2018-02-28 20:15:18,0.05299900,0.25300000
2018-02-28 20:15:18,0.05300000,2.01400000
2018-02-28 20:15:19,0.05299700,0.78400000
2018-02-28 20:15:20,0.05299700,0.59400000
2018-02-28 20:15:20,0.05299700,6.80800000
2018-02-28 20:15:20,0.05299700,6.80600000
2018-02-28 20:15:26,0.05299800,0.00100000
2018-02-28 20:15:26,0.05299700,9.25400000
2018-02-28 20:15:28,0.05299700,21.61400000
2018-02-28 20:15:28,0.05299700,2.38200000
2018-02-28 20:15:29,0.05299700,0.02300000
2018-02-28 20:15:30,0.05299700,0.32200000
2018-02-28 20:15:38,0.05290000,1.51900000
2018-02-28 20:15:39,0.05289900,0.15000000
2018-02-28 20:15:39,0.05290000,0.22800000
2018-02-28 20:15:43,0.05285700,0.43400000
2018-02-28 20:15:44,0.05285700,0.29800000
2018-02-28 20:15:44,0.05289900,0.12200000
2018-02-28 20:15:44,0.05289900,0.01600000
2018-02-28 20:15:45,0.05285700,0.42500000
2018-02-28 20:15:51,0.05289800,0.00300000
2018-02-28 20:15:53,0.05289700,0.04900000
2018-02-28 20:15:56,0.05285700,0.00200000
2018-02-28 20:15:56,0.05281600,0.18900000
2018-02-28 20:15:56,0.05280000,0.45600000
2018-02-28 20:15:58,0.05280000,0.04400000
2018-02-28 20:15:58,0.05279300,0.01400000
2018-02-28 20:15:58,0.05289500,0.09400000
2018-02-28 20:15:58,0.05289600,0.14000000
2018-02-28 20:16:00,0.05279300,0.20000000
2018-02-28 20:16:00,0.05285700,0.18900000
2018-02-28 20:16:01,0.05279300,0.20900000
2018-02-28 20:16:01,0.05279300,0.05100000
2018-02-28 20:16:01,0.05278900,0.56800000
2018-02-28 20:16:01,0.05277300,0.37800000
2018-02-28 20:16:01,0.05276900,0.03800000
2018-02-28 20:16:01,0.05276700,0.22000000
2018-02-28 20:16:01,0.05274900,0.37900000
2018-02-28 20:16:01,0.05270700,0.09700000
2018-02-28 20:16:01,0.05268800,0.39900000
2018-02-28 20:16:07,0.05270800,1.66300000
2018-02-28 20:16:08,0.05270800,0.23200000
2018-02-28 20:16:08,0.05270600,0.22400000
2018-02-28 20:16:08,0.05268800,0.05700000
2018-02-28 20:16:08,0.05267600,0.19000000
2018-02-28 20:16:08,0.05264200,0.09500000
2018-02-28 20:16:08,0.05262200,0.09500000
2018-02-28 20:16:08,0.05260900,0.03800000
2018-02-28 20:16:08,0.05259800,0.09400000
2018-02-28 20:16:08,0.05259200,0.18900000
2018-02-28 20:16:08,0.05258500,0.07500000
2018-02-28 20:16:08,0.05258100,0.19000000
2018-02-28 20:16:08,0.05256900,0.07000000
2018-02-28 20:16:08,0.05255000,0.03200000
2018-02-28 20:16:08,0.05253800,4.25000000
2018-02-28 20:16:08,0.05251300,0.28200000
2018-02-28 20:16:08,0.05250900,1.90400000
2018-02-28 20:16:08,0.05250000,0.91200000
2018-02-28 20:16:08,0.05247300,0.07100000
2018-02-28 20:16:08,0.05246900,0.38000000
2018-02-28 20:16:08,0.05246800,2.70700000
2018-02-28 20:16:10,0.05270600,0.01900000
2018-02-28 20:16:10,0.05249800,0.00200000
2018-02-28 20:16:14,0.05251900,0.09400000
2018-02-28 20:16:14,0.05251800,0.18700000
2018-02-28 20:16:14,0.05249900,0.50000000
2018-02-28 20:16:14,0.05249800,0.13900000
2018-02-28 20:16:14,0.05246800,0.06400000
2018-02-28 20:16:14,0.05245100,0.05700000
2018-02-28 20:16:14,0.05242400,0.42500000
2018-02-28 20:16:14,0.05241100,0.02100000
2018-02-28 20:16:14,0.05239800,0.20000000
2018-02-28 20:16:14,0.05238100,0.11900000
2018-02-28 20:16:14,0.05237100,2.48600000
2018-02-28 20:16:14,0.05235900,0.12000000
2018-02-28 20:16:14,0.05231800,0.09700000
2018-02-28 20:16:14,0.05231000,0.02200000
2018-02-28 20:16:14,0.05230100,1.51200000
2018-02-28 20:16:14,0.05229700,0.06800000
2018-02-28 20:16:14,0.05228800,0.23600000
2018-02-28 20:16:14,0.05228400,0.05400000
2018-02-28 20:16:14,0.05227800,0.57400000
2018-02-28 20:16:14,0.05227000,0.02600000
2018-02-28 20:16:14,0.05226900,0.38300000
2018-02-28 20:16:14,0.05226800,0.57400000
2018-02-28 20:16:14,0.05226500,0.59300000
2018-02-28 20:16:14,0.05226000,0.07100000
2018-02-28 20:16:14,0.05225700,0.44400000
2018-02-28 20:16:15,0.05252700,0.02600000
2018-02-28 20:16:15,0.05263400,0.16400000
2018-02-28 20:16:15,0.05263100,0.50000000
2018-02-28 20:16:15,0.05263200,1.87600000
2018-02-28 20:16:15,0.05263300,0.50000000
2018-02-28 20:16:15,0.05263400,0.29300000
2018-02-28 20:16:15,0.05263400,0.11700000
2018-02-28 20:16:15,0.05263500,0.38300000
2018-02-28 20:16:15,0.05264000,0.28200000
2018-02-28 20:16:16,0.05257900,0.07000000
2018-02-28 20:16:16,0.05226300,0.14700000
2018-02-28 20:16:16,0.05237500,0.07100000
2018-02-28 20:16:16,0.05226500,1.91000000
2018-02-28 20:16:16,0.05226300,1.42700000
2018-02-28 20:16:17,0.05269200,1.52400000
2018-02-28 20:16:17,0.05269200,0.38600000
2018-02-28 20:16:17,0.05269300,0.22400000
2018-02-28 20:16:17,0.05269400,0.56800000
2018-02-28 20:16:17,0.05269600,1.92500000
2018-02-28 20:16:17,0.05269900,0.05400000
2018-02-28 20:16:17,0.05270800,0.05300000
2018-02-28 20:16:18,0.05238100,0.18500000
2018-02-28 20:16:20,0.05273000,0.02400000
2018-02-28 20:16:21,0.05239900,0.24100000
2018-02-28 20:16:22,0.05277800,0.04000000
2018-02-28 20:16:22,0.05240400,1.90600000
2018-02-28 20:16:22,0.05240200,4.76200000
2018-02-28 20:16:22,0.05239900,0.13100000
2018-02-28 20:16:22,0.05260500,0.07100000
2018-02-28 20:16:23,0.05277500,0.01300000
2018-02-28 20:16:23,0.05277400,0.10000000
2018-02-28 20:16:24,0.05277000,0.07400000
2018-02-28 20:16:25,0.05276600,0.72500000
2018-02-28 20:16:25,0.05276700,0.22200000
2018-02-28 20:16:26,0.05250100,0.72600000
2018-02-28 20:16:26,0.05250000,0.19900000
2018-02-28 20:16:26,0.05249900,0.12800000
2018-02-28 20:16:26,0.05249800,0.50000000
2018-02-28 20:16:26,0.05242500,0.07600000
2018-02-28 20:16:26,0.05242200,0.23900000
2018-02-28 20:16:26,0.05242000,2.00000000
2018-02-28 20:16:26,0.05240500,1.90800000
2018-02-28 20:16:26,0.05240200,0.25300000
2018-02-28 20:16:26,0.05239900,1.64000000
2018-02-28 20:16:26,0.05228000,2.00000000
2018-02-28 20:16:26,0.05225700,0.07500000
2018-02-28 20:16:26,0.05225000,0.45500000
2018-02-28 20:16:27,0.05263500,0.04700000
2018-02-28 20:16:27,0.05263400,0.50000000
2018-02-28 20:16:27,0.05263500,0.70300000
2018-02-28 20:16:27,0.05263500,0.86000000
2018-02-28 20:16:27,0.05263700,0.23900000
2018-02-28 20:16:27,0.05263900,0.22600000
2018-02-28 20:16:27,0.05264000,3.16000000
2018-02-28 20:16:28,0.05257800,0.22700000
2018-02-28 20:16:28,0.05257900,0.37100000
2018-02-28 20:16:28,0.05257900,0.01300000
2018-02-28 20:16:28,0.05258000,4.00000000
2018-02-28 20:16:29,0.05242200,0.52500000
2018-02-28 20:16:29,0.05242200,5.63900000
2018-02-28 20:16:29,0.05276200,4.25000000
2018-02-28 20:16:29,0.05276300,4.19700000
2018-02-28 20:16:29,0.05276500,0.05200000
2018-02-28 20:16:29,0.05276600,0.37900000
2018-02-28 20:16:29,0.05277700,1.90800000
2018-02-28 20:16:29,0.05277800,0.23500000
2018-02-28 20:16:29,0.05278000,0.44400000
2018-02-28 20:16:29,0.05278300,0.07100000
2018-02-28 20:16:29,0.05282000,0.06800000
2018-02-28 20:16:29,0.05283900,0.19000000
2018-02-28 20:16:29,0.05284100,0.24200000
2018-02-28 20:16:29,0.05289000,0.18900000
2018-02-28 20:16:29,0.05289600,0.27500000
2018-02-28 20:16:30,0.05257400,0.07600000
2018-02-28 20:16:31,0.05257300,0.21400000
2018-02-28 20:16:32,0.05281700,0.00400000
2018-02-28 20:16:32,0.05250400,0.07600000
2018-02-28 20:16:32,0.05250200,0.08900000
2018-02-28 20:16:33,0.05250900,1.90200000
2018-02-28 20:16:33,0.05250800,0.22700000
2018-02-28 20:16:33,0.05250700,0.78600000
2018-02-28 20:16:33,0.05249900,0.88700000
2018-02-28 20:16:33,0.05242900,0.57200000
2018-02-28 20:16:33,0.05242800,0.27500000
2018-02-28 20:16:33,0.05242500,3.00100000
2018-02-28 20:16:33,0.05281600,0.04700000
2018-02-28 20:16:34,0.05251200,0.50000000
2018-02-28 20:16:34,0.05251100,0.04700000
2018-02-28 20:16:34,0.05251000,0.37800000
2018-02-28 20:16:34,0.05242500,0.36100000
2018-02-28 20:16:34,0.05280500,0.03800000
2018-02-28 20:16:35,0.05268700,0.04500000
2018-02-28 20:16:35,0.05268700,0.07600000
2018-02-28 20:16:35,0.05268500,0.63400000
2018-02-28 20:16:35,0.05268500,0.06100000
2018-02-28 20:16:35,0.05268500,1.29600000
2018-02-28 20:16:35,0.05268700,0.48400000
2018-02-28 20:16:35,0.05268800,0.04700000
2018-02-28 20:16:36,0.05268400,0.18900000
2018-02-28 20:16:36,0.05268400,0.05700000
2018-02-28 20:16:36,0.05268400,0.01900000
2018-02-28 20:16:36,0.05243200,0.49300000
2018-02-28 20:16:37,0.05243200,1.41200000
2018-02-28 20:16:37,0.05242700,0.27500000
2018-02-28 20:16:37,0.05242600,0.86300000
2018-02-28 20:16:37,0.05267800,0.04700000
2018-02-28 20:16:37,0.05267700,0.04200000
2018-02-28 20:16:37,0.05267500,0.05700000
2018-02-28 20:16:37,0.05267500,1.84800000
2018-02-28 20:16:37,0.05267700,0.53000000
2018-02-28 20:16:37,0.05267800,0.15000000
2018-02-28 20:16:37,0.05267900,0.07600000
2018-02-28 20:16:37,0.05267400,0.04200000
2018-02-28 20:16:37,0.05267400,0.09500000
2018-02-28 20:16:37,0.05267300,0.03800000
2018-02-28 20:16:38,0.05267200,0.05300000
2018-02-28 20:16:38,0.05267200,0.44700000
2018-02-28 20:16:38,0.05267300,0.23700000
2018-02-28 20:16:39,0.05267100,0.36300000
2018-02-28 20:16:41,0.05280000,0.04700000
2018-02-28 20:16:43,0.05280000,0.09500000
2018-02-28 20:16:52,0.05279600,0.03000000
2018-02-28 20:16:55,0.05279400,0.17000000
2018-02-28 20:16:56,0.05279400,3.16200000
2018-02-28 20:16:56,0.05279500,0.86300000
2018-02-28 20:16:56,0.05279600,1.28600000
2018-02-28 20:17:00,0.05269600,0.20000000
2018-02-28 20:17:00,0.05269200,0.50000000
2018-02-28 20:17:00,0.05269100,0.19700000
2018-02-28 20:17:03,0.05278800,0.19900000
2018-02-28 20:17:05,0.05278800,0.00100000
2018-02-28 20:17:05,0.05278900,0.12900000
2018-02-28 20:17:05,0.05279000,0.05800000
2018-02-28 20:17:10,0.05275000,0.59300000
2018-02-28 20:17:13,0.05279000,2.66800000
2018-02-28 20:17:13,0.05279000,0.01000000
2018-02-28 20:17:14,0.05279000,0.01200000
2018-02-28 20:17:18,0.05279000,0.01900000
2018-02-28 20:17:21,0.05275000,0.77100000
2018-02-28 20:17:21,0.05269100,0.11300000
2018-02-28 20:17:23,0.05275000,0.42800000
2018-02-28 20:17:29,0.05278900,0.11500000
2018-02-28 20:17:29,0.05279000,7.38500000
2018-02-28 20:17:29,0.05275000,3.61800000
2018-02-28 20:17:31,0.05279000,0.51000000
2018-02-28 20:17:31,0.05279700,0.05600000
2018-02-28 20:17:32,0.05280000,1.71600000
2018-02-28 20:17:32,0.05281800,0.05700000
2018-02-28 20:17:32,0.05284300,0.21500000
2018-02-28 20:17:32,0.05285900,0.09000000
2018-02-28 20:17:32,0.05286700,1.06700000
2018-02-28 20:17:32,0.05289800,0.10200000
2018-02-28 20:17:32,0.05293800,0.04700000
2018-02-28 20:17:32,0.05299000,2.98500000
2018-02-28 20:17:32,0.05299700,0.11100000
2018-02-28 20:17:32,0.05299800,0.07100000
2018-02-28 20:17:32,0.05300000,1.23900000
2018-02-28 20:17:34,0.05299900,0.06000000
2018-02-28 20:17:34,0.05280400,1.89600000
2018-02-28 20:17:34,0.05280200,0.50000000
2018-02-28 20:17:34,0.05280100,0.56800000
2018-02-28 20:17:34,0.05280000,0.21200000
2018-02-28 20:17:34,0.05270200,0.32000000
2018-02-28 20:17:35,0.05299500,0.15100000
2018-02-28 20:17:35,0.05299300,0.04700000
2018-02-28 20:17:35,0.05299300,0.18900000
2018-02-28 20:17:36,0.05299000,0.02300000
2018-02-28 20:17:36,0.05298900,0.27400000
2018-02-28 20:17:36,0.05298700,0.04700000
2018-02-28 20:17:36,0.05298600,0.09400000
2018-02-28 20:17:37,0.05298400,0.09200000
2018-02-28 20:17:37,0.05298300,0.03700000
2018-02-28 20:17:38,0.05298000,0.27000000
2018-02-28 20:17:38,0.05297800,0.04200000
2018-02-28 20:17:38,0.05297800,0.02100000
2018-02-28 20:17:39,0.05297500,0.30600000
2018-02-28 20:17:39,0.05297500,0.03800000
2018-02-28 20:17:39,0.05297500,0.07600000
2018-02-28 20:17:40,0.05297200,0.18900000
2018-02-28 20:17:43,0.05295400,0.37700000
2018-02-28 20:17:44,0.05295100,0.44900000
2018-02-28 20:17:44,0.05295300,0.42500000
2018-02-28 20:17:44,0.05295600,0.28300000
2018-02-28 20:17:44,0.05296200,0.29400000
2018-02-28 20:17:44,0.05298400,0.50000000
2018-02-28 20:17:48,0.05298400,0.01400000
2018-02-28 20:17:51,0.05297200,0.98200000
2018-02-28 20:17:51,0.05298400,0.07500000
2018-02-28 20:17:53,0.05298300,0.62300000
2018-02-28 20:17:53,0.05298400,0.40100000
2018-02-28 20:17:57,0.05289000,0.07800000
2018-02-28 20:17:57,0.05289000,0.15800000
2018-02-28 20:17:57,0.05297500,0.02100000
2018-02-28 20:17:57,0.05298400,0.05600000
2018-02-28 20:18:08,0.05286500,1.89100000
2018-02-28 20:18:08,0.05286300,0.50000000
2018-02-28 20:18:08,0.05286200,0.56700000
2018-02-28 20:18:08,0.05280400,1.71900000
2018-02-28 20:18:08,0.05271400,0.09500000
2018-02-28 20:18:08,0.05269100,0.19200000
2018-02-28 20:18:08,0.05267700,0.06700000
2018-02-28 20:18:08,0.05257900,0.03800000
2018-02-28 20:18:08,0.05255700,0.05500000
2018-02-28 20:18:08,0.05253100,2.46900000
2018-02-28 20:18:08,0.05276900,0.05500000
2018-02-28 20:18:09,0.05287300,0.14500000
2018-02-28 20:18:09,0.05253300,0.40800000
2018-02-28 20:18:10,0.05253500,0.21200000
2018-02-28 20:18:11,0.05286800,0.12900000
2018-02-28 20:18:12,0.05256000,2.00000000
2018-02-28 20:18:12,0.05254200,1.71600000
2018-02-28 20:18:12,0.05254100,0.88200000
2018-02-28 20:18:12,0.05254000,2.00000000
2018-02-28 20:18:12,0.05253500,0.38200000
2018-02-28 20:18:12,0.05253100,0.61300000
2018-02-28 20:18:13,0.05254300,0.02300000
2018-02-28 20:18:14,0.05283800,0.05400000
2018-02-28 20:18:16,0.05279500,0.10000000
2018-02-28 20:18:21,0.05275500,0.08500000
2018-02-28 20:18:22,0.05275000,0.37900000
2018-02-28 20:18:23,0.05254500,1.14500000
2018-02-28 20:18:23,0.05254300,0.25700000
2018-02-28 20:18:23,0.05253000,0.47300000
2018-02-28 20:18:23,0.05251300,0.20000000
2018-02-28 20:18:23,0.05250000,2.24600000
2018-02-28 20:18:23,0.05248200,0.34700000
2018-02-28 20:18:23,0.05242200,2.05000000
2018-02-28 20:18:23,0.05240100,0.38000000
2018-02-28 20:18:23,0.05240000,0.25000000
2018-02-28 20:18:23,0.05274000,0.02300000
2018-02-28 20:18:24,0.05242400,0.37900000
2018-02-28 20:18:24,0.05242300,0.28300000
2018-02-28 20:18:25,0.05242400,0.37700000
2018-02-28 20:18:25,0.05271800,0.37700000
2018-02-28 20:18:25,0.05242400,0.19100000
2018-02-28 20:18:26,0.05245500,0.07200000
2018-02-28 20:18:26,0.05242600,0.08500000
2018-02-28 20:18:27,0.05269700,1.00000000
2018-02-28 20:18:27,0.05269800,0.73800000
2018-02-28 20:18:31,0.05250100,0.50000000
2018-02-28 20:18:31,0.05250000,1.20000000
2018-02-28 20:18:31,0.05265500,0.04600000
2018-02-28 20:18:32,0.05265200,0.49100000
2018-02-28 20:18:32,0.05265400,0.40800000
2018-02-28 20:18:32,0.05265700,0.19100000
2018-02-28 20:18:33,0.05265800,0.56700000
2018-02-28 20:18:33,0.05265900,0.71200000
2018-02-28 20:18:33,0.05266000,0.90800000
2018-02-28 20:18:33,0.05266000,0.09200000
2018-02-28 20:18:35,0.05265600,0.20000000
2018-02-28 20:18:36,0.05265500,0.57200000
2018-02-28 20:18:40,0.05271500,0.50000000
2018-02-28 20:18:40,0.05271600,0.02400000
2018-02-28 20:18:43,0.05253800,0.13100000
2018-02-28 20:18:44,0.05271600,0.02300000
2018-02-28 20:18:47,0.05271600,0.01900000
2018-02-28 20:18:55,0.05259400,0.50000000
2018-02-28 20:18:55,0.05259300,0.02000000
2018-02-28 20:18:56,0.05250700,0.14100000
2018-02-28 20:19:00,0.05259000,0.13100000
2018-02-28 20:19:00,0.05259200,0.14100000
2018-02-28 20:19:00,0.05259300,0.72100000
2018-02-28 20:19:00,0.05269000,0.02000000
2018-02-28 20:19:00,0.05270000,0.32300000
2018-02-28 20:19:00,0.05271500,0.09200000
2018-02-28 20:19:00,0.05271600,0.33800000
2018-02-28 20:19:00,0.05271700,0.07600000
2018-02-28 20:19:00,0.05275400,0.34700000
2018-02-28 20:19:00,0.05275500,1.77400000
2018-02-28 20:19:00,0.05277900,0.03200000
2018-02-28 20:19:00,0.05279500,0.47500000
2018-02-28 20:19:00,0.05280000,0.03100000
2018-02-28 20:19:00,0.05286500,0.30100000
2018-02-28 20:19:00,0.05293900,4.00200000
2018-02-28 20:19:00,0.05294000,2.97700000
2018-02-28 20:19:00,0.05297200,10.88800000
2018-02-28 20:19:01,0.05253100,0.05600000
2018-02-28 20:19:01,0.05253700,0.65900000
2018-02-28 20:19:08,0.05292900,0.28300000
2018-02-28 20:19:09,0.05292900,0.04200000
2018-02-28 20:19:09,0.05292900,0.04700000
2018-02-28 20:19:09,0.05292900,0.15100000
2018-02-28 20:19:12,0.05263400,1.24400000
2018-02-28 20:19:12,0.05263200,0.46700000
2018-02-28 20:19:12,0.05262900,0.50000000
2018-02-28 20:19:12,0.05262300,0.32700000
2018-02-28 20:19:13,0.05263700,0.50000000
2018-02-28 20:19:13,0.05263600,0.24300000
2018-02-28 20:19:13,0.05263500,0.22700000
2018-02-28 20:19:13,0.05258900,0.19000000
2018-02-28 20:19:13,0.05254100,0.06600000
2018-02-28 20:19:13,0.05253800,4.25000000
2018-02-28 20:19:13,0.05252900,3.08200000
2018-02-28 20:19:13,0.05252600,2.26100000
2018-02-28 20:19:17,0.05271600,0.03600000
2018-02-28 20:19:21,0.05262300,0.04900000
2018-02-28 20:19:21,0.05262300,0.24300000
2018-02-28 20:19:24,0.05273000,1.90300000
2018-02-28 20:19:24,0.05273200,0.22700000
2018-02-28 20:19:24,0.05273500,0.50000000
2018-02-28 20:19:25,0.05274500,0.50000000
2018-02-28 20:19:25,0.05274500,0.84600000
2018-02-28 20:19:25,0.05271600,0.89700000
2018-02-28 20:19:28,0.05274400,0.57000000
2018-02-28 20:19:28,0.05274500,0.12100000
2018-02-28 20:19:28,0.05280000,0.02900000
2018-02-28 20:19:28,0.05292800,0.12000000
2018-02-28 20:19:28,0.05293000,0.47300000
2018-02-28 20:19:28,0.05293800,4.21200000
2018-02-28 20:19:32,0.05262400,0.97400000
2018-02-28 20:19:38,0.05263100,0.21500000
2018-02-28 20:19:38,0.05262300,1.71400000
2018-02-28 20:19:38,0.05261000,0.20500000
2018-02-28 20:19:38,0.05261000,0.36500000
2018-02-28 20:19:42,0.05255600,0.01400000
2018-02-28 20:19:42,0.05261000,0.04600000
2018-02-28 20:19:45,0.05260900,0.09500000
2018-02-28 20:19:45,0.05261000,0.95400000
2018-02-28 20:19:45,0.05266100,0.31000000
2018-02-28 20:19:46,0.05255500,0.08700000
2018-02-28 20:19:51,0.05260800,0.08700000
2018-02-28 20:19:51,0.05261000,0.36600000
2018-02-28 20:19:55,0.05261000,0.08100000
2018-02-28 20:19:59,0.05261000,0.03800000
2018-02-28 20:20:04,0.05261000,0.02200000
2018-02-28 20:20:04,0.05261000,0.10000000
2018-02-28 20:20:06,0.05260900,0.11600000
2018-02-28 20:20:06,0.05261000,2.82200000
2018-02-28 20:20:10,0.05261000,0.75900000
2018-02-28 20:20:11,0.05261000,0.14400000
2018-02-28 20:20:11,0.05260900,0.05100000
2018-02-28 20:20:12,0.05260900,0.06300000
2018-02-28 20:20:13,0.05260000,1.88500000
2018-02-28 20:20:14,0.05255900,3.63000000
2018-02-28 20:20:14,0.05255100,0.04100000
2018-02-28 20:20:14,0.05255000,1.00000000
2018-02-28 20:20:15,0.05253000,0.08400000
2018-02-28 20:20:16,0.05261000,0.17700000
2018-02-28 20:20:20,0.05261000,1.19700000
2018-02-28 20:20:21,0.05261000,0.07600000
2018-02-28 20:20:21,0.05261000,0.07500000
2018-02-28 20:20:22,0.05261000,0.15100000
2018-02-28 20:20:22,0.05253000,0.39200000
2018-02-28 20:20:22,0.05252600,4.65400000
2018-02-28 20:20:24,0.05261000,0.02900000
2018-02-28 20:20:25,0.05252600,0.10200000
2018-02-28 20:20:27,0.05252600,0.36200000
2018-02-28 20:20:28,0.05261000,0.46700000
2018-02-28 20:20:28,0.05261000,0.25100000
2018-02-28 20:20:28,0.05252600,0.03200000
2018-02-28 20:20:28,0.05250400,0.05000000
2018-02-28 20:20:28,0.05250000,4.67100000
2018-02-28 20:20:28,0.05245000,0.30000000
2018-02-28 20:20:28,0.05243000,0.25800000
2018-02-28 20:20:28,0.05261000,1.68700000
2018-02-28 20:20:28,0.05261000,7.81700000
2018-02-28 20:20:31,0.05244500,0.16400000
2018-02-28 20:20:33,0.05245500,1.74100000
2018-02-28 20:20:33,0.05245300,1.16000000
2018-02-28 20:20:33,0.05244600,0.50000000
2018-02-28 20:20:33,0.05243000,0.39500000
2018-02-28 20:20:33,0.05242400,0.56900000
2018-02-28 20:20:33,0.05240000,7.72500000
2018-02-28 20:20:33,0.05235200,0.09500000
2018-02-28 20:20:33,0.05233900,4.23300000
2018-02-28 20:20:33,0.05232800,0.97000000
2018-02-28 20:20:33,0.05230000,23.04900000
2018-02-28 20:20:42,0.05257000,0.05600000
2018-02-28 20:20:45,0.05256400,1.84900000
2018-02-28 20:20:45,0.05256600,0.50000000
2018-02-28 20:20:45,0.05256900,0.31000000
2018-02-28 20:20:45,0.05260000,0.06600000
2018-02-28 20:20:45,0.05260800,0.92600000
2018-02-28 20:20:45,0.05260900,0.11300000
2018-02-28 20:20:45,0.05261000,0.23600000
2018-02-28 20:20:45,0.05256300,0.10100000
2018-02-28 20:20:49,0.05246200,1.90500000
2018-02-28 20:20:49,0.05246000,0.60100000
2018-02-28 20:20:49,0.05245700,0.57100000
2018-02-28 20:20:49,0.05244700,0.19800000
2018-02-28 20:20:49,0.05232100,0.02000000
2018-02-28 20:20:49,0.05232000,1.46800000
2018-02-28 20:20:49,0.05230100,0.19200000
2018-02-28 20:20:49,0.05230000,7.15900000
2018-02-28 20:20:51,0.05246000,0.21700000
2018-02-28 20:20:51,0.05230100,0.13100000
2018-02-28 20:20:51,0.05256000,0.34400000
2018-02-28 20:20:52,0.05230200,0.14500000
2018-02-28 20:20:56,0.05248400,0.28600000
2018-02-28 20:20:57,0.05230400,0.46000000
2018-02-28 20:20:57,0.05230200,0.35500000
2018-02-28 20:20:57,0.05230000,7.23400000
2018-02-28 20:20:58,0.05243400,0.02900000
2018-02-28 20:21:01,0.05242500,1.24600000
2018-02-28 20:21:01,0.05242700,0.50000000
2018-02-28 20:21:01,0.05243000,0.37800000
2018-02-28 20:21:01,0.05243000,0.19300000
2018-02-28 20:21:01,0.05243700,0.03700000
2018-02-28 20:21:01,0.05247900,0.27000000
2018-02-28 20:21:03,0.05242700,0.19500000
2018-02-28 20:21:03,0.05242600,0.02100000
2018-02-28 20:21:04,0.05242600,0.18500000
2018-02-28 20:21:05,0.05242500,0.07600000
2018-02-28 20:21:05,0.05242400,1.55900000
2018-02-28 20:21:05,0.05242400,0.79900000
2018-02-28 20:21:05,0.05242600,0.02400000
2018-02-28 20:21:06,0.05231200,0.60600000
2018-02-28 20:21:08,0.05247600,0.04600000
2018-02-28 20:21:10,0.05247600,0.38100000
2018-02-28 20:21:11,0.05233000,0.09700000
2018-02-28 20:21:12,0.05242100,0.67600000
2018-02-28 20:21:12,0.05233900,0.03300000
2018-02-28 20:21:12,0.05232900,0.92700000
2018-02-28 20:21:12,0.05232800,0.57300000
2018-02-28 20:21:12,0.05230100,0.02100000
2018-02-28 20:21:12,0.05230000,3.46500000
2018-02-28 20:21:12,0.05228300,0.09600000
2018-02-28 20:21:12,0.05226000,1.00000000
2018-02-28 20:21:12,0.05225000,1.84700000
2018-02-28 20:21:12,0.05224100,0.04800000
2018-02-28 20:21:12,0.05224000,0.07100000
2018-02-28 20:21:12,0.05223900,0.23700000
2018-02-28 20:21:12,0.05223200,0.64000000
2018-02-28 20:21:12,0.05222300,11.04200000
2018-02-28 20:21:12,0.05242100,0.02500000
2018-02-28 20:21:13,0.05234000,0.42700000
2018-02-28 20:21:13,0.05222300,1.17100000
2018-02-28 20:21:13,0.05222000,0.93300000
2018-02-28 20:21:13,0.05221400,0.48600000
2018-02-28 20:21:13,0.05221300,0.02000000
2018-02-28 20:21:13,0.05221000,1.26600000
2018-02-28 20:21:13,0.05242000,0.61300000
2018-02-28 20:21:14,0.05241900,0.02900000
2018-02-28 20:21:15,0.05241800,0.48200000
2018-02-28 20:21:17,0.05241600,0.33200000
2018-02-28 20:21:17,0.05241900,0.54400000
2018-02-28 20:21:18,0.05241400,0.09500000
2018-02-28 20:21:18,0.05241500,0.02100000
2018-02-28 20:21:23,0.05232200,0.50000000
2018-02-28 20:21:23,0.05232100,0.02000000
2018-02-28 20:21:23,0.05231000,0.57300000
2018-02-28 20:21:23,0.05230000,0.23500000
2018-02-28 20:21:23,0.05230000,1.10500000
2018-02-28 20:21:24,0.05241400,0.49300000
2018-02-28 20:21:25,0.05223100,0.00100000
2018-02-28 20:21:25,0.05241400,0.00700000
2018-02-28 20:21:25,0.05241500,0.58600000
2018-02-28 20:21:25,0.05224400,0.06400000
2018-02-28 20:21:26,0.05241400,0.02900000
2018-02-28 20:21:26,0.05241400,0.54400000
2018-02-28 20:21:26,0.05241500,0.30100000
2018-02-28 20:21:26,0.05242100,0.02000000
2018-02-28 20:21:26,0.05242300,0.09100000
2018-02-28 20:21:26,0.05247900,0.20400000
2018-02-28 20:21:27,0.05225100,0.51800000
2018-02-28 20:21:27,0.05225100,1.33000000
2018-02-28 20:21:27,0.05226000,0.66700000
2018-02-28 20:21:28,0.05226000,0.03700000
2018-02-28 20:21:28,0.05226000,0.88900000
2018-02-28 20:21:28,0.05226000,0.40700000
2018-02-28 20:21:28,0.05225500,0.60500000
2018-02-28 20:21:28,0.05225500,0.80800000
2018-02-28 20:21:28,0.05225600,1.00000000
2018-02-28 20:21:28,0.05225600,1.00000000
2018-02-28 20:21:28,0.05225600,1.00000000
2018-02-28 20:21:28,0.05225600,0.32800000
2018-02-28 20:21:28,0.05225800,0.03800000
2018-02-28 20:21:30,0.05238000,0.14700000
2018-02-28 20:21:31,0.05238000,0.36600000
2018-02-28 20:21:31,0.05226800,1.91000000
2018-02-28 20:21:31,0.05226600,0.50000000
2018-02-28 20:21:31,0.05226300,0.57400000
2018-02-28 20:21:31,0.05224500,0.09900000
2018-02-28 20:21:31,0.05222200,0.49400000
2018-02-28 20:21:31,0.05222000,6.03100000
2018-02-28 20:21:31,0.05221000,4.09700000
2018-02-28 20:21:31,0.05220000,6.14800000
2018-02-28 20:21:31,0.05219900,0.02000000
2018-02-28 20:21:31,0.05218000,0.09500000
2018-02-28 20:21:31,0.05216800,0.51900000
2018-02-28 20:21:31,0.05216700,0.57500000
2018-02-28 20:21:31,0.05216100,0.57000000
2018-02-28 20:21:31,0.05215500,0.07700000
2018-02-28 20:21:31,0.05215000,3.32500000
2018-02-28 20:21:31,0.05214900,0.23800000
2018-02-28 20:21:31,0.05213300,0.19500000
2018-02-28 20:21:31,0.05212000,0.15100000
2018-02-28 20:21:31,0.05210700,0.07100000
2018-02-28 20:21:31,0.05210200,3.49600000
2018-02-28 20:21:31,0.05210100,0.41700000
2018-02-28 20:21:31,0.05210000,3.48600000
2018-02-28 20:21:31,0.05209900,0.47200000
2018-02-28 20:21:31,0.05209700,0.13500000
2018-02-28 20:21:31,0.05209200,0.28400000
2018-02-28 20:21:31,0.05207400,0.40500000
2018-02-28 20:21:31,0.05207300,4.30400000
2018-02-28 20:21:31,0.05206900,0.02400000
2018-02-28 20:21:31,0.05205700,0.03900000
2018-02-28 20:21:31,0.05205400,0.38000000
2018-02-28 20:21:31,0.05205300,0.76800000
2018-02-28 20:21:31,0.05205000,1.16600000
2018-02-28 20:21:31,0.05204500,0.95200000
2018-02-28 20:21:31,0.05204300,0.03800000
2018-02-28 20:21:31,0.05204000,0.09300000
2018-02-28 20:21:31,0.05202500,0.21200000
2018-02-28 20:21:31,0.05202200,0.12100000
2018-02-28 20:21:31,0.05201700,0.48100000
2018-02-28 20:21:31,0.05201200,0.09800000
2018-02-28 20:21:31,0.05201000,0.15200000
2018-02-28 20:21:31,0.05200100,7.73700000
2018-02-28 20:21:31,0.05220000,0.20100000
2018-02-28 20:21:32,0.05220000,0.68100000
2018-02-28 20:21:33,0.05217400,1.91000000
2018-02-28 20:21:33,0.05217600,0.57400000
2018-02-28 20:21:33,0.05217700,0.50000000
2018-02-28 20:21:33,0.05218000,0.80600000
2018-02-28 20:21:34,0.05222300,0.07700000
2018-02-28 20:21:34,0.05222300,0.50000000
2018-02-28 20:21:36,0.05221000,0.06900000
2018-02-28 20:21:36,0.05217600,0.07500000
2018-02-28 20:21:36,0.05206100,0.57600000
2018-02-28 20:21:36,0.05206000,0.11500000
2018-02-28 20:21:36,0.05204000,1.74800000
2018-02-28 20:21:36,0.05204200,0.20000000
2018-02-28 20:21:37,0.05222100,0.20000000
2018-02-28 20:21:37,0.05222300,4.58700000
2018-02-28 20:21:38,0.05218000,0.04600000
2018-02-28 20:21:38,0.05220000,1.20300000
2018-02-28 20:21:39,0.05220000,0.04800000
2018-02-28 20:21:39,0.05220000,0.49700000
2018-02-28 20:21:39,0.05222300,1.13100000
2018-02-28 20:21:39,0.05225500,5.23700000
2018-02-28 20:21:39,0.05225800,0.27300000
2018-02-28 20:21:40,0.05206300,0.09600000
2018-02-28 20:21:40,0.05206300,0.23500000
2018-02-28 20:21:42,0.05225300,0.02300000
2018-02-28 20:21:43,0.05207200,0.08400000
2018-02-28 20:21:43,0.05207500,0.22500000
2018-02-28 20:21:45,0.05225200,0.02300000
2018-02-28 20:21:46,0.05222200,3.01000000
2018-02-28 20:21:47,0.05208400,0.02900000
2018-02-28 20:21:47,0.05222200,0.05600000
2018-02-28 20:21:47,0.05222100,0.02300000
2018-02-28 20:21:52,0.05222100,0.04700000
2018-02-28 20:21:53,0.05222100,0.05700000
2018-02-28 20:21:55,0.05222100,0.50300000
2018-02-28 20:21:55,0.05222200,1.81700000
2018-02-28 20:21:58,0.05209900,1.48400000
2018-02-28 20:21:58,0.05209400,0.57500000
2018-02-28 20:21:58,0.05207500,0.39200000
2018-02-28 20:21:58,0.05204200,0.07700000
2018-02-28 20:21:58,0.05200100,9.19400000
2018-02-28 20:21:58,0.05200000,64.72100000
2018-02-28 20:21:58,0.05200000,0.17600000
2018-02-28 20:21:58,0.05200000,0.74000000
2018-02-28 20:21:58,0.05200000,0.43900000
2018-02-28 20:22:00,0.05209000,0.09000000
2018-02-28 20:22:04,0.05221200,0.07200000
2018-02-28 20:22:05,0.05221000,0.07200000
2018-02-28 20:22:05,0.05209100,0.02300000
2018-02-28 20:22:05,0.05209000,2.69400000
2018-02-28 20:22:06,0.05208800,0.04100000
2018-02-28 20:22:06,0.05208800,0.07200000
2018-02-28 20:22:07,0.05208800,1.80900000
2018-02-28 20:22:08,0.05208800,0.15900000
2018-02-28 20:22:08,0.05209000,5.20600000
2018-02-28 20:22:09,0.05221000,0.07200000
2018-02-28 20:22:10,0.05220900,0.07200000
2018-02-28 20:22:10,0.05204200,0.21700000
2018-02-28 20:22:12,0.05219900,0.09400000
2018-02-28 20:22:13,0.05219900,0.02800000
2018-02-28 20:22:13,0.05220000,0.01800000
2018-02-28 20:22:13,0.05220000,0.07700000
2018-02-28 20:22:13,0.05220000,0.05600000
2018-02-28 20:22:13,0.05219900,0.07500000
2018-02-28 20:22:14,0.05219900,0.07600000
2018-02-28 20:22:15,0.05219900,0.05700000
2018-02-28 20:22:15,0.05209400,1.92100000
2018-02-28 20:22:15,0.05209200,0.48700000
2018-02-28 20:22:16,0.05208800,0.13200000
2018-02-28 20:22:17,0.05208800,1.78900000
2018-02-28 20:22:17,0.05209000,9.14300000
2018-02-28 20:22:17,0.05209400,8.07500000
2018-02-28 20:22:18,0.05219900,0.09600000
2018-02-28 20:22:19,0.05219900,0.04700000
2018-02-28 20:22:19,0.05219900,0.05700000
2018-02-28 20:22:19,0.05219900,0.02900000
2018-02-28 20:22:20,0.05210600,0.07700000
2018-02-28 20:22:20,0.05209400,0.95900000
2018-02-28 20:22:22,0.05209600,0.01900000
2018-02-28 20:22:22,0.05209600,0.94500000
2018-02-28 20:22:23,0.05219900,0.16900000
2018-02-28 20:22:23,0.05220000,0.83100000
2018-02-28 20:22:28,0.05210600,0.07900000
2018-02-28 20:22:28,0.05210000,0.29100000
2018-02-28 20:22:30,0.05219800,0.96400000
2018-02-28 20:22:30,0.05219900,8.58200000
2018-02-28 20:22:33,0.05210000,0.18700000
2018-02-28 20:22:33,0.05209400,0.03900000
2018-02-28 20:22:39,0.05219200,0.03800000
2018-02-28 20:22:43,0.05209600,0.00100000
2018-02-28 20:22:46,0.05219200,0.07600000
2018-02-28 20:22:48,0.05219200,0.04700000
2018-02-28 20:22:49,0.05219200,0.05700000
2018-02-28 20:22:53,0.05219200,0.10800000
2018-02-28 20:22:53,0.05219200,0.12400000
2018-02-28 20:22:56,0.05219200,0.05800000
2018-02-28 20:22:59,0.05219200,0.29200000
2018-02-28 20:23:03,0.05219200,0.05800000
2018-02-28 20:23:05,0.05219200,0.75200000
2018-02-28 20:23:06,0.05219200,0.02100000
2018-02-28 20:23:06,0.05219200,0.05700000
2018-02-28 20:23:07,0.05219100,0.13300000
2018-02-28 20:23:07,0.05219200,0.74300000
2018-02-28 20:23:07,0.05219900,0.34000000
2018-02-28 20:23:07,0.05220000,0.78200000
2018-02-28 20:23:07,0.05220000,1.16500000
2018-02-28 20:23:07,0.05211100,0.02000000
2018-02-28 20:23:07,0.05210900,0.08900000
2018-02-28 20:23:14,0.05219800,0.02100000
2018-02-28 20:23:14,0.05220000,0.19200000
2018-02-28 20:23:14,0.05221000,0.06900000
2018-02-28 20:23:14,0.05222100,0.43400000
2018-02-28 20:23:16,0.05225100,0.50000000
2018-02-28 20:23:16,0.05225200,1.31800000
2018-02-28 20:23:16,0.05225200,0.00500000
2018-02-28 20:23:16,0.05225500,9.62700000
2018-02-28 20:23:16,0.05225500,6.49400000
2018-02-28 20:23:16,0.05230200,0.70400000
2018-02-28 20:23:18,0.05237100,0.04100000
2018-02-28 20:23:18,0.05237100,0.04800000
2018-02-28 20:23:18,0.05237200,0.04800000
2018-02-28 20:23:19,0.05237200,0.06700000
2018-02-28 20:23:19,0.05238000,0.07100000
2018-02-28 20:23:19,0.05238100,0.48100000
2018-02-28 20:23:19,0.05238900,0.19100000
2018-02-28 20:23:20,0.05241400,0.19500000
2018-02-28 20:23:20,0.05241400,0.54000000
2018-02-28 20:23:20,0.05241400,0.02800000
2018-02-28 20:23:21,0.05241400,0.04800000
2018-02-28 20:23:22,0.05241400,2.62300000
2018-02-28 20:23:22,0.05241400,0.04300000
2018-02-28 20:23:22,0.05241400,0.05900000
2018-02-28 20:23:22,0.05241400,0.71400000
2018-02-28 20:23:22,0.05241500,1.90900000
2018-02-28 20:23:22,0.05241400,0.04700000
2018-02-28 20:23:22,0.05241500,2.32700000
2018-02-28 20:23:22,0.05241400,1.00000000
2018-02-28 20:23:22,0.05241400,0.62900000
2018-02-28 20:23:22,0.05241500,0.04700000
2018-02-28 20:23:22,0.05247900,0.12700000
2018-02-28 20:23:22,0.05249900,0.00600000
2018-02-28 20:23:23,0.05249900,0.03800000
2018-02-28 20:23:23,0.05241400,0.03800000
2018-02-28 20:23:23,0.05241400,0.00900000
2018-02-28 20:23:24,0.05249900,0.33600000
2018-02-28 20:23:24,0.05249900,0.04400000
2018-02-28 20:23:24,0.05241400,0.08700000
2018-02-28 20:23:24,0.05241400,0.05800000
2018-02-28 20:23:24,0.05241400,0.05800000
2018-02-28 20:23:24,0.05241400,0.04700000
2018-02-28 20:23:24,0.05241400,3.19100000
2018-02-28 20:23:24,0.05241500,0.50000000
2018-02-28 20:23:24,0.05241400,0.62700000
2018-02-28 20:23:24,0.05241400,0.49800000
2018-02-28 20:23:25,0.05240600,0.00200000
2018-02-28 20:23:25,0.05250000,0.02100000
2018-02-28 20:23:27,0.05249900,0.05700000
2018-02-28 20:23:27,0.05249900,0.02300000
2018-02-28 20:23:28,0.05249900,0.09500000
2018-02-28 20:23:28,0.05249900,0.27000000
2018-02-28 20:23:29,0.05249900,0.09500000
2018-02-28 20:23:29,0.05249900,0.00700000
2018-02-28 20:23:29,0.05249900,0.04700000
2018-02-28 20:23:30,0.05247800,0.02100000
2018-02-28 20:23:31,0.05239900,0.12600000
2018-02-28 20:23:32,0.05231700,0.02300000
2018-02-28 20:23:32,0.05247800,0.07600000
2018-02-28 20:23:32,0.05247800,0.02800000
2018-02-28 20:23:37,0.05247800,0.00900000
2018-02-28 20:23:37,0.05247800,0.02500000
2018-02-28 20:23:38,0.05247800,0.17300000
2018-02-28 20:23:38,0.05249800,0.10200000
