DATE,PRICE,VOLUME
2018-02-25 09:00:04,0.03711700,0.03200000
2018-02-25 09:00:04,0.03714900,0.28100000
2018-02-25 09:00:05,0.03711700,0.06600000
2018-02-25 09:00:05,0.03711600,0.00300000
2018-02-25 09:00:05,0.03711600,0.09500000
2018-02-25 09:00:05,0.03711300,0.09800000
2018-02-25 09:00:05,0.03710900,0.11900000
2018-02-25 09:00:05,0.03710400,0.27300000
2018-02-25 09:00:05,0.03710000,0.45900000
2018-02-25 09:00:07,0.03712000,0.09800000
2018-02-25 09:00:09,0.03714500,0.08600000
2018-02-25 09:00:10,0.03712200,0.09800000
2018-02-25 09:00:10,0.03710400,0.10500000
2018-02-25 09:00:10,0.03712000,1.18600000
2018-02-25 09:00:13,0.03711900,1.66800000
2018-02-25 09:00:13,0.03712000,2.64200000
2018-02-25 09:00:13,0.03714400,3.91400000
2018-02-25 09:00:13,0.03714600,0.32100000
2018-02-25 09:00:13,0.03716200,0.25000000
2018-02-25 09:00:14,0.03720000,0.08700000
2018-02-25 09:00:15,0.03721100,0.16200000
2018-02-25 09:00:15,0.03724500,0.19000000
2018-02-25 09:00:15,0.03728800,0.03900000
2018-02-25 09:00:15,0.03720000,0.19900000
2018-02-25 09:00:15,0.03720100,0.07800000
2018-02-25 09:00:15,0.03720000,0.31600000
2018-02-25 09:00:15,0.03720000,0.26000000
2018-02-25 09:00:16,0.03720000,0.23200000
2018-02-25 09:00:16,0.03720000,5.19000000
2018-02-25 09:00:18,0.03720000,0.09900000
2018-02-25 09:00:18,0.03721800,0.07800000
2018-02-25 09:00:18,0.03728800,1.43200000
2018-02-25 09:00:18,0.03728800,0.06700000
2018-02-25 09:00:19,0.03714400,0.19000000
2018-02-25 09:00:21,0.03714700,0.13400000
2018-02-25 09:00:21,0.03714700,0.50400000
2018-02-25 09:00:24,0.03728500,0.04800000
2018-02-25 09:00:24,0.03728500,0.08000000
2018-02-25 09:00:26,0.03715300,0.15600000
2018-02-25 09:00:30,0.03726600,0.32200000
2018-02-25 09:00:32,0.03726400,0.02700000
2018-02-25 09:00:34,0.03718200,0.16200000
2018-02-25 09:00:37,0.03720100,0.13200000
2018-02-25 09:00:37,0.03720000,0.10000000
2018-02-25 09:00:37,0.03718300,0.26800000
2018-02-25 09:00:37,0.03718000,0.50000000
2018-02-25 09:00:38,0.03718100,0.26800000
2018-02-25 09:00:38,0.03718000,0.33200000
2018-02-25 09:00:41,0.03718000,1.16100000
2018-02-25 09:00:41,0.03725000,0.64500000
2018-02-25 09:00:41,0.03718000,0.13000000
2018-02-25 09:00:41,0.03718000,0.13000000
2018-02-25 09:00:42,0.03718000,0.04100000
2018-02-25 09:00:42,0.03718000,0.95800000
2018-02-25 09:00:42,0.03718000,1.97500000
2018-02-25 09:00:42,0.03718000,0.45400000
2018-02-25 09:00:43,0.03718000,1.37800000
2018-02-25 09:00:43,0.03724900,0.61100000
2018-02-25 09:00:43,0.03725000,3.01100000
2018-02-25 09:00:43,0.03724900,0.15300000
2018-02-25 09:00:54,0.03724700,2.10000000
2018-02-25 09:00:54,0.03724800,0.31300000
2018-02-25 09:00:54,0.03725000,2.31600000
2018-02-25 09:00:54,0.03725200,0.09700000
2018-02-25 09:00:54,0.03725500,0.13400000
2018-02-25 09:00:54,0.03726600,0.41300000
2018-02-25 09:00:55,0.03726600,0.69100000
2018-02-25 09:00:55,0.03716600,1.28700000
2018-02-25 09:01:00,0.03716700,0.26900000
2018-02-25 09:01:02,0.03716700,0.13000000
2018-02-25 09:01:03,0.03726800,0.63000000
2018-02-25 09:01:03,0.03726900,0.26900000
2018-02-25 09:01:03,0.03727000,3.29500000
2018-02-25 09:01:03,0.03727000,0.04400000
2018-02-25 09:01:05,0.03727100,0.07300000
2018-02-25 09:01:05,0.03727100,0.42700000
2018-02-25 09:01:05,0.03727000,6.43600000
2018-02-25 09:01:05,0.03716700,0.09000000
2018-02-25 09:01:05,0.03727000,0.07500000
2018-02-25 09:01:08,0.03726800,0.09000000
2018-02-25 09:01:08,0.03726900,0.12500000
2018-02-25 09:01:11,0.03727000,0.62500000
2018-02-25 09:01:13,0.03727000,2.23300000
2018-02-25 09:01:16,0.03726900,0.06700000
2018-02-25 09:01:16,0.03726900,2.16100000
2018-02-25 09:01:16,0.03726900,0.65200000
2018-02-25 09:01:19,0.03720000,0.31600000
2018-02-25 09:01:19,0.03720000,2.14800000
2018-02-25 09:01:20,0.03727000,6.84700000
2018-02-25 09:01:20,0.03730300,2.15300000
2018-02-25 09:01:21,0.03720000,1.16000000
2018-02-25 09:01:23,0.03727000,0.24300000
2018-02-25 09:01:24,0.03727000,0.48300000
2018-02-25 09:01:24,0.03727000,0.50400000
2018-02-25 09:01:27,0.03727000,0.14500000
2018-02-25 09:01:27,0.03720000,0.35900000
2018-02-25 09:01:28,0.03730200,0.50000000
2018-02-25 09:01:28,0.03730300,0.34100000
2018-02-25 09:01:28,0.03730400,0.14000000
2018-02-25 09:01:28,0.03730400,0.20300000
2018-02-25 09:01:28,0.03730400,0.20300000
2018-02-25 09:01:28,0.03730400,0.86300000
2018-02-25 09:01:29,0.03727000,0.13700000
2018-02-25 09:01:29,0.03734000,3.96600000
2018-02-25 09:01:29,0.03734300,1.79800000
2018-02-25 09:01:29,0.03734400,0.21300000
2018-02-25 09:01:29,0.03734500,2.08600000
2018-02-25 09:01:29,0.03720300,0.10200000
2018-02-25 09:01:30,0.03730200,2.64000000
2018-02-25 09:01:33,0.03730300,0.12800000
2018-02-25 09:01:34,0.03730300,0.26000000
2018-02-25 09:01:35,0.03732400,0.10000000
2018-02-25 09:01:35,0.03734500,1.88700000
2018-02-25 09:01:35,0.03734500,5.43500000
2018-02-25 09:01:35,0.03735000,2.66500000
2018-02-25 09:01:40,0.03735000,0.41600000
2018-02-25 09:01:41,0.03734000,0.59300000
2018-02-25 09:01:41,0.03735000,3.51900000
2018-02-25 09:01:41,0.03736700,2.62300000
2018-02-25 09:01:41,0.03738800,2.57800000
2018-02-25 09:01:41,0.03738800,0.41100000
2018-02-25 09:01:41,0.03738800,0.08200000
2018-02-25 09:01:42,0.03738600,0.32900000
2018-02-25 09:01:42,0.03740000,5.00000000
2018-02-25 09:01:42,0.03740400,0.29400000
2018-02-25 09:01:42,0.03742000,0.04100000
2018-02-25 09:01:45,0.03743100,0.49000000
2018-02-25 09:01:45,0.03743200,0.50900000
2018-02-25 09:01:45,0.03744000,3.60900000
2018-02-25 09:01:45,0.03747500,9.28100000
2018-02-25 09:01:45,0.03748000,0.19100000
2018-02-25 09:01:45,0.03749800,2.24100000
2018-02-25 09:01:45,0.03749900,1.93700000
2018-02-25 09:01:46,0.03749900,1.12400000
2018-02-25 09:01:50,0.03749900,3.78600000
2018-02-25 09:01:51,0.03749900,0.41400000
2018-02-25 09:01:52,0.03749900,6.04800000
2018-02-25 09:01:52,0.03749900,3.70700000
2018-02-25 09:01:53,0.03740000,4.76600000
2018-02-25 09:01:53,0.03740100,0.26700000
2018-02-25 09:01:53,0.03740000,0.00100000
2018-02-25 09:01:54,0.03732400,1.00000000
2018-02-25 09:01:54,0.03732300,0.59100000
2018-02-25 09:01:54,0.03739800,3.70500000
2018-02-25 09:01:54,0.03739900,0.22300000
2018-02-25 09:01:55,0.03740000,1.71900000
2018-02-25 09:01:55,0.03740000,2.44700000
2018-02-25 09:01:55,0.03739800,0.85900000
2018-02-25 09:01:55,0.03749800,1.00000000
2018-02-25 09:01:55,0.03749900,5.76700000
2018-02-25 09:01:56,0.03749900,0.16000000
2018-02-25 09:01:57,0.03749800,0.26700000
2018-02-25 09:01:57,0.03749900,1.38600000
2018-02-25 09:01:57,0.03750000,4.56600000
2018-02-25 09:01:57,0.03750000,0.50000000
2018-02-25 09:01:58,0.03744900,0.10000000
2018-02-25 09:01:58,0.03739800,0.08000000
2018-02-25 09:01:58,0.03737400,0.26700000
2018-02-25 09:01:58,0.03739600,0.06700000
2018-02-25 09:01:58,0.03750000,0.01300000
2018-02-25 09:01:58,0.03737300,3.55700000
2018-02-25 09:02:00,0.03749800,0.05200000
2018-02-25 09:02:00,0.03749800,0.12900000
2018-02-25 09:02:00,0.03749800,0.02600000
2018-02-25 09:02:00,0.03749800,0.12900000
2018-02-25 09:02:00,0.03749900,0.53000000
2018-02-25 09:02:02,0.03749700,0.74400000
2018-02-25 09:02:03,0.03749600,0.03200000
2018-02-25 09:02:03,0.03740800,0.03400000
2018-02-25 09:02:05,0.03740800,0.03500000
2018-02-25 09:02:05,0.03749400,0.23500000
2018-02-25 09:02:05,0.03749500,2.06500000
2018-02-25 09:02:07,0.03740800,0.12000000
2018-02-25 09:02:16,0.03749500,0.74800000
2018-02-25 09:02:16,0.03749900,3.20200000
2018-02-25 09:02:16,0.03750000,2.20200000
2018-02-25 09:02:16,0.03758300,0.08000000
2018-02-25 09:02:16,0.03759900,13.03900000
2018-02-25 09:02:16,0.03759900,0.20200000
2018-02-25 09:02:16,0.03759900,10.72000000
2018-02-25 09:02:17,0.03741100,0.49900000
2018-02-25 09:02:18,0.03749900,0.50000000
2018-02-25 09:02:18,0.03741300,4.32400000
2018-02-25 09:02:18,0.03741200,0.26700000
2018-02-25 09:02:18,0.03741000,0.19900000
2018-02-25 09:02:19,0.03749500,0.10000000
2018-02-25 09:02:20,0.03749500,5.14600000
2018-02-25 09:02:20,0.03741000,0.21700000
2018-02-25 09:02:20,0.03740900,0.09100000
2018-02-25 09:02:20,0.03740800,1.90700000
2018-02-25 09:02:20,0.03740000,1.96300000
2018-02-25 09:02:21,0.03739900,0.50000000
2018-02-25 09:02:21,0.03740000,5.45400000
2018-02-25 09:02:22,0.03737500,0.44800000
2018-02-25 09:02:22,0.03741500,0.72300000
2018-02-25 09:02:22,0.03737500,0.29200000
2018-02-25 09:02:22,0.03737600,0.35500000
2018-02-25 09:02:23,0.03737600,0.65200000
2018-02-25 09:02:23,0.03737600,0.10800000
2018-02-25 09:02:24,0.03737600,0.51200000
2018-02-25 09:02:24,0.03737600,0.07400000
2018-02-25 09:02:24,0.03737600,0.68800000
2018-02-25 09:02:24,0.03737600,0.06700000
2018-02-25 09:02:25,0.03739200,0.10000000
2018-02-25 09:02:25,0.03737600,1.38400000
2018-02-25 09:02:25,0.03737600,0.37100000
2018-02-25 09:02:25,0.03737600,0.42200000
2018-02-25 09:02:25,0.03737600,0.19200000
2018-02-25 09:02:25,0.03737400,0.32000000
2018-02-25 09:02:25,0.03749900,0.50000000
2018-02-25 09:02:25,0.03749900,0.45600000
2018-02-25 09:02:25,0.03749900,0.27200000
2018-02-25 09:02:26,0.03749900,0.12600000
2018-02-25 09:02:26,0.03749900,0.24800000
2018-02-25 09:02:26,0.03749900,1.67000000
2018-02-25 09:02:26,0.03737600,0.21600000
2018-02-25 09:02:26,0.03737700,0.03800000
2018-02-25 09:02:27,0.03737700,0.10400000
2018-02-25 09:02:27,0.03737700,0.04100000
2018-02-25 09:02:27,0.03737700,0.13500000
2018-02-25 09:02:27,0.03737700,0.18200000
2018-02-25 09:02:27,0.03737600,0.09400000
2018-02-25 09:02:27,0.03737400,1.73200000
2018-02-25 09:02:28,0.03741000,0.06800000
2018-02-25 09:02:28,0.03737400,1.32000000
2018-02-25 09:02:29,0.03753100,1.00000000
2018-02-25 09:02:29,0.03753200,3.71000000
2018-02-25 09:02:29,0.03753400,0.26700000
2018-02-25 09:02:29,0.03753700,1.76000000
2018-02-25 09:02:30,0.03740500,0.08000000
2018-02-25 09:02:30,0.03739300,1.00000000
2018-02-25 09:02:30,0.03739200,0.13300000
2018-02-25 09:02:30,0.03737400,1.08700000
2018-02-25 09:02:32,0.03737400,0.00200000
2018-02-25 09:02:34,0.03737400,0.24600000
2018-02-25 09:02:35,0.03739700,0.19100000
2018-02-25 09:02:37,0.03739700,0.07300000
2018-02-25 09:02:37,0.03749500,0.50000000
2018-02-25 09:02:37,0.03749600,0.24000000
2018-02-25 09:02:37,0.03749700,2.06400000
2018-02-25 09:02:37,0.03750000,0.48800000
2018-02-25 09:02:37,0.03754400,0.19700000
2018-02-25 09:02:37,0.03754500,0.10000000
2018-02-25 09:02:37,0.03756900,0.16600000
2018-02-25 09:02:37,0.03757900,0.21300000
2018-02-25 09:02:37,0.03758900,0.13300000
2018-02-25 09:02:37,0.03759000,0.89900000
2018-02-25 09:02:40,0.03739400,0.50400000
2018-02-25 09:02:40,0.03739400,0.59400000
2018-02-25 09:02:42,0.03740200,0.22400000
2018-02-25 09:02:45,0.03740200,0.06500000
2018-02-25 09:02:46,0.03740300,0.06900000
2018-02-25 09:02:48,0.03740400,0.19100000
2018-02-25 09:02:49,0.03741100,0.55100000
2018-02-25 09:02:50,0.03741200,0.36800000
2018-02-25 09:02:52,0.03741300,0.09200000
2018-02-25 09:02:53,0.03741300,0.36000000
2018-02-25 09:02:59,0.03756500,0.54000000
2018-02-25 09:03:04,0.03755500,0.03600000
2018-02-25 09:03:05,0.03743500,0.08100000
2018-02-25 09:03:09,0.03754700,0.15900000
2018-02-25 09:03:14,0.03753800,0.02900000
2018-02-25 09:03:14,0.03753900,0.05300000
2018-02-25 09:03:18,0.03753100,0.44700000
2018-02-25 09:03:18,0.03753500,0.96600000
2018-02-25 09:03:18,0.03754100,0.17200000
2018-02-25 09:03:19,0.03758600,0.40000000
2018-02-25 09:03:19,0.03759000,5.76200000
2018-02-25 09:03:19,0.03759100,0.08000000
2018-02-25 09:03:19,0.03760000,2.64800000
2018-02-25 09:03:19,0.03760000,0.19100000
2018-02-25 09:03:19,0.03760500,0.00500000
2018-02-25 09:03:19,0.03760000,0.79700000
2018-02-25 09:03:19,0.03760000,0.24300000
2018-02-25 09:03:19,0.03760000,0.02800000
2018-02-25 09:03:22,0.03760000,0.38900000
2018-02-25 09:03:22,0.03760400,0.37900000
2018-02-25 09:03:23,0.03760000,0.04200000
2018-02-25 09:03:24,0.03760000,0.08100000
2018-02-25 09:03:25,0.03760400,0.17900000
2018-02-25 09:03:27,0.03760400,0.06400000
2018-02-25 09:03:27,0.03760400,0.19100000
2018-02-25 09:03:31,0.03760400,0.25000000
2018-02-25 09:03:32,0.03760100,0.48200000
2018-02-25 09:03:32,0.03760000,4.80900000
2018-02-25 09:03:33,0.03760400,0.91100000
2018-02-25 09:03:33,0.03760500,9.70000000
2018-02-25 09:03:34,0.03760500,0.20000000
2018-02-25 09:03:34,0.03760500,9.86600000
2018-02-25 09:03:34,0.03760400,2.98700000
2018-02-25 09:03:34,0.03760000,2.13400000
2018-02-25 09:03:38,0.03760400,7.00000000
2018-02-25 09:03:41,0.03760400,5.50000000
2018-02-25 09:03:46,0.03760500,9.91000000
2018-02-25 09:03:46,0.03760000,6.01200000
2018-02-25 09:03:46,0.03760000,5.80400000
2018-02-25 09:03:47,0.03755000,0.31600000
2018-02-25 09:03:48,0.03755000,1.78600000
2018-02-25 09:03:48,0.03755000,0.36600000
2018-02-25 09:03:48,0.03755000,0.20000000
2018-02-25 09:03:48,0.03755000,0.09100000
2018-02-25 09:03:49,0.03755000,0.52000000
2018-02-25 09:03:49,0.03755000,0.08100000
2018-02-25 09:03:50,0.03755000,0.16300000
2018-02-25 09:03:50,0.03755000,0.51200000
2018-02-25 09:03:50,0.03755000,0.01500000
2018-02-25 09:03:51,0.03754100,0.11700000
2018-02-25 09:03:53,0.03752600,0.35200000
2018-02-25 09:03:54,0.03750900,0.26600000
2018-02-25 09:03:55,0.03759900,0.50000000
2018-02-25 09:03:55,0.03760000,5.99000000
2018-02-25 09:03:55,0.03760500,1.13600000
2018-02-25 09:03:55,0.03760500,0.21600000
2018-02-25 09:03:55,0.03760500,0.29500000
2018-02-25 09:03:55,0.03746900,1.62700000
2018-02-25 09:03:55,0.03746900,1.87200000
2018-02-25 09:03:56,0.03747000,0.10800000
2018-02-25 09:03:56,0.03748200,0.06300000
2018-02-25 09:03:56,0.03747000,0.15700000
2018-02-25 09:03:57,0.03747000,0.23500000
2018-02-25 09:03:57,0.03746900,0.77100000
2018-02-25 09:03:57,0.03746800,0.18700000
2018-02-25 09:03:59,0.03746100,1.35900000
2018-02-25 09:03:59,0.03746000,0.13800000
2018-02-25 09:03:59,0.03746000,0.12900000
2018-02-25 09:04:01,0.03745500,0.26700000
2018-02-25 09:04:01,0.03745400,0.00500000
2018-02-25 09:04:02,0.03759700,0.10600000
2018-02-25 09:04:02,0.03745400,1.17600000
2018-02-25 09:04:03,0.03746800,0.23900000
2018-02-25 09:04:03,0.03746700,0.08000000
2018-02-25 09:04:04,0.03750000,0.31200000
2018-02-25 09:04:04,0.03750000,0.49800000
2018-02-25 09:04:05,0.03750000,1.26600000
2018-02-25 09:04:05,0.03750000,1.27000000
2018-02-25 09:04:06,0.03750000,0.43600000
2018-02-25 09:04:06,0.03750000,0.13200000
2018-02-25 09:04:06,0.03750000,0.70400000
2018-02-25 09:04:06,0.03750000,0.09500000
2018-02-25 09:04:06,0.03750000,0.60800000
2018-02-25 09:04:07,0.03750000,0.35200000
2018-02-25 09:04:07,0.03750000,1.38300000
2018-02-25 09:04:07,0.03750000,0.08100000
2018-02-25 09:04:07,0.03750000,0.60700000
2018-02-25 09:04:07,0.03750000,0.24400000
2018-02-25 09:04:08,0.03750000,0.50400000
2018-02-25 09:04:08,0.03750000,0.12800000
2018-02-25 09:04:08,0.03750000,0.48200000
2018-02-25 09:04:08,0.03750000,0.40000000
2018-02-25 09:04:08,0.03750000,0.03200000
2018-02-25 09:04:08,0.03750000,0.35700000
2018-02-25 09:04:09,0.03750000,0.25900000
2018-02-25 09:04:09,0.03750000,0.97500000
2018-02-25 09:04:09,0.03750000,0.30900000
2018-02-25 09:04:10,0.03750000,0.55200000
2018-02-25 09:04:10,0.03750000,0.26400000
2018-02-25 09:04:10,0.03750000,0.40800000
2018-02-25 09:04:10,0.03750000,0.17600000
2018-02-25 09:04:10,0.03750000,0.29900000
2018-02-25 09:04:11,0.03750000,2.71500000
2018-02-25 09:04:11,0.03750000,0.44000000
2018-02-25 09:04:11,0.03750000,0.49600000
2018-02-25 09:04:11,0.03750000,6.92800000
2018-02-25 09:04:11,0.03750000,16.18400000
2018-02-25 09:04:11,0.03750000,0.52000000
2018-02-25 09:04:11,0.03750000,1.99200000
2018-02-25 09:04:11,0.03750000,0.13500000
2018-02-25 09:04:12,0.03751000,0.36800000
2018-02-25 09:04:12,0.03751000,0.26000000
2018-02-25 09:04:12,0.03751000,0.25600000
2018-02-25 09:04:12,0.03751000,0.34700000
2018-02-25 09:04:12,0.03751000,3.42000000
2018-02-25 09:04:12,0.03751000,2.37400000
2018-02-25 09:04:13,0.03751000,0.87200000
2018-02-25 09:04:13,0.03750200,0.18200000
2018-02-25 09:04:13,0.03750200,0.06100000
2018-02-25 09:04:13,0.03750000,0.01000000
2018-02-25 09:04:13,0.03750000,0.08100000
2018-02-25 09:04:13,0.03750000,0.60800000
2018-02-25 09:04:13,0.03750000,3.30700000
2018-02-25 09:04:16,0.03750000,0.31600000
2018-02-25 09:04:16,0.03758200,1.85900000
2018-02-25 09:04:16,0.03758300,0.26600000
2018-02-25 09:04:16,0.03758500,3.77000000
2018-02-25 09:04:16,0.03758500,0.50000000
2018-02-25 09:04:16,0.03758700,0.63800000
2018-02-25 09:04:16,0.03758500,0.70700000
2018-02-25 09:04:16,0.03758500,3.45800000
2018-02-25 09:04:16,0.03751000,1.84000000
2018-02-25 09:04:18,0.03758400,0.55600000
2018-02-25 09:04:18,0.03751100,0.26600000
2018-02-25 09:04:18,0.03751000,0.72600000
2018-02-25 09:04:19,0.03751000,0.64000000
2018-02-25 09:04:23,0.03751000,0.81000000
2018-02-25 09:04:24,0.03751000,0.49600000
2018-02-25 09:04:25,0.03751000,4.03600000
2018-02-25 09:04:25,0.03750100,0.57000000
2018-02-25 09:04:25,0.03750100,0.10000000
2018-02-25 09:04:28,0.03751000,0.13200000
2018-02-25 09:04:28,0.03751000,0.25600000
2018-02-25 09:04:29,0.03751000,0.12200000
2018-02-25 09:04:29,0.03751000,0.26000000
2018-02-25 09:04:30,0.03751000,5.56500000
2018-02-25 09:04:30,0.03750200,1.00000000
2018-02-25 09:04:31,0.03750200,1.32100000
2018-02-25 09:04:32,0.03755200,0.10000000
2018-02-25 09:04:33,0.03750200,0.50000000
2018-02-25 09:04:33,0.03750100,0.53200000
2018-02-25 09:04:38,0.03758900,0.26600000
2018-02-25 09:04:38,0.03759000,0.50000000
2018-02-25 09:04:38,0.03759600,0.66800000
2018-02-25 09:04:38,0.03760000,0.38100000
2018-02-25 09:04:38,0.03751000,1.16000000
2018-02-25 09:04:44,0.03752100,0.06200000
2018-02-25 09:04:44,0.03760000,1.16400000
2018-02-25 09:04:46,0.03759200,0.38500000
2018-02-25 09:04:49,0.03759200,0.00400000
2018-02-25 09:04:49,0.03759900,0.06200000
2018-02-25 09:04:49,0.03760000,0.06300000
2018-02-25 09:04:49,0.03760000,1.13000000
2018-02-25 09:04:49,0.03760000,0.13300000
2018-02-25 09:04:51,0.03764300,0.16500000
2018-02-25 09:04:51,0.03760000,0.05300000
2018-02-25 09:04:51,0.03760000,0.05400000
2018-02-25 09:04:55,0.03760000,3.13500000
2018-02-25 09:04:56,0.03760000,0.50000000
2018-02-25 09:05:02,0.03752200,0.02700000
2018-02-25 09:05:03,0.03752300,0.23900000
2018-02-25 09:05:03,0.03752200,0.23000000
2018-02-25 09:05:18,0.03759200,0.58000000
2018-02-25 09:05:21,0.03759800,0.11000000
2018-02-25 09:05:21,0.03755000,0.89300000
2018-02-25 09:05:29,0.03759800,0.12900000
2018-02-25 09:05:29,0.03759900,0.02700000
2018-02-25 09:05:29,0.03761500,0.10200000
2018-02-25 09:05:30,0.03761500,0.00100000
2018-02-25 09:05:33,0.03761700,0.10000000
2018-02-25 09:05:33,0.03762000,0.35500000
2018-02-25 09:05:33,0.03762100,2.81800000
2018-02-25 09:05:36,0.03762100,0.23900000
2018-02-25 09:05:37,0.03762100,0.13300000
2018-02-25 09:05:38,0.03755000,0.22100000
2018-02-25 09:05:38,0.03762100,11.39200000
2018-02-25 09:05:43,0.03762100,0.97700000
2018-02-25 09:05:47,0.03762100,2.71100000
2018-02-25 09:05:48,0.03756000,1.19400000
2018-02-25 09:05:51,0.03762000,0.65800000
2018-02-25 09:05:51,0.03762100,1.28900000
2018-02-25 09:05:55,0.03762100,3.66300000
2018-02-25 09:05:58,0.03762100,0.65000000
2018-02-25 09:05:59,0.03760000,0.23200000
2018-02-25 09:05:59,0.03762100,0.60000000
2018-02-25 09:06:01,0.03760000,0.22800000
2018-02-25 09:06:01,0.03762000,0.18300000
2018-02-25 09:06:02,0.03760000,0.00400000
2018-02-25 09:06:07,0.03761900,0.03000000
2018-02-25 09:06:08,0.03760100,0.02700000
2018-02-25 09:06:08,0.03760000,3.45100000
2018-02-25 09:06:08,0.03760000,0.22600000
2018-02-25 09:06:09,0.03760000,0.27400000
2018-02-25 09:06:10,0.03759200,0.84000000
2018-02-25 09:06:10,0.03756600,2.65200000
2018-02-25 09:06:13,0.03756100,0.27300000
2018-02-25 09:06:13,0.03756000,0.72700000
2018-02-25 09:06:14,0.03756000,0.79800000
2018-02-25 09:06:14,0.03756000,0.79800000
2018-02-25 09:06:14,0.03756000,0.79800000
2018-02-25 09:06:15,0.03756000,1.68700000
2018-02-25 09:06:17,0.03756600,1.00900000
2018-02-25 09:06:21,0.03756600,0.20000000
2018-02-25 09:06:22,0.03756100,0.67600000
2018-02-25 09:06:22,0.03756600,0.07700000
2018-02-25 09:06:26,0.03756000,0.69800000
2018-02-25 09:06:31,0.03756500,0.10300000
2018-02-25 09:06:31,0.03756600,0.89700000
2018-02-25 09:06:31,0.03756000,0.19100000
2018-02-25 09:06:34,0.03756000,0.71100000
2018-02-25 09:06:37,0.03755000,1.54800000
2018-02-25 09:06:37,0.03756000,1.00000000
2018-02-25 09:06:42,0.03755000,0.41400000
2018-02-25 09:06:44,0.03755000,3.61100000
2018-02-25 09:06:44,0.03754400,0.26600000
2018-02-25 09:06:44,0.03752000,0.39000000
2018-02-25 09:06:44,0.03751100,3.96700000
2018-02-25 09:06:44,0.03751000,10.00000000
2018-02-25 09:06:44,0.03750000,0.30800000
2018-02-25 09:06:47,0.03750600,0.52800000
2018-02-25 09:06:47,0.03750000,0.56900000
2018-02-25 09:06:47,0.03750000,0.51800000
2018-02-25 09:06:49,0.03755000,1.00000000
2018-02-25 09:06:51,0.03750000,1.75800000
2018-02-25 09:06:52,0.03745700,1.02000000
2018-02-25 09:06:52,0.03745600,0.08800000
2018-02-25 09:06:52,0.03747000,0.79900000
2018-02-25 09:06:52,0.03747000,0.03100000
2018-02-25 09:06:52,0.03747000,0.37100000
2018-02-25 09:06:52,0.03745600,0.17900000
2018-02-25 09:06:52,0.03745400,0.52200000
2018-02-25 09:06:52,0.03745200,2.73100000
2018-02-25 09:06:52,0.03745200,0.43400000
2018-02-25 09:06:54,0.03754700,1.00000000
2018-02-25 09:06:54,0.03754800,0.26600000
2018-02-25 09:06:54,0.03755000,0.37300000
2018-02-25 09:06:54,0.03755000,4.75600000
2018-02-25 09:06:54,0.03755000,11.84200000
2018-02-25 09:06:54,0.03755000,15.49000000
2018-02-25 09:06:55,0.03751000,0.50000000
2018-02-25 09:06:55,0.03750900,0.28000000
2018-02-25 09:06:55,0.03748400,0.26600000
2018-02-25 09:06:55,0.03744600,0.09600000
2018-02-25 09:06:55,0.03743500,1.06700000
2018-02-25 09:06:55,0.03743200,0.26700000
2018-02-25 09:06:55,0.03742900,5.34300000
2018-02-25 09:06:55,0.03755900,0.29900000
2018-02-25 09:06:56,0.03740100,0.20800000
2018-02-25 09:06:56,0.03740100,0.22000000
2018-02-25 09:06:57,0.03742100,0.03300000
2018-02-25 09:06:58,0.03742300,0.07000000
2018-02-25 09:06:58,0.03742300,0.08200000
2018-02-25 09:06:58,0.03742300,3.02900000
2018-02-25 09:06:58,0.03742300,0.03200000
2018-02-25 09:06:58,0.03742400,0.37100000
2018-02-25 09:06:58,0.03742300,0.17300000
2018-02-25 09:06:59,0.03742300,0.00500000
2018-02-25 09:06:59,0.03742400,0.15800000
2018-02-25 09:07:00,0.03742400,0.06800000
2018-02-25 09:07:00,0.03742400,0.03200000
2018-02-25 09:07:00,0.03740000,0.25900000
2018-02-25 09:07:00,0.03740000,0.92800000
2018-02-25 09:07:00,0.03739900,0.07000000
2018-02-25 09:07:00,0.03739900,0.07000000
2018-02-25 09:07:00,0.03739900,0.07000000
2018-02-25 09:07:00,0.03739900,0.07000000
2018-02-25 09:07:00,0.03737600,0.33700000
2018-02-25 09:07:00,0.03739900,0.06900000
2018-02-25 09:07:00,0.03737500,0.33700000
2018-02-25 09:07:00,0.03737500,0.70800000
2018-02-25 09:07:01,0.03739800,0.50000000
2018-02-25 09:07:01,0.03739900,0.03400000
2018-02-25 09:07:02,0.03737500,0.29300000
2018-02-25 09:07:02,0.03737400,1.06600000
2018-02-25 09:07:02,0.03737400,3.61200000
2018-02-25 09:07:02,0.03737400,1.28300000
2018-02-25 09:07:02,0.03735900,0.13300000
2018-02-25 09:07:02,0.03735800,2.08000000
2018-02-25 09:07:02,0.03735800,5.20800000
2018-02-25 09:07:02,0.03735800,1.12100000
2018-02-25 09:07:02,0.03735700,1.57100000
2018-02-25 09:07:03,0.03735900,6.32900000
2018-02-25 09:07:04,0.03735700,0.21000000
2018-02-25 09:07:05,0.03735700,0.18900000
2018-02-25 09:07:05,0.03735700,1.03200000
2018-02-25 09:07:05,0.03735700,0.03500000
2018-02-25 09:07:05,0.03735700,0.18200000
2018-02-25 09:07:05,0.03735700,0.07700000
2018-02-25 09:07:06,0.03735700,0.03300000
2018-02-25 09:07:06,0.03735700,0.27500000
2018-02-25 09:07:06,0.03735700,0.01300000
2018-02-25 09:07:07,0.03735700,0.38300000
2018-02-25 09:07:07,0.03733800,0.45800000
2018-02-25 09:07:07,0.03733300,0.81000000
2018-02-25 09:07:07,0.03731000,0.19800000
2018-02-25 09:07:07,0.03730500,0.02700000
2018-02-25 09:07:07,0.03730500,0.05300000
2018-02-25 09:07:07,0.03724500,0.21900000
2018-02-25 09:07:08,0.03724500,0.16100000
2018-02-25 09:07:08,0.03722400,0.61500000
2018-02-25 09:07:09,0.03722400,0.16500000
2018-02-25 09:07:09,0.03720900,0.12000000
2018-02-25 09:07:09,0.03720000,0.06300000
2018-02-25 09:07:09,0.03719500,0.38000000
2018-02-25 09:07:09,0.03719400,0.23400000
2018-02-25 09:07:09,0.03717500,0.67200000
2018-02-25 09:07:09,0.03715500,0.26900000
2018-02-25 09:07:09,0.03715100,0.69400000
2018-02-25 09:07:11,0.03716200,0.23300000
2018-02-25 09:07:11,0.03716200,0.23300000
2018-02-25 09:07:11,0.03716200,0.28000000
2018-02-25 09:07:11,0.03716200,0.28000000
2018-02-25 09:07:11,0.03715100,0.00900000
2018-02-25 09:07:11,0.03714700,0.13400000
2018-02-25 09:07:11,0.03714500,0.08100000
2018-02-25 09:07:11,0.03714300,0.05600000
2018-02-25 09:07:11,0.03716200,0.09900000
2018-02-25 09:07:11,0.03714300,0.21300000
2018-02-25 09:07:11,0.03713600,0.16200000
2018-02-25 09:07:12,0.03713600,0.10700000
2018-02-25 09:07:12,0.03713500,0.16900000
2018-02-25 09:07:12,0.03713500,0.27400000
2018-02-25 09:07:12,0.03715100,0.06700000
2018-02-25 09:07:13,0.03713500,0.27500000
2018-02-25 09:07:13,0.03713500,0.62800000
2018-02-25 09:07:13,0.03712700,0.08100000
2018-02-25 09:07:13,0.03712500,0.18900000
2018-02-25 09:07:13,0.03711200,0.10100000
2018-02-25 09:07:13,0.03711200,0.26200000
2018-02-25 09:07:13,0.03710900,0.01300000
2018-02-25 09:07:13,0.03710900,0.25600000
2018-02-25 09:07:13,0.03710000,0.02400000
2018-02-25 09:07:13,0.03710000,0.27500000
2018-02-25 09:07:14,0.03715100,0.03200000
2018-02-25 09:07:14,0.03710000,0.27400000
2018-02-25 09:07:14,0.03710000,0.28000000
2018-02-25 09:07:14,0.03710000,1.25900000
2018-02-25 09:07:14,0.03709500,0.45800000
2018-02-25 09:07:14,0.03707900,0.05700000
2018-02-25 09:07:14,0.03706600,0.18900000
2018-02-25 09:07:14,0.03706200,0.83300000
2018-02-25 09:07:14,0.03706100,0.05400000
2018-02-25 09:07:14,0.03705200,0.27000000
2018-02-25 09:07:14,0.03704500,0.05700000
2018-02-25 09:07:14,0.03703700,0.09200000
2018-02-25 09:07:14,0.03703700,0.28000000
2018-02-25 09:07:15,0.03705300,3.31600000
2018-02-25 09:07:15,0.03703700,0.38700000
2018-02-25 09:07:15,0.03705000,0.27300000
2018-02-25 09:07:15,0.03703700,0.27700000
2018-02-25 09:07:15,0.03703700,0.11400000
2018-02-25 09:07:15,0.03703500,0.08400000
2018-02-25 09:07:15,0.03702900,0.07500000
2018-02-25 09:07:16,0.03705200,0.27000000
2018-02-25 09:07:16,0.03702900,0.00500000
2018-02-25 09:07:17,0.03702900,0.03200000
2018-02-25 09:07:17,0.03700000,0.24200000
2018-02-25 09:07:17,0.03700000,1.70000000
2018-02-25 09:07:19,0.03700000,3.31500000
2018-02-25 09:07:19,0.03698400,0.41600000
2018-02-25 09:07:19,0.03698100,0.05100000
2018-02-25 09:07:19,0.03700000,0.06500000
2018-02-25 09:07:20,0.03698100,2.57200000
2018-02-25 09:07:20,0.03700000,4.88600000
2018-02-25 09:07:22,0.03698300,0.27300000
2018-02-25 09:07:23,0.03698300,0.10400000
2018-02-25 09:07:23,0.03700000,0.06800000
2018-02-25 09:07:26,0.03698300,1.05500000
2018-02-25 09:07:26,0.03698300,0.08500000
2018-02-25 09:07:26,0.03698300,0.02800000
2018-02-25 09:07:27,0.03698300,1.72200000
2018-02-25 09:07:27,0.03698100,0.51300000
2018-02-25 09:07:28,0.03698300,0.07800000
2018-02-25 09:07:30,0.03698300,0.16200000
2018-02-25 09:07:31,0.03698100,0.11300000
2018-02-25 09:07:33,0.03698100,0.84800000
2018-02-25 09:07:33,0.03697600,0.10800000
2018-02-25 09:07:33,0.03696500,0.77400000
2018-02-25 09:07:33,0.03696300,0.08100000
2018-02-25 09:07:33,0.03696000,0.13500000
2018-02-25 09:07:33,0.03695000,0.46400000
2018-02-25 09:07:33,0.03694100,0.86000000
2018-02-25 09:07:33,0.03693800,0.81200000
2018-02-25 09:07:33,0.03691500,0.10900000
2018-02-25 09:07:33,0.03691100,0.29300000
2018-02-25 09:07:33,0.03690200,0.10800000
2018-02-25 09:07:33,0.03690000,0.17100000
2018-02-25 09:07:37,0.03690000,0.17900000
2018-02-25 09:07:38,0.03697900,0.06500000
2018-02-25 09:07:39,0.03690000,2.56100000
2018-02-25 09:07:39,0.03686500,0.09400000
2018-02-25 09:07:39,0.03686300,0.69000000
2018-02-25 09:07:39,0.03686300,0.15000000
2018-02-25 09:07:39,0.03686100,0.50000000
2018-02-25 09:07:39,0.03685800,0.27100000
2018-02-25 09:07:39,0.03685200,0.97400000
2018-02-25 09:07:39,0.03685000,2.40100000
2018-02-25 09:07:39,0.03684500,1.43100000
2018-02-25 09:07:39,0.03697900,0.05400000
2018-02-25 09:07:40,0.03690000,0.23300000
2018-02-25 09:07:40,0.03690000,0.23300000
2018-02-25 09:07:40,0.03690000,0.38000000
2018-02-25 09:07:40,0.03690000,0.06800000
2018-02-25 09:07:41,0.03690000,0.07600000
2018-02-25 09:07:41,0.03690000,1.28500000
2018-02-25 09:07:41,0.03690000,0.46500000
2018-02-25 09:07:41,0.03695000,1.48000000
2018-02-25 09:07:41,0.03697800,0.21800000
2018-02-25 09:07:50,0.03689900,0.22800000
2018-02-25 09:07:50,0.03689900,0.26400000
2018-02-25 09:07:50,0.03690000,0.38000000
2018-02-25 09:07:52,0.03690000,1.00000000
2018-02-25 09:07:55,0.03685000,0.12700000
2018-02-25 09:07:55,0.03684700,0.17500000
2018-02-25 09:07:58,0.03684600,0.27100000
2018-02-25 09:07:58,0.03684500,1.84600000
2018-02-25 09:07:59,0.03684500,3.54000000
2018-02-25 09:07:59,0.03680300,0.80500000
2018-02-25 09:07:59,0.03680300,0.03500000
2018-02-25 09:07:59,0.03680000,2.22500000
2018-02-25 09:08:00,0.03689900,0.03700000
2018-02-25 09:08:00,0.03689900,0.04300000
2018-02-25 09:08:00,0.03690000,0.14700000
2018-02-25 09:08:01,0.03682400,0.27200000
2018-02-25 09:08:01,0.03680300,0.60300000
2018-02-25 09:08:01,0.03680300,0.34900000
2018-02-25 09:08:01,0.03680300,0.34900000
2018-02-25 09:08:01,0.03680300,0.15500000
2018-02-25 09:08:01,0.03680000,0.15500000
2018-02-25 09:08:02,0.03680000,0.10400000
2018-02-25 09:08:02,0.03680000,0.26700000
2018-02-25 09:08:03,0.03680000,0.08500000
2018-02-25 09:08:04,0.03678200,0.12500000
2018-02-25 09:08:04,0.03680000,0.17200000
2018-02-25 09:08:05,0.03680000,0.16900000
2018-02-25 09:08:05,0.03680300,0.09800000
2018-02-25 09:08:06,0.03680000,0.66400000
2018-02-25 09:08:06,0.03680300,1.59400000
2018-02-25 09:08:07,0.03678300,1.75900000
2018-02-25 09:08:07,0.03678200,1.56000000
2018-02-25 09:08:08,0.03678200,5.11100000
2018-02-25 09:08:09,0.03678200,6.26900000
2018-02-25 09:08:09,0.03689700,0.10200000
2018-02-25 09:08:09,0.03689600,0.09500000
2018-02-25 09:08:10,0.03689500,0.08100000
2018-02-25 09:08:11,0.03689500,0.08100000
2018-02-25 09:08:12,0.03689500,0.06400000
2018-02-25 09:08:12,0.03680000,0.06700000
2018-02-25 09:08:12,0.03689400,0.06800000
2018-02-25 09:08:13,0.03689400,0.06800000
2018-02-25 09:08:14,0.03689400,0.04300000
2018-02-25 09:08:15,0.03689400,0.04400000
2018-02-25 09:08:15,0.03689400,0.05200000
2018-02-25 09:08:15,0.03689500,0.05700000
2018-02-25 09:08:15,0.03689600,0.02000000
2018-02-25 09:08:15,0.03689700,3.16500000
2018-02-25 09:08:15,0.03689900,1.59500000
2018-02-25 09:08:17,0.03689400,0.50000000
2018-02-25 09:08:17,0.03689900,0.16400000
2018-02-25 09:08:17,0.03690000,0.34400000
2018-02-25 09:08:17,0.03697800,0.02700000
2018-02-25 09:08:19,0.03697800,0.10800000
2018-02-25 09:08:19,0.03697800,2.16300000
2018-02-25 09:08:20,0.03697000,0.10600000
2018-02-25 09:08:20,0.03697000,0.06800000
2018-02-25 09:08:20,0.03697000,0.06800000
2018-02-25 09:08:21,0.03697000,0.06800000
2018-02-25 09:08:21,0.03689500,0.27100000
2018-02-25 09:08:21,0.03689400,1.52800000
2018-02-25 09:08:21,0.03697000,0.06200000
2018-02-25 09:08:21,0.03697000,0.06800000
2018-02-25 09:08:21,0.03696900,0.13300000
2018-02-25 09:08:22,0.03696900,0.60300000
2018-02-25 09:08:22,0.03697000,0.10600000
2018-02-25 09:08:22,0.03680000,0.61500000
2018-02-25 09:08:22,0.03697000,0.03200000
2018-02-25 09:08:22,0.03697000,0.07000000
2018-02-25 09:08:22,0.03697000,0.05400000
2018-02-25 09:08:23,0.03696900,0.06800000
2018-02-25 09:08:23,0.03696900,0.15100000
2018-02-25 09:08:23,0.03696900,0.12400000
2018-02-25 09:08:23,0.03696900,0.13500000
2018-02-25 09:08:23,0.03696900,0.02200000
2018-02-25 09:08:23,0.03697000,3.70700000
2018-02-25 09:08:24,0.03680400,0.50000000
2018-02-25 09:08:24,0.03680300,1.03500000
2018-02-25 09:08:24,0.03697000,0.04200000
2018-02-25 09:08:24,0.03697000,0.03200000
2018-02-25 09:08:24,0.03697000,0.03200000
2018-02-25 09:08:25,0.03696900,0.13500000
2018-02-25 09:08:25,0.03696900,0.05400000
2018-02-25 09:08:25,0.03696900,0.06800000
2018-02-25 09:08:27,0.03696800,0.06800000
2018-02-25 09:08:29,0.03690000,0.25700000
2018-02-25 09:08:29,0.03690000,0.06800000
2018-02-25 09:08:30,0.03690000,0.06800000
2018-02-25 09:08:30,0.03681300,0.27100000
2018-02-25 09:08:30,0.03681100,0.53100000
2018-02-25 09:08:30,0.03680000,1.90600000
2018-02-25 09:08:34,0.03689900,0.27100000
2018-02-25 09:08:34,0.03690000,3.72900000
2018-02-25 09:08:34,0.03680500,1.18600000
2018-02-25 09:08:36,0.03680600,0.27100000
2018-02-25 09:08:36,0.03680400,0.06700000
2018-02-25 09:08:36,0.03680000,2.30100000
2018-02-25 09:08:38,0.03680000,9.36200000
2018-02-25 09:08:42,0.03687800,0.12700000
2018-02-25 09:08:43,0.03687700,0.27100000
2018-02-25 09:08:43,0.03687800,0.84000000
2018-02-25 09:08:43,0.03688000,0.17200000
2018-02-25 09:08:52,0.03686900,0.06000000
2018-02-25 09:08:58,0.03680500,0.36700000
2018-02-25 09:09:04,0.03685700,0.06600000
2018-02-25 09:09:05,0.03680700,0.13800000
2018-02-25 09:09:07,0.03686000,3.89500000
2018-02-25 09:09:07,0.03686800,0.32700000
2018-02-25 09:09:07,0.03686900,0.13600000
2018-02-25 09:09:07,0.03689900,0.13300000
2018-02-25 09:09:07,0.03690000,8.50900000
2018-02-25 09:09:14,0.03690000,0.10000000
2018-02-25 09:09:21,0.03688000,1.23600000
2018-02-25 09:09:30,0.03688000,0.41300000
2018-02-25 09:09:30,0.03690000,2.18800000
2018-02-25 09:09:36,0.03681600,0.27100000
2018-02-25 09:09:36,0.03681500,0.31400000
2018-02-25 09:09:37,0.03689900,0.27100000
2018-02-25 09:09:37,0.03690000,0.26400000
2018-02-25 09:09:39,0.03690000,0.08100000
2018-02-25 09:09:46,0.03689800,0.39600000
2018-02-25 09:09:47,0.03689800,1.21000000
2018-02-25 09:09:51,0.03689800,1.00000000
2018-02-25 09:09:51,0.03681600,0.27100000
2018-02-25 09:09:51,0.03681500,0.00500000
2018-02-25 09:09:57,0.03685000,1.00000000
2018-02-25 09:10:06,0.03685000,0.04000000
2018-02-25 09:10:09,0.03685000,0.53100000
2018-02-25 09:10:09,0.03685000,2.75300000
2018-02-25 09:10:10,0.03689700,0.27100000
2018-02-25 09:10:11,0.03689800,1.88700000
2018-02-25 09:10:11,0.03690000,0.36500000
2018-02-25 09:10:11,0.03690000,0.30400000
2018-02-25 09:10:14,0.03690000,2.63000000
2018-02-25 09:10:15,0.03690000,3.73300000
2018-02-25 09:10:15,0.03690000,22.22100000
2018-02-25 09:10:15,0.03690000,5.99400000
2018-02-25 09:10:15,0.03695000,2.15400000
2018-02-25 09:10:15,0.03698000,7.49200000
2018-02-25 09:10:15,0.03698000,1.98000000
2018-02-25 09:10:15,0.03700000,2.50700000
2018-02-25 09:10:15,0.03700000,8.32400000
2018-02-25 09:10:15,0.03702900,0.14300000
2018-02-25 09:10:15,0.03703600,1.28200000
2018-02-25 09:10:16,0.03703600,0.03400000
2018-02-25 09:10:18,0.03690300,0.50000000
2018-02-25 09:10:18,0.03690200,0.53300000
2018-02-25 09:10:18,0.03708500,0.50000000
2018-02-25 09:10:18,0.03708600,0.09400000
2018-02-25 09:10:18,0.03708600,0.50100000
2018-02-25 09:10:18,0.03708600,0.26300000
2018-02-25 09:10:24,0.03714500,0.27000000
2018-02-25 09:10:24,0.03714600,3.30000000
2018-02-25 09:10:25,0.03690800,0.29300000
2018-02-25 09:10:26,0.03714500,0.50000000
2018-02-25 09:10:28,0.03714400,0.03500000
2018-02-25 09:10:32,0.03713500,0.25800000
2018-02-25 09:10:32,0.03713600,0.53100000
2018-02-25 09:10:33,0.03713600,0.03200000
2018-02-25 09:10:34,0.03703700,0.50000000
2018-02-25 09:10:34,0.03703600,0.50000000
2018-02-25 09:10:37,0.03709900,0.50000000
2018-02-25 09:10:37,0.03710000,0.30800000
2018-02-25 09:10:38,0.03710000,3.00000000
2018-02-25 09:10:41,0.03708600,0.03100000
2018-02-25 09:10:45,0.03710000,0.40700000
2018-02-25 09:10:46,0.03710100,0.50000000
2018-02-25 09:10:46,0.03710000,0.28800000
2018-02-25 09:10:48,0.03713400,0.30200000
2018-02-25 09:10:50,0.03713400,0.19800000
2018-02-25 09:10:51,0.03714400,0.03500000
2018-02-25 09:10:51,0.03715100,1.11600000
2018-02-25 09:10:52,0.03716000,0.10800000
2018-02-25 09:10:53,0.03716900,0.25000000
2018-02-25 09:10:56,0.03715200,0.04300000
2018-02-25 09:10:59,0.03715200,0.45700000
2018-02-25 09:10:59,0.03715100,0.03400000
2018-02-25 09:10:59,0.03713600,12.19300000
2018-02-25 09:11:02,0.03715000,0.04300000
2018-02-25 09:11:10,0.03715000,1.69200000
2018-02-25 09:11:12,0.03713600,0.03900000
2018-02-25 09:11:18,0.03714900,0.38200000
2018-02-25 09:11:22,0.03714900,0.26900000
2018-02-25 09:11:24,0.03714900,1.23600000
2018-02-25 09:11:26,0.03713600,8.12800000
2018-02-25 09:11:29,0.03714900,0.50000000
2018-02-25 09:11:33,0.03715000,0.05400000
2018-02-25 09:11:45,0.03713800,1.22100000
2018-02-25 09:11:48,0.03713800,0.05800000
2018-02-25 09:11:48,0.03713600,0.19400000
2018-02-25 09:11:49,0.03713600,1.06900000
2018-02-25 09:11:52,0.03713600,17.93800000
2018-02-25 09:11:53,0.03713600,4.57700000
2018-02-25 09:11:54,0.03713900,1.10000000
2018-02-25 09:11:56,0.03714800,0.02700000
2018-02-25 09:11:57,0.03708100,0.08100000
2018-02-25 09:11:58,0.03708100,0.52100000
2018-02-25 09:12:04,0.03712900,0.08100000
2018-02-25 09:12:06,0.03710000,0.45200000
2018-02-25 09:12:06,0.03710000,1.07700000
2018-02-25 09:12:06,0.03712900,0.45000000
2018-02-25 09:12:06,0.03712900,0.14700000
2018-02-25 09:12:06,0.03712900,3.40200000
2018-02-25 09:12:11,0.03712900,1.21300000
2018-02-25 09:12:11,0.03712900,1.21300000
2018-02-25 09:12:11,0.03712900,0.14600000
2018-02-25 09:12:11,0.03712900,1.35900000
2018-02-25 09:12:12,0.03712900,1.35900000
2018-02-25 09:12:16,0.03712900,0.00100000
2018-02-25 09:12:17,0.03714800,2.83700000
2018-02-25 09:12:17,0.03712900,1.05800000
2018-02-25 09:12:33,0.03698600,0.50000000
2018-02-25 09:12:33,0.03698500,0.40500000
2018-02-25 09:12:33,0.03697000,0.27000000
2018-02-25 09:12:33,0.03696700,0.23300000
2018-02-25 09:12:33,0.03692500,0.09200000
2018-02-25 09:12:40,0.03711100,0.03200000
2018-02-25 09:12:42,0.03693300,0.16000000
2018-02-25 09:12:55,0.03699100,0.03000000
2018-02-25 09:12:57,0.03699100,0.24000000
2018-02-25 09:12:57,0.03693600,0.13900000
2018-02-25 09:13:01,0.03699200,0.22800000
2018-02-25 09:13:08,0.03700000,0.09700000
2018-02-25 09:13:08,0.03699200,0.04200000
2018-02-25 09:13:08,0.03698800,0.23500000
2018-02-25 09:13:29,0.03699700,0.00600000
2018-02-25 09:13:30,0.03698800,0.49400000
2018-02-25 09:13:34,0.03699600,0.29900000
2018-02-25 09:13:34,0.03699800,0.09200000
2018-02-25 09:13:35,0.03700000,0.28700000
2018-02-25 09:13:45,0.03705000,0.82000000
2018-02-25 09:13:47,0.03700100,0.01500000
2018-02-25 09:13:51,0.03700100,0.47900000
2018-02-25 09:13:55,0.03700500,0.11200000
2018-02-25 09:14:01,0.03710700,0.50000000
2018-02-25 09:14:01,0.03710800,0.27000000
2018-02-25 09:14:02,0.03711300,0.49400000
2018-02-25 09:14:03,0.03711600,1.71800000
2018-02-25 09:14:03,0.03711600,0.43700000
2018-02-25 09:14:03,0.03712100,0.23300000
2018-02-25 09:14:06,0.03712900,2.78900000
2018-02-25 09:14:06,0.03715000,0.34000000
2018-02-25 09:14:07,0.03715200,0.10000000
2018-02-25 09:14:11,0.03712200,0.50000000
2018-02-25 09:14:11,0.03712100,0.26900000
2018-02-25 09:14:12,0.03711600,2.46500000
2018-02-25 09:14:14,0.03719600,0.50000000
2018-02-25 09:14:14,0.03719700,0.56200000
2018-02-25 09:14:14,0.03719800,0.10800000
2018-02-25 09:14:14,0.03719900,0.39000000
2018-02-25 09:14:16,0.03719900,0.08100000
2018-02-25 09:14:17,0.03719900,0.13100000
2018-02-25 09:14:19,0.03719900,0.54900000
2018-02-25 09:14:19,0.03720600,0.16600000
2018-02-25 09:14:19,0.03722700,0.50000000
2018-02-25 09:14:24,0.03722700,1.01200000
2018-02-25 09:14:24,0.03724500,0.54500000
2018-02-25 09:14:26,0.03727700,1.75300000
2018-02-25 09:14:26,0.03727700,0.38000000
2018-02-25 09:14:26,0.03727700,0.16300000
2018-02-25 09:14:27,0.03720600,2.24200000
2018-02-25 09:14:27,0.03727500,0.02700000
2018-02-25 09:14:31,0.03727500,0.03100000
2018-02-25 09:14:31,0.03727600,0.21700000
2018-02-25 09:14:31,0.03729300,0.13500000
2018-02-25 09:14:31,0.03729500,0.50000000
2018-02-25 09:14:31,0.03729900,0.86300000
2018-02-25 09:14:31,0.03730000,0.24900000
2018-02-25 09:14:35,0.03729900,3.23400000
2018-02-25 09:14:35,0.03730000,6.00200000
2018-02-25 09:14:37,0.03730000,0.13400000
2018-02-25 09:14:37,0.03730000,11.08900000
2018-02-25 09:14:37,0.03731300,0.05300000
2018-02-25 09:14:37,0.03732000,0.05400000
2018-02-25 09:14:37,0.03732500,0.18900000
2018-02-25 09:14:38,0.03733900,0.05700000
2018-02-25 09:14:38,0.03735500,0.45700000
2018-02-25 09:14:38,0.03736800,0.03000000
2018-02-25 09:14:38,0.03737300,0.08500000
2018-02-25 09:14:38,0.03738500,0.18900000
2018-02-25 09:14:38,0.03738700,0.08100000
2018-02-25 09:14:38,0.03739500,1.07700000
2018-02-25 09:14:38,0.03739600,0.26900000
2018-02-25 09:14:38,0.03740000,8.54400000
2018-02-25 09:14:38,0.03740600,0.26900000
2018-02-25 09:14:38,0.03740700,0.21500000
2018-02-25 09:14:38,0.03741100,0.52000000
2018-02-25 09:14:39,0.03741000,0.50000000
2018-02-25 09:14:39,0.03741100,2.42400000
2018-02-25 09:14:41,0.03740000,0.55000000
2018-02-25 09:14:41,0.03744000,0.73100000
2018-02-25 09:14:41,0.03740000,0.58700000
2018-02-25 09:14:41,0.03740000,0.26900000
2018-02-25 09:14:42,0.03740000,0.80600000
2018-02-25 09:14:42,0.03744000,0.18300000
2018-02-25 09:14:43,0.03740000,0.26600000
2018-02-25 09:14:43,0.03742000,0.04500000
2018-02-25 09:14:44,0.03740100,0.26600000
2018-02-25 09:14:45,0.03742000,0.01200000
2018-02-25 09:14:45,0.03740100,0.04300000
2018-02-25 09:14:46,0.03742000,0.00300000
2018-02-25 09:14:46,0.03740100,0.19100000
2018-02-25 09:14:46,0.03740000,0.03100000
2018-02-25 09:14:48,0.03740000,0.39600000
2018-02-25 09:14:48,0.03740000,4.10800000
2018-02-25 09:14:49,0.03741900,0.50000000
2018-02-25 09:14:49,0.03742000,0.04000000
2018-02-25 09:14:49,0.03744000,0.42300000
2018-02-25 09:14:51,0.03743900,0.26700000
2018-02-25 09:14:51,0.03722600,0.06800000
2018-02-25 09:14:52,0.03723500,1.84500000
2018-02-25 09:14:52,0.03743800,0.06700000
2018-02-25 09:14:53,0.03723500,0.06700000
2018-02-25 09:14:53,0.03740000,0.28200000
2018-02-25 09:14:54,0.03723700,0.06000000
2018-02-25 09:14:55,0.03739900,0.08000000
2018-02-25 09:14:55,0.03739900,0.04300000
2018-02-25 09:14:56,0.03739900,0.00200000
2018-02-25 09:14:59,0.03739700,1.00000000
2018-02-25 09:14:59,0.03739700,0.07200000
2018-02-25 09:15:03,0.03725500,1.29500000
2018-02-25 09:15:03,0.03725400,1.29400000
2018-02-25 09:15:05,0.03725400,0.03400000
2018-02-25 09:15:05,0.03739400,0.24800000
2018-02-25 09:15:06,0.03739400,0.18700000
2018-02-25 09:15:08,0.03725100,0.40800000
2018-02-25 09:15:12,0.03728000,0.39600000
2018-02-25 09:15:14,0.03723600,0.02700000
2018-02-25 09:15:14,0.03722300,0.13300000
2018-02-25 09:15:15,0.03720500,0.33800000
2018-02-25 09:15:18,0.03719900,0.21400000
2018-02-25 09:15:18,0.03720000,0.23000000
2018-02-25 09:15:18,0.03720000,0.22900000
2018-02-25 09:15:18,0.03720000,0.19400000
2018-02-25 09:15:18,0.03720000,0.19400000
2018-02-25 09:15:18,0.03720000,0.23300000
2018-02-25 09:15:18,0.03715500,0.22900000
2018-02-25 09:15:24,0.03703500,0.12400000
2018-02-25 09:15:27,0.03710000,0.03300000
2018-02-25 09:15:28,0.03710000,0.96700000
2018-02-25 09:15:29,0.03709900,0.50000000
2018-02-25 09:15:29,0.03710000,0.03300000
2018-02-25 09:15:31,0.03710000,2.72400000
2018-02-25 09:15:33,0.03710000,1.44700000
2018-02-25 09:15:34,0.03710000,2.72400000
2018-02-25 09:15:35,0.03710000,5.91000000
2018-02-25 09:15:35,0.03710000,4.65000000
2018-02-25 09:15:39,0.03717800,0.37900000
2018-02-25 09:15:39,0.03717900,0.35500000
2018-02-25 09:15:39,0.03718100,0.71600000
2018-02-25 09:15:39,0.03718200,1.06000000
2018-02-25 09:15:39,0.03718300,0.33800000
2018-02-25 09:15:39,0.03718800,0.15500000
2018-02-25 09:15:39,0.03720000,4.07800000
2018-02-25 09:15:39,0.03720000,3.04800000
2018-02-25 09:15:39,0.03720100,1.10900000
2018-02-25 09:15:40,0.03720200,2.74700000
2018-02-25 09:15:41,0.03720200,0.15900000
2018-02-25 09:15:44,0.03737500,0.03200000
2018-02-25 09:15:47,0.03737300,0.06700000
2018-02-25 09:15:49,0.03721400,0.69100000
2018-02-25 09:15:49,0.03721300,0.39400000
2018-02-25 09:15:49,0.03720900,0.26800000
2018-02-25 09:15:49,0.03720800,3.47100000
2018-02-25 09:15:49,0.03720100,0.03400000
2018-02-25 09:15:49,0.03720000,0.02700000
2018-02-25 09:15:50,0.03720000,0.50000000
2018-02-25 09:15:57,0.03720000,0.69000000
2018-02-25 09:15:57,0.03720000,0.52100000
2018-02-25 09:15:59,0.03720000,36.95000000
2018-02-25 09:16:00,0.03720200,1.38200000
2018-02-25 09:16:00,0.03720000,2.59900000
2018-02-25 09:16:05,0.03720000,7.87000000
2018-02-25 09:16:05,0.03720200,5.60400000
2018-02-25 09:16:07,0.03721000,0.24100000
2018-02-25 09:16:07,0.03721300,0.86900000
2018-02-25 09:16:08,0.03721000,0.41400000
2018-02-25 09:16:08,0.03720000,1.14400000
2018-02-25 09:16:10,0.03720200,1.85300000
2018-02-25 09:16:11,0.03721100,1.61600000
2018-02-25 09:16:11,0.03720000,6.64300000
2018-02-25 09:16:13,0.03719900,0.12100000
2018-02-25 09:16:17,0.03719500,0.37900000
2018-02-25 09:16:17,0.03719600,0.15800000
2018-02-25 09:16:19,0.03719800,0.11000000
2018-02-25 09:16:19,0.03719900,2.79000000
2018-02-25 09:16:27,0.03719500,0.06700000
2018-02-25 09:16:29,0.03719500,0.53800000
2018-02-25 09:16:30,0.03710900,0.48800000
2018-02-25 09:16:34,0.03719400,0.67900000
2018-02-25 09:16:35,0.03710100,0.26900000
2018-02-25 09:16:35,0.03710000,0.46100000
2018-02-25 09:16:37,0.03710000,3.01000000
2018-02-25 09:16:37,0.03710000,7.75300000
2018-02-25 09:16:45,0.03704400,3.70400000
2018-02-25 09:16:47,0.03710000,0.04400000
2018-02-25 09:16:52,0.03704200,0.64400000
2018-02-25 09:16:55,0.03710000,1.20900000
2018-02-25 09:16:55,0.03710000,1.75700000
2018-02-25 09:16:55,0.03710000,2.46700000
2018-02-25 09:16:55,0.03710000,0.96500000
2018-02-25 09:16:56,0.03719000,0.03600000
2018-02-25 09:16:58,0.03705100,0.08400000
2018-02-25 09:17:04,0.03718200,0.08100000
2018-02-25 09:17:04,0.03705100,0.46400000
2018-02-25 09:17:04,0.03705000,0.26400000
2018-02-25 09:17:13,0.03705200,0.08100000
2018-02-25 09:17:13,0.03705100,1.16700000
2018-02-25 09:17:16,0.03717200,0.04300000
2018-02-25 09:17:16,0.03705100,0.08200000
2018-02-25 09:17:19,0.03705100,1.20500000
2018-02-25 09:17:19,0.03705000,19.13500000
2018-02-25 09:17:28,0.03705100,0.05600000
2018-02-25 09:17:47,0.03705100,1.38100000
2018-02-25 09:17:51,0.03705100,0.09600000
2018-02-25 09:17:51,0.03705100,0.25800000
2018-02-25 09:17:53,0.03705100,0.00100000
2018-02-25 09:17:53,0.03705000,8.14100000
2018-02-25 09:17:56,0.03705000,8.17900000
2018-02-25 09:17:56,0.03705500,0.50000000
2018-02-25 09:17:56,0.03705000,3.64200000
2018-02-25 09:18:00,0.03705000,28.69100000
2018-02-25 09:18:05,0.03705000,3.20000000
2018-02-25 09:18:07,0.03705000,10.56000000
2018-02-25 09:18:08,0.03709900,0.09200000
2018-02-25 09:18:09,0.03705000,0.74600000
2018-02-25 09:18:13,0.03704900,0.10800000
2018-02-25 09:18:16,0.03702100,0.23300000
2018-02-25 09:18:20,0.03704900,9.86600000
2018-02-25 09:18:21,0.03705000,0.36400000
2018-02-25 09:18:21,0.03709900,2.13600000
2018-02-25 09:18:23,0.03701400,4.05900000
2018-02-25 09:18:23,0.03709800,0.22600000
2018-02-25 09:18:23,0.03709900,2.22800000
2018-02-25 09:18:23,0.03710000,2.03500000
2018-02-25 09:18:28,0.03709600,6.92500000
2018-02-25 09:18:28,0.03709500,0.27000000
2018-02-25 09:18:28,0.03709500,4.48300000
2018-02-25 09:18:28,0.03709500,5.38000000
2018-02-25 09:18:28,0.03709500,5.38000000
2018-02-25 09:18:28,0.03709500,4.48300000
2018-02-25 09:18:28,0.03709500,5.37900000
2018-02-25 09:18:29,0.03709500,0.06700000
2018-02-25 09:18:30,0.03705000,0.26900000
2018-02-25 09:18:30,0.03701300,3.05100000
2018-02-25 09:18:31,0.03709400,0.08600000
2018-02-25 09:18:34,0.03701300,1.54200000
2018-02-25 09:18:34,0.03701100,0.45100000
2018-02-25 09:18:39,0.03702800,0.13500000
2018-02-25 09:18:41,0.03703400,0.13500000
2018-02-25 09:18:42,0.03702100,2.98300000
2018-02-25 09:18:45,0.03701900,0.13500000
2018-02-25 09:18:45,0.03701100,1.98400000
2018-02-25 09:18:46,0.03700000,7.70400000
2018-02-25 09:18:46,0.03699900,0.53100000
2018-02-25 09:18:46,0.03699200,5.40700000
2018-02-25 09:18:46,0.03699000,3.43500000
2018-02-25 09:18:46,0.03698800,1.43700000
2018-02-25 09:18:46,0.03697900,0.65900000
2018-02-25 09:18:46,0.03697700,0.96300000
2018-02-25 09:18:47,0.03698700,5.40700000
2018-02-25 09:18:48,0.03698700,0.27000000
2018-02-25 09:18:48,0.03698300,5.40800000
2018-02-25 09:18:48,0.03691800,0.53400000
2018-02-25 09:18:49,0.03708600,0.50000000
2018-02-25 09:18:49,0.03708700,0.18300000
2018-02-25 09:18:49,0.03709000,0.86700000
2018-02-25 09:18:49,0.03698500,0.08700000
2018-02-25 09:18:50,0.03698500,0.50000000
2018-02-25 09:18:50,0.03698400,0.29700000
2018-02-25 09:18:51,0.03691900,0.18300000
2018-02-25 09:18:51,0.03691800,0.72000000
2018-02-25 09:18:53,0.03691800,5.88100000
2018-02-25 09:18:53,0.03691700,0.84900000
2018-02-25 09:18:57,0.03691700,3.27000000
2018-02-25 09:19:00,0.03699800,0.06800000
2018-02-25 09:19:01,0.03699800,0.01200000
2018-02-25 09:19:02,0.03691700,2.08700000
2018-02-25 09:19:07,0.03691000,2.11300000
2018-02-25 09:19:08,0.03691000,0.10800000
2018-02-25 09:19:09,0.03688200,0.20000000
2018-02-25 09:19:15,0.03688200,0.47800000
2018-02-25 09:19:20,0.03688100,0.04100000
2018-02-25 09:19:24,0.03688000,0.07000000
2018-02-25 09:19:26,0.03687900,0.13700000
2018-02-25 09:19:33,0.03686600,0.05400000
2018-02-25 09:19:33,0.03684000,1.88600000
2018-02-25 09:19:33,0.03683900,0.27100000
2018-02-25 09:19:33,0.03683800,0.05400000
2018-02-25 09:19:33,0.03682900,0.46200000
2018-02-25 09:19:33,0.03682800,0.54300000
2018-02-25 09:19:33,0.03682700,0.92400000
2018-02-25 09:19:33,0.03680700,0.21700000
2018-02-25 09:19:34,0.03687700,0.16000000
2018-02-25 09:19:35,0.03687700,0.13500000
2018-02-25 09:19:36,0.03687800,0.34300000
2018-02-25 09:19:36,0.03688000,8.89600000
2018-02-25 09:19:37,0.03688000,0.17500000
2018-02-25 09:19:38,0.03688000,1.19500000
2018-02-25 09:19:38,0.03687700,3.67000000
2018-02-25 09:19:38,0.03680700,0.73700000
2018-02-25 09:19:44,0.03680700,2.30800000
2018-02-25 09:19:44,0.03680600,0.13600000
2018-02-25 09:19:44,0.03680000,1.96600000
2018-02-25 09:19:46,0.03688100,0.26700000
2018-02-25 09:19:46,0.03688100,0.22300000
2018-02-25 09:19:46,0.03688100,0.26700000
2018-02-25 09:19:46,0.03688100,0.36100000
2018-02-25 09:19:46,0.03688100,0.26700000
2018-02-25 09:19:46,0.03688100,0.26700000
2018-02-25 09:19:46,0.03688100,0.22300000
2018-02-25 09:19:47,0.03680700,0.35600000
2018-02-25 09:19:47,0.03680700,0.29300000
2018-02-25 09:19:49,0.03680700,0.22700000
2018-02-25 09:19:49,0.03680700,0.16800000
2018-02-25 09:19:51,0.03681300,0.22700000
2018-02-25 09:19:51,0.03680700,0.04000000
2018-02-25 09:20:03,0.03688100,0.05400000
2018-02-25 09:20:17,0.03687900,0.22300000
2018-02-25 09:20:17,0.03688000,0.22300000
2018-02-25 09:20:17,0.03688100,0.82000000
2018-02-25 09:20:26,0.03688100,0.05500000
2018-02-25 09:20:26,0.03683700,0.21600000
2018-02-25 09:20:26,0.03683300,0.11100000
2018-02-25 09:20:26,0.03681700,0.16700000
2018-02-25 09:20:26,0.03680800,2.28700000
2018-02-25 09:20:30,0.03688100,2.16100000
2018-02-25 09:20:30,0.03689900,0.05000000
2018-02-25 09:20:31,0.03691000,2.80600000
2018-02-25 09:20:34,0.03681600,0.27100000
2018-02-25 09:20:34,0.03681500,0.49100000
2018-02-25 09:20:46,0.03696500,0.50000000
2018-02-25 09:20:46,0.03696600,0.27100000
2018-02-25 09:20:47,0.03698300,0.40500000
2018-02-25 09:20:47,0.03698400,0.63200000
2018-02-25 09:20:47,0.03700000,1.76300000
2018-02-25 09:20:47,0.03708000,5.30000000
2018-02-25 09:20:51,0.03707900,0.03200000
2018-02-25 09:20:52,0.03707800,0.26700000
2018-02-25 09:20:52,0.03707900,4.75600000
2018-02-25 09:20:52,0.03708500,0.92400000
2018-02-25 09:20:52,0.03708600,0.54300000
2018-02-25 09:20:52,0.03708700,0.46200000
2018-02-25 09:20:52,0.03709000,1.14800000
2018-02-25 09:20:53,0.03709000,0.41900000
2018-02-25 09:20:55,0.03708500,0.29300000
2018-02-25 09:20:55,0.03708500,3.48300000
2018-02-25 09:21:10,0.03700000,0.72200000
2018-02-25 09:21:10,0.03708400,0.21600000
2018-02-25 09:21:14,0.03688100,0.27100000
2018-02-25 09:21:14,0.03688000,0.14800000
2018-02-25 09:21:22,0.03689500,0.12600000
2018-02-25 09:21:39,0.03694000,0.77900000
2018-02-25 09:21:44,0.03694500,1.14900000
2018-02-25 09:21:44,0.03694300,0.72200000
2018-02-25 09:21:44,0.03694000,0.51600000
2018-02-25 09:21:44,0.03694000,1.26500000
2018-02-25 09:21:47,0.03694100,0.51600000
2018-02-25 09:21:47,0.03689600,0.86200000
2018-02-25 09:21:52,0.03690000,1.98500000
2018-02-25 09:21:56,0.03702600,0.10100000
2018-02-25 09:22:07,0.03701100,0.03200000
2018-02-25 09:22:08,0.03700900,0.11800000
2018-02-25 09:22:11,0.03700700,0.23900000
2018-02-25 09:22:11,0.03700800,0.23700000
2018-02-25 09:22:11,0.03691400,0.03400000
2018-02-25 09:22:26,0.03699900,0.15700000
2018-02-25 09:22:39,0.03700000,3.70500000
2018-02-25 09:22:40,0.03700000,0.09500000
2018-02-25 09:22:42,0.03700000,0.92200000
2018-02-25 09:22:42,0.03702600,0.25900000
2018-02-25 09:22:42,0.03703400,0.29700000
2018-02-25 09:22:44,0.03705000,0.15100000
2018-02-25 09:22:55,0.03703400,0.02200000
2018-02-25 09:23:22,0.03704600,0.40500000
2018-02-25 09:23:22,0.03704700,0.63600000
2018-02-25 09:23:27,0.03704700,2.47900000
2018-02-25 09:23:27,0.03704700,5.36600000
2018-02-25 09:23:29,0.03697500,0.50000000
2018-02-25 09:23:29,0.03697400,0.13400000
2018-02-25 09:23:30,0.03704800,0.03000000
2018-02-25 09:23:57,0.03701800,0.43600000
2018-02-25 09:23:58,0.03701800,0.03400000
2018-02-25 09:23:58,0.03701900,0.13400000
2018-02-25 09:23:58,0.03704700,0.83200000
2018-02-25 09:24:02,0.03704600,0.10000000
2018-02-25 09:24:14,0.03704600,0.33100000
2018-02-25 09:24:35,0.03696700,0.27000000
2018-02-25 09:24:35,0.03696600,1.00000000
2018-02-25 09:24:35,0.03696000,2.58000000
2018-02-25 09:24:35,0.03690300,2.05300000
2018-02-25 09:24:57,0.03704000,0.26900000
2018-02-25 09:25:03,0.03703800,0.26900000
2018-02-25 09:25:12,0.03702900,0.03200000
2018-02-25 09:25:13,0.03702800,0.25700000
2018-02-25 09:25:33,0.03700500,0.23800000
2018-02-25 09:25:33,0.03700600,0.20500000
2018-02-25 09:25:33,0.03704100,0.98100000
2018-02-25 09:25:33,0.03704100,6.51900000
2018-02-25 09:25:49,0.03702700,0.09700000
2018-02-25 09:25:51,0.03702700,0.12600000
2018-02-25 09:25:55,0.03702800,2.07500000
2018-02-25 09:25:57,0.03702700,2.77600000
2018-02-25 09:25:58,0.03702700,2.57700000
2018-02-25 09:25:59,0.03702700,0.29400000
2018-02-25 09:26:05,0.03702700,0.33900000
2018-02-25 09:26:05,0.03702700,0.33900000
2018-02-25 09:26:05,0.03696600,0.33900000
2018-02-25 09:26:08,0.03702700,6.72100000
2018-02-25 09:26:29,0.03702000,4.47200000
2018-02-25 09:26:31,0.03702000,3.51000000
2018-02-25 09:26:31,0.03702700,1.04800000
2018-02-25 09:26:34,0.03702700,0.10400000
2018-02-25 09:26:38,0.03702700,1.00000000
2018-02-25 09:26:49,0.03702000,1.32000000
2018-02-25 09:26:49,0.03700000,0.23100000
2018-02-25 09:26:49,0.03697000,2.14900000
2018-02-25 09:26:55,0.03702700,0.27000000
2018-02-25 09:27:08,0.03702700,7.74300000
2018-02-25 09:27:08,0.03704100,0.07000000
2018-02-25 09:27:08,0.03704600,1.17700000
2018-02-25 09:27:08,0.03704800,0.19700000
2018-02-25 09:27:08,0.03705000,0.36200000
2018-02-25 09:27:08,0.03709000,2.35500000
2018-02-25 09:27:08,0.03709100,4.59300000
2018-02-25 09:27:08,0.03709300,5.38000000
2018-02-25 09:27:08,0.03709500,12.30500000
2018-02-25 09:27:08,0.03709600,0.05400000
2018-02-25 09:27:08,0.03709700,0.27100000
2018-02-25 09:27:25,0.03713700,0.63800000
2018-02-25 09:27:25,0.03714000,0.36200000
2018-02-25 09:27:26,0.03710100,0.38300000
2018-02-25 09:27:28,0.03710100,0.63800000
2018-02-25 09:27:28,0.03710000,1.34500000
2018-02-25 09:27:33,0.03710100,1.28300000
2018-02-25 09:27:33,0.03710000,3.70900000
2018-02-25 09:27:54,0.03710000,0.17800000
2018-02-25 09:28:01,0.03710000,0.00100000
2018-02-25 09:28:02,0.03710000,0.31000000
2018-02-25 09:28:02,0.03710000,1.37800000
2018-02-25 09:28:03,0.03710000,0.20800000
2018-02-25 09:28:10,0.03702200,0.08700000
2018-02-25 09:28:12,0.03702400,0.48000000
2018-02-25 09:28:12,0.03702300,0.50000000
2018-02-25 09:28:12,0.03702100,0.53000000
2018-02-25 09:28:12,0.03701200,1.17700000
2018-02-25 09:28:12,0.03700900,2.97700000
2018-02-25 09:28:38,0.03710800,0.29700000
2018-02-25 09:28:38,0.03711500,0.50000000
2018-02-25 09:28:38,0.03711600,0.27000000
2018-02-25 09:28:38,0.03713400,1.17500000
2018-02-25 09:28:38,0.03714000,0.31600000
2018-02-25 09:28:38,0.03714200,0.05400000
2018-02-25 09:28:38,0.03715000,0.38800000
2018-02-25 09:28:38,0.03710000,0.03500000
2018-02-25 09:28:42,0.03715000,0.33100000
2018-02-25 09:28:42,0.03715000,0.00200000
2018-02-25 09:28:42,0.03720000,0.55800000
2018-02-25 09:28:42,0.03720000,0.07300000
2018-02-25 09:28:42,0.03720000,0.33300000
2018-02-25 09:28:42,0.03720000,0.13900000
2018-02-25 09:28:42,0.03720000,0.16700000
2018-02-25 09:28:42,0.03720000,0.16800000
2018-02-25 09:28:42,0.03720000,0.33300000
2018-02-25 09:28:43,0.03715000,0.07300000
2018-02-25 09:28:43,0.03720000,0.17400000
2018-02-25 09:28:43,0.03715000,0.26000000
2018-02-25 09:28:45,0.03720000,0.16800000
2018-02-25 09:28:45,0.03721200,0.03000000
2018-02-25 09:28:45,0.03724000,0.07100000
2018-02-25 09:28:45,0.03715600,0.09000000
2018-02-25 09:28:45,0.03715500,0.38000000
2018-02-25 09:28:46,0.03711900,0.41300000
2018-02-25 09:28:55,0.03713700,0.08500000
2018-02-25 09:28:55,0.03713100,0.13400000
2018-02-25 09:29:13,0.03713700,0.13400000
2018-02-25 09:29:13,0.03713100,0.31200000
2018-02-25 09:29:14,0.03719000,0.41300000
2018-02-25 09:29:14,0.03719100,0.09000000
2018-02-25 09:29:14,0.03719300,0.39300000
2018-02-25 09:29:14,0.03719300,0.59300000
2018-02-25 09:29:24,0.03711900,0.21500000
2018-02-25 09:29:24,0.03711600,0.26900000
2018-02-25 09:29:24,0.03711500,0.01600000
2018-02-25 09:29:24,0.03719300,0.03800000
2018-02-25 09:29:29,0.03719200,0.26900000
2018-02-25 09:29:29,0.03719300,0.10100000
2018-02-25 09:29:30,0.03719300,2.82600000
2018-02-25 09:29:31,0.03719900,1.81900000
2018-02-25 09:29:31,0.03719900,0.26800000
2018-02-25 09:29:35,0.03719300,3.62400000
2018-02-25 09:29:42,0.03719300,1.71600000
2018-02-25 09:29:42,0.03719300,5.34600000
2018-02-25 09:29:43,0.03711600,0.09700000
2018-02-25 09:29:54,0.03712100,0.07500000
2018-02-25 09:29:54,0.03712000,2.01500000
2018-02-25 09:30:02,0.03711600,2.69400000
2018-02-25 09:30:05,0.03711600,0.02700000
2018-02-25 09:30:06,0.03711600,0.27800000
2018-02-25 09:30:15,0.03711500,7.32000000
2018-02-25 09:30:18,0.03711100,0.33700000
2018-02-25 09:30:18,0.03711600,0.13800000
2018-02-25 09:30:33,0.03710000,0.08500000
2018-02-25 09:30:37,0.03710000,0.10500000
2018-02-25 09:30:38,0.03710000,1.00000000
2018-02-25 09:31:04,0.03709500,0.26900000
2018-02-25 09:31:07,0.03709500,0.10000000
2018-02-25 09:31:12,0.03709400,0.08100000
2018-02-25 09:31:13,0.03709400,0.29900000
2018-02-25 09:31:13,0.03709500,1.63700000
2018-02-25 09:31:13,0.03709500,1.61400000
2018-02-25 09:31:13,0.03709500,1.96400000
2018-02-25 09:31:16,0.03709500,2.74200000
2018-02-25 09:31:29,0.03709300,0.27900000
2018-02-25 09:31:30,0.03709200,0.21500000
2018-02-25 09:31:30,0.03709400,0.08500000
2018-02-25 09:31:30,0.03709500,6.77400000
2018-02-25 09:31:31,0.03709500,0.52900000
2018-02-25 09:31:33,0.03709500,0.29500000
2018-02-25 09:31:33,0.03709500,0.09400000
2018-02-25 09:31:33,0.03709500,0.71500000
2018-02-25 09:31:33,0.03709500,0.80700000
2018-02-25 09:31:33,0.03709500,0.11100000
2018-02-25 09:31:34,0.03709500,0.45600000
2018-02-25 09:31:34,0.03709500,1.76100000
2018-02-25 09:31:35,0.03709500,1.17300000
2018-02-25 09:31:35,0.03709500,4.37300000
2018-02-25 09:31:44,0.03705900,14.54100000
2018-02-25 09:31:45,0.03709500,2.68500000
2018-02-25 09:32:03,0.03709500,1.14100000
2018-02-25 09:32:33,0.03709500,7.49500000
2018-02-25 09:32:36,0.03703600,1.71400000
2018-02-25 09:32:46,0.03709500,6.00000000
2018-02-25 09:32:51,0.03709500,0.35200000
2018-02-25 09:32:51,0.03709500,1.48300000
2018-02-25 09:32:51,0.03709500,0.84000000
2018-02-25 09:32:51,0.03709600,0.64300000
2018-02-25 09:33:02,0.03704600,2.05100000
2018-02-25 09:33:12,0.03705000,0.03000000
2018-02-25 09:33:12,0.03704600,1.08400000
2018-02-25 09:33:15,0.03705400,0.08000000
2018-02-25 09:33:15,0.03704100,2.89200000
2018-02-25 09:33:38,0.03704200,0.44700000
2018-02-25 09:34:42,0.03710000,0.00400000
2018-02-25 09:34:57,0.03705000,0.03000000
2018-02-25 09:34:58,0.03710000,1.72900000
2018-02-25 09:34:59,0.03705400,0.08000000
2018-02-25 09:35:28,0.03710000,5.79400000
2018-02-25 09:35:30,0.03710000,0.59400000
2018-02-25 09:35:33,0.03711600,3.26000000
2018-02-25 09:35:35,0.03711600,0.40900000
2018-02-25 09:35:37,0.03706700,5.34100000
2018-02-25 09:35:45,0.03711600,1.79100000
2018-02-25 09:35:47,0.03719700,0.50000000
2018-02-25 09:35:47,0.03719800,2.15200000
2018-02-25 09:35:49,0.03706500,0.77900000
2018-02-25 09:35:51,0.03719600,0.60400000
2018-02-25 09:35:52,0.03711600,0.26900000
2018-02-25 09:35:54,0.03719700,0.05500000
2018-02-25 09:36:03,0.03719500,0.12000000
2018-02-25 09:36:03,0.03719600,0.48000000
2018-02-25 09:36:03,0.03719800,1.82400000
2018-02-25 09:36:08,0.03719800,0.71000000
2018-02-25 09:36:17,0.03719800,0.10900000
2018-02-25 09:36:24,0.03719800,0.20000000
2018-02-25 09:36:24,0.03719800,2.21200000
2018-02-25 09:36:35,0.03719700,0.98900000
2018-02-25 09:36:38,0.03719700,1.00000000
2018-02-25 09:36:57,0.03719700,3.70200000
2018-02-25 09:36:57,0.03719800,23.97800000
2018-02-25 09:36:58,0.03719700,0.05900000
2018-02-25 09:36:58,0.03719700,0.09000000
2018-02-25 09:36:59,0.03719800,5.09700000
2018-02-25 09:36:59,0.03719900,0.50000000
2018-02-25 09:37:01,0.03719900,0.49000000
2018-02-25 09:37:02,0.03719900,8.09900000
2018-02-25 09:37:02,0.03721200,0.32600000
2018-02-25 09:37:02,0.03721600,0.64200000
2018-02-25 09:37:10,0.03721600,0.28300000
2018-02-25 09:37:10,0.03724000,0.15700000
2018-02-25 09:37:10,0.03728800,1.45000000
2018-02-25 09:37:10,0.03728800,0.11300000
2018-02-25 09:37:11,0.03728800,15.75400000
2018-02-25 09:37:11,0.03729800,0.67500000
2018-02-25 09:37:11,0.03729900,3.62500000
2018-02-25 09:37:11,0.03730000,59.92000000
2018-02-25 09:37:12,0.03728800,0.54500000
2018-02-25 09:37:12,0.03730000,6.26400000
2018-02-25 09:37:12,0.03730000,16.11200000
2018-02-25 09:37:12,0.03730000,2.04100000
2018-02-25 09:37:12,0.03735000,0.72000000
2018-02-25 09:37:12,0.03728800,8.34200000
2018-02-25 09:37:13,0.03728700,5.49800000
2018-02-25 09:37:15,0.03737900,0.03800000
2018-02-25 09:37:19,0.03737900,0.29500000
2018-02-25 09:37:19,0.03737900,0.09400000
2018-02-25 09:37:22,0.03737900,0.70700000
2018-02-25 09:37:22,0.03738000,0.02900000
2018-02-25 09:37:22,0.03739900,1.48100000
2018-02-25 09:37:26,0.03737900,2.80000000
2018-02-25 09:37:26,0.03739900,12.74600000
2018-02-25 09:37:26,0.03740000,9.70400000
2018-02-25 09:37:26,0.03744000,0.50000000
2018-02-25 09:37:27,0.03744000,0.36100000
2018-02-25 09:37:33,0.03746300,0.20200000
2018-02-25 09:37:34,0.03744000,7.94300000
2018-02-25 09:37:35,0.03744000,7.71100000
2018-02-25 09:37:35,0.03740000,1.20000000
2018-02-25 09:37:35,0.03744000,0.03800000
2018-02-25 09:37:36,0.03737900,0.06300000
2018-02-25 09:37:37,0.03743900,0.56400000
2018-02-25 09:37:39,0.03730400,0.06200000
2018-02-25 09:37:39,0.03730400,0.08700000
2018-02-25 09:37:39,0.03730400,0.06700000
2018-02-25 09:37:39,0.03730400,0.05200000
2018-02-25 09:37:39,0.03733300,0.54600000
2018-02-25 09:37:39,0.03733400,0.08100000
2018-02-25 09:37:40,0.03730400,0.03400000
2018-02-25 09:37:41,0.03730300,0.08100000
2018-02-25 09:37:41,0.03733400,0.53500000
2018-02-25 09:37:43,0.03730300,0.80300000
2018-02-25 09:37:43,0.03730300,0.80300000
2018-02-25 09:37:43,0.03730300,0.77500000
2018-02-25 09:37:43,0.03722800,0.77500000
2018-02-25 09:37:43,0.03730200,0.07200000
2018-02-25 09:37:45,0.03730100,0.08100000
2018-02-25 09:37:45,0.03730200,0.19600000
2018-02-25 09:37:45,0.03730300,0.04300000
2018-02-25 09:37:45,0.03733400,0.92000000
2018-02-25 09:37:46,0.03720100,0.10500000
2018-02-25 09:37:47,0.03720300,0.19900000
2018-02-25 09:37:52,0.03720700,0.08400000
2018-02-25 09:37:53,0.03733000,0.71000000
2018-02-25 09:37:53,0.03733200,0.19900000
2018-02-25 09:37:53,0.03733300,0.30300000
2018-02-25 09:37:53,0.03733200,0.03400000
2018-02-25 09:37:59,0.03732900,0.08400000
2018-02-25 09:37:59,0.03733200,0.91600000
2018-02-25 09:37:59,0.03720300,0.26800000
2018-02-25 09:37:59,0.03720200,0.18600000
2018-02-25 09:38:00,0.03733100,0.16000000
2018-02-25 09:38:01,0.03720300,0.04100000
2018-02-25 09:38:08,0.03720600,0.91100000
2018-02-25 09:38:08,0.03720400,1.74100000
2018-02-25 09:38:13,0.03730900,1.74100000
2018-02-25 09:38:13,0.03731000,0.04100000
2018-02-25 09:38:13,0.03731100,0.26800000
2018-02-25 09:38:13,0.03731300,0.91100000
2018-02-25 09:38:13,0.03731400,1.88900000
2018-02-25 09:38:16,0.03720800,0.50000000
2018-02-25 09:38:16,0.03720700,0.75900000
2018-02-25 09:38:17,0.03732700,1.00000000
2018-02-25 09:38:17,0.03732800,0.75900000
2018-02-25 09:38:17,0.03733000,1.24600000
2018-02-25 09:38:17,0.03733000,1.75400000
2018-02-25 09:38:17,0.03733200,1.88300000
2018-02-25 09:38:17,0.03733200,0.08500000
2018-02-25 09:38:17,0.03733400,4.12500000
2018-02-25 09:38:31,0.03733300,0.50000000
2018-02-25 09:38:31,0.03733200,3.38200000
2018-02-25 09:38:32,0.03733300,0.51200000
2018-02-25 09:38:33,0.03733300,2.95300000
2018-02-25 09:38:39,0.03725800,0.16200000
2018-02-25 09:38:41,0.03733300,0.22400000
2018-02-25 09:38:42,0.03733300,0.26200000
2018-02-25 09:38:43,0.03725800,1.47600000
2018-02-25 09:38:43,0.03723100,1.89200000
2018-02-25 09:38:43,0.03720500,0.37100000
2018-02-25 09:38:43,0.03720200,2.68800000
2018-02-25 09:38:43,0.03720100,6.72000000
2018-02-25 09:38:43,0.03720000,0.21400000
2018-02-25 09:38:43,0.03712600,11.97700000
2018-02-25 09:38:44,0.03719800,1.10300000
2018-02-25 09:38:48,0.03719800,0.06400000
2018-02-25 09:38:48,0.03719800,0.41800000
2018-02-25 09:38:48,0.03720100,0.26800000
2018-02-25 09:38:53,0.03730000,0.06700000
2018-02-25 09:39:08,0.03729900,0.60900000
2018-02-25 09:39:08,0.03730000,0.80300000
2018-02-25 09:39:08,0.03730000,0.80300000
2018-02-25 09:39:08,0.03730000,0.37800000
2018-02-25 09:39:11,0.03733300,0.01300000
2018-02-25 09:39:12,0.03730100,0.37800000
2018-02-25 09:39:12,0.03730100,0.39200000
2018-02-25 09:39:24,0.03733200,0.17900000
2018-02-25 09:39:25,0.03727900,0.50200000
2018-02-25 09:39:45,0.03730000,0.20100000
2018-02-25 09:39:45,0.03733100,0.06000000
2018-02-25 09:39:50,0.03730000,0.08300000
2018-02-25 09:39:50,0.03727900,0.98100000
2018-02-25 09:39:50,0.03733000,0.26800000
2018-02-25 09:39:57,0.03727900,16.69400000
2018-02-25 09:40:05,0.03728000,4.26700000
2018-02-25 09:40:05,0.03727900,1.48700000
2018-02-25 09:40:15,0.03727900,0.75200000
2018-02-25 09:40:19,0.03727900,3.00000000
2018-02-25 09:40:22,0.03732300,0.13400000
2018-02-25 09:40:27,0.03732400,0.05700000
2018-02-25 09:40:29,0.03732400,2.55400000
2018-02-25 09:40:39,0.03732100,1.00000000
2018-02-25 09:40:47,0.03722100,1.89000000
2018-02-25 09:40:50,0.03722100,0.56400000
2018-02-25 09:40:56,0.03722400,0.50000000
2018-02-25 09:40:56,0.03722300,0.26800000
2018-02-25 09:40:56,0.03722100,4.32900000
2018-02-25 09:40:57,0.03739600,0.05300000
2018-02-25 09:41:03,0.03739400,0.70100000
2018-02-25 09:41:07,0.03727900,0.25400000
2018-02-25 09:41:15,0.03727900,0.02900000
2018-02-25 09:41:39,0.03728000,0.70200000
2018-02-25 09:41:47,0.03728000,1.69200000
2018-02-25 09:41:47,0.03728000,0.11200000
2018-02-25 09:41:50,0.03728000,2.55200000
2018-02-25 09:42:10,0.03728600,0.67400000
2018-02-25 09:42:11,0.03731800,0.11900000
2018-02-25 09:42:11,0.03732000,0.80200000
2018-02-25 09:42:11,0.03732000,1.88300000
2018-02-25 09:42:11,0.03732100,0.41400000
2018-02-25 09:42:22,0.03728500,0.03100000
2018-02-25 09:42:22,0.03728000,1.85700000
2018-02-25 09:42:23,0.03728000,0.75800000
2018-02-25 09:42:28,0.03724000,0.13400000
2018-02-25 09:42:28,0.03723200,0.13400000
2018-02-25 09:42:28,0.03722300,0.04000000
2018-02-25 09:42:39,0.03731000,0.70200000
2018-02-25 09:42:39,0.03731300,0.26800000
2018-02-25 09:42:39,0.03735000,1.84100000
2018-02-25 09:42:39,0.03738800,2.18900000
2018-02-25 09:42:52,0.03726400,0.30000000
2018-02-25 09:42:55,0.03726800,0.20000000
2018-02-25 09:42:55,0.03726700,0.26800000
2018-02-25 09:42:55,0.03726800,0.29800000
2018-02-25 09:42:57,0.03738100,1.00000000
2018-02-25 09:42:59,0.03722200,0.10400000
2018-02-25 09:43:07,0.03736700,0.08800000
2018-02-25 09:43:10,0.03727100,0.65700000
2018-02-25 09:43:30,0.03734400,0.02700000
2018-02-25 09:43:38,0.03732000,0.23100000
2018-02-25 09:43:39,0.03733600,0.41300000
2018-02-25 09:43:40,0.03733500,0.26800000
2018-02-25 09:43:40,0.03733600,0.94400000
2018-02-25 09:43:41,0.03734500,0.09600000
2018-02-25 09:43:41,0.03737400,0.60300000
2018-02-25 09:43:42,0.03737400,2.08500000
2018-02-25 09:43:42,0.03737500,3.18100000
2018-02-25 09:43:47,0.03726200,2.39200000
2018-02-25 09:43:49,0.03737400,0.26100000
2018-02-25 09:43:49,0.03737500,0.88700000
2018-02-25 09:43:49,0.03737500,1.00000000
2018-02-25 09:43:49,0.03737500,1.00000000
2018-02-25 09:43:49,0.03737500,0.65200000
2018-02-25 09:43:49,0.03738200,0.03600000
2018-02-25 09:43:53,0.03738600,2.36700000
2018-02-25 09:44:03,0.03738600,0.02500000
2018-02-25 09:44:03,0.03738600,0.26800000
2018-02-25 09:44:03,0.03738600,0.29500000
2018-02-25 09:44:03,0.03738600,0.23100000
2018-02-25 09:44:03,0.03738600,0.23100000
2018-02-25 09:44:04,0.03738600,0.61500000
2018-02-25 09:44:04,0.03738600,0.15700000
2018-02-25 09:44:04,0.03738700,1.99200000
2018-02-25 09:44:04,0.03738900,8.75500000
2018-02-25 09:44:04,0.03740000,8.17000000
2018-02-25 09:44:05,0.03740000,0.50000000
2018-02-25 09:44:07,0.03740000,10.24700000
2018-02-25 09:44:11,0.03744900,0.09500000
2018-02-25 09:44:12,0.03744900,6.68100000
2018-02-25 09:44:22,0.03745000,1.54000000
2018-02-25 09:44:22,0.03745100,0.15900000
2018-02-25 09:44:22,0.03746300,5.35000000
2018-02-25 09:44:23,0.03746900,0.26900000
2018-02-25 09:44:23,0.03747000,0.10200000
2018-02-25 09:44:23,0.03747800,0.58100000
2018-02-25 09:44:23,0.03747900,0.08100000
2018-02-25 09:44:24,0.03749900,0.40000000
2018-02-25 09:44:25,0.03750000,1.23000000
2018-02-25 09:44:25,0.03750000,1.46600000
2018-02-25 09:44:25,0.03750000,1.71900000
2018-02-25 09:44:25,0.03750000,1.97700000
2018-02-25 09:44:27,0.03750000,1.73100000
2018-02-25 09:44:27,0.03750000,0.04600000
2018-02-25 09:44:28,0.03750000,0.19600000
2018-02-25 09:44:28,0.03750000,0.69800000
2018-02-25 09:44:29,0.03750000,0.56600000
2018-02-25 09:44:29,0.03750000,0.69900000
2018-02-25 09:44:35,0.03750400,1.66700000
2018-02-25 09:44:35,0.03755300,0.19200000
2018-02-25 09:44:35,0.03757000,0.53700000
2018-02-25 09:44:35,0.03760000,3.23200000
2018-02-25 09:44:35,0.03762000,0.47300000
2018-02-25 09:44:37,0.03761900,1.43300000
2018-02-25 09:44:37,0.03762000,0.33900000
2018-02-25 09:44:37,0.03764400,0.24400000
2018-02-25 09:44:39,0.03764400,0.57200000
2018-02-25 09:44:39,0.03764600,0.43500000
2018-02-25 09:44:39,0.03766000,2.90800000
2018-02-25 09:44:39,0.03766500,0.03200000
2018-02-25 09:44:39,0.03767400,0.05300000
2018-02-25 09:44:41,0.03767400,0.03900000
2018-02-25 09:44:41,0.03772200,1.82400000
2018-02-25 09:44:41,0.03772200,0.55600000
2018-02-25 09:44:43,0.03751300,0.12300000
2018-02-25 09:44:45,0.03761500,0.12300000
2018-02-25 09:44:45,0.03761600,0.10000000
2018-02-25 09:44:45,0.03767400,10.60900000
2018-02-25 09:44:45,0.03772200,1.46200000
2018-02-25 09:44:49,0.03771400,0.15600000
2018-02-25 09:44:49,0.03771500,0.34700000
2018-02-25 09:44:54,0.03771400,0.15300000
2018-02-25 09:44:54,0.03771500,1.77300000
2018-02-25 09:44:55,0.03771500,1.03500000
2018-02-25 09:44:56,0.03771500,1.19200000
2018-02-25 09:44:56,0.03771500,0.05700000
2018-02-25 09:44:57,0.03754500,0.26600000
2018-02-25 09:44:57,0.03754400,2.43400000
2018-02-25 09:44:57,0.03754300,5.29200000
2018-02-25 09:44:57,0.03754200,6.36700000
2018-02-25 09:44:57,0.03754200,0.29200000
2018-02-25 09:44:57,0.03753000,0.33600000
2018-02-25 09:44:57,0.03751700,0.13200000
2018-02-25 09:44:57,0.03751600,2.80500000
2018-02-25 09:44:57,0.03751500,6.54900000
2018-02-25 09:44:57,0.03751100,1.79900000
2018-02-25 09:44:57,0.03753900,16.36600000
2018-02-25 09:44:57,0.03753000,7.20100000
2018-02-25 09:44:58,0.03744900,0.50000000
2018-02-25 09:44:58,0.03751000,0.22900000
2018-02-25 09:44:59,0.03740000,0.26300000
2018-02-25 09:44:59,0.03751000,0.03700000
2018-02-25 09:44:59,0.03751100,0.03400000
2018-02-25 09:44:59,0.03770000,0.01400000
2018-02-25 09:44:59,0.03750000,0.21200000
2018-02-25 09:44:59,0.03740100,0.09500000
2018-02-25 09:44:59,0.03740700,0.17700000
2018-02-25 09:44:59,0.03740700,0.17700000
2018-02-25 09:45:00,0.03740200,0.07000000
2018-02-25 09:45:00,0.03740200,0.10800000
2018-02-25 09:45:00,0.03740400,0.10000000
2018-02-25 09:45:01,0.03740500,0.04200000
2018-02-25 09:45:01,0.03740500,0.06800000
2018-02-25 09:45:01,0.03740500,1.02300000
2018-02-25 09:45:01,0.03740500,0.06800000
2018-02-25 09:45:01,0.03740500,0.02100000
2018-02-25 09:45:01,0.03740400,0.11500000
2018-02-25 09:45:02,0.03740500,0.26700000
2018-02-25 09:45:02,0.03740400,0.44700000
2018-02-25 09:45:02,0.03740400,0.10800000
2018-02-25 09:45:02,0.03740400,0.07600000
2018-02-25 09:45:03,0.03740600,0.05400000
2018-02-25 09:45:03,0.03740600,1.28500000
2018-02-25 09:45:03,0.03740600,0.13500000
2018-02-25 09:45:03,0.03740600,0.06700000
2018-02-25 09:45:04,0.03740600,0.06800000
2018-02-25 09:45:04,0.03740600,0.19000000
2018-02-25 09:45:04,0.03740600,0.10800000
2018-02-25 09:45:06,0.03740600,0.76600000
2018-02-25 09:45:09,0.03740600,2.62400000
2018-02-25 09:45:09,0.03741000,0.21600000
2018-02-25 09:45:12,0.03741000,0.06800000
2018-02-25 09:45:16,0.03741000,0.50400000
2018-02-25 09:45:17,0.03741000,0.08100000
2018-02-25 09:45:17,0.03741000,0.15100000
2018-02-25 09:45:17,0.03741000,0.29000000
2018-02-25 09:45:18,0.03758600,2.43300000
2018-02-25 09:45:18,0.03758700,1.54000000
2018-02-25 09:45:24,0.03758100,1.30000000
2018-02-25 09:45:27,0.03744100,0.06800000
2018-02-25 09:45:28,0.03744200,0.29300000
2018-02-25 09:45:28,0.03744100,0.93200000
2018-02-25 09:45:28,0.03744000,0.93500000
2018-02-25 09:45:42,0.03748900,0.50000000
2018-02-25 09:45:42,0.03749000,1.73600000
2018-02-25 09:45:42,0.03749100,0.09500000
2018-02-25 09:45:42,0.03749300,5.94300000
2018-02-25 09:45:42,0.03750000,0.79800000
2018-02-25 09:45:43,0.03748900,0.29300000
2018-02-25 09:45:45,0.03755400,0.26700000
2018-02-25 09:45:45,0.03755500,0.14000000
2018-02-25 09:45:46,0.03757000,0.25600000
2018-02-25 09:45:46,0.03759400,0.13200000
2018-02-25 09:45:46,0.03760000,0.21200000
2018-02-25 09:45:46,0.03769700,0.45100000
2018-02-25 09:45:50,0.03750100,0.39500000
2018-02-25 09:45:53,0.03755500,0.61700000
2018-02-25 09:45:53,0.03769400,3.47500000
2018-02-25 09:45:54,0.03755500,0.29500000
2018-02-25 09:45:56,0.03755800,0.30300000
2018-02-25 09:45:56,0.03755700,0.50000000
2018-02-25 09:45:56,0.03755600,0.26600000
2018-02-25 09:45:56,0.03755500,2.45300000
2018-02-25 09:45:56,0.03755500,0.22400000
2018-02-25 09:45:56,0.03754500,0.07900000
2018-02-25 09:45:57,0.03768900,0.39500000
2018-02-25 09:45:57,0.03769000,1.30300000
2018-02-25 09:45:57,0.03769100,0.28500000
2018-02-25 09:45:57,0.03769200,0.26600000
2018-02-25 09:45:57,0.03769600,1.38300000
2018-02-25 09:45:58,0.03769600,1.48000000
2018-02-25 09:45:58,0.03769700,0.50000000
2018-02-25 09:45:59,0.03750400,0.44000000
2018-02-25 09:46:03,0.03769600,0.06600000
2018-02-25 09:46:05,0.03751500,0.18900000
2018-02-25 09:46:08,0.03754800,7.05600000
2018-02-25 09:46:08,0.03754700,0.26600000
2018-02-25 09:46:08,0.03754500,0.27200000
2018-02-25 09:46:08,0.03751400,0.61100000
2018-02-25 09:46:08,0.03751100,0.33300000
2018-02-25 09:46:08,0.03769000,0.10700000
2018-02-25 09:46:09,0.03768900,0.45500000
2018-02-25 09:46:09,0.03769000,1.02900000
2018-02-25 09:46:15,0.03759700,0.16500000
2018-02-25 09:46:15,0.03768600,0.55200000
2018-02-25 09:46:19,0.03768300,0.61100000
2018-02-25 09:46:19,0.03768400,0.16800000
2018-02-25 09:46:19,0.03768500,0.44000000
2018-02-25 09:46:19,0.03768600,5.61400000
2018-02-25 09:46:20,0.03768400,0.62200000
2018-02-25 09:46:21,0.03760300,0.26500000
2018-02-25 09:46:21,0.03760300,0.07000000
2018-02-25 09:46:26,0.03764900,0.03800000
2018-02-25 09:46:29,0.03759600,0.13500000
2018-02-25 09:46:31,0.03764900,0.26500000
2018-02-25 09:46:31,0.03760000,1.09300000
2018-02-25 09:46:31,0.03759600,0.16000000
2018-02-25 09:46:31,0.03759500,15.45400000
2018-02-25 09:46:33,0.03764400,1.86100000
2018-02-25 09:46:33,0.03764900,0.13900000
2018-02-25 09:46:33,0.03759500,1.25300000
2018-02-25 09:46:34,0.03760000,0.18700000
2018-02-25 09:46:37,0.03751700,0.08600000
2018-02-25 09:46:37,0.03751700,6.58600000
2018-02-25 09:46:37,0.03751600,0.21600000
2018-02-25 09:46:37,0.03751500,3.89200000
2018-02-25 09:46:37,0.03751200,0.13200000
2018-02-25 09:46:37,0.03751100,0.15900000
2018-02-25 09:46:37,0.03758500,0.18900000
2018-02-25 09:46:37,0.03760300,0.06700000
2018-02-25 09:46:37,0.03760300,0.13900000
2018-02-25 09:46:37,0.03751100,0.20500000
2018-02-25 09:46:40,0.03751100,0.06800000
2018-02-25 09:46:40,0.03751100,0.03800000
2018-02-25 09:46:41,0.03751100,0.03200000
2018-02-25 09:46:43,0.03751100,0.09700000
2018-02-25 09:46:44,0.03751100,0.06700000
2018-02-25 09:46:46,0.03751100,0.05700000
2018-02-25 09:46:46,0.03751100,24.26500000
2018-02-25 09:46:46,0.03751100,0.06900000
2018-02-25 09:46:47,0.03750500,0.50000000
2018-02-25 09:46:48,0.03750500,0.06800000
2018-02-25 09:46:50,0.03750500,0.07800000
2018-02-25 09:46:51,0.03750500,0.53800000
2018-02-25 09:46:51,0.03750500,0.04900000
2018-02-25 09:46:52,0.03750500,0.06800000
2018-02-25 09:46:52,0.03750500,0.03200000
2018-02-25 09:46:54,0.03750500,0.62100000
2018-02-25 09:46:55,0.03750500,2.22500000
2018-02-25 09:47:03,0.03750500,1.23200000
2018-02-25 09:47:03,0.03748900,9.98200000
2018-02-25 09:47:03,0.03745000,2.81500000
2018-02-25 09:47:10,0.03745100,0.06100000
2018-02-25 09:47:12,0.03758400,0.06700000
2018-02-25 09:47:13,0.03758300,0.03300000
2018-02-25 09:47:13,0.03745300,0.50600000
2018-02-25 09:47:13,0.03745200,1.43300000
2018-02-25 09:47:13,0.03745000,6.06000000
2018-02-25 09:47:18,0.03745600,4.45800000
2018-02-25 09:47:23,0.03757200,0.11100000
2018-02-25 09:47:31,0.03756100,0.12100000
2018-02-25 09:47:31,0.03756200,0.00200000
2018-02-25 09:47:32,0.03756200,0.01200000
2018-02-25 09:47:32,0.03746200,0.20900000
2018-02-25 09:47:32,0.03745600,0.20100000
2018-02-25 09:47:32,0.03745100,0.40600000
2018-02-25 09:47:45,0.03745300,0.08900000
2018-02-25 09:47:52,0.03745300,0.09400000
2018-02-25 09:48:02,0.03747000,1.41500000
2018-02-25 09:48:02,0.03747000,1.00000000
2018-02-25 09:48:02,0.03747000,0.25800000
2018-02-25 09:48:02,0.03747100,0.48600000
2018-02-25 09:48:02,0.03747200,0.25600000
2018-02-25 09:48:02,0.03747200,0.13900000
2018-02-25 09:48:28,0.03749300,0.28900000
2018-02-25 09:48:32,0.03749000,0.00700000
2018-02-25 09:48:51,0.03750000,0.25800000
2018-02-25 09:48:51,0.03749800,0.10200000
2018-02-25 09:48:51,0.03749600,0.12900000
2018-02-25 09:48:51,0.03749300,0.12900000
2018-02-25 09:48:51,0.03749000,0.51100000
2018-02-25 09:48:53,0.03752500,0.16400000
2018-02-25 09:48:55,0.03749000,1.05400000
2018-02-25 09:48:55,0.03748000,0.03700000
2018-02-25 09:48:55,0.03745100,0.80700000
2018-02-25 09:49:14,0.03745400,0.16900000
2018-02-25 09:49:14,0.03745100,0.95600000
2018-02-25 09:49:14,0.03745100,0.69500000
2018-02-25 09:49:19,0.03748900,0.05500000
2018-02-25 09:49:19,0.03748900,0.79900000
2018-02-25 09:49:19,0.03748900,0.21300000
2018-02-25 09:49:27,0.03748900,0.09900000
2018-02-25 09:49:28,0.03748900,0.14300000
2018-02-25 09:49:28,0.03748900,0.14300000
2018-02-25 09:49:33,0.03748900,0.65400000
2018-02-25 09:49:33,0.03748900,0.15600000
2018-02-25 09:49:38,0.03748900,0.59500000
2018-02-25 09:49:41,0.03745300,0.01300000
2018-02-25 09:50:12,0.03745800,0.11000000
2018-02-25 09:50:12,0.03745300,1.89000000
2018-02-25 09:50:19,0.03748700,2.85500000
2018-02-25 09:50:19,0.03748800,4.17900000
2018-02-25 09:50:19,0.03749000,5.26100000
2018-02-25 09:50:32,0.03749000,5.26600000
2018-02-25 09:50:32,0.03749000,7.77800000
2018-02-25 09:50:39,0.03749000,1.00000000
2018-02-25 09:50:54,0.03749000,1.02300000
2018-02-25 09:50:54,0.03748800,0.05400000
2018-02-25 09:50:54,0.03749000,5.32100000
2018-02-25 09:50:59,0.03748900,0.15800000
2018-02-25 09:50:59,0.03749000,1.94900000
2018-02-25 09:51:04,0.03752800,0.02800000
2018-02-25 09:51:14,0.03752800,0.05100000
2018-02-25 09:51:21,0.03752900,0.06000000
2018-02-25 09:51:21,0.03752800,0.82600000
2018-02-25 09:51:22,0.03754900,0.16900000
2018-02-25 09:51:22,0.03755000,3.39900000
2018-02-25 09:51:35,0.03755000,0.41200000
2018-02-25 09:51:35,0.03755000,0.72400000
2018-02-25 09:51:36,0.03755000,1.32900000
2018-02-25 09:51:51,0.03756200,2.78800000
2018-02-25 09:51:51,0.03756400,0.18300000
2018-02-25 09:51:51,0.03760000,0.03000000
2018-02-25 09:51:51,0.03762000,0.37100000
2018-02-25 09:51:51,0.03769200,7.31800000
2018-02-25 09:51:51,0.03769600,3.12700000
2018-02-25 09:51:51,0.03770000,2.03300000
2018-02-25 09:51:57,0.03755900,0.50000000
2018-02-25 09:51:57,0.03755800,0.26600000
2018-02-25 09:51:57,0.03755700,1.33700000
2018-02-25 09:52:01,0.03756000,0.46700000
2018-02-25 09:52:17,0.03764100,0.50000000
2018-02-25 09:52:17,0.03764200,0.41200000
2018-02-25 09:52:20,0.03764000,0.01500000
2018-02-25 09:52:28,0.03763700,0.30200000
2018-02-25 09:52:31,0.03763600,0.26500000
2018-02-25 09:52:32,0.03763600,0.12300000
2018-02-25 09:52:39,0.03763300,0.16500000
2018-02-25 09:52:39,0.03763700,0.03300000
2018-02-25 09:52:39,0.03765000,0.06200000
2018-02-25 09:52:40,0.03763200,0.03300000
2018-02-25 09:52:43,0.03763200,0.72000000
2018-02-25 09:52:44,0.03763200,0.03500000
2018-02-25 09:52:44,0.03769700,0.13200000
2018-02-25 09:52:44,0.03769800,0.09800000
2018-02-25 09:52:52,0.03769700,0.96600000
2018-02-25 09:52:55,0.03757800,0.26600000
2018-02-25 09:52:55,0.03757700,0.29600000
2018-02-25 09:52:55,0.03757600,2.06600000
2018-02-25 09:52:57,0.03757600,1.65900000
2018-02-25 09:53:01,0.03756600,0.50000000
2018-02-25 09:53:01,0.03756500,0.08700000
2018-02-25 09:53:03,0.03766900,0.02900000
2018-02-25 09:53:04,0.03756100,1.52900000
2018-02-25 09:53:04,0.03756100,1.00000000
2018-02-25 09:53:04,0.03756100,0.13300000
2018-02-25 09:53:04,0.03756000,0.86400000
2018-02-25 09:53:04,0.03757500,0.07900000
2018-02-25 09:53:07,0.03755200,0.80100000
2018-02-25 09:53:09,0.03755100,2.75100000
2018-02-25 09:53:09,0.03755000,2.06900000
2018-02-25 09:53:09,0.03748800,0.33300000
2018-02-25 09:53:09,0.03746500,2.93800000
2018-02-25 09:53:10,0.03766000,0.03000000
2018-02-25 09:53:12,0.03746600,0.73900000
2018-02-25 09:53:12,0.03746400,0.26700000
2018-02-25 09:53:12,0.03745300,3.85500000
2018-02-25 09:53:12,0.03745000,3.32800000
2018-02-25 09:53:24,0.03747300,0.09900000
2018-02-25 09:53:29,0.03753200,0.26600000
2018-02-25 09:53:31,0.03747300,2.36700000
2018-02-25 09:53:35,0.03747300,3.40800000
2018-02-25 09:53:35,0.03745000,0.49900000
2018-02-25 09:53:52,0.03747300,1.09000000
2018-02-25 09:53:52,0.03745000,1.49900000
2018-02-25 09:53:53,0.03747200,0.50000000
2018-02-25 09:53:53,0.03747300,11.19200000
2018-02-25 09:53:53,0.03751100,0.72600000
2018-02-25 09:53:53,0.03751200,3.22500000
2018-02-25 09:53:53,0.03752000,0.33300000
2018-02-25 09:53:53,0.03752200,1.05100000
2018-02-25 09:53:53,0.03752400,0.53200000
2018-02-25 09:53:53,0.03752800,0.22800000
2018-02-25 09:54:16,0.03752800,1.01900000
2018-02-25 09:54:17,0.03747200,0.19800000
2018-02-25 09:54:17,0.03746800,0.07100000
2018-02-25 09:54:24,0.03745100,0.26700000
2018-02-25 09:54:24,0.03745100,0.54200000
2018-02-25 09:54:38,0.03752700,0.74600000
2018-02-25 09:54:39,0.03748500,1.00000000
2018-02-25 09:54:40,0.03748200,0.92000000
2018-02-25 09:54:45,0.03745000,0.25600000
2018-02-25 09:54:50,0.03745000,0.33900000
2018-02-25 09:54:50,0.03743200,0.26800000
2018-02-25 09:54:52,0.03743200,0.08500000
2018-02-25 09:54:54,0.03741100,0.06000000
2018-02-25 09:54:55,0.03745000,0.29000000
2018-02-25 09:54:55,0.03745000,2.03300000
2018-02-25 09:54:55,0.03745100,1.69200000
2018-02-25 09:54:56,0.03741100,0.20600000
2018-02-25 09:54:56,0.03741100,0.08100000
2018-02-25 09:54:56,0.03741100,0.32500000
2018-02-25 09:54:59,0.03740100,0.07000000
2018-02-25 09:54:59,0.03740100,2.33400000
2018-02-25 09:54:59,0.03740000,0.02700000
2018-02-25 09:54:59,0.03740000,0.63900000
2018-02-25 09:55:02,0.03745000,0.13400000
2018-02-25 09:55:14,0.03740100,0.27100000
2018-02-25 09:55:14,0.03740100,0.36800000
2018-02-25 09:55:18,0.03738200,0.16000000
2018-02-25 09:55:21,0.03736700,0.09500000
2018-02-25 09:55:24,0.03736700,0.03700000
2018-02-25 09:55:24,0.03736100,0.60600000
2018-02-25 09:55:25,0.03740000,0.26700000
2018-02-25 09:55:29,0.03740000,0.48800000
2018-02-25 09:55:29,0.03736100,0.12700000
2018-02-25 09:55:31,0.03736100,0.07600000
2018-02-25 09:55:33,0.03736100,12.49000000
2018-02-25 09:55:34,0.03740000,0.23500000
2018-02-25 09:55:36,0.03736600,6.73000000
2018-02-25 09:55:36,0.03736600,4.79800000
2018-02-25 09:55:36,0.03736600,4.79200000
2018-02-25 09:55:36,0.03736600,0.37000000
2018-02-25 09:55:44,0.03739800,0.05400000
2018-02-25 09:55:44,0.03740000,0.02600000
2018-02-25 09:55:44,0.03740000,0.58000000
2018-02-25 09:55:48,0.03735100,0.03300000
2018-02-25 09:55:56,0.03736600,0.11800000
2018-02-25 09:56:01,0.03736600,0.16300000
2018-02-25 09:56:06,0.03736300,1.22900000
2018-02-25 09:56:07,0.03736300,0.76900000
2018-02-25 09:56:20,0.03730900,0.01500000
2018-02-25 09:56:22,0.03730900,0.17300000
2018-02-25 09:56:22,0.03729500,0.31400000
2018-02-25 09:56:23,0.03729500,0.16000000
2018-02-25 09:56:26,0.03729500,0.34800000
2018-02-25 09:56:27,0.03729500,3.73600000
2018-02-25 09:56:27,0.03729500,3.29500000
2018-02-25 09:56:28,0.03729100,0.02900000
2018-02-25 09:56:32,0.03729100,0.05100000
2018-02-25 09:56:32,0.03724500,0.13300000
2018-02-25 09:56:39,0.03724500,0.32600000
2018-02-25 09:56:39,0.03721800,5.04900000
2018-02-25 09:56:40,0.03724500,0.16400000
2018-02-25 09:56:44,0.03721800,7.87100000
2018-02-25 09:56:45,0.03721800,2.19600000
2018-02-25 09:56:45,0.03720800,16.56900000
2018-02-25 09:56:46,0.03729700,0.07900000
2018-02-25 09:56:46,0.03729800,0.06600000
2018-02-25 09:56:46,0.03729800,0.07900000
2018-02-25 09:56:46,0.03729800,0.07900000
2018-02-25 09:56:46,0.03729800,0.04300000
2018-02-25 09:56:46,0.03729900,0.02300000
2018-02-25 09:56:56,0.03729800,0.06200000
2018-02-25 09:56:58,0.03720900,0.26800000
2018-02-25 09:57:05,0.03729600,4.96700000
2018-02-25 09:57:05,0.03729700,0.17500000
2018-02-25 09:57:05,0.03729800,0.71000000
2018-02-25 09:57:05,0.03730000,4.90300000
2018-02-25 09:57:05,0.03730000,0.35800000
2018-02-25 09:57:09,0.03730000,0.10700000
2018-02-25 09:57:09,0.03730000,0.06700000
2018-02-25 09:57:10,0.03730000,0.11000000
2018-02-25 09:57:10,0.03730000,0.19000000
2018-02-25 09:57:10,0.03722600,0.07100000
2018-02-25 09:57:17,0.03736100,0.50000000
2018-02-25 09:57:17,0.03736200,0.99500000
2018-02-25 09:57:51,0.03731200,0.50000000
2018-02-25 09:57:51,0.03731100,0.09600000
2018-02-25 09:57:51,0.03731100,0.29400000
2018-02-25 09:57:51,0.03731100,2.23600000
2018-02-25 09:57:51,0.03731100,0.11900000
2018-02-25 09:57:55,0.03731100,1.62700000
2018-02-25 09:57:55,0.03731100,0.00100000
2018-02-25 09:57:55,0.03735900,3.41900000
2018-02-25 09:57:55,0.03735900,1.79500000
2018-02-25 09:57:55,0.03735900,1.49600000
2018-02-25 09:57:55,0.03735900,0.34600000
2018-02-25 09:57:55,0.03729900,0.34600000
2018-02-25 09:58:04,0.03730500,0.08700000
2018-02-25 09:58:04,0.03730500,2.00000000
2018-02-25 09:58:18,0.03730500,0.22400000
2018-02-25 09:58:24,0.03731100,0.02700000
2018-02-25 09:58:24,0.03731100,0.03200000
2018-02-25 09:58:41,0.03730500,0.04100000
2018-02-25 09:58:44,0.03730500,0.12700000
2018-02-25 09:58:50,0.03730500,0.52100000
2018-02-25 09:58:50,0.03729900,0.87200000
2018-02-25 09:58:55,0.03729100,0.07900000
2018-02-25 09:58:55,0.03728800,1.53400000
2018-02-25 09:58:55,0.03728800,1.39000000
2018-02-25 09:59:02,0.03728800,0.53500000
2018-02-25 09:59:29,0.03724000,0.19200000
2018-02-25 09:59:29,0.03724000,7.13700000
2018-02-25 09:59:30,0.03725000,0.08800000
2018-02-25 09:59:30,0.03723400,0.26800000
2018-02-25 09:59:30,0.03723300,0.26900000
2018-02-25 09:59:30,0.03720100,0.26800000
2018-02-25 09:59:30,0.03716700,0.32300000
2018-02-25 09:59:30,0.03716400,0.26900000
2018-02-25 09:59:30,0.03716000,0.51500000
2018-02-25 09:59:30,0.03716000,2.28700000
2018-02-25 09:59:30,0.03719900,1.69000000
