DATE,PRICE,VOLUME
2018-02-28 23:00:00,0.05266400,0.15900000
2018-02-28 23:00:00,0.05266400,0.15900000
2018-02-28 23:00:00,0.05266400,0.15900000
2018-02-28 23:00:00,0.05266400,0.10600000
2018-02-28 23:00:00,0.05266400,0.13100000
2018-02-28 23:00:00,0.05266600,0.02800000
2018-02-28 23:00:00,0.05266600,0.15900000
2018-02-28 23:00:00,0.05254300,0.15900000
2018-02-28 23:00:01,0.05266600,0.00600000
2018-02-28 23:00:01,0.05267200,0.15400000
2018-02-28 23:00:06,0.05255700,1.74000000
2018-02-28 23:00:06,0.05255500,0.04000000
2018-02-28 23:00:06,0.05254100,0.08500000
2018-02-28 23:00:06,0.05250000,0.10600000
2018-02-28 23:00:06,0.05244200,0.08600000
2018-02-28 23:00:06,0.05240900,0.09500000
2018-02-28 23:00:06,0.05240000,0.07700000
2018-02-28 23:00:06,0.05230700,4.49900000
2018-02-28 23:00:06,0.05230600,1.00000000
2018-02-28 23:00:06,0.05229500,0.05500000
2018-02-28 23:00:06,0.05227800,0.05700000
2018-02-28 23:00:06,0.05227700,7.87700000
2018-02-28 23:00:06,0.05226400,0.09600000
2018-02-28 23:00:06,0.05223800,1.38000000
2018-02-28 23:00:06,0.05220800,1.91500000
2018-02-28 23:00:06,0.05220200,0.02600000
2018-02-28 23:00:06,0.05220000,1.43800000
2018-02-28 23:00:06,0.05219000,0.02600000
2018-02-28 23:00:06,0.05217900,1.91600000
2018-02-28 23:00:06,0.05217400,0.13200000
2018-02-28 23:00:06,0.05217300,0.05800000
2018-02-28 23:00:06,0.05215700,0.02400000
2018-02-28 23:00:06,0.05215200,0.02200000
2018-02-28 23:00:06,0.05212900,0.05700000
2018-02-28 23:00:06,0.05212100,0.07700000
2018-02-28 23:00:06,0.05212000,0.19200000
2018-02-28 23:00:06,0.05211900,1.01600000
2018-02-28 23:00:06,0.05211800,0.48000000
2018-02-28 23:00:06,0.05211400,0.37900000
2018-02-28 23:00:06,0.05210600,0.38300000
2018-02-28 23:00:06,0.05210100,0.12900000
2018-02-28 23:00:06,0.05210000,2.88900000
2018-02-28 23:00:06,0.05207700,0.15400000
2018-02-28 23:00:06,0.05206000,3.68900000
2018-02-28 23:00:06,0.05239900,0.02600000
2018-02-28 23:00:06,0.05244200,0.18900000
2018-02-28 23:00:06,0.05244200,0.23200000
2018-02-28 23:00:07,0.05234200,0.05700000
2018-02-28 23:00:07,0.05236300,0.04200000
2018-02-28 23:00:07,0.05236300,0.04800000
2018-02-28 23:00:07,0.05238000,1.89900000
2018-02-28 23:00:07,0.05238200,0.50000000
2018-02-28 23:00:07,0.05238300,0.13200000
2018-02-28 23:00:07,0.05220300,0.34400000
2018-02-28 23:00:08,0.05241800,0.02400000
2018-02-28 23:00:08,0.05244200,0.01800000
2018-02-28 23:00:09,0.05244200,0.36100000
2018-02-28 23:00:10,0.05244100,0.20900000
2018-02-28 23:00:10,0.05244100,0.05400000
2018-02-28 23:00:12,0.05244100,0.15300000
2018-02-28 23:00:12,0.05244200,1.11500000
2018-02-28 23:00:12,0.05244200,0.38300000
2018-02-28 23:00:18,0.05244300,0.50000000
2018-02-28 23:00:18,0.05244300,0.53200000
2018-02-28 23:00:18,0.05244300,0.88300000
2018-02-28 23:00:23,0.05248200,0.09500000
2018-02-28 23:00:23,0.05248300,0.48000000
2018-02-28 23:00:23,0.05248600,0.07700000
2018-02-28 23:00:24,0.05244400,0.07700000
2018-02-28 23:00:24,0.05244300,0.66200000
2018-02-28 23:00:25,0.05248400,0.13400000
2018-02-28 23:00:26,0.05248400,0.19200000
2018-02-28 23:00:27,0.05248400,0.17200000
2018-02-28 23:00:30,0.05249700,0.17300000
2018-02-28 23:00:30,0.05249800,0.20800000
2018-02-28 23:00:30,0.05249900,0.21500000
2018-02-28 23:00:30,0.05250400,0.10600000
2018-02-28 23:00:30,0.05250500,0.09600000
2018-02-28 23:00:30,0.05250600,0.05500000
2018-02-28 23:00:32,0.05248400,0.11900000
2018-02-28 23:00:34,0.05245300,0.06600000
2018-02-28 23:00:35,0.05248400,0.32600000
2018-02-28 23:00:38,0.05248600,2.60500000
2018-02-28 23:00:38,0.05245300,2.10900000
2018-02-28 23:00:38,0.05244200,2.09500000
2018-02-28 23:00:38,0.05244200,2.40800000
2018-02-28 23:00:40,0.05240200,0.13700000
2018-02-28 23:00:56,0.05245000,0.35500000
2018-02-28 23:00:56,0.05244200,0.90700000
2018-02-28 23:00:57,0.05244200,0.27500000
2018-02-28 23:00:59,0.05250400,0.13700000
2018-02-28 23:01:03,0.05250400,0.01500000
2018-02-28 23:01:13,0.05244200,1.18800000
2018-02-28 23:01:13,0.05250000,0.49000000
2018-02-28 23:01:13,0.05250000,0.05500000
2018-02-28 23:01:16,0.05250000,3.70500000
2018-02-28 23:01:16,0.05250100,0.84500000
2018-02-28 23:01:16,0.05250400,0.11400000
2018-02-28 23:01:16,0.05250500,3.26900000
2018-02-28 23:01:21,0.05240200,2.75400000
2018-02-28 23:01:21,0.05240200,1.16800000
2018-02-28 23:01:21,0.05240000,1.45900000
2018-02-28 23:01:21,0.05233700,0.08600000
2018-02-28 23:01:21,0.05228900,1.24600000
2018-02-28 23:01:32,0.05232800,0.17100000
2018-02-28 23:01:37,0.05234300,1.73700000
2018-02-28 23:01:37,0.05234100,0.50000000
2018-02-28 23:01:37,0.05233800,0.64900000
2018-02-28 23:01:40,0.05246500,0.04200000
2018-02-28 23:01:42,0.05245500,0.45600000
2018-02-28 23:01:43,0.05245500,0.04200000
2018-02-28 23:01:44,0.05244600,0.04200000
2018-02-28 23:01:45,0.05232800,0.03900000
2018-02-28 23:01:50,0.05242400,0.04200000
2018-02-28 23:01:52,0.05242100,0.04200000
2018-02-28 23:01:54,0.05241500,1.24200000
2018-02-28 23:01:54,0.05241600,0.50000000
2018-02-28 23:01:54,0.05241700,0.21000000
2018-02-28 23:01:56,0.05242100,0.06000000
2018-02-28 23:02:07,0.05232800,0.03200000
2018-02-28 23:02:07,0.05230000,0.16000000
2018-02-28 23:02:11,0.05241100,0.11000000
2018-02-28 23:02:11,0.05241200,0.17200000
2018-02-28 23:02:14,0.05242000,0.10600000
2018-02-28 23:02:14,0.05242100,2.74200000
2018-02-28 23:02:14,0.05242100,0.30600000
2018-02-28 23:02:15,0.05240000,0.02000000
2018-02-28 23:02:15,0.05240200,0.13300000
2018-02-28 23:02:23,0.05240000,0.47400000
2018-02-28 23:02:24,0.05242700,0.50000000
2018-02-28 23:02:24,0.05242800,0.38200000
2018-02-28 23:02:24,0.05242900,0.11800000
2018-02-28 23:02:24,0.05242900,0.03400000
2018-02-28 23:02:24,0.05243100,0.17400000
2018-02-28 23:02:24,0.05243200,0.53000000
2018-02-28 23:02:25,0.05240000,1.60600000
2018-02-28 23:02:30,0.05239900,0.14900000
2018-02-28 23:02:30,0.05240000,4.99900000
2018-02-28 23:02:31,0.05240000,0.06400000
2018-02-28 23:02:34,0.05239900,0.10400000
2018-02-28 23:02:34,0.05240000,5.86000000
2018-02-28 23:02:34,0.05240500,0.50000000
2018-02-28 23:02:34,0.05240500,2.38800000
2018-02-28 23:02:34,0.05242800,0.19000000
2018-02-28 23:02:34,0.05244500,0.10900000
2018-02-28 23:02:34,0.05245100,0.57200000
2018-02-28 23:02:34,0.05247500,0.09600000
2018-02-28 23:02:34,0.05247600,0.11100000
2018-02-28 23:02:36,0.05240000,7.95600000
2018-02-28 23:02:38,0.05240000,0.10200000
2018-02-28 23:02:40,0.05240000,0.75500000
2018-02-28 23:02:56,0.05247600,0.24600000
2018-02-28 23:03:01,0.05247600,0.75400000
2018-02-28 23:03:01,0.05249900,0.10200000
2018-02-28 23:03:01,0.05250000,0.17000000
2018-02-28 23:03:09,0.05250000,0.97900000
2018-02-28 23:03:10,0.05250000,0.23500000
2018-02-28 23:03:10,0.05250000,0.08400000
2018-02-28 23:03:11,0.05250000,0.06400000
2018-02-28 23:03:11,0.05250000,0.54400000
2018-02-28 23:03:11,0.05250000,0.09900000
2018-02-28 23:03:13,0.05250500,0.48100000
2018-02-28 23:03:13,0.05250600,1.51500000
2018-02-28 23:03:21,0.05250600,1.91500000
2018-02-28 23:03:22,0.05252400,0.28200000
2018-02-28 23:03:24,0.05252500,0.09600000
2018-02-28 23:03:32,0.05253700,0.09700000
2018-02-28 23:03:32,0.05253800,0.05800000
2018-02-28 23:03:32,0.05258800,0.09500000
2018-02-28 23:03:35,0.05258800,0.09700000
2018-02-28 23:03:39,0.05259900,0.15800000
2018-02-28 23:03:41,0.05259900,0.14100000
2018-02-28 23:03:41,0.05260000,0.12000000
2018-02-28 23:03:41,0.05260000,0.58100000
2018-02-28 23:03:43,0.05258800,0.25600000
2018-02-28 23:03:44,0.05264300,0.29800000
2018-02-28 23:03:45,0.05264300,0.70600000
2018-02-28 23:03:45,0.05264400,0.05700000
2018-02-28 23:03:45,0.05265300,0.09700000
2018-02-28 23:03:45,0.05267700,7.86900000
2018-02-28 23:03:46,0.05267700,0.29800000
2018-02-28 23:03:47,0.05267900,0.11300000
2018-02-28 23:03:50,0.05267900,0.00800000
2018-02-28 23:03:50,0.05268000,0.04900000
2018-02-28 23:03:59,0.05267800,0.09500000
2018-02-28 23:03:59,0.05268000,0.01500000
2018-02-28 23:03:59,0.05268000,6.84500000
2018-02-28 23:04:00,0.05268100,0.12400000
2018-02-28 23:04:00,0.05269600,0.12700000
2018-02-28 23:04:00,0.05270100,0.07200000
2018-02-28 23:04:00,0.05274800,1.75700000
2018-02-28 23:04:00,0.05274800,0.84800000
2018-02-28 23:04:00,0.05275000,2.39300000
2018-02-28 23:04:00,0.05275600,1.48900000
2018-02-28 23:04:05,0.05275600,0.62000000
2018-02-28 23:04:05,0.05268000,0.57900000
2018-02-28 23:04:07,0.05275600,0.05300000
2018-02-28 23:04:12,0.05275500,0.09300000
2018-02-28 23:04:12,0.05275600,2.92300000
2018-02-28 23:04:15,0.05275600,0.16600000
2018-02-28 23:04:16,0.05258600,1.89900000
2018-02-28 23:04:16,0.05258400,0.71000000
2018-02-28 23:04:16,0.05257500,0.57000000
2018-02-28 23:04:17,0.05258500,0.91400000
2018-02-28 23:04:19,0.05257500,0.05300000
2018-02-28 23:04:19,0.05251000,0.56700000
2018-02-28 23:04:20,0.05259200,0.13100000
2018-02-28 23:04:20,0.05251000,0.00200000
2018-02-28 23:04:21,0.05251100,1.33900000
2018-02-28 23:04:21,0.05251000,3.82000000
2018-02-28 23:04:21,0.05250800,0.60000000
2018-02-28 23:04:21,0.05250800,0.60000000
2018-02-28 23:04:21,0.05250800,0.06000000
2018-02-28 23:04:21,0.05250800,0.20000000
2018-02-28 23:04:21,0.05250600,0.34600000
2018-02-28 23:04:21,0.05250600,1.09500000
2018-02-28 23:04:21,0.05250600,0.13000000
2018-02-28 23:04:21,0.05250600,0.12800000
2018-02-28 23:04:22,0.05251200,0.82300000
2018-02-28 23:04:22,0.05251200,0.20000000
2018-02-28 23:04:23,0.05251200,0.11800000
2018-02-28 23:04:24,0.05251200,0.08000000
2018-02-28 23:04:24,0.05253600,0.76000000
2018-02-28 23:04:24,0.05253400,0.15200000
2018-02-28 23:04:24,0.05251200,0.07200000
2018-02-28 23:04:24,0.05251000,0.07200000
2018-02-28 23:04:24,0.05250600,0.07200000
2018-02-28 23:04:24,0.05250300,1.85400000
2018-02-28 23:04:24,0.05250000,0.03700000
2018-02-28 23:04:24,0.05247800,0.09500000
2018-02-28 23:04:24,0.05247600,0.07300000
2018-02-28 23:04:24,0.05247200,0.08600000
2018-02-28 23:04:24,0.05242200,2.03700000
2018-02-28 23:04:25,0.05242200,0.07200000
2018-02-28 23:04:26,0.05251200,0.07200000
2018-02-28 23:04:26,0.05251000,1.83700000
2018-02-28 23:04:26,0.05251000,0.14400000
2018-02-28 23:04:26,0.05242200,0.07200000
2018-02-28 23:04:26,0.05251200,0.00800000
2018-02-28 23:04:26,0.05251400,0.41500000
2018-02-28 23:04:28,0.05255600,1.48900000
2018-02-28 23:04:34,0.05260300,0.33100000
2018-02-28 23:04:34,0.05260100,0.04200000
2018-02-28 23:04:35,0.05252100,0.30400000
2018-02-28 23:04:35,0.05251200,0.14100000
2018-02-28 23:04:35,0.05250200,0.05400000
2018-02-28 23:04:35,0.05250000,1.88200000
2018-02-28 23:04:37,0.05252900,0.15200000
2018-02-28 23:04:39,0.05258600,0.06400000
2018-02-28 23:04:45,0.05256200,0.04200000
2018-02-28 23:04:48,0.05251000,0.30000000
2018-02-28 23:04:48,0.05250000,0.24000000
2018-02-28 23:04:50,0.05250200,1.75600000
2018-02-28 23:04:50,0.05250400,4.28100000
2018-02-28 23:04:51,0.05250000,0.40700000
2018-02-28 23:04:51,0.05250400,0.21000000
2018-02-28 23:04:51,0.05250600,1.33900000
2018-02-28 23:04:51,0.05250700,0.66700000
2018-02-28 23:04:57,0.05250000,0.06900000
2018-02-28 23:05:03,0.05250000,0.84100000
2018-02-28 23:05:07,0.05250000,0.12100000
2018-02-28 23:05:15,0.05250000,1.35800000
2018-02-28 23:05:17,0.05254100,1.85400000
2018-02-28 23:05:29,0.05254100,0.08700000
2018-02-28 23:05:31,0.05254100,0.19000000
2018-02-28 23:05:35,0.05254100,0.03700000
2018-02-28 23:05:39,0.05254000,0.09500000
2018-02-28 23:05:39,0.05254100,0.02600000
2018-02-28 23:05:40,0.05254100,4.90800000
2018-02-28 23:05:47,0.05254200,6.00000000
2018-02-28 23:05:49,0.05254100,0.07300000
2018-02-28 23:05:49,0.05254100,0.92600000
2018-02-28 23:05:49,0.05254200,2.22800000
2018-02-28 23:05:52,0.05250700,0.09500000
2018-02-28 23:05:52,0.05250100,0.02100000
2018-02-28 23:05:52,0.05250000,0.38400000
2018-02-28 23:05:53,0.05250700,0.07500000
2018-02-28 23:05:54,0.05250700,0.09500000
2018-02-28 23:05:58,0.05250000,0.15100000
2018-02-28 23:05:58,0.05250000,0.60000000
2018-02-28 23:05:58,0.05250700,0.74200000
2018-02-28 23:06:01,0.05242200,0.02200000
2018-02-28 23:06:04,0.05250700,0.11300000
2018-02-28 23:06:08,0.05250700,1.02900000
2018-02-28 23:06:11,0.05243000,0.25600000
2018-02-28 23:06:13,0.05243000,0.02900000
2018-02-28 23:06:14,0.05243000,0.03800000
2018-02-28 23:06:16,0.05242200,5.14300000
2018-02-28 23:06:18,0.05243000,0.96000000
2018-02-28 23:06:19,0.05242200,0.09700000
2018-02-28 23:06:27,0.05243000,2.00000000
2018-02-28 23:06:27,0.05242200,0.04800000
2018-02-28 23:06:28,0.05243000,0.11200000
2018-02-28 23:06:30,0.05242200,0.00100000
2018-02-28 23:06:31,0.05242200,0.23700000
2018-02-28 23:06:31,0.05241000,2.00000000
2018-02-28 23:06:34,0.05242900,0.07900000
2018-02-28 23:06:34,0.05243000,0.60400000
2018-02-28 23:06:35,0.05240000,7.53300000
2018-02-28 23:06:35,0.05250000,0.03600000
2018-02-28 23:06:36,0.05240000,8.57900000
2018-02-28 23:06:37,0.05240000,0.04700000
2018-02-28 23:06:38,0.05239900,0.30400000
2018-02-28 23:06:42,0.05236800,1.90900000
2018-02-28 23:06:46,0.05239700,0.81400000
2018-02-28 23:06:46,0.05236400,0.21200000
2018-02-28 23:06:46,0.05236300,0.04300000
2018-02-28 23:06:46,0.05230100,0.77900000
2018-02-28 23:06:46,0.05230000,7.98400000
2018-02-28 23:06:48,0.05236600,0.47400000
2018-02-28 23:06:50,0.05236600,0.61900000
2018-02-28 23:06:50,0.05230000,1.04200000
2018-02-28 23:06:50,0.05236600,0.00200000
2018-02-28 23:06:50,0.05236800,2.35900000
2018-02-28 23:06:50,0.05239900,0.39800000
2018-02-28 23:06:50,0.05249300,0.04300000
2018-02-28 23:06:50,0.05249600,0.21200000
2018-02-28 23:06:50,0.05249700,0.64800000
2018-02-28 23:06:50,0.05250000,0.95200000
2018-02-28 23:06:50,0.05250600,0.08100000
2018-02-28 23:06:50,0.05250700,3.09200000
2018-02-28 23:06:51,0.05230000,2.11400000
2018-02-28 23:06:54,0.05231100,1.58600000
2018-02-28 23:06:54,0.05250000,0.00200000
2018-02-28 23:07:19,0.05249900,0.07600000
2018-02-28 23:07:19,0.05250000,0.16700000
2018-02-28 23:07:21,0.05236500,0.32500000
2018-02-28 23:07:21,0.05235900,0.21200000
2018-02-28 23:07:21,0.05235400,0.57300000
2018-02-28 23:07:21,0.05234400,0.09700000
2018-02-28 23:07:21,0.05233500,0.55400000
2018-02-28 23:07:21,0.05230000,0.75700000
2018-02-28 23:07:22,0.05235700,0.06900000
2018-02-28 23:07:22,0.05235700,1.84200000
2018-02-28 23:07:22,0.05235900,2.84900000
2018-02-28 23:07:22,0.05250000,5.07300000
2018-02-28 23:07:25,0.05249700,0.19000000
2018-02-28 23:07:38,0.05244900,0.02100000
2018-02-28 23:07:39,0.05244800,0.07000000
2018-02-28 23:07:40,0.05236300,0.00100000
2018-02-28 23:07:43,0.05244800,0.81100000
2018-02-28 23:07:45,0.05240000,0.07800000
2018-02-28 23:07:45,0.05240000,0.00100000
2018-02-28 23:07:46,0.05244800,0.06800000
2018-02-28 23:07:46,0.05236300,0.04200000
2018-02-28 23:07:47,0.05236300,0.02900000
2018-02-28 23:07:48,0.05236300,0.00200000
2018-02-28 23:07:55,0.05244800,0.18800000
2018-02-28 23:07:56,0.05244800,0.18800000
2018-02-28 23:07:56,0.05244800,0.12500000
2018-02-28 23:07:59,0.05237100,0.16100000
2018-02-28 23:07:59,0.05236300,0.07000000
2018-02-28 23:07:59,0.05235000,0.89200000
2018-02-28 23:07:59,0.05230000,1.46100000
2018-02-28 23:07:59,0.05230000,0.39600000
2018-02-28 23:07:59,0.05230000,0.21100000
2018-02-28 23:07:59,0.05230000,14.87000000
2018-02-28 23:07:59,0.05230000,0.18900000
2018-02-28 23:07:59,0.05230000,0.19000000
2018-02-28 23:07:59,0.05230000,0.19000000
2018-02-28 23:07:59,0.05230000,1.73200000
2018-02-28 23:08:05,0.05231300,0.09900000
2018-02-28 23:08:19,0.05233900,0.19100000
2018-02-28 23:08:19,0.05231300,0.07700000
2018-02-28 23:08:19,0.05231300,2.24600000
2018-02-28 23:08:19,0.05231500,0.09900000
2018-02-28 23:08:23,0.05237500,0.10600000
2018-02-28 23:08:24,0.05243600,0.42900000
2018-02-28 23:08:25,0.05243600,0.14400000
2018-02-28 23:08:25,0.05243700,0.19000000
2018-02-28 23:08:25,0.05244000,0.09700000
2018-02-28 23:08:25,0.05244300,0.12500000
2018-02-28 23:08:25,0.05244400,0.07100000
2018-02-28 23:08:25,0.05244500,1.41300000
2018-02-28 23:08:28,0.05244500,0.06900000
2018-02-28 23:08:33,0.05244400,0.04700000
2018-02-28 23:08:34,0.05244400,0.02200000
2018-02-28 23:08:34,0.05244400,0.02500000
2018-02-28 23:08:35,0.05244500,0.06900000
2018-02-28 23:08:35,0.05233500,0.22600000
2018-02-28 23:08:36,0.05244500,0.07500000
2018-02-28 23:08:42,0.05244500,0.07500000
2018-02-28 23:08:44,0.05234100,1.68000000
2018-02-28 23:08:44,0.05233900,0.17700000
2018-02-28 23:08:45,0.05244300,0.39700000
2018-02-28 23:08:53,0.05244000,1.50900000
2018-02-28 23:08:53,0.05244200,0.06800000
2018-02-28 23:08:53,0.05244500,7.23300000
2018-02-28 23:09:02,0.05244400,0.11900000
2018-02-28 23:09:02,0.05244500,2.07700000
2018-02-28 23:09:03,0.05244500,4.21400000
2018-02-28 23:09:03,0.05244500,2.70900000
2018-02-28 23:09:08,0.05244400,0.70900000
2018-02-28 23:09:18,0.05244400,0.19900000
2018-02-28 23:09:18,0.05244400,0.03100000
2018-02-28 23:09:18,0.05244400,0.03100000
2018-02-28 23:09:18,0.05244400,1.30500000
2018-02-28 23:09:18,0.05244600,0.06200000
2018-02-28 23:09:18,0.05244600,0.00400000
2018-02-28 23:09:18,0.05244700,0.02700000
2018-02-28 23:09:19,0.05244400,0.04700000
2018-02-28 23:09:19,0.05244000,0.04700000
2018-02-28 23:09:20,0.05244000,0.16300000
2018-02-28 23:09:20,0.05244000,0.04700000
2018-02-28 23:09:20,0.05244000,1.21500000
2018-02-28 23:09:20,0.05244000,0.00100000
2018-02-28 23:09:21,0.05244400,0.09300000
2018-02-28 23:09:22,0.05244700,0.04700000
2018-02-28 23:09:22,0.05244400,0.04700000
2018-02-28 23:09:23,0.05244700,0.04700000
2018-02-28 23:09:30,0.05244900,0.07300000
2018-02-28 23:09:31,0.05244900,0.04300000
2018-02-28 23:09:31,0.05244900,0.06500000
2018-02-28 23:09:32,0.05245000,0.45300000
2018-02-28 23:09:32,0.05249600,0.07400000
2018-02-28 23:09:32,0.05250000,0.13600000
2018-02-28 23:09:33,0.05245000,0.81000000
2018-02-28 23:09:33,0.05244900,0.72900000
2018-02-28 23:09:37,0.05250000,0.48000000
2018-02-28 23:09:37,0.05250000,2.04100000
2018-02-28 23:09:39,0.05250000,0.07800000
2018-02-28 23:09:39,0.05244900,1.02300000
2018-02-28 23:09:48,0.05254000,0.09100000
2018-02-28 23:09:48,0.05254100,0.08300000
2018-02-28 23:09:48,0.05254400,0.08700000
2018-02-28 23:09:50,0.05245100,1.32700000
2018-02-28 23:09:58,0.05250000,0.04000000
2018-02-28 23:09:58,0.05253800,0.07100000
2018-02-28 23:09:59,0.05253800,0.79100000
2018-02-28 23:09:59,0.05253800,0.46500000
2018-02-28 23:09:59,0.05254000,0.06300000
2018-02-28 23:09:59,0.05256100,0.08900000
2018-02-28 23:09:59,0.05256400,0.04700000
2018-02-28 23:09:59,0.05256900,0.59200000
2018-02-28 23:10:01,0.05256800,0.55500000
2018-02-28 23:10:01,0.05256900,1.58900000
2018-02-28 23:10:05,0.05258500,0.15000000
2018-02-28 23:10:08,0.05258500,3.75700000
2018-02-28 23:10:08,0.05259200,0.56800000
2018-02-28 23:10:08,0.05259200,0.43200000
2018-02-28 23:10:08,0.05260000,0.09900000
2018-02-28 23:10:10,0.05258400,0.06200000
2018-02-28 23:10:10,0.05260500,2.94900000
2018-02-28 23:10:10,0.05260500,0.95800000
2018-02-28 23:10:12,0.05257200,0.09500000
2018-02-28 23:10:12,0.05259700,0.37900000
2018-02-28 23:10:13,0.05258600,0.42100000
2018-02-28 23:10:14,0.05261100,0.10000000
2018-02-28 23:10:20,0.05265000,0.80000000
2018-02-28 23:10:21,0.05265600,2.00000000
2018-02-28 23:10:24,0.05258700,2.55500000
2018-02-28 23:10:24,0.05258700,1.46400000
2018-02-28 23:10:24,0.05258700,1.91400000
2018-02-28 23:10:26,0.05258700,0.10000000
2018-02-28 23:10:30,0.05267600,0.06100000
2018-02-28 23:10:30,0.05267700,7.75200000
2018-02-28 23:10:31,0.05267700,0.06100000
2018-02-28 23:10:32,0.05270000,0.30000000
2018-02-28 23:10:37,0.05270000,1.74100000
2018-02-28 23:10:37,0.05271100,2.40200000
2018-02-28 23:10:38,0.05272100,0.06000000
2018-02-28 23:10:38,0.05273400,0.08600000
2018-02-28 23:10:38,0.05274000,0.77900000
2018-02-28 23:10:38,0.05275000,0.92400000
2018-02-28 23:10:38,0.05271100,0.21500000
2018-02-28 23:10:39,0.05275000,4.15400000
2018-02-28 23:10:39,0.05277400,1.06200000
2018-02-28 23:10:39,0.05277900,3.00000000
2018-02-28 23:10:39,0.05279600,0.09600000
2018-02-28 23:10:39,0.05279800,0.52800000
2018-02-28 23:10:39,0.05280000,15.29900000
2018-02-28 23:10:39,0.05280000,7.04900000
2018-02-28 23:10:40,0.05280000,1.19200000
2018-02-28 23:10:42,0.05280000,2.74600000
2018-02-28 23:10:43,0.05275000,0.10000000
2018-02-28 23:10:43,0.05280000,1.85200000
2018-02-28 23:10:43,0.05280300,0.11900000
2018-02-28 23:10:43,0.05280700,0.04000000
2018-02-28 23:10:43,0.05282000,0.10500000
2018-02-28 23:10:45,0.05280000,0.08400000
2018-02-28 23:10:46,0.05282000,0.13000000
2018-02-28 23:10:47,0.05283000,0.24300000
2018-02-28 23:10:47,0.05282000,0.32900000
2018-02-28 23:10:48,0.05283000,0.04300000
2018-02-28 23:10:49,0.05284100,0.03000000
2018-02-28 23:10:49,0.05284300,0.02200000
2018-02-28 23:10:49,0.05285000,0.04100000
2018-02-28 23:10:51,0.05283000,0.05900000
2018-02-28 23:10:52,0.05285000,1.10200000
2018-02-28 23:10:53,0.05289900,0.05800000
2018-02-28 23:10:54,0.05289900,2.94200000
2018-02-28 23:10:55,0.05289900,0.02900000
2018-02-28 23:10:55,0.05289900,0.29300000
2018-02-28 23:10:55,0.05289900,0.18000000
2018-02-28 23:10:57,0.05290000,0.05900000
2018-02-28 23:10:58,0.05289900,0.44100000
2018-02-28 23:10:59,0.05289900,0.21700000
2018-02-28 23:10:59,0.05285000,0.28300000
2018-02-28 23:10:59,0.05290000,0.68700000
2018-02-28 23:10:59,0.05291000,1.09400000
2018-02-28 23:10:59,0.05291100,0.10300000
2018-02-28 23:10:59,0.05292000,0.96700000
2018-02-28 23:11:02,0.05292000,0.12800000
2018-02-28 23:11:03,0.05292000,0.72000000
2018-02-28 23:11:04,0.05292300,1.08100000
2018-02-28 23:11:04,0.05292400,0.24600000
2018-02-28 23:11:04,0.05293000,2.91800000
2018-02-28 23:11:04,0.05293300,0.29400000
2018-02-28 23:11:07,0.05293300,0.09300000
2018-02-28 23:11:07,0.05294000,4.37800000
2018-02-28 23:11:07,0.05295000,0.73300000
2018-02-28 23:11:09,0.05295000,2.48500000
2018-02-28 23:11:10,0.05294000,0.11300000
2018-02-28 23:11:11,0.05295000,3.37200000
2018-02-28 23:11:11,0.05295800,0.06000000
2018-02-28 23:11:11,0.05297000,0.38700000
2018-02-28 23:11:11,0.05297900,0.05700000
2018-02-28 23:11:11,0.05298000,1.73600000
2018-02-28 23:11:11,0.05298800,0.48000000
2018-02-28 23:11:11,0.05299500,0.53300000
2018-02-28 23:11:11,0.05299800,1.48100000
2018-02-28 23:11:11,0.05299900,8.19600000
2018-02-28 23:11:11,0.05300000,37.71400000
2018-02-28 23:11:11,0.05295000,0.05800000
2018-02-28 23:11:12,0.05295000,0.20500000
2018-02-28 23:11:13,0.05295000,0.03500000
2018-02-28 23:11:13,0.05300000,2.28600000
2018-02-28 23:11:14,0.05295000,0.07500000
2018-02-28 23:11:15,0.05300000,0.46400000
2018-02-28 23:11:15,0.05300000,6.93400000
2018-02-28 23:11:15,0.05300000,3.01300000
2018-02-28 23:11:15,0.05300100,0.52000000
2018-02-28 23:11:16,0.05300100,3.15000000
2018-02-28 23:11:16,0.05300000,1.87400000
2018-02-28 23:11:16,0.05300000,0.75400000
2018-02-28 23:11:17,0.05301100,0.40200000
2018-02-28 23:11:17,0.05301100,0.22900000
2018-02-28 23:11:17,0.05302300,0.24600000
2018-02-28 23:11:18,0.05300000,1.88500000
2018-02-28 23:11:18,0.05300000,2.83000000
2018-02-28 23:11:18,0.05300000,0.18800000
2018-02-28 23:11:19,0.05302300,1.47600000
2018-02-28 23:11:19,0.05305000,0.03300000
2018-02-28 23:11:19,0.05305900,0.03000000
2018-02-28 23:11:19,0.05310000,1.48200000
2018-02-28 23:11:19,0.05311200,0.34200000
2018-02-28 23:11:19,0.05313900,0.02000000
2018-02-28 23:11:19,0.05315000,1.61700000
2018-02-28 23:11:19,0.05300200,0.54600000
2018-02-28 23:11:19,0.05300000,1.46300000
2018-02-28 23:11:19,0.05300900,0.09600000
2018-02-28 23:11:20,0.05300900,0.45000000
2018-02-28 23:11:20,0.05301100,0.10000000
2018-02-28 23:11:20,0.05314500,0.11000000
2018-02-28 23:11:20,0.05315000,1.14200000
2018-02-28 23:11:22,0.05302800,0.16800000
2018-02-28 23:11:22,0.05315000,0.21100000
2018-02-28 23:11:22,0.05302800,0.10000000
2018-02-28 23:11:22,0.05315000,0.97300000
2018-02-28 23:11:23,0.05302800,0.90000000
2018-02-28 23:11:23,0.05315000,2.99100000
2018-02-28 23:11:24,0.05315000,6.43700000
2018-02-28 23:11:24,0.05302800,0.04400000
2018-02-28 23:11:24,0.05302800,0.67300000
2018-02-28 23:11:24,0.05302600,0.04500000
2018-02-28 23:11:24,0.05302600,0.52000000
2018-02-28 23:11:24,0.05302300,2.76100000
2018-02-28 23:11:24,0.05300100,0.18100000
2018-02-28 23:11:25,0.05300100,0.73500000
2018-02-28 23:11:25,0.05314800,0.41300000
2018-02-28 23:11:25,0.05314800,0.03600000
2018-02-28 23:11:25,0.05301900,0.51400000
2018-02-28 23:11:25,0.05300200,0.21000000
2018-02-28 23:11:25,0.05300100,1.59900000
2018-02-28 23:11:25,0.05314700,0.36200000
2018-02-28 23:11:26,0.05314500,0.94800000
2018-02-28 23:11:26,0.05314500,0.48800000
2018-02-28 23:11:26,0.05314700,0.36200000
2018-02-28 23:11:26,0.05315000,1.87700000
2018-02-28 23:11:27,0.05307800,0.10000000
2018-02-28 23:11:27,0.05315000,2.22500000
2018-02-28 23:11:28,0.05315000,0.53300000
2018-02-28 23:11:28,0.05315000,0.22500000
2018-02-28 23:11:28,0.05315000,0.10000000
2018-02-28 23:11:29,0.05315800,0.09800000
2018-02-28 23:11:29,0.05317700,0.01900000
2018-02-28 23:11:29,0.05318000,0.01200000
2018-02-28 23:11:29,0.05317700,0.92800000
2018-02-28 23:11:29,0.05317700,0.04700000
2018-02-28 23:11:30,0.05317700,0.00200000
2018-02-28 23:11:30,0.05315000,0.09600000
2018-02-28 23:11:30,0.05315000,1.09500000
2018-02-28 23:11:31,0.05315000,0.05700000
2018-02-28 23:11:31,0.05315000,0.95000000
2018-02-28 23:11:32,0.05315000,0.14500000
2018-02-28 23:11:32,0.05315000,0.04700000
2018-02-28 23:11:32,0.05318000,0.28800000
2018-02-28 23:11:32,0.05318100,0.16200000
2018-02-28 23:11:33,0.05315000,0.78200000
2018-02-28 23:11:33,0.05315000,0.19700000
2018-02-28 23:11:33,0.05315000,0.03800000
2018-02-28 23:11:33,0.05315000,3.22000000
2018-02-28 23:11:34,0.05317500,0.31500000
2018-02-28 23:11:34,0.05315000,0.04000000
2018-02-28 23:11:35,0.05315000,0.14000000
2018-02-28 23:11:35,0.05317500,2.00000000
2018-02-28 23:11:35,0.05315000,0.03600000
2018-02-28 23:11:35,0.05317500,0.10500000
2018-02-28 23:11:35,0.05315000,0.10000000
2018-02-28 23:11:35,0.05315000,0.10000000
2018-02-28 23:11:35,0.05317500,0.09500000
2018-02-28 23:11:35,0.05318100,0.02200000
2018-02-28 23:11:35,0.05320000,0.29500000
2018-02-28 23:11:36,0.05315000,0.04700000
2018-02-28 23:11:36,0.05315000,1.19700000
2018-02-28 23:11:36,0.05318100,0.38800000
2018-02-28 23:11:36,0.05318100,1.41200000
2018-02-28 23:11:37,0.05315000,0.07500000
2018-02-28 23:11:37,0.05315000,0.09500000
2018-02-28 23:11:37,0.05315000,0.65000000
2018-02-28 23:11:37,0.05315000,1.44700000
2018-02-28 23:11:38,0.05315000,2.06400000
2018-02-28 23:11:38,0.05317500,0.33400000
2018-02-28 23:11:38,0.05315000,0.38000000
2018-02-28 23:11:39,0.05315000,0.13800000
2018-02-28 23:11:39,0.05315000,0.03300000
2018-02-28 23:11:39,0.05300800,0.16400000
2018-02-28 23:11:39,0.05300800,0.05700000
2018-02-28 23:11:39,0.05300800,0.04800000
2018-02-28 23:11:40,0.05301100,1.61400000
2018-02-28 23:11:40,0.05300900,0.70800000
2018-02-28 23:11:40,0.05300600,0.10200000
2018-02-28 23:11:40,0.05300100,0.26300000
2018-02-28 23:11:40,0.05300000,0.44100000
2018-02-28 23:11:40,0.05315000,0.08900000
2018-02-28 23:11:41,0.05300200,0.19500000
2018-02-28 23:11:41,0.05300200,0.34000000
2018-02-28 23:11:41,0.05300200,0.02100000
2018-02-28 23:11:41,0.05300200,0.11300000
2018-02-28 23:11:42,0.05300200,0.14400000
2018-02-28 23:11:42,0.05300200,0.11400000
2018-02-28 23:11:42,0.05300200,0.09600000
2018-02-28 23:11:42,0.05300200,0.30400000
2018-02-28 23:11:42,0.05300200,0.05900000
2018-02-28 23:11:42,0.05300200,0.71200000
2018-02-28 23:11:42,0.05300200,0.12400000
2018-02-28 23:11:43,0.05313100,0.01900000
2018-02-28 23:11:43,0.05300300,0.33700000
2018-02-28 23:11:43,0.05300300,0.02900000
2018-02-28 23:11:43,0.05313100,0.59200000
2018-02-28 23:11:43,0.05300300,0.07600000
2018-02-28 23:11:43,0.05300300,0.38400000
2018-02-28 23:11:43,0.05300300,0.04800000
2018-02-28 23:11:43,0.05313100,1.27200000
2018-02-28 23:11:43,0.05313300,2.72200000
2018-02-28 23:11:43,0.05313600,0.30100000
2018-02-28 23:11:43,0.05315000,4.95100000
2018-02-28 23:11:44,0.05300300,0.06800000
2018-02-28 23:11:44,0.05300300,0.55300000
2018-02-28 23:11:44,0.05300300,0.09400000
2018-02-28 23:11:44,0.05300300,0.04000000
2018-02-28 23:11:44,0.05300300,0.15000000
2018-02-28 23:11:44,0.05300300,0.03900000
2018-02-28 23:11:44,0.05300300,0.07800000
2018-02-28 23:11:44,0.05300500,0.04700000
2018-02-28 23:11:44,0.05300500,0.92000000
2018-02-28 23:11:44,0.05300500,0.05700000
2018-02-28 23:11:45,0.05300500,0.04800000
2018-02-28 23:11:45,0.05300500,0.04800000
2018-02-28 23:11:45,0.05300500,0.04800000
2018-02-28 23:11:45,0.05300800,0.81100000
2018-02-28 23:11:45,0.05300600,0.16200000
2018-02-28 23:11:45,0.05300600,0.04800000
2018-02-28 23:11:45,0.05300600,0.04800000
2018-02-28 23:11:45,0.05300600,0.24200000
2018-02-28 23:11:45,0.05300300,0.05600000
2018-02-28 23:11:45,0.05300300,0.13000000
2018-02-28 23:11:45,0.05300300,0.16800000
2018-02-28 23:11:46,0.05300300,0.13000000
2018-02-28 23:11:46,0.05312800,0.44300000
2018-02-28 23:11:46,0.05300300,0.02300000
2018-02-28 23:11:46,0.05300300,0.03800000
2018-02-28 23:11:46,0.05300300,0.32400000
2018-02-28 23:11:47,0.05300300,0.68400000
2018-02-28 23:11:47,0.05312500,1.53600000
2018-02-28 23:11:47,0.05312700,0.70800000
2018-02-28 23:11:47,0.05313400,1.18000000
2018-02-28 23:11:47,0.05314900,0.56500000
2018-02-28 23:11:47,0.05315000,3.85900000
2018-02-28 23:11:47,0.05316200,0.19100000
2018-02-28 23:11:47,0.05316400,0.10000000
2018-02-28 23:11:47,0.05317900,1.41400000
2018-02-28 23:11:47,0.05318100,0.03800000
2018-02-28 23:11:47,0.05320000,2.12700000
2018-02-28 23:11:47,0.05323700,0.98200000
2018-02-28 23:11:47,0.05303200,0.47700000
2018-02-28 23:11:49,0.05313000,0.10500000
2018-02-28 23:11:49,0.05313000,0.00200000
2018-02-28 23:11:49,0.05303700,0.04600000
2018-02-28 23:11:51,0.05315000,0.20200000
2018-02-28 23:11:51,0.05315000,0.07600000
2018-02-28 23:11:51,0.05315000,0.14000000
2018-02-28 23:11:51,0.05315000,0.09500000
2018-02-28 23:11:51,0.05315000,1.20000000
2018-02-28 23:11:51,0.05315000,0.05500000
2018-02-28 23:11:51,0.05315000,0.04600000
2018-02-28 23:11:52,0.05315000,0.61800000
2018-02-28 23:11:52,0.05315000,0.19600000
2018-02-28 23:11:52,0.05315000,0.10600000
2018-02-28 23:11:52,0.05315000,0.04800000
2018-02-28 23:11:52,0.05323200,0.04600000
2018-02-28 23:11:52,0.05323500,0.47700000
2018-02-28 23:11:52,0.05323600,1.19200000
2018-02-28 23:11:52,0.05323700,0.16600000
2018-02-28 23:11:52,0.05323900,0.18500000
2018-02-28 23:11:52,0.05325000,2.18200000
2018-02-28 23:11:52,0.05325000,0.27500000
2018-02-28 23:11:52,0.05315000,0.27500000
2018-02-28 23:11:52,0.05315000,3.43300000
2018-02-28 23:11:53,0.05315000,0.01400000
2018-02-28 23:11:53,0.05313400,0.10300000
2018-02-28 23:11:53,0.05312500,0.56400000
2018-02-28 23:11:54,0.05304300,2.43600000
2018-02-28 23:11:54,0.05313400,0.05600000
2018-02-28 23:11:54,0.05315000,0.53000000
2018-02-28 23:11:55,0.05304000,0.10000000
2018-02-28 23:11:55,0.05315000,0.00300000
2018-02-28 23:11:56,0.05303900,0.05600000
2018-02-28 23:11:56,0.05303900,0.50400000
2018-02-28 23:11:56,0.05315000,0.30600000
2018-02-28 23:11:57,0.05303900,0.02100000
2018-02-28 23:11:58,0.05303900,0.05700000
2018-02-28 23:11:58,0.05303900,0.04600000
2018-02-28 23:11:58,0.05303900,0.16400000
2018-02-28 23:11:58,0.05303900,0.06600000
2018-02-28 23:11:58,0.05304000,0.09500000
2018-02-28 23:11:58,0.05304200,0.05700000
2018-02-28 23:11:58,0.05304200,0.86900000
2018-02-28 23:11:59,0.05304200,0.02700000
2018-02-28 23:11:59,0.05304200,0.04200000
2018-02-28 23:11:59,0.05304200,0.25000000
2018-02-28 23:11:59,0.05304000,0.40000000
2018-02-28 23:11:59,0.05304000,0.08400000
2018-02-28 23:12:00,0.05304000,0.98000000
2018-02-28 23:12:00,0.05311000,0.04000000
2018-02-28 23:12:02,0.05314700,0.76900000
2018-02-28 23:12:02,0.05300500,0.07700000
2018-02-28 23:12:02,0.05300500,3.69600000
2018-02-28 23:12:02,0.05300400,0.71200000
2018-02-28 23:12:02,0.05300300,1.22800000
2018-02-28 23:12:02,0.05300300,0.09400000
2018-02-28 23:12:02,0.05314700,1.39000000
2018-02-28 23:12:02,0.05314700,1.71000000
2018-02-28 23:12:03,0.05314700,0.21200000
2018-02-28 23:12:03,0.05314700,0.50000000
2018-02-28 23:12:03,0.05314700,0.18900000
2018-02-28 23:12:03,0.05314700,0.19000000
2018-02-28 23:12:03,0.05314700,0.81000000
2018-02-28 23:12:03,0.05314700,0.03400000
2018-02-28 23:12:03,0.05314700,0.04700000
2018-02-28 23:12:04,0.05314700,0.08600000
2018-02-28 23:12:05,0.05314700,0.56400000
2018-02-28 23:12:05,0.05314900,0.56400000
2018-02-28 23:12:05,0.05315000,0.12900000
2018-02-28 23:12:06,0.05314700,0.88100000
2018-02-28 23:12:07,0.05314700,0.29200000
2018-02-28 23:12:07,0.05314700,0.02000000
2018-02-28 23:12:07,0.05301100,0.10000000
2018-02-28 23:12:07,0.05314700,0.07000000
2018-02-28 23:12:08,0.05314700,0.21600000
2018-02-28 23:12:09,0.05314800,0.10000000
2018-02-28 23:12:09,0.05315000,0.54900000
2018-02-28 23:12:09,0.05324800,0.36600000
2018-02-28 23:12:09,0.05326000,0.02100000
2018-02-28 23:12:09,0.05326500,0.03800000
2018-02-28 23:12:09,0.05329300,0.10000000
2018-02-28 23:12:09,0.05329900,1.74500000
2018-02-28 23:12:10,0.05320000,0.03200000
2018-02-28 23:12:11,0.05320000,1.09500000
2018-02-28 23:12:11,0.05320000,0.04400000
2018-02-28 23:12:11,0.05320000,0.03500000
2018-02-28 23:12:11,0.05320000,0.05400000
2018-02-28 23:12:11,0.05320000,1.05200000
2018-02-28 23:12:11,0.05316600,0.51300000
2018-02-28 23:12:12,0.05315000,0.05300000
2018-02-28 23:12:13,0.05314700,1.09500000
2018-02-28 23:12:14,0.05314700,0.15500000
2018-02-28 23:12:14,0.05316500,0.07600000
2018-02-28 23:12:14,0.05316500,0.43700000
2018-02-28 23:12:14,0.05316600,0.82400000
2018-02-28 23:12:14,0.05328600,0.15100000
2018-02-28 23:12:14,0.05329000,0.09400000
2018-02-28 23:12:14,0.05330000,1.79400000
2018-02-28 23:12:15,0.05314900,0.51300000
2018-02-28 23:12:15,0.05315200,1.38400000
2018-02-28 23:12:16,0.05315200,0.49400000
2018-02-28 23:12:16,0.05314900,0.08500000
2018-02-28 23:12:16,0.05314700,2.39100000
2018-02-28 23:12:16,0.05314900,0.41700000
2018-02-28 23:12:17,0.05314900,0.21200000
2018-02-28 23:12:17,0.05314900,0.67000000
2018-02-28 23:12:17,0.05315200,1.87800000
2018-02-28 23:12:20,0.05316400,0.09200000
2018-02-28 23:12:20,0.05316400,0.00400000
2018-02-28 23:12:20,0.05316400,1.74300000
2018-02-28 23:12:20,0.05315200,1.45200000
2018-02-28 23:12:20,0.05315200,0.47500000
2018-02-28 23:12:22,0.05317200,0.74000000
2018-02-28 23:12:26,0.05322000,0.29100000
2018-02-28 23:12:29,0.05317200,0.29900000
2018-02-28 23:12:30,0.05321300,0.92400000
2018-02-28 23:12:30,0.05321500,0.21200000
2018-02-28 23:12:30,0.05321800,0.18800000
2018-02-28 23:12:30,0.05322800,0.10000000
2018-02-28 23:12:30,0.05324500,5.11100000
2018-02-28 23:12:30,0.05327400,0.09800000
2018-02-28 23:12:30,0.05327900,0.30200000
2018-02-28 23:12:30,0.05328500,0.18800000
2018-02-28 23:12:30,0.05329100,4.52300000
2018-02-28 23:12:30,0.05329700,0.08600000
2018-02-28 23:12:30,0.05330000,1.80800000
2018-02-28 23:12:30,0.05330200,0.38600000
2018-02-28 23:12:30,0.05334200,0.87400000
2018-02-28 23:12:31,0.05321300,0.05700000
2018-02-28 23:12:32,0.05322000,2.11100000
2018-02-28 23:12:32,0.05317200,1.68100000
2018-02-28 23:12:33,0.05322400,0.05300000
2018-02-28 23:12:33,0.05334100,0.20300000
2018-02-28 23:12:33,0.05334200,1.04400000
2018-02-28 23:12:34,0.05321800,0.36300000
2018-02-28 23:12:35,0.05321800,0.96400000
2018-02-28 23:12:35,0.05321900,0.03800000
2018-02-28 23:12:35,0.05321800,0.44200000
2018-02-28 23:12:36,0.05322400,0.10600000
2018-02-28 23:12:36,0.05322200,0.56300000
2018-02-28 23:12:36,0.05321900,0.05000000
2018-02-28 23:12:36,0.05321800,2.22500000
2018-02-28 23:12:36,0.05321600,0.45500000
2018-02-28 23:12:36,0.05317200,1.60100000
2018-02-28 23:12:38,0.05321900,0.25900000
2018-02-28 23:12:38,0.05333800,0.01800000
2018-02-28 23:12:39,0.05321900,0.02500000
2018-02-28 23:12:39,0.05329700,0.35600000
2018-02-28 23:12:42,0.05329700,0.52000000
2018-02-28 23:12:43,0.05329700,0.98100000
2018-02-28 23:12:43,0.05329700,0.72800000
2018-02-28 23:12:43,0.05329700,0.73000000
2018-02-28 23:12:43,0.05329700,0.72900000
2018-02-28 23:12:43,0.05329700,19.05400000
2018-02-28 23:12:44,0.05329700,3.19800000
2018-02-28 23:12:44,0.05322000,1.41700000
2018-02-28 23:12:44,0.05321900,16.17000000
2018-02-28 23:12:44,0.05329700,0.04700000
2018-02-28 23:12:44,0.05321900,4.00000000
2018-02-28 23:12:45,0.05322400,0.09400000
2018-02-28 23:12:45,0.05329000,0.20000000
2018-02-28 23:12:45,0.05329700,0.50900000
2018-02-28 23:12:45,0.05329700,0.17400000
2018-02-28 23:12:45,0.05329700,2.53700000
2018-02-28 23:12:45,0.05329900,0.00700000
2018-02-28 23:12:46,0.05329900,0.07200000
2018-02-28 23:12:48,0.05329800,2.18300000
2018-02-28 23:12:48,0.05329800,0.06100000
2018-02-28 23:12:48,0.05329800,0.00300000
2018-02-28 23:12:50,0.05329800,0.96400000
2018-02-28 23:12:50,0.05329800,2.11300000
2018-02-28 23:12:51,0.05323300,0.05200000
2018-02-28 23:12:51,0.05329800,5.32000000
2018-02-28 23:12:55,0.05324900,0.15000000
2018-02-28 23:12:55,0.05329800,0.88100000
2018-02-28 23:12:56,0.05324900,0.18600000
2018-02-28 23:12:56,0.05324400,0.28000000
2018-02-28 23:12:56,0.05323900,1.85700000
2018-02-28 23:12:56,0.05321900,0.66500000
2018-02-28 23:13:01,0.05329800,0.75600000
2018-02-28 23:13:02,0.05329800,1.24100000
2018-02-28 23:13:03,0.05329800,0.39900000
2018-02-28 23:13:03,0.05322000,0.02200000
2018-02-28 23:13:03,0.05329800,0.13200000
2018-02-28 23:13:04,0.05322700,0.06500000
2018-02-28 23:13:04,0.05322000,0.30900000
2018-02-28 23:13:05,0.05322000,0.23400000
2018-02-28 23:13:06,0.05329800,0.81700000
2018-02-28 23:13:08,0.05322000,0.01900000
2018-02-28 23:13:09,0.05322000,0.83200000
2018-02-28 23:13:09,0.05321900,0.09100000
2018-02-28 23:13:12,0.05322700,0.15000000
2018-02-28 23:13:12,0.05322000,0.15800000
2018-02-28 23:13:13,0.05321900,2.42100000
2018-02-28 23:13:13,0.05322000,1.12900000
2018-02-28 23:13:14,0.05322000,0.87900000
2018-02-28 23:13:15,0.05322000,0.44300000
2018-02-28 23:13:17,0.05321900,0.09600000
2018-02-28 23:13:17,0.05322000,11.47000000
2018-02-28 23:13:18,0.05322000,1.03300000
2018-02-28 23:13:18,0.05321900,2.71800000
2018-02-28 23:13:18,0.05321900,7.67700000
2018-02-28 23:13:18,0.05321600,0.40000000
2018-02-28 23:13:18,0.05320000,3.45300000
2018-02-28 23:13:20,0.05320000,4.34900000
2018-02-28 23:13:20,0.05322000,0.79300000
2018-02-28 23:13:20,0.05317200,0.19200000
2018-02-28 23:13:20,0.05322000,3.27500000
2018-02-28 23:13:20,0.05317200,1.10800000
2018-02-28 23:13:21,0.05317200,0.08900000
2018-02-28 23:13:21,0.05317200,0.14400000
2018-02-28 23:13:21,0.05320000,0.49200000
2018-02-28 23:13:21,0.05320000,0.09400000
2018-02-28 23:13:21,0.05320000,0.18400000
2018-02-28 23:13:21,0.05320000,0.15800000
2018-02-28 23:13:21,0.05320000,0.21200000
2018-02-28 23:13:22,0.05322000,0.45000000
2018-02-28 23:13:22,0.05320000,0.05000000
2018-02-28 23:13:22,0.05320000,0.04800000
2018-02-28 23:13:22,0.05320000,0.02700000
2018-02-28 23:13:23,0.05320000,0.27100000
2018-02-28 23:13:23,0.05320000,3.82600000
2018-02-28 23:13:23,0.05317200,0.09600000
2018-02-28 23:13:23,0.05320000,0.17000000
2018-02-28 23:13:23,0.05322000,0.98800000
2018-02-28 23:13:24,0.05322000,2.65000000
2018-02-28 23:13:24,0.05322000,2.64500000
2018-02-28 23:13:24,0.05317200,0.50800000
2018-02-28 23:13:26,0.05317200,0.09400000
2018-02-28 23:13:26,0.05317200,0.05700000
2018-02-28 23:13:27,0.05317200,0.09400000
2018-02-28 23:13:28,0.05320000,0.06700000
2018-02-28 23:13:28,0.05317200,0.09400000
2018-02-28 23:13:28,0.05320000,0.26200000
2018-02-28 23:13:28,0.05322000,3.90700000
2018-02-28 23:13:28,0.05329600,0.81300000
2018-02-28 23:13:28,0.05329700,0.05100000
2018-02-28 23:13:28,0.05329800,3.23100000
2018-02-28 23:13:28,0.05329900,0.02500000
2018-02-28 23:13:29,0.05329800,0.02300000
2018-02-28 23:13:29,0.05333000,0.41200000
2018-02-28 23:13:30,0.05331400,0.10000000
2018-02-28 23:13:30,0.05334000,0.02300000
2018-02-28 23:13:30,0.05334100,2.00000000
2018-02-28 23:13:30,0.05334200,4.90500000
2018-02-28 23:13:30,0.05334200,1.83300000
2018-02-28 23:13:30,0.05334200,1.84000000
2018-02-28 23:13:30,0.05334200,7.02900000
2018-02-28 23:13:30,0.05329800,0.18800000
2018-02-28 23:13:30,0.05334200,4.28300000
2018-02-28 23:13:30,0.05329800,0.46000000
2018-02-28 23:13:30,0.05329800,0.05000000
2018-02-28 23:13:31,0.05329800,3.59400000
2018-02-28 23:13:31,0.05329800,0.18700000
2018-02-28 23:13:31,0.05329800,0.18700000
2018-02-28 23:13:33,0.05329800,0.01700000
2018-02-28 23:13:34,0.05333900,1.47600000
2018-02-28 23:13:35,0.05334100,0.79800000
2018-02-28 23:13:35,0.05334100,0.15000000
2018-02-28 23:13:35,0.05334100,0.25900000
2018-02-28 23:13:35,0.05334100,0.26000000
2018-02-28 23:13:35,0.05334100,0.18800000
2018-02-28 23:13:35,0.05334100,0.18700000
2018-02-28 23:13:35,0.05334100,0.17300000
2018-02-28 23:13:35,0.05329800,0.18700000
2018-02-28 23:13:36,0.05334100,0.79900000
2018-02-28 23:13:36,0.05334100,0.85800000
2018-02-28 23:13:36,0.05334200,0.84600000
2018-02-28 23:13:39,0.05334200,1.37200000
2018-02-28 23:13:40,0.05333900,0.09500000
2018-02-28 23:13:40,0.05333900,2.31900000
2018-02-28 23:13:41,0.05333900,0.89100000
2018-02-28 23:13:41,0.05334000,1.12900000
2018-02-28 23:13:41,0.05334200,0.11600000
2018-02-28 23:13:41,0.05334200,0.06000000
2018-02-28 23:13:41,0.05329800,2.00000000
2018-02-28 23:13:44,0.05333900,0.28600000
2018-02-28 23:13:44,0.05334200,1.24400000
2018-02-28 23:13:44,0.05334200,8.28700000
2018-02-28 23:13:46,0.05334500,0.01400000
2018-02-28 23:13:47,0.05334200,0.00600000
2018-02-28 23:13:48,0.05334500,0.54900000
2018-02-28 23:13:48,0.05334600,0.04000000
2018-02-28 23:13:49,0.05334900,0.23600000
2018-02-28 23:13:50,0.05334900,0.01000000
2018-02-28 23:13:51,0.05334400,0.01800000
2018-02-28 23:13:55,0.05334400,0.03100000
2018-02-28 23:13:55,0.05334500,0.32500000
2018-02-28 23:13:57,0.05334500,1.27500000
2018-02-28 23:13:57,0.05334600,0.12000000
2018-02-28 23:13:57,0.05335000,0.03800000
2018-02-28 23:13:57,0.05336000,1.65100000
2018-02-28 23:13:57,0.05336300,0.03800000
2018-02-28 23:13:57,0.05339900,0.07200000
2018-02-28 23:13:57,0.05340000,0.59700000
2018-02-28 23:13:57,0.05342100,1.90200000
2018-02-28 23:13:57,0.05342500,0.81000000
2018-02-28 23:13:57,0.05345000,0.46700000
2018-02-28 23:13:59,0.05345000,0.79800000
2018-02-28 23:13:59,0.05349900,0.85100000
2018-02-28 23:14:01,0.05349900,0.21500000
2018-02-28 23:14:02,0.05345000,0.45000000
2018-02-28 23:14:02,0.05345000,0.04700000
2018-02-28 23:14:03,0.05345000,0.20000000
2018-02-28 23:14:03,0.05345000,0.00300000
2018-02-28 23:14:04,0.05349900,1.66400000
2018-02-28 23:14:04,0.05349900,0.17200000
2018-02-28 23:14:05,0.05349900,7.76000000
2018-02-28 23:14:05,0.05349900,0.18600000
2018-02-28 23:14:06,0.05349900,0.18600000
2018-02-28 23:14:06,0.05349900,0.77100000
2018-02-28 23:14:06,0.05349900,0.15000000
2018-02-28 23:14:06,0.05349900,1.27500000
2018-02-28 23:14:06,0.05349900,0.06100000
2018-02-28 23:14:07,0.05349900,0.30700000
2018-02-28 23:14:08,0.05349900,0.00300000
2018-02-28 23:14:08,0.05349900,7.56400000
2018-02-28 23:14:08,0.05349900,0.99900000
2018-02-28 23:14:08,0.05345000,7.19500000
2018-02-28 23:14:09,0.05349900,6.44100000
2018-02-28 23:14:09,0.05349900,0.04000000
2018-02-28 23:14:09,0.05349900,5.80000000
2018-02-28 23:14:10,0.05350000,24.01300000
2018-02-28 23:14:10,0.05350000,0.04700000
2018-02-28 23:14:11,0.05350000,0.10400000
2018-02-28 23:14:11,0.05350000,0.11200000
2018-02-28 23:14:11,0.05350000,0.06600000
2018-02-28 23:14:11,0.05350000,5.00000000
2018-02-28 23:14:11,0.05350000,0.41700000
2018-02-28 23:14:12,0.05355000,0.04700000
2018-02-28 23:14:12,0.05350000,0.20000000
2018-02-28 23:14:12,0.05355000,0.09300000
2018-02-28 23:14:12,0.05355000,0.03700000
2018-02-28 23:14:12,0.05355000,1.49500000
2018-02-28 23:14:12,0.05350000,0.09400000
2018-02-28 23:14:12,0.05350000,0.56100000
2018-02-28 23:14:12,0.05355000,0.03700000
2018-02-28 23:14:12,0.05355000,0.09300000
2018-02-28 23:14:13,0.05355000,0.18600000
2018-02-28 23:14:13,0.05350000,0.18600000
2018-02-28 23:14:13,0.05355000,4.98700000
2018-02-28 23:14:13,0.05355000,0.93400000
2018-02-28 23:14:13,0.05350000,0.11600000
2018-02-28 23:14:13,0.05350000,0.19000000
2018-02-28 23:14:14,0.05355000,0.87600000
2018-02-28 23:14:14,0.05355000,1.75800000
2018-02-28 23:14:14,0.05355000,1.73200000
2018-02-28 23:14:14,0.05355000,1.15500000
2018-02-28 23:14:14,0.05355000,0.05900000
2018-02-28 23:14:14,0.05355000,1.39000000
2018-02-28 23:14:14,0.05355500,0.35000000
2018-02-28 23:14:16,0.05354600,0.30900000
2018-02-28 23:14:16,0.05355500,2.54800000
2018-02-28 23:14:16,0.05355500,0.05600000
2018-02-28 23:14:17,0.05355500,3.08700000
2018-02-28 23:14:18,0.05356200,0.04100000
2018-02-28 23:14:18,0.05356500,0.02100000
2018-02-28 23:14:18,0.05356700,0.32000000
2018-02-28 23:14:18,0.05358600,0.34000000
2018-02-28 23:14:18,0.05358900,0.51300000
2018-02-28 23:14:19,0.05358900,0.21900000
2018-02-28 23:14:20,0.05358600,0.04000000
2018-02-28 23:14:21,0.05358600,0.19500000
2018-02-28 23:14:21,0.05358600,0.04700000
2018-02-28 23:14:22,0.05358600,0.10000000
2018-02-28 23:14:25,0.05358500,0.02600000
2018-02-28 23:14:25,0.05358600,1.32000000
2018-02-28 23:14:25,0.05358900,8.34800000
2018-02-28 23:14:25,0.05359100,0.11300000
2018-02-28 23:14:25,0.05359300,0.75900000
2018-02-28 23:14:25,0.05359900,0.19100000
2018-02-28 23:14:25,0.05360000,2.83000000
2018-02-28 23:14:25,0.05360100,0.11200000
2018-02-28 23:14:25,0.05360600,0.11200000
2018-02-28 23:14:25,0.05362000,0.02200000
2018-02-28 23:14:25,0.05363700,0.42700000
2018-02-28 23:14:25,0.05365000,0.95200000
2018-02-28 23:14:25,0.05366300,0.13700000
2018-02-28 23:14:25,0.05366500,2.40800000
2018-02-28 23:14:26,0.05366500,0.58800000
2018-02-28 23:14:26,0.05362700,0.10000000
2018-02-28 23:14:26,0.05366500,1.03100000
2018-02-28 23:14:26,0.05366500,1.72900000
2018-02-28 23:14:27,0.05366500,0.05800000
2018-02-28 23:14:27,0.05366500,0.06200000
2018-02-28 23:14:27,0.05367200,0.03800000
2018-02-28 23:14:27,0.05367800,0.02100000
2018-02-28 23:14:29,0.05367800,0.09100000
2018-02-28 23:14:29,0.05370000,4.80900000
2018-02-28 23:14:29,0.05366500,0.09600000
2018-02-28 23:14:30,0.05370000,5.80500000
2018-02-28 23:14:30,0.05370000,0.83600000
2018-02-28 23:14:30,0.05372500,0.02900000
2018-02-28 23:14:30,0.05376100,0.04900000
2018-02-28 23:14:31,0.05366500,0.04600000
2018-02-28 23:14:31,0.05366500,0.04700000
2018-02-28 23:14:32,0.05367800,0.19500000
2018-02-28 23:14:32,0.05367800,0.04300000
2018-02-28 23:14:34,0.05370000,0.04700000
2018-02-28 23:14:34,0.05370000,0.14900000
2018-02-28 23:14:34,0.05370000,3.62500000
2018-02-28 23:14:35,0.05367800,0.56600000
2018-02-28 23:14:35,0.05367800,3.62300000
2018-02-28 23:14:37,0.05367800,0.10000000
2018-02-28 23:14:38,0.05367800,0.04700000
2018-02-28 23:14:39,0.05370100,0.14800000
2018-02-28 23:14:39,0.05370100,3.57500000
2018-02-28 23:14:39,0.05370100,0.20300000
2018-02-28 23:14:40,0.05367800,1.31200000
2018-02-28 23:14:40,0.05367800,2.95400000
2018-02-28 23:14:40,0.05376100,0.04000000
2018-02-28 23:14:41,0.05367800,0.56600000
2018-02-28 23:14:41,0.05367800,0.34700000
2018-02-28 23:14:41,0.05367800,0.00200000
2018-02-28 23:14:41,0.05366500,0.83100000
2018-02-28 23:14:41,0.05365300,0.55900000
2018-02-28 23:14:41,0.05360000,3.56800000
2018-02-28 23:14:41,0.05358900,1.96200000
2018-02-28 23:14:41,0.05355800,0.08400000
2018-02-28 23:14:41,0.05355500,0.37900000
2018-02-28 23:14:41,0.05353900,2.60200000
2018-02-28 23:14:41,0.05354100,0.04700000
2018-02-28 23:14:42,0.05354400,0.56000000
2018-02-28 23:14:42,0.05354400,0.28300000
2018-02-28 23:14:42,0.05354400,0.13300000
2018-02-28 23:14:42,0.05367800,2.35500000
2018-02-28 23:14:42,0.05354400,0.84000000
2018-02-28 23:14:42,0.05354200,0.34500000
2018-02-28 23:14:43,0.05354100,0.09600000
2018-02-28 23:14:43,0.05354100,0.11200000
2018-02-28 23:14:44,0.05354200,0.18900000
2018-02-28 23:14:44,0.05354200,0.03200000
2018-02-28 23:14:44,0.05354200,0.41400000
2018-02-28 23:14:44,0.05354000,0.04500000
2018-02-28 23:14:44,0.05354000,0.09400000
2018-02-28 23:14:44,0.05354000,0.08200000
2018-02-28 23:14:44,0.05354000,0.09400000
2018-02-28 23:14:44,0.05354000,0.09200000
2018-02-28 23:14:45,0.05354100,0.27200000
2018-02-28 23:14:46,0.05349900,0.17100000
2018-02-28 23:14:46,0.05349900,0.09200000
2018-02-28 23:14:46,0.05349900,0.16700000
2018-02-28 23:14:46,0.05349900,0.30400000
2018-02-28 23:14:46,0.05349900,0.35800000
2018-02-28 23:14:46,0.05349900,0.04700000
2018-02-28 23:14:46,0.05349900,0.17000000
2018-02-28 23:14:47,0.05349900,0.04800000
2018-02-28 23:14:47,0.05349900,0.08800000
2018-02-28 23:14:47,0.05349900,0.04700000
2018-02-28 23:14:47,0.05353900,1.22800000
2018-02-28 23:14:47,0.05354100,0.13500000
2018-02-28 23:14:47,0.05354400,0.07600000
2018-02-28 23:14:47,0.05355000,0.20800000
2018-02-28 23:14:47,0.05355000,0.02800000
2018-02-28 23:14:47,0.05355000,0.02900000
2018-02-28 23:14:47,0.05355000,0.04700000
2018-02-28 23:14:47,0.05355000,0.04400000
2018-02-28 23:14:47,0.05355000,0.02300000
2018-02-28 23:14:47,0.05355000,8.75300000
2018-02-28 23:14:47,0.05355000,0.11400000
2018-02-28 23:14:47,0.05355200,0.09400000
2018-02-28 23:14:47,0.05355200,1.77100000
2018-02-28 23:14:47,0.05355000,3.52900000
2018-02-28 23:14:47,0.05349900,1.59100000
2018-02-28 23:14:48,0.05349900,0.02500000
2018-02-28 23:14:48,0.05349900,0.18800000
2018-02-28 23:14:48,0.05349900,0.09900000
2018-02-28 23:14:48,0.05349900,1.74700000
2018-02-28 23:14:48,0.05349800,0.70700000
2018-02-28 23:14:48,0.05349700,0.09500000
2018-02-28 23:14:48,0.05346300,0.05600000
2018-02-28 23:14:48,0.05345500,0.29400000
2018-02-28 23:14:48,0.05345000,0.78100000
2018-02-28 23:14:48,0.05340000,4.59500000
2018-02-28 23:14:48,0.05340000,0.72900000
2018-02-28 23:14:48,0.05340000,2.29100000
2018-02-28 23:14:48,0.05340000,0.31300000
2018-02-28 23:14:48,0.05340000,0.31300000
2018-02-28 23:14:48,0.05340000,0.31300000
2018-02-28 23:14:48,0.05340000,0.31000000
2018-02-28 23:14:49,0.05339800,0.63400000
2018-02-28 23:14:49,0.05339800,0.05300000
2018-02-28 23:14:49,0.05339800,0.16800000
2018-02-28 23:14:49,0.05335600,0.07600000
2018-02-28 23:14:50,0.05339500,0.02900000
2018-02-28 23:14:50,0.05335600,0.01800000
2018-02-28 23:14:50,0.05332100,0.09400000
2018-02-28 23:14:50,0.05323300,0.14900000
2018-02-28 23:14:50,0.05339500,0.14300000
2018-02-28 23:14:50,0.05323400,0.50000000
2018-02-28 23:14:50,0.05323300,0.04000000
2018-02-28 23:14:51,0.05323300,0.04200000
2018-02-28 23:14:52,0.05323200,0.05600000
2018-02-28 23:14:52,0.05322100,0.13900000
2018-02-28 23:14:52,0.05339200,1.38600000
2018-02-28 23:14:53,0.05322300,0.39200000
2018-02-28 23:14:53,0.05322400,0.04800000
2018-02-28 23:14:53,0.05322300,0.02200000
2018-02-28 23:14:53,0.05323200,0.04000000
2018-02-28 23:14:54,0.05322300,0.09400000
2018-02-28 23:14:54,0.05322300,1.36700000
2018-02-28 23:14:54,0.05322400,0.14400000
2018-02-28 23:14:54,0.05322400,0.35600000
2018-02-28 23:14:55,0.05323200,0.15200000
2018-02-28 23:14:55,0.05323200,0.18600000
2018-02-28 23:14:55,0.05323200,2.19000000
2018-02-28 23:14:56,0.05323200,0.06700000
2018-02-28 23:14:56,0.05323200,0.18800000
2018-02-28 23:14:56,0.05323200,0.13100000
2018-02-28 23:14:56,0.05323200,0.03800000
2018-02-28 23:14:57,0.05323200,0.35100000
2018-02-28 23:14:57,0.05323200,0.02300000
2018-02-28 23:14:57,0.05323200,0.04000000
2018-02-28 23:14:57,0.05323200,0.04800000
2018-02-28 23:14:57,0.05323200,0.19100000
2018-02-28 23:14:58,0.05324700,0.03600000
2018-02-28 23:14:58,0.05323200,0.15500000
2018-02-28 23:14:58,0.05323200,0.38100000
2018-02-28 23:14:58,0.05338000,0.13100000
2018-02-28 23:14:58,0.05323200,0.04000000
2018-02-28 23:14:58,0.05323200,0.05500000
2018-02-28 23:14:58,0.05338000,1.74400000
2018-02-28 23:14:58,0.05338200,1.00000000
2018-02-28 23:14:58,0.05339100,0.12600000
2018-02-28 23:14:58,0.05322000,0.19100000
2018-02-28 23:14:59,0.05338000,0.19100000
2018-02-28 23:14:59,0.05339000,0.09700000
2018-02-28 23:14:59,0.05338000,1.30800000
2018-02-28 23:14:59,0.05338000,0.20700000
2018-02-28 23:14:59,0.05338000,0.09400000
2018-02-28 23:15:00,0.05338100,0.04200000
2018-02-28 23:15:00,0.05338100,0.09600000
2018-02-28 23:15:00,0.05338100,0.15200000
2018-02-28 23:15:00,0.05338100,0.21000000
2018-02-28 23:15:00,0.05338000,0.42100000
2018-02-28 23:15:00,0.05338000,0.19100000
2018-02-28 23:15:00,0.05338000,0.03600000
2018-02-28 23:15:00,0.05338000,0.02300000
2018-02-28 23:15:01,0.05338000,0.03300000
2018-02-28 23:15:01,0.05338000,0.09400000
2018-02-28 23:15:01,0.05338000,0.08400000
2018-02-28 23:15:02,0.05338000,0.12500000
2018-02-28 23:15:02,0.05333000,0.02700000
2018-02-28 23:15:02,0.05333000,0.02900000
2018-02-28 23:15:02,0.05331900,0.05500000
2018-02-28 23:15:03,0.05331900,0.00100000
2018-02-28 23:15:03,0.05324300,0.04600000
2018-02-28 23:15:04,0.05324600,0.19100000
2018-02-28 23:15:04,0.05338400,0.07800000
2018-02-28 23:15:05,0.05324900,0.07100000
2018-02-28 23:15:06,0.05330000,0.43100000
2018-02-28 23:15:06,0.05325200,1.68500000
2018-02-28 23:15:06,0.05325000,0.50000000
2018-02-28 23:15:06,0.05324100,0.83700000
2018-02-28 23:15:07,0.05324700,1.99300000
2018-02-28 23:15:07,0.05324900,1.68500000
2018-02-28 23:15:07,0.05327000,0.56400000
2018-02-28 23:15:08,0.05323200,0.19400000
2018-02-28 23:15:08,0.05324500,0.42200000
2018-02-28 23:15:08,0.05324600,0.50000000
2018-02-28 23:15:09,0.05323400,0.56000000
2018-02-28 23:15:09,0.05323500,0.21100000
2018-02-28 23:15:09,0.05323400,1.31600000
2018-02-28 23:15:09,0.05323200,0.59000000
2018-02-28 23:15:09,0.05322400,0.76000000
2018-02-28 23:15:09,0.05322000,0.81800000
2018-02-28 23:15:09,0.05321000,0.12600000
2018-02-28 23:15:09,0.05320000,0.50000000
2018-02-28 23:15:09,0.05317200,0.79500000
2018-02-28 23:15:09,0.05323500,0.02300000
2018-02-28 23:15:10,0.05324700,1.87600000
2018-02-28 23:15:10,0.05324900,0.32400000
2018-02-28 23:15:10,0.05338300,0.50000000
2018-02-28 23:15:10,0.05338400,0.26000000
2018-02-28 23:15:10,0.05338500,0.09500000
2018-02-28 23:15:10,0.05338600,0.40000000
2018-02-28 23:15:10,0.05339000,0.46200000
2018-02-28 23:15:10,0.05339700,1.26200000
2018-02-28 23:15:10,0.05340000,4.20600000
2018-02-28 23:15:10,0.05340000,3.14200000
2018-02-28 23:15:10,0.05340000,0.32300000
2018-02-28 23:15:10,0.05340000,0.04400000
2018-02-28 23:15:10,0.05340000,0.18700000
2018-02-28 23:15:10,0.05340000,0.09800000
2018-02-28 23:15:10,0.05350000,0.23500000
2018-02-28 23:15:10,0.05340000,3.28000000
2018-02-28 23:15:10,0.05340000,0.21100000
2018-02-28 23:15:10,0.05340200,0.04700000
2018-02-28 23:15:10,0.05340200,0.04800000
2018-02-28 23:15:11,0.05340300,0.21100000
2018-02-28 23:15:11,0.05340200,0.30600000
2018-02-28 23:15:11,0.05340200,0.03800000
2018-02-28 23:15:11,0.05340500,0.02500000
2018-02-28 23:15:11,0.05340500,0.28600000
2018-02-28 23:15:11,0.05340500,0.07700000
2018-02-28 23:15:13,0.05340800,0.16100000
2018-02-28 23:15:13,0.05341100,0.04000000
2018-02-28 23:15:14,0.05341100,1.18400000
2018-02-28 23:15:14,0.05340900,1.50000000
2018-02-28 23:15:14,0.05340000,0.04000000
2018-02-28 23:15:14,0.05340000,0.07800000
2018-02-28 23:15:14,0.05348800,1.04200000
2018-02-28 23:15:14,0.05348800,1.17000000
2018-02-28 23:15:14,0.05349000,0.50000000
2018-02-28 23:15:14,0.05349100,0.15000000
2018-02-28 23:15:15,0.05340000,0.04800000
2018-02-28 23:15:15,0.05340000,0.35100000
2018-02-28 23:15:15,0.05340000,0.18800000
2018-02-28 23:15:15,0.05340000,0.28000000
2018-02-28 23:15:15,0.05340000,0.01900000
2018-02-28 23:15:17,0.05340000,0.04800000
2018-02-28 23:15:17,0.05348800,0.12100000
2018-02-28 23:15:17,0.05340000,0.09600000
2018-02-28 23:15:17,0.05348800,0.59000000
2018-02-28 23:15:17,0.05348900,1.05700000
2018-02-28 23:15:17,0.05340000,0.18400000
2018-02-28 23:15:18,0.05340000,0.63700000
2018-02-28 23:15:18,0.05340000,100.99200000
2018-02-28 23:15:18,0.05338400,0.04100000
2018-02-28 23:15:19,0.05340000,0.33200000
2018-02-28 23:15:19,0.05340000,0.04200000
2018-02-28 23:15:19,0.05340000,0.04200000
2018-02-28 23:15:20,0.05340000,2.44300000
2018-02-28 23:15:20,0.05338400,0.32900000
2018-02-28 23:15:20,0.05338100,0.56100000
2018-02-28 23:15:20,0.05323200,0.15600000
2018-02-28 23:15:20,0.05317400,2.94100000
2018-02-28 23:15:20,0.05340000,0.46200000
2018-02-28 23:15:20,0.05340000,0.50200000
2018-02-28 23:15:20,0.05340000,2.52700000
2018-02-28 23:15:20,0.05340000,2.30000000
2018-02-28 23:15:21,0.05340000,0.75500000
2018-02-28 23:15:21,0.05348900,1.30400000
2018-02-28 23:15:21,0.05350000,0.43400000
2018-02-28 23:15:21,0.05354000,1.36700000
2018-02-28 23:15:22,0.05339800,0.56100000
2018-02-28 23:15:22,0.05339900,0.50000000
2018-02-28 23:15:22,0.05354000,3.24800000
2018-02-28 23:15:22,0.05355000,1.18600000
2018-02-28 23:15:22,0.05318200,0.09100000
2018-02-28 23:15:23,0.05348900,0.18600000
2018-02-28 23:15:23,0.05348900,0.05600000
2018-02-28 23:15:24,0.05340000,0.06300000
2018-02-28 23:15:24,0.05340000,0.06300000
2018-02-28 23:15:24,0.05340000,0.06000000
2018-02-28 23:15:24,0.05340100,0.03900000
2018-02-28 23:15:24,0.05340000,0.05500000
2018-02-28 23:15:25,0.05340100,0.02200000
2018-02-28 23:15:25,0.05340100,0.05400000
2018-02-28 23:15:25,0.05349800,0.09100000
2018-02-28 23:15:25,0.05350000,1.00000000
2018-02-28 23:15:25,0.05355000,1.05100000
2018-02-28 23:15:25,0.05358800,0.09400000
2018-02-28 23:15:25,0.05360000,0.71300000
2018-02-28 23:15:25,0.05360500,0.05600000
2018-02-28 23:15:25,0.05362700,0.38000000
2018-02-28 23:15:25,0.05362800,0.11200000
2018-02-28 23:15:25,0.05367000,1.50300000
2018-02-28 23:15:25,0.05343400,0.05700000
2018-02-28 23:15:26,0.05343500,0.37700000
2018-02-28 23:15:26,0.05340200,0.37900000
2018-02-28 23:15:26,0.05340100,3.67000000
2018-02-28 23:15:26,0.05343700,0.13100000
2018-02-28 23:15:27,0.05343900,0.83800000
2018-02-28 23:15:27,0.05343900,1.03000000
2018-02-28 23:15:27,0.05343700,0.24800000
2018-02-28 23:15:27,0.05343600,2.10100000
2018-02-28 23:15:27,0.05343500,0.45300000
2018-02-28 23:15:28,0.05361600,0.14500000
2018-02-28 23:15:28,0.05344100,0.04700000
2018-02-28 23:15:28,0.05344100,0.19200000
2018-02-28 23:15:28,0.05344100,0.02300000
2018-02-28 23:15:28,0.05344100,0.09500000
2018-02-28 23:15:28,0.05344100,0.14300000
2018-02-28 23:15:28,0.05344000,0.50000000
2018-02-28 23:15:29,0.05340200,0.12500000
2018-02-28 23:15:29,0.05340200,0.12500000
2018-02-28 23:15:29,0.05340200,0.17700000
2018-02-28 23:15:30,0.05361100,0.04100000
2018-02-28 23:15:30,0.05340300,0.56100000
2018-02-28 23:15:30,0.05340200,2.68200000
2018-02-28 23:15:30,0.05340000,5.38200000
2018-02-28 23:15:31,0.05343500,0.25500000
2018-02-28 23:15:31,0.05324100,0.07200000
2018-02-28 23:15:33,0.05340000,0.66900000
2018-02-28 23:15:34,0.05347700,0.56100000
2018-02-28 23:15:35,0.05340000,0.02900000
2018-02-28 23:15:36,0.05325000,0.09400000
2018-02-28 23:15:36,0.05325000,0.04700000
2018-02-28 23:15:36,0.05325000,0.12900000
2018-02-28 23:15:37,0.05346400,1.00300000
2018-02-28 23:15:40,0.05325000,0.02900000
2018-02-28 23:15:41,0.05325000,4.30600000
2018-02-28 23:15:43,0.05325000,0.09400000
2018-02-28 23:15:43,0.05338600,0.18700000
2018-02-28 23:15:44,0.05325000,3.02200000
2018-02-28 23:15:44,0.05325000,0.35400000
2018-02-28 23:15:45,0.05324500,0.04800000
2018-02-28 23:15:45,0.05324500,0.02800000
2018-02-28 23:15:45,0.05324000,0.20200000
2018-02-28 23:15:46,0.05324400,0.06500000
2018-02-28 23:15:46,0.05324400,0.79000000
2018-02-28 23:15:46,0.05324600,0.37900000
2018-02-28 23:15:46,0.05324700,0.37700000
2018-02-28 23:15:46,0.05325000,0.04900000
2018-02-28 23:15:46,0.05324900,0.03800000
2018-02-28 23:15:47,0.05324900,0.18500000
2018-02-28 23:15:48,0.05324700,0.05800000
2018-02-28 23:15:48,0.05324700,0.79800000
2018-02-28 23:15:49,0.05322000,0.06600000
2018-02-28 23:15:49,0.05320000,0.20800000
2018-02-28 23:15:49,0.05317400,0.54200000
2018-02-28 23:15:49,0.05324700,0.20300000
2018-02-28 23:15:49,0.05324700,0.85600000
2018-02-28 23:15:49,0.05324800,0.75600000
2018-02-28 23:15:49,0.05325000,1.38800000
2018-02-28 23:15:49,0.05325000,1.08200000
2018-02-28 23:15:49,0.05323900,0.04700000
2018-02-28 23:15:50,0.05318000,0.15000000
2018-02-28 23:15:50,0.05317400,0.73900000
2018-02-28 23:15:50,0.05317300,0.03000000
2018-02-28 23:15:50,0.05317200,0.57400000
2018-02-28 23:15:50,0.05316400,0.32000000
2018-02-28 23:15:50,0.05314700,0.07100000
2018-02-28 23:15:50,0.05314100,0.48500000
2018-02-28 23:15:50,0.05306200,0.53600000
2018-02-28 23:15:50,0.05303100,0.97400000
2018-02-28 23:15:51,0.05320000,0.05800000
2018-02-28 23:15:51,0.05320000,0.30000000
2018-02-28 23:15:53,0.05319700,0.50000000
2018-02-28 23:15:53,0.05319800,0.56100000
2018-02-28 23:15:53,0.05320000,0.39300000
2018-02-28 23:15:54,0.05319900,2.89300000
2018-02-28 23:15:54,0.05319900,0.08300000
2018-02-28 23:15:54,0.05320000,0.34000000
2018-02-28 23:15:54,0.05320000,0.00100000
2018-02-28 23:15:54,0.05320000,1.21800000
2018-02-28 23:15:55,0.05324400,0.04200000
2018-02-28 23:15:55,0.05324700,0.05000000
2018-02-28 23:15:56,0.05304800,1.88500000
2018-02-28 23:15:56,0.05304600,1.50000000
2018-02-28 23:15:56,0.05303800,0.33900000
2018-02-28 23:15:56,0.05303800,1.54600000
2018-02-28 23:15:56,0.05304000,0.76900000
2018-02-28 23:15:56,0.05303400,1.18000000
2018-02-28 23:15:56,0.05303100,0.02600000
2018-02-28 23:15:56,0.05302400,1.19100000
2018-02-28 23:15:58,0.05324100,0.12700000
2018-02-28 23:15:58,0.05303700,0.12700000
2018-02-28 23:16:00,0.05303800,0.04800000
2018-02-28 23:16:00,0.05308000,0.12700000
2018-02-28 23:16:00,0.05308200,0.02200000
2018-02-28 23:16:00,0.05319900,0.67200000
2018-02-28 23:16:00,0.05304000,0.07600000
2018-02-28 23:16:02,0.05319700,0.16500000
2018-02-28 23:16:02,0.05304300,0.95800000
2018-02-28 23:16:04,0.05319500,0.53600000
2018-02-28 23:16:04,0.05319600,0.01200000
2018-02-28 23:16:04,0.05319600,0.32700000
2018-02-28 23:16:04,0.05319700,0.05700000
2018-02-28 23:16:04,0.05320000,0.43000000
2018-02-28 23:16:04,0.05320000,7.48300000
2018-02-28 23:16:04,0.05324600,0.04500000
2018-02-28 23:16:04,0.05324700,2.54900000
2018-02-28 23:16:04,0.05325000,1.65000000
2018-02-28 23:16:04,0.05339700,0.07500000
2018-02-28 23:16:04,0.05340000,0.82300000
2018-02-28 23:16:07,0.05306200,0.21900000
2018-02-28 23:16:07,0.05306300,0.51700000
2018-02-28 23:16:07,0.05306200,1.14600000
2018-02-28 23:16:07,0.05339000,1.13100000
2018-02-28 23:16:07,0.05338900,3.10900000
2018-02-28 23:16:07,0.05339000,0.26600000
2018-02-28 23:16:08,0.05338900,0.20200000
2018-02-28 23:16:09,0.05338900,0.06800000
2018-02-28 23:16:10,0.05310300,0.05700000
2018-02-28 23:16:10,0.05338900,0.04700000
2018-02-28 23:16:10,0.05338900,0.28100000
2018-02-28 23:16:11,0.05338800,0.56500000
2018-02-28 23:16:11,0.05338900,0.13600000
2018-02-28 23:16:11,0.05310600,1.75200000
2018-02-28 23:16:11,0.05310500,1.00000000
2018-02-28 23:16:11,0.05310400,1.57500000
2018-02-28 23:16:11,0.05310200,0.39000000
2018-02-28 23:16:11,0.05310100,2.88500000
2018-02-28 23:16:11,0.05307600,0.05300000
2018-02-28 23:16:11,0.05307500,0.49400000
2018-02-28 23:16:11,0.05307300,0.27000000
2018-02-28 23:16:11,0.05307200,0.49400000
2018-02-28 23:16:11,0.05307000,0.38000000
2018-02-28 23:16:11,0.05306900,3.10900000
2018-02-28 23:16:11,0.05306400,0.09400000
2018-02-28 23:16:11,0.05305900,0.05400000
2018-02-28 23:16:11,0.05305600,0.32400000
2018-02-28 23:16:11,0.05305300,5.69400000
2018-02-28 23:16:11,0.05305000,2.78000000
2018-02-28 23:16:15,0.05327800,0.35500000
2018-02-28 23:16:15,0.05327800,1.62500000
2018-02-28 23:16:17,0.05320100,0.76300000
2018-02-28 23:16:17,0.05320000,0.23700000
2018-02-28 23:16:18,0.05320000,0.36200000
2018-02-28 23:16:18,0.05316500,0.56400000
2018-02-28 23:16:24,0.05312400,2.22800000
2018-02-28 23:16:24,0.05312600,0.99400000
2018-02-28 23:16:24,0.05312700,0.49400000
2018-02-28 23:16:24,0.05313000,0.50000000
2018-02-28 23:16:24,0.05313600,1.07500000
2018-02-28 23:16:24,0.05314200,0.38100000
2018-02-28 23:16:25,0.05320000,1.67500000
2018-02-28 23:16:29,0.05318900,0.09400000
2018-02-28 23:16:29,0.05319000,1.07900000
2018-02-28 23:16:29,0.05319000,0.46500000
2018-02-28 23:16:30,0.05320000,1.69900000
2018-02-28 23:16:30,0.05323700,0.85400000
2018-02-28 23:16:31,0.05319900,0.04100000
2018-02-28 23:16:33,0.05320000,0.03100000
2018-02-28 23:16:33,0.05319100,0.01700000
2018-02-28 23:16:35,0.05327300,0.39000000
2018-02-28 23:16:36,0.05327300,0.15000000
2018-02-28 23:16:36,0.05327300,0.04300000
2018-02-28 23:16:37,0.05327300,0.03500000
2018-02-28 23:16:39,0.05337800,0.00300000
2018-02-28 23:16:39,0.05327300,0.09900000
2018-02-28 23:16:40,0.05328700,0.18700000
2018-02-28 23:16:40,0.05337800,0.19700000
2018-02-28 23:16:40,0.05337900,0.25300000
2018-02-28 23:16:42,0.05338700,0.02000000
2018-02-28 23:16:42,0.05338800,0.06800000
2018-02-28 23:16:42,0.05338900,0.04100000
2018-02-28 23:16:42,0.05339000,0.05700000
2018-02-28 23:16:42,0.05339900,0.02500000
2018-02-28 23:16:42,0.05327500,0.27500000
2018-02-28 23:16:43,0.05327500,0.63300000
2018-02-28 23:16:45,0.05339800,0.50000000
2018-02-28 23:16:45,0.05339900,0.38100000
2018-02-28 23:16:45,0.05339900,1.70000000
2018-02-28 23:16:48,0.05339700,0.90800000
2018-02-28 23:16:48,0.05339800,0.32100000
2018-02-28 23:16:48,0.05339900,3.49300000
2018-02-28 23:16:49,0.05339900,0.45700000
2018-02-28 23:16:49,0.05339900,1.00000000
2018-02-28 23:16:49,0.05340000,0.50000000
2018-02-28 23:16:50,0.05339900,0.04000000
2018-02-28 23:16:50,0.05339900,5.33100000
2018-02-28 23:16:50,0.05339000,0.09200000
2018-02-28 23:16:51,0.05328400,0.12700000
2018-02-28 23:16:51,0.05339900,0.10700000
2018-02-28 23:16:51,0.05339900,0.81800000
2018-02-28 23:16:51,0.05340000,5.85700000
2018-02-28 23:16:51,0.05340000,0.83600000
2018-02-28 23:16:51,0.05328700,1.67500000
2018-02-28 23:16:52,0.05339800,0.45000000
2018-02-28 23:16:54,0.05329100,0.06900000
2018-02-28 23:16:56,0.05328800,0.88100000
2018-02-28 23:16:56,0.05328700,0.20500000
2018-02-28 23:16:56,0.05328600,0.56200000
2018-02-28 23:16:57,0.05336900,0.04700000
2018-02-28 23:16:58,0.05328900,0.82000000
2018-02-28 23:16:59,0.05328900,0.98200000
2018-02-28 23:16:59,0.05329100,0.64000000
2018-02-28 23:16:59,0.05330000,0.45300000
2018-02-28 23:17:00,0.05330000,0.07800000
2018-02-28 23:17:02,0.05331100,0.56200000
2018-02-28 23:17:02,0.05337000,0.20000000
2018-02-28 23:17:02,0.05337500,2.88500000
2018-02-28 23:17:02,0.05339800,0.68200000
2018-02-28 23:17:05,0.05321900,0.05900000
2018-02-28 23:17:08,0.05336900,3.35400000
2018-02-28 23:17:09,0.05339800,0.48900000
2018-02-28 23:17:15,0.05334800,0.05800000
2018-02-28 23:17:15,0.05324400,1.24400000
2018-02-28 23:17:16,0.05334800,0.05800000
2018-02-28 23:17:16,0.05335000,0.20800000
2018-02-28 23:17:16,0.05339700,0.03900000
2018-02-28 23:17:16,0.05339800,0.04600000
2018-02-28 23:17:18,0.05339800,0.19600000
2018-02-28 23:17:18,0.05339900,0.01500000
2018-02-28 23:17:21,0.05339800,0.09900000
2018-02-28 23:17:21,0.05339900,0.71800000
2018-02-28 23:17:22,0.05326200,0.14500000
2018-02-28 23:17:28,0.05340000,1.21500000
2018-02-28 23:17:28,0.05340000,3.30000000
2018-02-28 23:17:30,0.05340000,8.19800000
2018-02-28 23:17:31,0.05339900,0.03800000
2018-02-28 23:17:31,0.05340000,13.19100000
2018-02-28 23:17:31,0.05340000,4.73700000
2018-02-28 23:17:32,0.05329200,1.11000000
2018-02-28 23:17:38,0.05340100,0.48900000
2018-02-28 23:17:38,0.05340000,1.83600000
2018-02-28 23:17:40,0.05344100,0.57800000
2018-02-28 23:17:40,0.05344100,0.67700000
2018-02-28 23:17:41,0.05344300,0.04700000
2018-02-28 23:17:41,0.05344300,3.87100000
2018-02-28 23:17:41,0.05344300,0.66200000
2018-02-28 23:17:45,0.05349600,0.05700000
2018-02-28 23:17:45,0.05340100,0.18900000
2018-02-28 23:17:47,0.05349700,0.04000000
2018-02-28 23:17:47,0.05349700,0.00300000
2018-02-28 23:17:47,0.05349900,2.31600000
2018-02-28 23:17:47,0.05349900,0.51700000
2018-02-28 23:17:47,0.05350000,2.02500000
2018-02-28 23:17:47,0.05350000,0.22000000
2018-02-28 23:17:49,0.05350000,0.01200000
2018-02-28 23:17:49,0.05350000,1.06100000
2018-02-28 23:17:50,0.05350000,1.92700000
2018-02-28 23:17:50,0.05351300,0.39500000
2018-02-28 23:17:50,0.05350000,0.18600000
2018-02-28 23:17:50,0.05350000,2.14600000
2018-02-28 23:17:50,0.05350000,0.18500000
2018-02-28 23:17:51,0.05353600,0.32000000
2018-02-28 23:17:51,0.05355000,0.03300000
2018-02-28 23:17:51,0.05350000,0.32600000
2018-02-28 23:17:52,0.05350000,0.03700000
2018-02-28 23:17:53,0.05355000,0.39400000
2018-02-28 23:17:54,0.05350000,0.09400000
2018-02-28 23:17:55,0.05355000,0.45800000
2018-02-28 23:17:55,0.05360000,0.13100000
2018-02-28 23:17:56,0.05360000,0.51600000
2018-02-28 23:17:56,0.05360000,0.85000000
2018-02-28 23:17:56,0.05361600,0.06500000
2018-02-28 23:17:56,0.05362000,0.30000000
2018-02-28 23:17:56,0.05366600,0.34500000
2018-02-28 23:17:56,0.05366600,2.39800000
2018-02-28 23:17:56,0.05366600,0.76700000
2018-02-28 23:17:58,0.05366500,0.50000000
2018-02-28 23:17:58,0.05366600,0.12200000
2018-02-28 23:17:58,0.05370000,1.28100000
2018-02-28 23:17:58,0.05370500,0.03000000
2018-02-28 23:17:58,0.05375700,0.84000000
2018-02-28 23:18:01,0.05366700,0.45000000
2018-02-28 23:18:02,0.05371100,0.10000000
2018-02-28 23:18:02,0.05375600,1.12300000
2018-02-28 23:18:02,0.05375700,1.64900000
2018-02-28 23:18:02,0.05366700,0.05000000
2018-02-28 23:18:02,0.05366600,0.17200000
2018-02-28 23:18:04,0.05366700,0.04100000
2018-02-28 23:18:04,0.05375700,0.05700000
2018-02-28 23:18:04,0.05376100,0.52600000
2018-02-28 23:18:04,0.05376900,0.53000000
2018-02-28 23:18:04,0.05377200,0.02700000
2018-02-28 23:18:06,0.05366600,0.83600000
2018-02-28 23:18:06,0.05375600,0.27100000
2018-02-28 23:18:07,0.05366600,6.77600000
2018-02-28 23:18:08,0.05366000,0.75100000
2018-02-28 23:18:08,0.05366000,0.53600000
2018-02-28 23:18:08,0.05375600,2.42200000
2018-02-28 23:18:09,0.05375600,0.92900000
2018-02-28 23:18:11,0.05362200,0.76700000
2018-02-28 23:18:11,0.05362200,0.02100000
2018-02-28 23:18:11,0.05362500,0.04400000
2018-02-28 23:18:12,0.05375600,2.09700000
2018-02-28 23:18:13,0.05370000,1.42300000
2018-02-28 23:18:14,0.05370000,6.70000000
2018-02-28 23:18:17,0.05368700,0.83200000
2018-02-28 23:18:17,0.05368900,1.56200000
2018-02-28 23:18:17,0.05368900,0.95900000
2018-02-28 23:18:18,0.05368900,0.04700000
2018-02-28 23:18:19,0.05363100,2.84000000
2018-02-28 23:18:21,0.05363100,0.24700000
2018-02-28 23:18:21,0.05368900,1.29800000
2018-02-28 23:18:21,0.05368900,1.41000000
2018-02-28 23:18:21,0.05368900,0.05300000
2018-02-28 23:18:21,0.05368900,0.12600000
2018-02-28 23:18:22,0.05362200,0.21100000
2018-02-28 23:18:24,0.05362200,0.97100000
2018-02-28 23:18:24,0.05361700,0.00800000
2018-02-28 23:18:24,0.05363100,0.13000000
2018-02-28 23:18:24,0.05363100,0.17900000
2018-02-28 23:18:24,0.05368900,1.82100000
2018-02-28 23:18:25,0.05363000,0.09400000
2018-02-28 23:18:27,0.05363000,0.08300000
2018-02-28 23:18:27,0.05361700,0.01300000
2018-02-28 23:18:34,0.05368900,1.59000000
2018-02-28 23:18:37,0.05375000,0.48500000
2018-02-28 23:18:38,0.05375000,0.20700000
2018-02-28 23:18:39,0.05375000,2.30800000
2018-02-28 23:18:39,0.05375400,0.30000000
2018-02-28 23:18:39,0.05375600,1.17700000
2018-02-28 23:18:39,0.05377200,0.47900000
2018-02-28 23:18:39,0.05365200,0.12600000
2018-02-28 23:18:39,0.05368900,2.00000000
2018-02-28 23:18:39,0.05375000,2.41800000
2018-02-28 23:18:40,0.05365000,0.12800000
2018-02-28 23:18:40,0.05362600,0.19900000
2018-02-28 23:18:43,0.05363800,0.02300000
2018-02-28 23:18:43,0.05374800,0.12600000
2018-02-28 23:18:43,0.05375000,0.50000000
2018-02-28 23:18:43,0.05375200,0.19900000
2018-02-28 23:18:43,0.05375600,9.66700000
2018-02-28 23:18:44,0.05375300,0.41600000
2018-02-28 23:18:44,0.05375300,0.68600000
2018-02-28 23:18:45,0.05375600,0.39300000
2018-02-28 23:18:45,0.05365000,0.02300000
2018-02-28 23:18:47,0.05368900,0.01600000
2018-02-28 23:18:49,0.05368900,0.04200000
2018-02-28 23:18:49,0.05375000,0.01100000
2018-02-28 23:18:50,0.05375000,0.39300000
2018-02-28 23:18:50,0.05375000,0.13000000
2018-02-28 23:18:50,0.05375000,1.73100000
2018-02-28 23:18:51,0.05365100,0.18800000
2018-02-28 23:18:52,0.05375000,0.57700000
2018-02-28 23:18:52,0.05365100,0.09400000
2018-02-28 23:18:56,0.05365100,1.86900000
2018-02-28 23:18:56,0.05365000,2.82100000
2018-02-28 23:18:56,0.05364800,0.19900000
2018-02-28 23:18:56,0.05363800,0.58100000
2018-02-28 23:19:02,0.05375000,0.05200000
2018-02-28 23:19:02,0.05375000,0.03000000
2018-02-28 23:19:10,0.05366100,0.03100000
2018-02-28 23:19:16,0.05374800,0.03900000
2018-02-28 23:19:17,0.05367000,0.04000000
2018-02-28 23:19:17,0.05367000,0.05900000
2018-02-28 23:19:17,0.05366100,0.75900000
2018-02-28 23:19:17,0.05365100,0.33200000
2018-02-28 23:19:17,0.05364900,1.92600000
2018-02-28 23:19:18,0.05374500,0.62700000
2018-02-28 23:19:18,0.05374800,0.01900000
2018-02-28 23:19:18,0.05374800,0.18500000
2018-02-28 23:19:18,0.05374800,0.07200000
2018-02-28 23:19:18,0.05374800,0.07200000
2018-02-28 23:19:19,0.05374800,0.31400000
2018-02-28 23:19:21,0.05374800,0.60100000
2018-02-28 23:19:21,0.05374900,2.92800000
2018-02-28 23:19:21,0.05375000,1.11500000
2018-02-28 23:19:21,0.05375000,1.08200000
2018-02-28 23:19:23,0.05374500,0.82700000
2018-02-28 23:19:23,0.05374500,0.02300000
2018-02-28 23:19:23,0.05374800,0.54800000
2018-02-28 23:19:24,0.05374800,4.26400000
2018-02-28 23:19:24,0.05374800,1.61100000
2018-02-28 23:19:24,0.05374800,0.38000000
2018-02-28 23:19:25,0.05370300,0.05700000
2018-02-28 23:19:25,0.05374800,0.82600000
2018-02-28 23:19:25,0.05374900,0.36500000
2018-02-28 23:19:25,0.05375000,0.62700000
2018-02-28 23:19:26,0.05375000,2.00000000
2018-02-28 23:19:28,0.05375000,2.99800000
2018-02-28 23:19:29,0.05374800,0.18600000
2018-02-28 23:19:31,0.05374800,0.15100000
2018-02-28 23:19:32,0.05375000,1.64000000
2018-02-28 23:19:32,0.05375000,1.50000000
2018-02-28 23:19:33,0.05375000,0.80700000
2018-02-28 23:19:34,0.05374900,0.03200000
2018-02-28 23:19:34,0.05374800,0.15400000
2018-02-28 23:19:34,0.05375000,3.47300000
2018-02-28 23:19:37,0.05375000,3.52400000
2018-02-28 23:19:37,0.05375000,1.00000000
2018-02-28 23:19:38,0.05375000,3.94100000
2018-02-28 23:19:39,0.05375000,8.72000000
2018-02-28 23:19:39,0.05375000,0.65800000
2018-02-28 23:19:39,0.05375000,3.14900000
2018-02-28 23:19:39,0.05375200,6.45800000
2018-02-28 23:19:39,0.05375600,3.06200000
2018-02-28 23:19:39,0.05375600,1.67400000
2018-02-28 23:19:39,0.05375800,0.19900000
2018-02-28 23:19:40,0.05377200,3.30600000
2018-02-28 23:19:41,0.05375600,1.04400000
2018-02-28 23:19:41,0.05375000,1.23000000
2018-02-28 23:19:42,0.05379600,0.15000000
2018-02-28 23:19:42,0.05380000,0.15000000
2018-02-28 23:19:43,0.05375000,0.93700000
2018-02-28 23:19:43,0.05375000,1.49300000
2018-02-28 23:19:43,0.05380000,0.87200000
2018-02-28 23:19:43,0.05375000,0.18900000
2018-02-28 23:19:44,0.05380000,0.44900000
2018-02-28 23:19:44,0.05380000,3.81900000
2018-02-28 23:19:45,0.05381500,0.13400000
2018-02-28 23:19:45,0.05383600,0.09400000
2018-02-28 23:19:45,0.05384800,0.59500000
2018-02-28 23:19:45,0.05385400,0.35800000
2018-02-28 23:19:45,0.05385500,0.12100000
2018-02-28 23:19:45,0.05387400,4.90000000
2018-02-28 23:19:45,0.05387500,5.08100000
2018-02-28 23:19:45,0.05388300,0.27300000
2018-02-28 23:19:49,0.05381500,0.03200000
2018-02-28 23:19:49,0.05381500,0.05600000
2018-02-28 23:19:50,0.05388300,0.02100000
2018-02-28 23:19:50,0.05388500,3.48100000
2018-02-28 23:19:50,0.05388800,0.95200000
2018-02-28 23:19:50,0.05388800,0.04000000
2018-02-28 23:19:51,0.05388800,9.42200000
2018-02-28 23:19:51,0.05388800,1.47700000
2018-02-28 23:19:53,0.05388800,1.40700000
2018-02-28 23:19:54,0.05388800,0.11200000
2018-02-28 23:19:54,0.05388800,7.42500000
2018-02-28 23:19:54,0.05388800,0.06900000
2018-02-28 23:19:54,0.05388800,0.90300000
2018-02-28 23:19:54,0.05389000,7.05200000
2018-02-28 23:19:54,0.05388300,0.18600000
2018-02-28 23:19:55,0.05389000,0.12000000
2018-02-28 23:19:55,0.05389000,0.04600000
2018-02-28 23:19:56,0.05389000,7.42600000
2018-02-28 23:19:57,0.05389000,0.05700000
2018-02-28 23:19:58,0.05388900,0.10000000
2018-02-28 23:19:58,0.05389000,0.98900000
2018-02-28 23:19:58,0.05389900,6.04000000
2018-02-28 23:19:58,0.05389900,8.72000000
2018-02-28 23:19:58,0.05389900,0.02400000
2018-02-28 23:19:58,0.05389900,0.56100000
2018-02-28 23:19:59,0.05389900,0.18900000
2018-02-28 23:20:01,0.05390000,0.39700000
2018-02-28 23:20:03,0.05391000,0.04000000
2018-02-28 23:20:05,0.05391000,0.29600000
2018-02-28 23:20:05,0.05390000,0.57600000
2018-02-28 23:20:06,0.05391900,0.02000000
2018-02-28 23:20:08,0.05395600,0.18800000
2018-02-28 23:20:08,0.05399000,0.05900000
2018-02-28 23:20:09,0.05399000,1.86800000
2018-02-28 23:20:09,0.05399300,0.95200000
2018-02-28 23:20:09,0.05399500,0.92700000
2018-02-28 23:20:09,0.05399900,0.43700000
2018-02-28 23:20:09,0.05400000,1.12300000
2018-02-28 23:20:09,0.05392000,0.30900000
2018-02-28 23:20:11,0.05398900,3.47300000
2018-02-28 23:20:11,0.05399900,1.27200000
2018-02-28 23:20:12,0.05399000,1.20000000
2018-02-28 23:20:12,0.05399900,0.30000000
2018-02-28 23:20:12,0.05399900,0.34400000
2018-02-28 23:20:12,0.05399900,0.34400000
2018-02-28 23:20:13,0.05399300,0.04400000
2018-02-28 23:20:13,0.05399300,0.05100000
2018-02-28 23:20:13,0.05399900,0.26100000
2018-02-28 23:20:13,0.05400000,13.31100000
2018-02-28 23:20:13,0.05393000,0.08200000
2018-02-28 23:20:15,0.05396500,0.10000000
2018-02-28 23:20:15,0.05400000,1.53900000
2018-02-28 23:20:16,0.05400000,0.46000000
2018-02-28 23:20:17,0.05399000,0.02000000
2018-02-28 23:20:17,0.05399000,0.99500000
2018-02-28 23:20:18,0.05399000,2.80400000
2018-02-28 23:20:18,0.05400000,0.29300000
2018-02-28 23:20:19,0.05400000,3.29900000
2018-02-28 23:20:19,0.05393000,0.44900000
2018-02-28 23:20:20,0.05399000,0.18400000
2018-02-28 23:20:20,0.05399000,0.69200000
2018-02-28 23:20:20,0.05393100,0.18400000
2018-02-28 23:20:21,0.05398800,0.00100000
2018-02-28 23:20:21,0.05399000,0.13700000
2018-02-28 23:20:21,0.05399000,3.60200000
2018-02-28 23:20:21,0.05400000,0.42200000
2018-02-28 23:20:22,0.05399000,2.34600000
2018-02-28 23:20:23,0.05399900,2.77700000
2018-02-28 23:20:23,0.05400000,9.36900000
2018-02-28 23:20:23,0.05399000,0.18700000
2018-02-28 23:20:24,0.05399900,0.14000000
2018-02-28 23:20:25,0.05399900,0.11100000
2018-02-28 23:20:25,0.05399900,1.89300000
2018-02-28 23:20:27,0.05399900,1.70900000
2018-02-28 23:20:27,0.05399900,3.80000000
2018-02-28 23:20:27,0.05399000,0.07400000
2018-02-28 23:20:28,0.05399900,1.24900000
2018-02-28 23:20:28,0.05399900,0.73100000
2018-02-28 23:20:28,0.05400000,0.11900000
2018-02-28 23:20:28,0.05399100,0.28800000
2018-02-28 23:20:30,0.05400000,5.63400000
2018-02-28 23:20:30,0.05400000,4.68000000
2018-02-28 23:20:32,0.05400000,1.53300000
2018-02-28 23:20:33,0.05400000,2.62000000
2018-02-28 23:20:34,0.05399100,4.28200000
2018-02-28 23:20:34,0.05399000,1.11400000
2018-02-28 23:20:34,0.05400000,2.01600000
2018-02-28 23:20:34,0.05401000,0.73600000
2018-02-28 23:20:36,0.05401000,4.92100000
2018-02-28 23:20:37,0.05400000,0.52700000
2018-02-28 23:20:37,0.05400000,0.03800000
2018-02-28 23:20:40,0.05401000,0.56200000
2018-02-28 23:20:40,0.05405000,0.52300000
2018-02-28 23:20:40,0.05401000,3.21000000
2018-02-28 23:20:41,0.05405000,2.99700000
2018-02-28 23:20:41,0.05405000,0.87800000
2018-02-28 23:20:41,0.05405000,0.02900000
2018-02-28 23:20:41,0.05405000,0.07700000
2018-02-28 23:20:41,0.05410000,2.81500000
2018-02-28 23:20:42,0.05410000,0.51500000
2018-02-28 23:20:43,0.05410000,1.44500000
2018-02-28 23:20:44,0.05405000,0.04600000
2018-02-28 23:20:45,0.05410000,0.76100000
2018-02-28 23:20:46,0.05410000,2.84700000
2018-02-28 23:20:46,0.05410000,0.42600000
2018-02-28 23:20:47,0.05410000,0.04100000
2018-02-28 23:20:47,0.05410000,0.40300000
2018-02-28 23:20:47,0.05410000,8.38500000
2018-02-28 23:20:47,0.05405000,0.04600000
2018-02-28 23:20:47,0.05410000,1.59700000
2018-02-28 23:20:47,0.05410000,8.68800000
2018-02-28 23:20:47,0.05410000,0.18800000
2018-02-28 23:20:48,0.05405000,0.74600000
2018-02-28 23:20:49,0.05410000,0.06300000
2018-02-28 23:20:49,0.05410000,3.63700000
2018-02-28 23:20:49,0.05405000,0.89800000
2018-02-28 23:20:50,0.05405000,0.36300000
2018-02-28 23:20:50,0.05410000,0.23900000
2018-02-28 23:20:51,0.05410000,3.88600000
2018-02-28 23:20:51,0.05410000,0.10300000
2018-02-28 23:20:51,0.05410000,0.04600000
2018-02-28 23:20:51,0.05410000,0.89600000
2018-02-28 23:20:51,0.05410000,0.20300000
2018-02-28 23:20:53,0.05411000,0.15200000
2018-02-28 23:20:53,0.05414100,0.04900000
2018-02-28 23:20:54,0.05410000,0.19600000
2018-02-28 23:20:54,0.05410000,1.93400000
2018-02-28 23:20:54,0.05410000,0.04600000
2018-02-28 23:20:54,0.05414100,0.09700000
2018-02-28 23:20:55,0.05414100,0.05800000
2018-02-28 23:20:55,0.05414100,0.14300000
2018-02-28 23:20:55,0.05410000,3.38100000
2018-02-28 23:20:55,0.05410000,0.18400000
2018-02-28 23:20:56,0.05410000,0.15400000
2018-02-28 23:20:57,0.05410000,0.20100000
2018-02-28 23:20:57,0.05410000,0.05800000
2018-02-28 23:20:57,0.05415000,0.44000000
2018-02-28 23:20:57,0.05416400,4.56000000
2018-02-28 23:20:58,0.05416400,1.71300000
2018-02-28 23:20:59,0.05410000,2.24900000
2018-02-28 23:20:59,0.05410000,0.04600000
2018-02-28 23:21:00,0.05416400,0.06300000
2018-02-28 23:21:00,0.05415000,0.12500000
2018-02-28 23:21:00,0.05416400,1.08900000
2018-02-28 23:21:00,0.05416500,0.28700000
2018-02-28 23:21:01,0.05416500,0.01700000
2018-02-28 23:21:01,0.05416500,0.61800000
2018-02-28 23:21:01,0.05412100,0.02100000
2018-02-28 23:21:01,0.05416500,2.22000000
2018-02-28 23:21:01,0.05416500,1.17700000
2018-02-28 23:21:02,0.05416500,0.19200000
2018-02-28 23:21:02,0.05416500,0.44700000
2018-02-28 23:21:02,0.05412100,0.00100000
2018-02-28 23:21:02,0.05410000,0.01900000
2018-02-28 23:21:03,0.05416500,0.08200000
2018-02-28 23:21:03,0.05410000,0.95900000
2018-02-28 23:21:03,0.05410000,0.02400000
2018-02-28 23:21:03,0.05411800,0.04100000
2018-02-28 23:21:03,0.05416500,0.35200000
2018-02-28 23:21:04,0.05416500,2.67100000
2018-02-28 23:21:06,0.05416500,1.59900000
2018-02-28 23:21:07,0.05417000,0.29200000
2018-02-28 23:21:07,0.05417200,0.18800000
2018-02-28 23:21:07,0.05417600,0.50900000
2018-02-28 23:21:07,0.05417000,0.18700000
2018-02-28 23:21:10,0.05417000,0.09400000
2018-02-28 23:21:10,0.05416500,5.55500000
2018-02-28 23:21:10,0.05417000,0.09200000
2018-02-28 23:21:11,0.05417000,0.05800000
2018-02-28 23:21:13,0.05417600,0.10000000
2018-02-28 23:21:13,0.05417600,0.66600000
2018-02-28 23:21:13,0.05418500,0.08100000
2018-02-28 23:21:13,0.05419700,1.87000000
2018-02-28 23:21:13,0.05420000,0.36000000
2018-02-28 23:21:13,0.05417000,1.85400000
2018-02-28 23:21:14,0.05417600,0.28100000
2018-02-28 23:21:15,0.05420000,1.48900000
2018-02-28 23:21:15,0.05417600,0.11700000
2018-02-28 23:21:16,0.05417600,0.60000000
2018-02-28 23:21:17,0.05420000,18.82200000
2018-02-28 23:21:18,0.05420000,2.25300000
2018-02-28 23:21:18,0.05420000,0.28100000
2018-02-28 23:21:20,0.05423000,0.02000000
2018-02-28 23:21:20,0.05423400,1.03900000
2018-02-28 23:21:20,0.05423900,0.01100000
2018-02-28 23:21:20,0.05420000,1.17900000
2018-02-28 23:21:20,0.05420000,0.06500000
2018-02-28 23:21:21,0.05423900,0.02300000
2018-02-28 23:21:21,0.05425800,0.25500000
2018-02-28 23:21:21,0.05426000,0.03200000
2018-02-28 23:21:21,0.05427000,0.16000000
2018-02-28 23:21:21,0.05423000,1.06900000
2018-02-28 23:21:22,0.05423000,0.72800000
2018-02-28 23:21:22,0.05420000,1.84400000
2018-02-28 23:21:22,0.05423000,0.34200000
2018-02-28 23:21:22,0.05427000,1.04700000
2018-02-28 23:21:22,0.05428700,0.24300000
2018-02-28 23:21:25,0.05428700,0.00100000
2018-02-28 23:21:26,0.05424300,0.18900000
2018-02-28 23:21:26,0.05423000,2.62600000
2018-02-28 23:21:26,0.05423000,7.42600000
2018-02-28 23:21:26,0.05423000,0.34900000
2018-02-28 23:21:26,0.05423000,0.25000000
2018-02-28 23:21:27,0.05427000,0.21700000
2018-02-28 23:21:27,0.05427000,0.18300000
2018-02-28 23:21:27,0.05427000,0.31900000
2018-02-28 23:21:27,0.05426600,0.07100000
2018-02-28 23:21:28,0.05426600,0.00500000
2018-02-28 23:21:28,0.05428700,0.19700000
2018-02-28 23:21:28,0.05428700,0.36100000
2018-02-28 23:21:30,0.05428700,0.08900000
2018-02-28 23:21:30,0.05427000,0.04700000
2018-02-28 23:21:32,0.05427000,0.16800000
2018-02-28 23:21:33,0.05428700,4.00000000
2018-02-28 23:21:33,0.05428700,0.15700000
2018-02-28 23:21:33,0.05428700,1.62000000
2018-02-28 23:21:34,0.05428700,0.03500000
2018-02-28 23:21:34,0.05428700,1.13900000
2018-02-28 23:21:34,0.05428700,0.28900000
2018-02-28 23:21:35,0.05429500,0.21700000
2018-02-28 23:21:37,0.05429500,0.96400000
2018-02-28 23:21:38,0.05428700,0.04300000
2018-02-28 23:21:39,0.05428700,0.99200000
2018-02-28 23:21:39,0.05429500,1.59100000
2018-02-28 23:21:40,0.05429500,1.83000000
2018-02-28 23:21:40,0.05429500,0.02400000
2018-02-28 23:21:40,0.05429500,2.10000000
2018-02-28 23:21:40,0.05429500,0.04100000
2018-02-28 23:21:41,0.05429000,2.00000000
2018-02-28 23:21:41,0.05428700,3.09200000
2018-02-28 23:21:42,0.05429500,0.40000000
2018-02-28 23:21:43,0.05429500,1.58200000
2018-02-28 23:21:43,0.05429500,0.24600000
2018-02-28 23:21:43,0.05430000,0.04900000
2018-02-28 23:21:44,0.05430000,0.18600000
2018-02-28 23:21:44,0.05430000,0.45900000
2018-02-28 23:21:44,0.05429600,0.33000000
2018-02-28 23:21:44,0.05429500,2.07100000
2018-02-28 23:21:44,0.05429500,0.35600000
2018-02-28 23:21:44,0.05429500,0.51400000
2018-02-28 23:21:45,0.05430100,0.25300000
2018-02-28 23:21:45,0.05430100,0.08000000
2018-02-28 23:21:47,0.05430500,0.92800000
2018-02-28 23:21:47,0.05431500,0.03700000
2018-02-28 23:21:47,0.05432500,0.05500000
2018-02-28 23:21:48,0.05430100,0.11800000
2018-02-28 23:21:48,0.05432500,2.10000000
2018-02-28 23:21:49,0.05430100,0.10100000
2018-02-28 23:21:49,0.05432500,3.34600000
2018-02-28 23:21:49,0.05433000,2.54300000
2018-02-28 23:21:50,0.05430500,0.04000000
2018-02-28 23:21:50,0.05433000,0.89100000
2018-02-28 23:21:50,0.05432500,0.18400000
2018-02-28 23:21:51,0.05432500,0.02500000
2018-02-28 23:21:51,0.05433000,0.12000000
2018-02-28 23:21:51,0.05432500,0.15400000
2018-02-28 23:21:51,0.05433000,1.80100000
2018-02-28 23:21:52,0.05433000,0.09900000
2018-02-28 23:21:53,0.05432500,2.83100000
2018-02-28 23:21:53,0.05431000,0.60600000
2018-02-28 23:21:53,0.05435200,0.12500000
2018-02-28 23:21:54,0.05435200,0.05000000
2018-02-28 23:21:54,0.05435200,0.00200000
2018-02-28 23:21:54,0.05432500,2.29200000
2018-02-28 23:21:54,0.05431000,2.34300000
2018-02-28 23:21:54,0.05430500,0.18200000
2018-02-28 23:21:54,0.05435400,0.20000000
2018-02-28 23:21:54,0.05430800,0.13200000
2018-02-28 23:21:54,0.05431300,0.12500000
2018-02-28 23:21:55,0.05433000,0.10100000
2018-02-28 23:21:55,0.05435400,0.04700000
2018-02-28 23:21:55,0.05435400,0.10400000
2018-02-28 23:21:55,0.05435400,0.85400000
2018-02-28 23:21:55,0.05435400,0.18300000
2018-02-28 23:21:56,0.05435400,0.48500000
2018-02-28 23:21:56,0.05435400,0.03500000
2018-02-28 23:21:57,0.05435400,1.01100000
2018-02-28 23:21:57,0.05436000,0.20000000
2018-02-28 23:21:58,0.05436000,0.24000000
2018-02-28 23:21:58,0.05436000,0.04000000
2018-02-28 23:21:59,0.05436000,1.00000000
2018-02-28 23:21:59,0.05439500,3.62600000
2018-02-28 23:21:59,0.05439600,0.09500000
2018-02-28 23:21:59,0.05440000,14.37500000
2018-02-28 23:22:00,0.05440000,0.78900000
2018-02-28 23:22:00,0.05439500,0.40000000
2018-02-28 23:22:02,0.05439300,0.81600000
2018-02-28 23:22:02,0.05439300,0.38400000
2018-02-28 23:22:03,0.05439300,0.09600000
2018-02-28 23:22:03,0.05436000,0.05600000
2018-02-28 23:22:03,0.05439300,0.60000000
2018-02-28 23:22:03,0.05439300,0.18400000
2018-02-28 23:22:04,0.05439300,0.76200000
2018-02-28 23:22:04,0.05439300,0.93100000
2018-02-28 23:22:04,0.05439400,0.18500000
2018-02-28 23:22:05,0.05436000,0.10600000
2018-02-28 23:22:05,0.05436000,2.97400000
2018-02-28 23:22:06,0.05436000,0.02000000
2018-02-28 23:22:06,0.05436000,0.02000000
2018-02-28 23:22:06,0.05436000,2.95500000
2018-02-28 23:22:07,0.05436000,2.80200000
2018-02-28 23:22:07,0.05436000,0.20200000
2018-02-28 23:22:07,0.05436000,0.75100000
2018-02-28 23:22:07,0.05436000,0.04500000
2018-02-28 23:22:07,0.05436000,6.18900000
2018-02-28 23:22:07,0.05435400,2.69900000
2018-02-28 23:22:07,0.05433000,0.26600000
2018-02-28 23:22:07,0.05433000,0.95700000
2018-02-28 23:22:07,0.05430100,0.00100000
2018-02-28 23:22:07,0.05430000,1.29000000
2018-02-28 23:22:07,0.05429900,0.19200000
2018-02-28 23:22:07,0.05429500,2.30500000
2018-02-28 23:22:08,0.05430600,0.04000000
2018-02-28 23:22:08,0.05436500,0.02700000
2018-02-28 23:22:08,0.05429500,0.80800000
2018-02-28 23:22:08,0.05428800,0.02900000
2018-02-28 23:22:08,0.05428700,1.98300000
2018-02-28 23:22:08,0.05428700,0.57200000
2018-02-28 23:22:09,0.05439300,0.03900000
2018-02-28 23:22:09,0.05428700,0.34300000
2018-02-28 23:22:09,0.05428700,0.36000000
2018-02-28 23:22:09,0.05428700,5.00000000
2018-02-28 23:22:10,0.05435400,0.17700000
2018-02-28 23:22:10,0.05435400,0.27500000
2018-02-28 23:22:10,0.05436000,0.23900000
2018-02-28 23:22:11,0.05436100,0.34800000
2018-02-28 23:22:11,0.05436000,0.12800000
2018-02-28 23:22:11,0.05439300,0.04100000
2018-02-28 23:22:11,0.05439300,0.71300000
2018-02-28 23:22:11,0.05436000,0.18600000
2018-02-28 23:22:11,0.05436000,7.14700000
2018-02-28 23:22:11,0.05436000,0.41600000
2018-02-28 23:22:12,0.05436000,1.00100000
2018-02-28 23:22:13,0.05439400,0.18800000
2018-02-28 23:22:13,0.05436000,3.10900000
2018-02-28 23:22:16,0.05436000,0.44700000
2018-02-28 23:22:16,0.05436000,2.28900000
2018-02-28 23:22:17,0.05436000,3.03100000
2018-02-28 23:22:18,0.05436000,0.46900000
2018-02-28 23:22:20,0.05436000,2.74900000
2018-02-28 23:22:22,0.05439400,7.92500000
2018-02-28 23:22:22,0.05439400,3.89900000
2018-02-28 23:22:23,0.05439400,0.27100000
2018-02-28 23:22:23,0.05439500,0.42600000
2018-02-28 23:22:26,0.05439400,0.10200000
2018-02-28 23:22:27,0.05439400,2.79500000
2018-02-28 23:22:27,0.05439400,6.95000000
2018-02-28 23:22:27,0.05439500,0.41500000
2018-02-28 23:22:28,0.05439500,0.31300000
2018-02-28 23:22:29,0.05439500,1.29200000
2018-02-28 23:22:29,0.05439600,0.35100000
2018-02-28 23:22:29,0.05439900,1.13300000
2018-02-28 23:22:31,0.05439600,5.00000000
2018-02-28 23:22:31,0.05439900,2.80800000
2018-02-28 23:22:31,0.05440000,0.35700000
2018-02-28 23:22:32,0.05440000,0.07900000
2018-02-28 23:22:33,0.05440000,2.50000000
2018-02-28 23:22:34,0.05440000,0.14900000
2018-02-28 23:22:34,0.05440000,0.04500000
2018-02-28 23:22:34,0.05439900,2.10000000
2018-02-28 23:22:34,0.05439900,0.01700000
2018-02-28 23:22:34,0.05440000,0.16900000
2018-02-28 23:22:35,0.05440000,5.00000000
2018-02-28 23:22:35,0.05440000,0.41500000
2018-02-28 23:22:36,0.05440000,1.50000000
2018-02-28 23:22:36,0.05440000,0.02500000
2018-02-28 23:22:36,0.05440000,0.20900000
2018-02-28 23:22:37,0.05440000,3.41200000
2018-02-28 23:22:37,0.05439900,1.00000000
2018-02-28 23:22:37,0.05440000,2.84100000
2018-02-28 23:22:37,0.05440000,0.63100000
2018-02-28 23:22:37,0.05440000,1.82700000
2018-02-28 23:22:38,0.05440000,0.08800000
2018-02-28 23:22:38,0.05441100,0.03700000
2018-02-28 23:22:38,0.05440000,0.14900000
2018-02-28 23:22:40,0.05441100,1.46400000
2018-02-28 23:22:40,0.05443400,0.05800000
2018-02-28 23:22:40,0.05443500,0.93200000
2018-02-28 23:22:42,0.05443500,0.00900000
2018-02-28 23:22:42,0.05443500,0.12400000
2018-02-28 23:22:43,0.05443500,0.10900000
2018-02-28 23:22:43,0.05443500,0.69200000
2018-02-28 23:22:44,0.05444000,0.53000000
2018-02-28 23:22:45,0.05443500,0.74400000
2018-02-28 23:22:46,0.05444000,0.73900000
2018-02-28 23:22:47,0.05444600,0.32100000
2018-02-28 23:22:49,0.05444600,1.96700000
2018-02-28 23:22:49,0.05445000,0.02100000
2018-02-28 23:22:49,0.05445900,0.97800000
2018-02-28 23:22:50,0.05445900,3.34300000
2018-02-28 23:22:50,0.05447000,0.46900000
2018-02-28 23:22:50,0.05448300,1.92600000
2018-02-28 23:22:50,0.05449500,1.40900000
2018-02-28 23:22:50,0.05449700,0.05700000
2018-02-28 23:22:50,0.05449700,0.60400000
2018-02-28 23:22:50,0.05449900,0.18500000
2018-02-28 23:22:50,0.05444600,0.03600000
2018-02-28 23:22:51,0.05449900,0.10900000
2018-02-28 23:22:51,0.05447000,0.61200000
2018-02-28 23:22:52,0.05447000,0.18200000
2018-02-28 23:22:52,0.05447000,0.35100000
2018-02-28 23:22:53,0.05447000,0.03300000
2018-02-28 23:22:53,0.05447000,0.09000000
2018-02-28 23:22:55,0.05447000,1.56900000
2018-02-28 23:22:56,0.05447000,1.19900000
2018-02-28 23:22:56,0.05447000,2.35600000
2018-02-28 23:22:56,0.05445000,0.38400000
2018-02-28 23:22:56,0.05444600,0.68400000
2018-02-28 23:22:56,0.05449900,0.20400000
2018-02-28 23:22:57,0.05444600,0.42100000
2018-02-28 23:22:58,0.05444600,0.62200000
2018-02-28 23:23:00,0.05449900,0.41400000
2018-02-28 23:23:00,0.05449900,4.69900000
2018-02-28 23:23:00,0.05450000,11.85200000
2018-02-28 23:23:02,0.05450000,9.13000000
2018-02-28 23:23:02,0.05450000,3.49400000
2018-02-28 23:23:03,0.05450000,0.44600000
2018-02-28 23:23:03,0.05450000,2.94500000
2018-02-28 23:23:03,0.05450000,6.28000000
2018-02-28 23:23:03,0.05450000,2.79200000
2018-02-28 23:23:05,0.05450000,8.56600000
2018-02-28 23:23:07,0.05451000,0.14000000
2018-02-28 23:23:08,0.05451000,0.00200000
2018-02-28 23:23:08,0.05450000,0.28900000
2018-02-28 23:23:08,0.05452000,0.15800000
2018-02-28 23:23:08,0.05455500,0.16000000
2018-02-28 23:23:08,0.05456200,0.48600000
2018-02-28 23:23:08,0.05457000,0.44000000
2018-02-28 23:23:08,0.05459000,0.34600000
2018-02-28 23:23:08,0.05459200,0.10000000
2018-02-28 23:23:08,0.05459700,0.04100000
2018-02-28 23:23:08,0.05459900,1.88800000
2018-02-28 23:23:08,0.05460000,4.85500000
2018-02-28 23:23:09,0.05450000,0.80800000
2018-02-28 23:23:09,0.05452000,0.03700000
2018-02-28 23:23:10,0.05452000,1.17300000
2018-02-28 23:23:10,0.05459900,0.02100000
2018-02-28 23:23:10,0.05460000,0.84900000
2018-02-28 23:23:11,0.05460000,1.00000000
2018-02-28 23:23:12,0.05452000,0.09000000
2018-02-28 23:23:12,0.05452000,0.74700000
2018-02-28 23:23:13,0.05452000,0.05700000
2018-02-28 23:23:13,0.05452000,2.42700000
2018-02-28 23:23:13,0.05460000,2.00300000
2018-02-28 23:23:14,0.05452000,0.23800000
2018-02-28 23:23:15,0.05460000,0.31900000
2018-02-28 23:23:15,0.05452000,0.05200000
2018-02-28 23:23:15,0.05452000,3.12000000
2018-02-28 23:23:15,0.05452000,0.22900000
2018-02-28 23:23:15,0.05452000,10.47300000
2018-02-28 23:23:16,0.05459900,0.04900000
2018-02-28 23:23:16,0.05459900,3.36300000
2018-02-28 23:23:16,0.05460000,2.13900000
2018-02-28 23:23:16,0.05460000,5.71500000
2018-02-28 23:23:16,0.05452000,5.71500000
2018-02-28 23:23:16,0.05452000,1.90900000
2018-02-28 23:23:16,0.05457400,1.50200000
2018-02-28 23:23:16,0.05452000,0.18300000
2018-02-28 23:23:16,0.05452000,0.12500000
2018-02-28 23:23:17,0.05457400,2.94300000
2018-02-28 23:23:17,0.05460000,3.50000000
2018-02-28 23:23:17,0.05460000,5.68000000
2018-02-28 23:23:17,0.05460000,0.00300000
2018-02-28 23:23:17,0.05452000,0.05300000
2018-02-28 23:23:18,0.05452200,1.83000000
2018-02-28 23:23:18,0.05452000,0.97700000
2018-02-28 23:23:19,0.05463600,1.83000000
2018-02-28 23:23:19,0.05463800,0.94900000
2018-02-28 23:23:19,0.05468000,0.49600000
2018-02-28 23:23:20,0.05460000,0.02100000
2018-02-28 23:23:20,0.05467800,1.16900000
2018-02-28 23:23:20,0.05460000,0.00900000
2018-02-28 23:23:20,0.05460000,0.15500000
2018-02-28 23:23:21,0.05460000,0.41500000
2018-02-28 23:23:22,0.05467800,0.08200000
2018-02-28 23:23:22,0.05460000,0.03300000
2018-02-28 23:23:22,0.05467800,0.89700000
2018-02-28 23:23:23,0.05467800,0.09900000
2018-02-28 23:23:23,0.05468000,2.45400000
2018-02-28 23:23:23,0.05467800,2.06500000
2018-02-28 23:23:23,0.05467800,0.00100000
2018-02-28 23:23:24,0.05460000,0.05800000
2018-02-28 23:23:24,0.05460000,0.09500000
2018-02-28 23:23:25,0.05467800,0.41000000
2018-02-28 23:23:25,0.05468000,0.61800000
2018-02-28 23:23:25,0.05468000,1.23200000
2018-02-28 23:23:25,0.05460000,0.67800000
2018-02-28 23:23:25,0.05460000,1.54600000
2018-02-28 23:23:25,0.05460000,0.15100000
2018-02-28 23:23:26,0.05460000,2.30200000
2018-02-28 23:23:26,0.05460000,0.14000000
2018-02-28 23:23:26,0.05460000,8.40200000
2018-02-28 23:23:26,0.05460000,0.13300000
2018-02-28 23:23:26,0.05460000,0.03200000
2018-02-28 23:23:26,0.05468000,0.55500000
2018-02-28 23:23:26,0.05460000,0.51500000
2018-02-28 23:23:27,0.05455000,3.14000000
2018-02-28 23:23:27,0.05460000,1.29000000
2018-02-28 23:23:27,0.05460000,0.08300000
2018-02-28 23:23:28,0.05460000,0.42700000
2018-02-28 23:23:29,0.05460000,1.68900000
2018-02-28 23:23:30,0.05455100,2.37900000
2018-02-28 23:23:30,0.05455000,0.76100000
2018-02-28 23:23:30,0.05455000,1.73200000
2018-02-28 23:23:30,0.05455000,2.50000000
2018-02-28 23:23:30,0.05459900,0.31300000
2018-02-28 23:23:30,0.05459900,0.02700000
2018-02-28 23:23:31,0.05459900,0.07000000
2018-02-28 23:23:31,0.05459900,0.18800000
2018-02-28 23:23:31,0.05460000,0.22600000
2018-02-28 23:23:31,0.05460000,0.18800000
2018-02-28 23:23:31,0.05455000,2.16400000
2018-02-28 23:23:31,0.05455000,0.79900000
2018-02-28 23:23:32,0.05460000,0.83500000
2018-02-28 23:23:32,0.05455200,0.02800000
2018-02-28 23:23:32,0.05455100,0.01900000
2018-02-28 23:23:32,0.05455000,1.03900000
2018-02-28 23:23:32,0.05455000,0.04700000
2018-02-28 23:23:32,0.05460000,0.36300000
2018-02-28 23:23:33,0.05460000,1.08900000
2018-02-28 23:23:33,0.05460000,0.43400000
2018-02-28 23:23:33,0.05460000,3.00000000
2018-02-28 23:23:33,0.05460000,1.62600000
2018-02-28 23:23:33,0.05460000,0.13300000
2018-02-28 23:23:33,0.05459900,10.55300000
2018-02-28 23:23:33,0.05455200,0.03700000
2018-02-28 23:23:33,0.05452300,0.45000000
2018-02-28 23:23:33,0.05452200,1.15100000
2018-02-28 23:23:34,0.05452200,0.32600000
2018-02-28 23:23:34,0.05452100,0.55000000
2018-02-28 23:23:34,0.05452000,6.15500000
2018-02-28 23:23:35,0.05452000,2.86500000
2018-02-28 23:23:35,0.05451000,0.92300000
2018-02-28 23:23:35,0.05450000,14.30800000
2018-02-28 23:23:35,0.05450000,34.03800000
2018-02-28 23:23:36,0.05450000,0.37200000
2018-02-28 23:23:36,0.05450000,10.02300000
2018-02-28 23:23:36,0.05449900,2.38600000
2018-02-28 23:23:36,0.05447000,6.33100000
2018-02-28 23:23:36,0.05447200,1.00000000
2018-02-28 23:23:36,0.05447200,0.83200000
2018-02-28 23:23:36,0.05446400,0.16800000
2018-02-28 23:23:36,0.05446400,0.12600000
2018-02-28 23:23:36,0.05446300,0.02000000
2018-02-28 23:23:37,0.05452000,0.09400000
2018-02-28 23:23:37,0.05459600,0.06400000
2018-02-28 23:23:37,0.05452000,0.26500000
2018-02-28 23:23:37,0.05445100,0.50000000
2018-02-28 23:23:37,0.05445000,0.15800000
2018-02-28 23:23:37,0.05445000,0.34200000
2018-02-28 23:23:37,0.05444900,1.59900000
2018-02-28 23:23:37,0.05444600,2.37500000
2018-02-28 23:23:37,0.05444000,0.95100000
2018-02-28 23:23:37,0.05443500,4.97000000
2018-02-28 23:23:37,0.05442500,0.04300000
2018-02-28 23:23:37,0.05440000,2.84100000
2018-02-28 23:23:38,0.05450500,1.76800000
2018-02-28 23:23:38,0.05450700,1.00000000
2018-02-28 23:23:38,0.05451000,1.24300000
2018-02-28 23:23:38,0.05446900,1.00200000
2018-02-28 23:23:38,0.05451000,1.29500000
2018-02-28 23:23:38,0.05440000,0.70200000
2018-02-28 23:23:38,0.05451000,1.08000000
2018-02-28 23:23:38,0.05439900,1.00100000
2018-02-28 23:23:39,0.05439700,0.44600000
2018-02-28 23:23:39,0.05439700,0.08200000
2018-02-28 23:23:39,0.05439700,0.13100000
2018-02-28 23:23:40,0.05439700,0.10600000
2018-02-28 23:23:40,0.05439700,0.03800000
2018-02-28 23:23:40,0.05450900,0.55000000
2018-02-28 23:23:40,0.05451000,0.74600000
2018-02-28 23:23:40,0.05450000,0.50000000
2018-02-28 23:23:40,0.05440000,0.06100000
2018-02-28 23:23:40,0.05440000,0.02600000
2018-02-28 23:23:40,0.05440200,0.18600000
2018-02-28 23:23:40,0.05440200,0.88700000
2018-02-28 23:23:40,0.05439800,0.89000000
2018-02-28 23:23:40,0.05439500,0.10900000
2018-02-28 23:23:41,0.05439500,0.46800000
2018-02-28 23:23:41,0.05439400,1.51600000
2018-02-28 23:23:41,0.05430100,0.07600000
2018-02-28 23:23:41,0.05429500,0.29000000
2018-02-28 23:23:42,0.05430100,0.03700000
2018-02-28 23:23:42,0.05429500,0.76900000
2018-02-28 23:23:42,0.05429900,0.87400000
2018-02-28 23:23:42,0.05429900,0.80600000
2018-02-28 23:23:43,0.05429500,0.02300000
2018-02-28 23:23:43,0.05429900,0.28300000
2018-02-28 23:23:43,0.05430000,0.89000000
2018-02-28 23:23:43,0.05430100,0.77800000
2018-02-28 23:23:43,0.05429500,0.19600000
2018-02-28 23:23:43,0.05428700,0.33500000
2018-02-28 23:23:43,0.05428700,0.35100000
2018-02-28 23:23:43,0.05428700,0.06000000
2018-02-28 23:23:44,0.05430100,1.82000000
2018-02-28 23:23:44,0.05428700,0.04700000
2018-02-28 23:23:44,0.05430100,0.42300000
2018-02-28 23:23:44,0.05434000,0.56500000
2018-02-28 23:23:44,0.05428700,0.09900000
2018-02-28 23:23:44,0.05434000,0.60000000
2018-02-28 23:23:44,0.05428700,3.63700000
2018-02-28 23:23:45,0.05428700,0.41400000
2018-02-28 23:23:45,0.05430100,0.21100000
2018-02-28 23:23:45,0.05430100,0.21200000
2018-02-28 23:23:45,0.05428700,0.81700000
2018-02-28 23:23:45,0.05428700,14.69500000
2018-02-28 23:23:45,0.05428700,0.17100000
2018-02-28 23:23:45,0.05428700,0.17100000
2018-02-28 23:23:45,0.05428700,0.17100000
2018-02-28 23:23:45,0.05428700,1.16500000
2018-02-28 23:23:45,0.05434000,0.08400000
