DATE,PRICE,VOLUME
2018-02-23 13:59:59,0.03132100,0.91500000
2018-02-23 14:00:00,0.03136200,0.36100000
2018-02-23 14:00:00,0.03136300,0.40100000
2018-02-23 14:00:00,0.03136300,0.07400000
2018-02-23 14:00:00,0.03132000,0.30400000
2018-02-23 14:00:07,0.03132500,0.36100000
2018-02-23 14:00:08,0.03136300,0.36100000
2018-02-23 14:00:08,0.03136400,0.21100000
2018-02-23 14:00:09,0.03132600,0.36200000
2018-02-23 14:00:09,0.03132500,0.28500000
2018-02-23 14:00:10,0.03132500,0.19000000
2018-02-23 14:00:14,0.03132000,4.15300000
2018-02-23 14:00:14,0.03132000,0.27200000
2018-02-23 14:00:14,0.03132000,0.27200000
2018-02-23 14:00:15,0.03131600,0.12600000
2018-02-23 14:00:15,0.03131000,18.37800000
2018-02-23 14:00:16,0.03131000,33.02700000
2018-02-23 14:00:18,0.03131000,0.36000000
2018-02-23 14:00:19,0.03131700,0.12900000
2018-02-23 14:00:21,0.03131000,3.03700000
2018-02-23 14:00:21,0.03131700,0.23300000
2018-02-23 14:00:21,0.03131800,0.17300000
2018-02-23 14:00:21,0.03132000,2.12300000
2018-02-23 14:00:22,0.03131000,2.51700000
2018-02-23 14:00:28,0.03131000,0.71800000
2018-02-23 14:00:30,0.03131000,3.61700000
2018-02-23 14:00:34,0.03131200,0.12800000
2018-02-23 14:00:34,0.03131000,1.41500000
2018-02-23 14:00:37,0.03131000,0.07800000
2018-02-23 14:00:38,0.03131000,0.95800000
2018-02-23 14:00:38,0.03131000,0.38200000
2018-02-23 14:00:38,0.03131000,0.95800000
2018-02-23 14:00:38,0.03131000,7.00200000
2018-02-23 14:00:41,0.03131000,3.06600000
2018-02-23 14:00:41,0.03131000,2.58900000
2018-02-23 14:00:41,0.03131000,2.11100000
2018-02-23 14:00:41,0.03131000,1.68200000
2018-02-23 14:00:41,0.03131000,1.30600000
2018-02-23 14:00:41,0.03131000,0.28400000
2018-02-23 14:00:41,0.03131000,0.95800000
2018-02-23 14:00:41,0.03132000,0.04100000
2018-02-23 14:00:41,0.03131000,0.91700000
2018-02-23 14:00:42,0.03131000,1.80200000
2018-02-23 14:00:42,0.03131000,1.17000000
2018-02-23 14:00:42,0.03131000,3.00300000
2018-02-23 14:00:42,0.03130600,2.80900000
2018-02-23 14:00:42,0.03130500,1.41200000
2018-02-23 14:00:42,0.03130500,0.95800000
2018-02-23 14:00:43,0.03130500,3.62800000
2018-02-23 14:00:43,0.03130500,0.51800000
2018-02-23 14:00:48,0.03131000,0.10000000
2018-02-23 14:00:51,0.03130100,0.07200000
2018-02-23 14:00:56,0.03130100,0.15600000
2018-02-23 14:00:56,0.03130100,0.38600000
2018-02-23 14:01:05,0.03130000,0.02200000
2018-02-23 14:01:05,0.03130000,1.52700000
2018-02-23 14:01:06,0.03129000,1.33800000
2018-02-23 14:01:06,0.03126300,0.31800000
2018-02-23 14:01:06,0.03125200,1.60000000
2018-02-23 14:01:06,0.03125000,6.98200000
2018-02-23 14:01:06,0.03124700,0.12400000
2018-02-23 14:01:06,0.03124300,3.22000000
2018-02-23 14:01:06,0.03130000,0.06300000
2018-02-23 14:01:09,0.03126900,0.10000000
2018-02-23 14:01:09,0.03124900,0.36000000
2018-02-23 14:01:09,0.03124800,0.07000000
2018-02-23 14:01:12,0.03128900,0.06300000
2018-02-23 14:01:14,0.03125200,0.15900000
2018-02-23 14:01:14,0.03124800,0.09000000
2018-02-23 14:01:14,0.03124000,1.28000000
2018-02-23 14:01:16,0.03128900,0.29700000
2018-02-23 14:01:17,0.03128900,2.09100000
2018-02-23 14:01:17,0.03123800,3.20100000
2018-02-23 14:01:17,0.03123600,0.62100000
2018-02-23 14:01:17,0.03123100,0.80600000
2018-02-23 14:01:17,0.03122800,0.18200000
2018-02-23 14:01:19,0.03122900,0.76100000
2018-02-23 14:01:19,0.03125800,0.10000000
2018-02-23 14:01:19,0.03122800,7.07700000
2018-02-23 14:01:20,0.03122800,5.45600000
2018-02-23 14:01:20,0.03122800,4.82100000
2018-02-23 14:01:20,0.03122800,3.37800000
2018-02-23 14:01:20,0.03122800,2.00800000
2018-02-23 14:01:20,0.03122700,1.19500000
2018-02-23 14:01:20,0.03122700,0.14900000
2018-02-23 14:01:23,0.03122100,0.32100000
2018-02-23 14:01:24,0.03122100,0.15600000
2018-02-23 14:01:24,0.03122100,0.15600000
2018-02-23 14:01:24,0.03121900,0.08000000
2018-02-23 14:01:24,0.03121900,0.05400000
2018-02-23 14:01:26,0.03121700,1.25600000
2018-02-23 14:01:26,0.03121600,0.07200000
2018-02-23 14:01:28,0.03121600,0.15400000
2018-02-23 14:01:28,0.03121500,0.15400000
2018-02-23 14:01:29,0.03121500,0.07700000
2018-02-23 14:01:29,0.03121400,0.10000000
2018-02-23 14:01:29,0.03121300,0.04900000
2018-02-23 14:01:29,0.03121300,0.18800000
2018-02-23 14:01:29,0.03121300,1.24800000
2018-02-23 14:01:30,0.03121200,0.03800000
2018-02-23 14:01:30,0.03121200,0.13100000
2018-02-23 14:01:30,0.03123100,0.13200000
2018-02-23 14:01:32,0.03121200,0.07200000
2018-02-23 14:01:32,0.03121000,0.32000000
2018-02-23 14:01:32,0.03120000,4.38000000
2018-02-23 14:01:32,0.03119900,0.12100000
2018-02-23 14:01:32,0.03119600,0.03900000
2018-02-23 14:01:36,0.03119900,0.14800000
2018-02-23 14:01:39,0.03119900,0.01000000
2018-02-23 14:01:39,0.03120000,0.03400000
2018-02-23 14:01:41,0.03121200,0.00300000
2018-02-23 14:01:44,0.03120000,1.41100000
2018-02-23 14:01:46,0.03120000,0.15000000
2018-02-23 14:01:46,0.03119700,0.10000000
2018-02-23 14:01:46,0.03119600,0.20000000
2018-02-23 14:01:47,0.03119600,0.30000000
2018-02-23 14:01:47,0.03117500,0.11900000
2018-02-23 14:01:47,0.03117400,0.05000000
2018-02-23 14:01:47,0.03117300,0.27600000
2018-02-23 14:01:49,0.03117100,3.50700000
2018-02-23 14:01:49,0.03117300,0.07500000
2018-02-23 14:01:49,0.03120000,0.00800000
2018-02-23 14:01:49,0.03117200,0.28600000
2018-02-23 14:01:51,0.03120000,0.64100000
2018-02-23 14:01:52,0.03120000,0.03800000
2018-02-23 14:01:55,0.03121300,0.07300000
2018-02-23 14:01:56,0.03121300,0.01700000
2018-02-23 14:01:59,0.03121300,0.47000000
2018-02-23 14:01:59,0.03121000,0.54200000
2018-02-23 14:01:59,0.03120400,0.10600000
2018-02-23 14:01:59,0.03120000,0.30000000
2018-02-23 14:01:59,0.03118500,0.10000000
2018-02-23 14:02:00,0.03118500,0.07400000
2018-02-23 14:02:01,0.03118500,0.15400000
2018-02-23 14:02:01,0.03118500,0.07400000
2018-02-23 14:02:01,0.03118500,0.18300000
2018-02-23 14:02:02,0.03118500,0.07700000
2018-02-23 14:02:02,0.03118500,0.46300000
2018-02-23 14:02:02,0.03118500,0.07700000
2018-02-23 14:02:03,0.03118500,0.07700000
2018-02-23 14:02:04,0.03118500,0.07800000
2018-02-23 14:02:04,0.03117100,0.38500000
2018-02-23 14:02:06,0.03118500,2.00000000
2018-02-23 14:02:06,0.03118500,0.08000000
2018-02-23 14:02:08,0.03118500,1.21000000
2018-02-23 14:02:09,0.03118500,1.62600000
2018-02-23 14:02:10,0.03118500,0.01700000
2018-02-23 14:02:12,0.03121300,0.05900000
2018-02-23 14:02:12,0.03121300,0.00300000
2018-02-23 14:02:13,0.03121700,0.10000000
2018-02-23 14:02:15,0.03121900,3.20000000
2018-02-23 14:02:15,0.03121700,0.18600000
2018-02-23 14:02:15,0.03121300,0.11600000
2018-02-23 14:02:16,0.03120000,0.40000000
2018-02-23 14:02:16,0.03120000,0.36300000
2018-02-23 14:02:16,0.03120000,1.73500000
2018-02-23 14:02:16,0.03121300,0.70500000
2018-02-23 14:02:16,0.03129600,0.07700000
2018-02-23 14:02:17,0.03129400,0.31200000
2018-02-23 14:02:17,0.03129400,0.15200000
2018-02-23 14:02:17,0.03129400,0.27000000
2018-02-23 14:02:17,0.03129300,0.15500000
2018-02-23 14:02:18,0.03129300,0.45600000
2018-02-23 14:02:18,0.03129600,1.13000000
2018-02-23 14:02:18,0.03129100,0.29400000
2018-02-23 14:02:18,0.03129100,0.07900000
2018-02-23 14:02:18,0.03121300,0.05000000
2018-02-23 14:02:18,0.03129100,0.06800000
2018-02-23 14:02:19,0.03129100,0.07700000
2018-02-23 14:02:19,0.03129100,0.08300000
2018-02-23 14:02:19,0.03129100,0.06200000
2018-02-23 14:02:19,0.03129100,0.16200000
2018-02-23 14:02:19,0.03129100,0.09900000
2018-02-23 14:02:19,0.03129100,0.11000000
2018-02-23 14:02:19,0.03129100,0.46200000
2018-02-23 14:02:19,0.03129100,0.15100000
2018-02-23 14:02:20,0.03129000,0.11000000
2018-02-23 14:02:20,0.03129000,0.04000000
2018-02-23 14:02:20,0.03129000,0.09400000
2018-02-23 14:02:20,0.03128800,0.09200000
2018-02-23 14:02:20,0.03128800,0.06800000
2018-02-23 14:02:20,0.03128800,0.24600000
2018-02-23 14:02:20,0.03128800,0.09100000
2018-02-23 14:02:21,0.03128800,0.06200000
2018-02-23 14:02:21,0.03128800,0.18000000
2018-02-23 14:02:21,0.03128800,0.05900000
2018-02-23 14:02:21,0.03128800,0.02100000
2018-02-23 14:02:21,0.03119300,3.20200000
2018-02-23 14:02:21,0.03119100,0.40000000
2018-02-23 14:02:21,0.03119000,2.52300000
2018-02-23 14:02:21,0.03118900,0.13200000
2018-02-23 14:02:21,0.03118500,1.71900000
2018-02-23 14:02:21,0.03117800,0.10000000
2018-02-23 14:02:21,0.03117100,0.74300000
2018-02-23 14:02:21,0.03116900,0.50800000
2018-02-23 14:02:21,0.03116500,1.45700000
2018-02-23 14:02:21,0.03115800,0.36700000
2018-02-23 14:02:21,0.03121700,0.26800000
2018-02-23 14:02:22,0.03121700,0.11700000
2018-02-23 14:02:22,0.03121700,0.02000000
2018-02-23 14:02:22,0.03128700,0.02300000
2018-02-23 14:02:22,0.03128700,0.09100000
2018-02-23 14:02:22,0.03128500,0.95100000
2018-02-23 14:02:23,0.03128500,2.25100000
2018-02-23 14:02:23,0.03128600,0.81500000
2018-02-23 14:02:23,0.03128600,0.08000000
2018-02-23 14:02:23,0.03128600,0.11600000
2018-02-23 14:02:23,0.03128700,0.96100000
2018-02-23 14:02:23,0.03128800,0.13200000
2018-02-23 14:02:23,0.03130000,0.15100000
2018-02-23 14:02:24,0.03119600,0.00500000
2018-02-23 14:02:27,0.03129900,0.08000000
2018-02-23 14:02:28,0.03128500,0.15200000
2018-02-23 14:02:28,0.03128500,0.79900000
2018-02-23 14:02:28,0.03128400,0.55100000
2018-02-23 14:02:28,0.03128500,0.33600000
2018-02-23 14:02:30,0.03128300,0.23600000
2018-02-23 14:02:33,0.03129900,0.08400000
2018-02-23 14:02:33,0.03130000,2.38000000
2018-02-23 14:02:34,0.03122400,1.53000000
2018-02-23 14:02:34,0.03130000,0.03800000
2018-02-23 14:02:40,0.03124200,0.10900000
2018-02-23 14:02:40,0.03124200,0.62100000
2018-02-23 14:02:40,0.03124200,0.15600000
2018-02-23 14:02:41,0.03124200,0.34800000
2018-02-23 14:02:42,0.03130000,0.93200000
2018-02-23 14:02:45,0.03130000,1.00000000
2018-02-23 14:02:45,0.03124800,1.96500000
2018-02-23 14:02:45,0.03124700,0.13200000
2018-02-23 14:02:45,0.03124600,0.36400000
2018-02-23 14:02:45,0.03124300,0.96000000
2018-02-23 14:02:45,0.03124100,0.13200000
2018-02-23 14:02:45,0.03121000,0.13200000
2018-02-23 14:02:45,0.03115800,0.91100000
2018-02-23 14:02:45,0.03115100,1.90800000
2018-02-23 14:02:45,0.03115000,4.39300000
2018-02-23 14:02:50,0.03128500,0.46200000
2018-02-23 14:02:51,0.03128200,0.11700000
2018-02-23 14:02:52,0.03120100,0.11400000
2018-02-23 14:02:57,0.03126700,0.10000000
2018-02-23 14:03:00,0.03120000,4.66300000
2018-02-23 14:03:00,0.03115100,0.15100000
2018-02-23 14:03:00,0.03115000,0.99800000
2018-02-23 14:03:00,0.03114900,3.25200000
2018-02-23 14:03:00,0.03114800,14.99500000
2018-02-23 14:03:03,0.03125300,0.27300000
2018-02-23 14:03:03,0.03125000,0.00300000
2018-02-23 14:03:03,0.03125000,0.20000000
2018-02-23 14:03:04,0.03125000,0.03400000
2018-02-23 14:03:05,0.03124900,0.26400000
2018-02-23 14:03:05,0.03125000,1.37500000
2018-02-23 14:03:05,0.03124600,0.06600000
2018-02-23 14:03:06,0.03124600,0.14500000
2018-02-23 14:03:06,0.03124600,1.32100000
2018-02-23 14:03:07,0.03124600,0.30700000
2018-02-23 14:03:08,0.03124300,0.29000000
2018-02-23 14:03:08,0.03124300,0.14100000
2018-02-23 14:03:08,0.03124500,0.13700000
2018-02-23 14:03:10,0.03124500,0.14800000
2018-02-23 14:03:13,0.03123100,0.07700000
2018-02-23 14:03:16,0.03123000,0.09300000
2018-02-23 14:03:17,0.03123000,0.61200000
2018-02-23 14:03:18,0.03122900,0.24600000
2018-02-23 14:03:18,0.03118500,0.36500000
2018-02-23 14:03:18,0.03116400,0.13200000
2018-02-23 14:03:18,0.03116000,0.26000000
2018-02-23 14:03:18,0.03115200,0.13200000
2018-02-23 14:03:18,0.03114800,0.48800000
2018-02-23 14:03:19,0.03119900,0.15400000
2018-02-23 14:03:21,0.03119700,0.32000000
2018-02-23 14:03:22,0.03119700,0.10000000
2018-02-23 14:03:23,0.03119700,0.12700000
2018-02-23 14:03:25,0.03119600,0.03800000
2018-02-23 14:03:27,0.03119600,0.07600000
2018-02-23 14:03:27,0.03119700,0.22400000
2018-02-23 14:03:46,0.03119300,0.45500000
2018-02-23 14:03:46,0.03119400,0.16000000
2018-02-23 14:03:46,0.03119600,0.31300000
2018-02-23 14:03:51,0.03117600,0.13200000
2018-02-23 14:03:53,0.03117600,0.10000000
2018-02-23 14:03:54,0.03117600,0.10000000
2018-02-23 14:03:55,0.03115800,0.10000000
2018-02-23 14:03:55,0.03115200,0.34100000
2018-02-23 14:03:55,0.03114800,0.12500000
2018-02-23 14:03:55,0.03114600,0.19600000
2018-02-23 14:03:55,0.03113400,0.08400000
2018-02-23 14:03:56,0.03115000,0.20000000
2018-02-23 14:03:59,0.03112800,3.21000000
2018-02-23 14:03:59,0.03112600,0.36300000
2018-02-23 14:03:59,0.03112000,6.82900000
2018-02-23 14:03:59,0.03111200,0.12500000
2018-02-23 14:03:59,0.03111000,11.87800000
2018-02-23 14:04:05,0.03114600,0.10000000
2018-02-23 14:04:05,0.03112300,0.67700000
2018-02-23 14:04:05,0.03112300,0.32000000
2018-02-23 14:04:05,0.03112300,0.67800000
2018-02-23 14:04:05,0.03112100,0.51900000
2018-02-23 14:04:06,0.03111100,0.40000000
2018-02-23 14:04:06,0.03112100,0.96300000
2018-02-23 14:04:06,0.03112100,0.96300000
2018-02-23 14:04:06,0.03111000,0.27600000
2018-02-23 14:04:06,0.03112000,0.13200000
2018-02-23 14:04:06,0.03112100,0.76500000
2018-02-23 14:04:06,0.03112300,0.51900000
2018-02-23 14:04:07,0.03116400,0.10000000
2018-02-23 14:04:09,0.03117300,0.24700000
2018-02-23 14:04:12,0.03115100,0.10000000
2018-02-23 14:04:12,0.03117300,0.07700000
2018-02-23 14:04:12,0.03117300,0.11000000
2018-02-23 14:04:12,0.03117300,0.07700000
2018-02-23 14:04:12,0.03117300,0.07700000
2018-02-23 14:04:16,0.03117300,0.07500000
2018-02-23 14:04:17,0.03116400,0.05000000
2018-02-23 14:04:17,0.03116400,0.05000000
2018-02-23 14:04:21,0.03116400,0.04100000
2018-02-23 14:04:24,0.03117300,0.04100000
2018-02-23 14:04:24,0.03117400,0.45100000
2018-02-23 14:04:25,0.03117400,0.15400000
2018-02-23 14:04:25,0.03117400,0.01400000
2018-02-23 14:04:30,0.03117200,0.07900000
2018-02-23 14:04:32,0.03117200,0.07700000
2018-02-23 14:04:41,0.03117200,0.10400000
2018-02-23 14:04:43,0.03116400,0.34000000
2018-02-23 14:04:43,0.03115200,0.13200000
2018-02-23 14:04:43,0.03111000,0.52800000
2018-02-23 14:04:43,0.03116200,0.13200000
2018-02-23 14:04:45,0.03117100,0.03100000
2018-02-23 14:04:46,0.03117100,0.07900000
2018-02-23 14:04:46,0.03117200,0.92100000
2018-02-23 14:04:46,0.03117200,0.00800000
2018-02-23 14:04:48,0.03117200,0.01100000
2018-02-23 14:04:50,0.03117200,0.65500000
2018-02-23 14:04:51,0.03116400,0.41800000
2018-02-23 14:04:51,0.03111300,0.58200000
2018-02-23 14:04:52,0.03117200,0.32000000
2018-02-23 14:04:56,0.03116500,0.09400000
2018-02-23 14:04:56,0.03111300,0.16200000
2018-02-23 14:04:56,0.03111000,0.34200000
2018-02-23 14:04:56,0.03110800,0.17400000
2018-02-23 14:04:56,0.03110400,0.22800000
2018-02-23 14:04:56,0.03117200,0.07800000
2018-02-23 14:04:56,0.03117200,0.07100000
2018-02-23 14:04:56,0.03117200,0.32100000
2018-02-23 14:04:56,0.03117200,0.31400000
2018-02-23 14:04:56,0.03115000,0.45400000
2018-02-23 14:04:57,0.03114000,0.27300000
2018-02-23 14:04:57,0.03114000,1.25600000
2018-02-23 14:04:57,0.03114000,0.96200000
2018-02-23 14:04:57,0.03114000,0.51600000
2018-02-23 14:04:59,0.03115100,0.10000000
2018-02-23 14:05:04,0.03115100,0.12900000
2018-02-23 14:05:05,0.03115100,0.30400000
2018-02-23 14:05:06,0.03115100,4.33900000
2018-02-23 14:05:06,0.03117000,1.57600000
2018-02-23 14:05:06,0.03117200,3.75200000
2018-02-23 14:05:06,0.03115000,0.11300000
2018-02-23 14:05:06,0.03115000,0.23000000
2018-02-23 14:05:09,0.03115000,0.31800000
2018-02-23 14:05:10,0.03115000,0.22500000
2018-02-23 14:05:14,0.03115000,0.00800000
2018-02-23 14:05:17,0.03115000,0.03800000
2018-02-23 14:05:17,0.03115000,0.03800000
2018-02-23 14:05:17,0.03115000,0.03800000
2018-02-23 14:05:17,0.03115000,0.27200000
2018-02-23 14:05:17,0.03115000,0.08300000
2018-02-23 14:05:19,0.03113600,0.13200000
2018-02-23 14:05:19,0.03113200,0.13200000
2018-02-23 14:05:19,0.03112800,0.10000000
2018-02-23 14:05:19,0.03110400,0.26500000
2018-02-23 14:05:19,0.03110100,0.59200000
2018-02-23 14:05:19,0.03110000,2.22300000
2018-02-23 14:05:19,0.03110000,0.52700000
2018-02-23 14:05:19,0.03109900,0.13100000
2018-02-23 14:05:19,0.03114700,0.07700000
2018-02-23 14:05:22,0.03110600,0.04700000
2018-02-23 14:05:24,0.03114700,0.03900000
2018-02-23 14:05:25,0.03114600,0.04700000
2018-02-23 14:05:25,0.03114700,0.03000000
2018-02-23 14:05:32,0.03114700,0.41000000
2018-02-23 14:05:38,0.03114700,0.15500000
2018-02-23 14:05:40,0.03114700,0.07100000
2018-02-23 14:05:41,0.03114700,0.07900000
2018-02-23 14:05:51,0.03113700,0.24300000
2018-02-23 14:05:51,0.03113600,0.08700000
2018-02-23 14:05:51,0.03113500,0.08700000
2018-02-23 14:05:51,0.03113500,0.34100000
2018-02-23 14:05:51,0.03113500,0.86200000
2018-02-23 14:05:51,0.03113500,0.86200000
2018-02-23 14:05:51,0.03113400,0.10000000
2018-02-23 14:05:51,0.03112400,0.09300000
2018-02-23 14:05:52,0.03111500,0.66900000
2018-02-23 14:05:53,0.03113500,0.22500000
2018-02-23 14:05:55,0.03111900,0.25000000
2018-02-23 14:05:55,0.03111800,0.20100000
2018-02-23 14:05:55,0.03111700,0.13200000
2018-02-23 14:05:55,0.03111500,3.83100000
2018-02-23 14:05:55,0.03109900,1.88300000
2018-02-23 14:05:56,0.03113200,0.13200000
2018-02-23 14:05:56,0.03113500,0.65900000
2018-02-23 14:05:57,0.03112100,0.19100000
2018-02-23 14:05:57,0.03112000,0.13200000
2018-02-23 14:05:57,0.03111700,0.06000000
2018-02-23 14:05:58,0.03111700,0.27300000
2018-02-23 14:05:58,0.03109900,9.83400000
2018-02-23 14:06:00,0.03111700,0.22000000
2018-02-23 14:06:02,0.03111700,0.06300000
2018-02-23 14:06:03,0.03111700,0.06900000
2018-02-23 14:06:06,0.03111700,0.29100000
2018-02-23 14:06:09,0.03111700,0.66800000
2018-02-23 14:06:09,0.03111700,0.38100000
2018-02-23 14:06:15,0.03110000,0.03300000
2018-02-23 14:06:17,0.03110200,0.13200000
2018-02-23 14:06:17,0.03110000,0.95700000
2018-02-23 14:06:17,0.03109900,33.90100000
2018-02-23 14:06:23,0.03110000,0.22600000
2018-02-23 14:06:23,0.03109900,9.44100000
2018-02-23 14:06:23,0.03109900,12.02400000
2018-02-23 14:06:25,0.03109900,1.44800000
2018-02-23 14:06:28,0.03109800,3.46500000
2018-02-23 14:06:28,0.03109800,2.94900000
2018-02-23 14:06:28,0.03109600,0.96600000
2018-02-23 14:06:28,0.03108500,0.08000000
2018-02-23 14:06:28,0.03106500,1.41600000
2018-02-23 14:06:28,0.03106500,0.08300000
2018-02-23 14:06:28,0.03106500,0.08300000
2018-02-23 14:06:28,0.03106500,0.06900000
2018-02-23 14:06:28,0.03106500,0.08200000
2018-02-23 14:06:29,0.03106500,0.06900000
2018-02-23 14:06:29,0.03106500,0.96400000
2018-02-23 14:06:29,0.03106500,0.74400000
2018-02-23 14:06:29,0.03106400,0.08300000
2018-02-23 14:06:29,0.03106500,1.79100000
2018-02-23 14:06:29,0.03106500,0.74400000
2018-02-23 14:06:29,0.03106400,0.23200000
2018-02-23 14:06:29,0.03105400,0.40300000
2018-02-23 14:06:29,0.03105000,0.07900000
2018-02-23 14:06:29,0.03105000,0.10800000
2018-02-23 14:06:30,0.03105000,0.17400000
2018-02-23 14:06:31,0.03105700,0.10000000
2018-02-23 14:06:31,0.03105000,0.75500000
2018-02-23 14:06:31,0.03104900,0.98800000
2018-02-23 14:06:31,0.03104600,0.48000000
2018-02-23 14:06:31,0.03103900,1.18400000
2018-02-23 14:06:31,0.03103700,0.19900000
2018-02-23 14:06:31,0.03103600,0.20200000
2018-02-23 14:06:31,0.03102500,0.03400000
2018-02-23 14:06:31,0.03102400,1.36500000
2018-02-23 14:06:31,0.03102300,6.77000000
2018-02-23 14:06:31,0.03102200,0.10500000
2018-02-23 14:06:31,0.03102100,0.05100000
2018-02-23 14:06:31,0.03102000,1.53200000
2018-02-23 14:06:31,0.03101900,0.16100000
2018-02-23 14:06:31,0.03101600,0.18800000
2018-02-23 14:06:31,0.03101300,0.31800000
2018-02-23 14:06:31,0.03101000,5.65500000
2018-02-23 14:06:31,0.03100900,0.06500000
2018-02-23 14:06:31,0.03100700,0.14900000
2018-02-23 14:06:31,0.03100400,6.21300000
2018-02-23 14:06:31,0.03100300,0.21500000
2018-02-23 14:06:31,0.03100100,2.35300000
2018-02-23 14:06:31,0.03100000,6.10000000
2018-02-23 14:06:32,0.03100200,0.78400000
2018-02-23 14:06:33,0.03106400,0.13600000
2018-02-23 14:06:33,0.03106400,0.07100000
2018-02-23 14:06:33,0.03101600,1.18200000
2018-02-23 14:06:34,0.03106300,0.49600000
2018-02-23 14:06:34,0.03106300,0.06500000
2018-02-23 14:06:35,0.03101700,0.36100000
2018-02-23 14:06:35,0.03101600,0.93900000
2018-02-23 14:06:35,0.03106300,0.08300000
2018-02-23 14:06:35,0.03101600,0.12900000
2018-02-23 14:06:36,0.03106300,0.10000000
2018-02-23 14:06:37,0.03106300,0.22500000
2018-02-23 14:06:37,0.03106300,0.03600000
2018-02-23 14:06:37,0.03106300,0.04900000
2018-02-23 14:06:37,0.03101600,1.94200000
2018-02-23 14:06:37,0.03101400,1.28900000
2018-02-23 14:06:37,0.03101100,0.20500000
2018-02-23 14:06:37,0.03100000,45.08200000
2018-02-23 14:06:38,0.03101600,0.90300000
2018-02-23 14:06:38,0.03101400,0.27000000
2018-02-23 14:06:38,0.03101400,0.27000000
2018-02-23 14:06:38,0.03100100,0.27000000
2018-02-23 14:06:38,0.03101400,1.28900000
2018-02-23 14:06:39,0.03101400,0.33600000
2018-02-23 14:06:39,0.03100000,0.17600000
2018-02-23 14:06:39,0.03101300,0.12500000
2018-02-23 14:06:40,0.03101100,0.24800000
2018-02-23 14:06:40,0.03100000,0.57900000
2018-02-23 14:06:40,0.03100000,9.84100000
2018-02-23 14:06:41,0.03100800,0.06300000
2018-02-23 14:06:41,0.03100800,0.61600000
2018-02-23 14:06:45,0.03100200,0.91700000
2018-02-23 14:06:45,0.03100400,0.28300000
2018-02-23 14:06:45,0.03101600,0.08900000
2018-02-23 14:06:46,0.03100000,0.78900000
2018-02-23 14:06:48,0.03100500,0.06400000
2018-02-23 14:06:48,0.03100100,0.04300000
2018-02-23 14:06:48,0.03100100,5.88300000
2018-02-23 14:06:48,0.03100000,13.27000000
2018-02-23 14:06:48,0.03100700,0.13200000
2018-02-23 14:06:48,0.03100800,0.61400000
2018-02-23 14:06:48,0.03101600,3.94400000
2018-02-23 14:06:48,0.03102400,0.31800000
2018-02-23 14:06:48,0.03105000,2.85000000
2018-02-23 14:06:48,0.03100200,3.22500000
2018-02-23 14:06:48,0.03100100,0.35600000
2018-02-23 14:06:48,0.03100000,6.84400000
2018-02-23 14:06:48,0.03100000,0.74600000
2018-02-23 14:06:49,0.03099900,0.71700000
2018-02-23 14:06:49,0.03099800,0.07700000
2018-02-23 14:06:49,0.03099800,0.04100000
2018-02-23 14:06:50,0.03099800,0.07700000
2018-02-23 14:06:50,0.03099800,0.49200000
2018-02-23 14:06:50,0.03099800,0.15500000
2018-02-23 14:06:50,0.03099000,0.03300000
2018-02-23 14:06:50,0.03098700,0.32300000
2018-02-23 14:06:50,0.03096400,0.04900000
2018-02-23 14:06:50,0.03096200,0.03300000
2018-02-23 14:06:50,0.03095100,0.44000000
2018-02-23 14:06:50,0.03095000,0.99500000
2018-02-23 14:06:50,0.03099700,0.05500000
2018-02-23 14:06:50,0.03099700,0.21400000
2018-02-23 14:06:51,0.03099700,0.15400000
2018-02-23 14:06:51,0.03099700,0.54400000
2018-02-23 14:06:51,0.03100000,0.96400000
2018-02-23 14:06:51,0.03100000,0.21000000
2018-02-23 14:06:52,0.03099500,0.07700000
2018-02-23 14:06:52,0.03095400,0.03100000
2018-02-23 14:06:53,0.03099500,0.07000000
2018-02-23 14:06:55,0.03095400,0.06200000
2018-02-23 14:06:56,0.03099500,0.13600000
2018-02-23 14:06:56,0.03095400,0.39100000
2018-02-23 14:06:56,0.03095200,0.12200000
2018-02-23 14:06:57,0.03095200,0.06900000
2018-02-23 14:06:58,0.03095200,0.24800000
2018-02-23 14:07:00,0.03095000,0.94400000
2018-02-23 14:07:00,0.03095100,0.06800000
2018-02-23 14:07:02,0.03095100,0.18800000
2018-02-23 14:07:02,0.03095000,0.29900000
2018-02-23 14:07:02,0.03095100,0.34700000
2018-02-23 14:07:02,0.03095200,0.37800000
2018-02-23 14:07:04,0.03095400,0.10000000
2018-02-23 14:07:04,0.03095200,0.41000000
2018-02-23 14:07:05,0.03095400,0.27300000
2018-02-23 14:07:05,0.03099400,0.50600000
2018-02-23 14:07:05,0.03099900,0.16000000
2018-02-23 14:07:05,0.03100000,25.18100000
2018-02-23 14:07:06,0.03095400,3.22900000
2018-02-23 14:07:06,0.03095300,0.36500000
2018-02-23 14:07:06,0.03095200,10.32300000
2018-02-23 14:07:06,0.03099800,0.06200000
2018-02-23 14:07:06,0.03099800,0.07400000
2018-02-23 14:07:07,0.03099500,0.07700000
2018-02-23 14:07:07,0.03099500,0.24800000
2018-02-23 14:07:07,0.03099500,0.13800000
2018-02-23 14:07:07,0.03099500,0.22600000
2018-02-23 14:07:07,0.03099500,0.10000000
2018-02-23 14:07:07,0.03099500,0.07700000
2018-02-23 14:07:07,0.03099500,0.12800000
2018-02-23 14:07:07,0.03099500,0.31000000
2018-02-23 14:07:07,0.03099500,0.15200000
2018-02-23 14:07:07,0.03099500,0.15600000
2018-02-23 14:07:07,0.03099500,0.28800000
2018-02-23 14:07:07,0.03099500,0.05800000
2018-02-23 14:07:07,0.03099500,0.15400000
2018-02-23 14:07:07,0.03099400,0.36500000
2018-02-23 14:07:07,0.03099500,0.42500000
2018-02-23 14:07:08,0.03099500,0.24600000
2018-02-23 14:07:08,0.03099500,0.31000000
2018-02-23 14:07:08,0.03100000,0.04200000
2018-02-23 14:07:08,0.03100000,0.66600000
2018-02-23 14:07:08,0.03100000,0.15400000
2018-02-23 14:07:08,0.03100000,0.09500000
2018-02-23 14:07:08,0.03100000,0.04600000
2018-02-23 14:07:08,0.03100000,0.21400000
2018-02-23 14:07:08,0.03100000,0.06600000
2018-02-23 14:07:08,0.03100000,0.07700000
2018-02-23 14:07:08,0.03100000,0.04600000
2018-02-23 14:07:08,0.03100000,0.18100000
2018-02-23 14:07:08,0.03100000,0.18400000
2018-02-23 14:07:09,0.03100000,0.06800000
2018-02-23 14:07:09,0.03100000,0.07800000
2018-02-23 14:07:09,0.03100000,0.07100000
2018-02-23 14:07:09,0.03100000,0.16900000
2018-02-23 14:07:10,0.03100000,3.06600000
2018-02-23 14:07:10,0.03100000,0.06200000
2018-02-23 14:07:10,0.03095700,0.13200000
2018-02-23 14:07:10,0.03095500,1.71900000
2018-02-23 14:07:10,0.03100000,0.15400000
2018-02-23 14:07:10,0.03099800,0.13200000
2018-02-23 14:07:10,0.03100000,0.75800000
2018-02-23 14:07:10,0.03099600,0.37600000
2018-02-23 14:07:10,0.03099600,0.07700000
2018-02-23 14:07:10,0.03099600,0.07800000
2018-02-23 14:07:10,0.03099600,0.13600000
2018-02-23 14:07:10,0.03099600,0.61600000
2018-02-23 14:07:10,0.03099600,0.32000000
2018-02-23 14:07:10,0.03095300,5.46900000
2018-02-23 14:07:10,0.03095200,1.00200000
2018-02-23 14:07:10,0.03095000,26.38600000
2018-02-23 14:07:10,0.03099600,0.07700000
2018-02-23 14:07:10,0.03099600,0.03900000
2018-02-23 14:07:10,0.03100000,0.00400000
2018-02-23 14:07:10,0.03100000,0.21600000
2018-02-23 14:07:10,0.03100000,0.15400000
2018-02-23 14:07:10,0.03100000,0.73600000
2018-02-23 14:07:11,0.03095600,0.03700000
2018-02-23 14:07:11,0.03100000,0.43200000
2018-02-23 14:07:11,0.03100000,0.05500000
2018-02-23 14:07:11,0.03100000,0.29600000
2018-02-23 14:07:11,0.03100000,1.83600000
2018-02-23 14:07:11,0.03100000,0.30600000
2018-02-23 14:07:11,0.03100000,0.45400000
2018-02-23 14:07:11,0.03100000,0.13800000
2018-02-23 14:07:11,0.03100000,0.12500000
2018-02-23 14:07:11,0.03100000,1.53800000
2018-02-23 14:07:11,0.03100000,0.40600000
2018-02-23 14:07:11,0.03100000,0.24600000
2018-02-23 14:07:11,0.03100000,0.08800000
2018-02-23 14:07:11,0.03100000,0.26600000
2018-02-23 14:07:11,0.03100000,0.22200000
2018-02-23 14:07:12,0.03095200,0.20500000
2018-02-23 14:07:12,0.03099900,0.18400000
2018-02-23 14:07:12,0.03099900,0.10800000
2018-02-23 14:07:12,0.03099900,0.15400000
2018-02-23 14:07:12,0.03099900,0.07700000
2018-02-23 14:07:12,0.03099900,0.43200000
2018-02-23 14:07:12,0.03099900,0.01400000
2018-02-23 14:07:12,0.03100000,0.13100000
2018-02-23 14:07:12,0.03100000,0.07800000
2018-02-23 14:07:12,0.03100000,0.22900000
2018-02-23 14:07:12,0.03099900,0.03500000
2018-02-23 14:07:13,0.03099900,0.00200000
2018-02-23 14:07:13,0.03100000,0.48200000
2018-02-23 14:07:13,0.03100000,0.07800000
2018-02-23 14:07:13,0.03100000,0.03700000
2018-02-23 14:07:13,0.03100000,0.18400000
2018-02-23 14:07:13,0.03100000,1.19600000
2018-02-23 14:07:13,0.03100000,0.04700000
2018-02-23 14:07:14,0.03100000,0.04700000
2018-02-23 14:07:14,0.03100000,0.20800000
2018-02-23 14:07:14,0.03099800,0.08100000
2018-02-23 14:07:14,0.03099800,0.12400000
2018-02-23 14:07:14,0.03100000,0.03000000
2018-02-23 14:07:14,0.03100000,0.34200000
2018-02-23 14:07:14,0.03100000,0.07700000
2018-02-23 14:07:15,0.03100000,0.07800000
2018-02-23 14:07:15,0.03100000,0.07700000
2018-02-23 14:07:15,0.03100000,0.07700000
2018-02-23 14:07:15,0.03100000,0.08100000
2018-02-23 14:07:15,0.03100000,0.15400000
2018-02-23 14:07:15,0.03100000,0.09200000
2018-02-23 14:07:15,0.03100000,0.22200000
2018-02-23 14:07:15,0.03100000,0.30000000
2018-02-23 14:07:15,0.03100000,0.07700000
2018-02-23 14:07:16,0.03100000,0.22900000
2018-02-23 14:07:16,0.03095700,0.27400000
2018-02-23 14:07:16,0.03100000,0.15600000
2018-02-23 14:07:16,0.03100000,0.96500000
2018-02-23 14:07:17,0.03095900,0.13200000
2018-02-23 14:07:17,0.03095400,0.13200000
2018-02-23 14:07:17,0.03095300,11.85500000
2018-02-23 14:07:17,0.03095100,0.96900000
2018-02-23 14:07:17,0.03095000,5.40600000
2018-02-23 14:07:17,0.03099700,0.13200000
2018-02-23 14:07:17,0.03099800,0.02400000
2018-02-23 14:07:17,0.03099800,0.07900000
2018-02-23 14:07:17,0.03099800,0.02900000
2018-02-23 14:07:17,0.03099900,0.27700000
2018-02-23 14:07:17,0.03099900,0.36200000
2018-02-23 14:07:17,0.03099900,0.15500000
2018-02-23 14:07:17,0.03099800,0.21600000
2018-02-23 14:07:17,0.03099800,0.05800000
2018-02-23 14:07:17,0.03099900,0.67600000
2018-02-23 14:07:18,0.03099900,0.13600000
2018-02-23 14:07:18,0.03099900,0.53200000
2018-02-23 14:07:18,0.03099900,1.09600000
2018-02-23 14:07:19,0.03099900,0.28400000
2018-02-23 14:07:19,0.03095500,0.03400000
2018-02-23 14:07:19,0.03099900,0.88500000
2018-02-23 14:07:19,0.03095500,0.32300000
2018-02-23 14:07:19,0.03099900,0.07700000
2018-02-23 14:07:19,0.03095700,0.13200000
2018-02-23 14:07:19,0.03095100,0.65600000
2018-02-23 14:07:19,0.03095100,0.31300000
2018-02-23 14:07:19,0.03095000,0.18100000
2018-02-23 14:07:19,0.03099600,0.05200000
2018-02-23 14:07:20,0.03099600,0.07700000
2018-02-23 14:07:20,0.03099600,0.59400000
2018-02-23 14:07:20,0.03099600,0.15200000
2018-02-23 14:07:21,0.03099600,0.45100000
2018-02-23 14:07:21,0.03099700,0.04300000
2018-02-23 14:07:21,0.03099600,0.07800000
2018-02-23 14:07:21,0.03099600,0.07900000
2018-02-23 14:07:21,0.03099600,0.00400000
2018-02-23 14:07:21,0.03099700,0.08900000
2018-02-23 14:07:21,0.03099900,0.18900000
2018-02-23 14:07:21,0.03099900,0.11000000
2018-02-23 14:07:22,0.03099900,0.25300000
2018-02-23 14:07:23,0.03099900,0.06900000
2018-02-23 14:07:24,0.03099900,0.40400000
2018-02-23 14:07:27,0.03099900,2.05000000
2018-02-23 14:07:27,0.03100000,4.69400000
2018-02-23 14:07:29,0.03100000,0.10500000
2018-02-23 14:07:30,0.03100000,0.22600000
2018-02-23 14:07:31,0.03099900,0.13400000
2018-02-23 14:07:32,0.03099900,0.39200000
2018-02-23 14:07:33,0.03099900,0.27100000
2018-02-23 14:07:38,0.03096600,0.35800000
2018-02-23 14:07:38,0.03096500,0.12900000
2018-02-23 14:07:38,0.03095700,0.13200000
2018-02-23 14:07:38,0.03095300,0.96900000
2018-02-23 14:07:38,0.03095200,0.13200000
2018-02-23 14:07:40,0.03095200,0.34400000
2018-02-23 14:07:45,0.03095200,0.44000000
2018-02-23 14:07:45,0.03095200,1.27000000
2018-02-23 14:07:48,0.03099600,0.04800000
2018-02-23 14:07:48,0.03099600,0.31000000
2018-02-23 14:07:48,0.03099700,0.99000000
2018-02-23 14:07:58,0.03099700,0.11100000
2018-02-23 14:07:58,0.03099800,0.13200000
2018-02-23 14:07:58,0.03099900,0.93900000
2018-02-23 14:07:59,0.03099700,0.14200000
2018-02-23 14:08:04,0.03099700,8.11700000
2018-02-23 14:08:04,0.03099900,2.09500000
2018-02-23 14:08:04,0.03100000,13.79500000
2018-02-23 14:08:04,0.03100200,1.63000000
2018-02-23 14:08:05,0.03106200,0.01500000
2018-02-23 14:08:06,0.03106200,0.11700000
2018-02-23 14:08:08,0.03106400,0.08000000
2018-02-23 14:08:08,0.03106400,0.09400000
2018-02-23 14:08:08,0.03106400,0.12400000
2018-02-23 14:08:08,0.03106400,0.08000000
2018-02-23 14:08:08,0.03106400,0.33500000
2018-02-23 14:08:10,0.03106400,0.03700000
2018-02-23 14:08:10,0.03106400,2.41400000
2018-02-23 14:08:10,0.03108800,8.96700000
2018-02-23 14:08:11,0.03104500,0.16100000
2018-02-23 14:08:11,0.03101600,0.16100000
2018-02-23 14:08:11,0.03108800,0.22200000
2018-02-23 14:08:11,0.03108800,0.10600000
2018-02-23 14:08:11,0.03108800,0.34400000
2018-02-23 14:08:11,0.03108800,0.07000000
2018-02-23 14:08:12,0.03108600,0.07000000
2018-02-23 14:08:12,0.03108600,0.24400000
2018-02-23 14:08:12,0.03108600,0.15400000
2018-02-23 14:08:12,0.03108600,0.13900000
2018-02-23 14:08:12,0.03108600,0.38600000
2018-02-23 14:08:12,0.03108600,0.43600000
2018-02-23 14:08:12,0.03108600,0.20100000
2018-02-23 14:08:12,0.03108800,0.06300000
2018-02-23 14:08:12,0.03108800,0.14200000
2018-02-23 14:08:13,0.03108800,0.05000000
2018-02-23 14:08:13,0.03108700,0.04800000
2018-02-23 14:08:13,0.03108700,0.11300000
2018-02-23 14:08:13,0.03108800,0.16800000
2018-02-23 14:08:13,0.03108800,0.29000000
2018-02-23 14:08:13,0.03108800,0.09200000
2018-02-23 14:08:14,0.03108800,0.07200000
2018-02-23 14:08:14,0.03108800,0.23800000
2018-02-23 14:08:14,0.03102200,0.22600000
2018-02-23 14:08:14,0.03108800,0.40000000
2018-02-23 14:08:14,0.03108800,0.24800000
2018-02-23 14:08:15,0.03108800,0.06500000
2018-02-23 14:08:15,0.03108800,0.23100000
2018-02-23 14:08:15,0.03108800,0.16100000
2018-02-23 14:08:16,0.03108800,0.35600000
2018-02-23 14:08:16,0.03108800,0.07900000
2018-02-23 14:08:16,0.03108800,1.27000000
2018-02-23 14:08:16,0.03108800,0.04800000
2018-02-23 14:08:16,0.03108800,0.09700000
2018-02-23 14:08:16,0.03108800,0.24400000
2018-02-23 14:08:16,0.03108800,0.14400000
2018-02-23 14:08:17,0.03108800,0.08000000
2018-02-23 14:08:17,0.03108800,0.15400000
2018-02-23 14:08:17,0.03108800,0.20400000
2018-02-23 14:08:17,0.03108800,0.27200000
2018-02-23 14:08:18,0.03108800,0.14300000
2018-02-23 14:08:18,0.03108800,0.08000000
2018-02-23 14:08:19,0.03108800,0.13400000
2018-02-23 14:08:19,0.03108800,0.12200000
2018-02-23 14:08:19,0.03108800,0.08700000
2018-02-23 14:08:19,0.03108800,0.08000000
2018-02-23 14:08:19,0.03108800,0.47200000
2018-02-23 14:08:19,0.03108800,0.15400000
2018-02-23 14:08:20,0.03108800,0.07700000
2018-02-23 14:08:20,0.03108800,0.07900000
2018-02-23 14:08:20,0.03108800,0.15400000
2018-02-23 14:08:20,0.03108800,0.07000000
2018-02-23 14:08:20,0.03108800,0.07900000
2018-02-23 14:08:20,0.03108800,0.30900000
2018-02-23 14:08:21,0.03108800,0.31400000
2018-02-23 14:08:21,0.03108800,0.03500000
2018-02-23 14:08:21,0.03108800,0.04700000
2018-02-23 14:08:21,0.03105000,0.11400000
2018-02-23 14:08:21,0.03108800,0.18400000
2018-02-23 14:08:22,0.03105100,0.36100000
2018-02-23 14:08:22,0.03108800,0.15400000
2018-02-23 14:08:22,0.03108600,0.22600000
2018-02-23 14:08:22,0.03108800,1.51200000
2018-02-23 14:08:22,0.03104100,0.12300000
2018-02-23 14:08:23,0.03108700,0.07200000
2018-02-23 14:08:23,0.03108700,0.09300000
2018-02-23 14:08:24,0.03108700,0.12900000
2018-02-23 14:08:24,0.03108700,0.06700000
2018-02-23 14:08:24,0.03108800,0.02600000
2018-02-23 14:08:25,0.03108800,0.91400000
2018-02-23 14:08:25,0.03108800,0.31000000
2018-02-23 14:08:26,0.03108800,0.06500000
2018-02-23 14:08:26,0.03108800,0.06800000
2018-02-23 14:08:27,0.03108800,0.01100000
2018-02-23 14:08:27,0.03108800,0.30300000
2018-02-23 14:08:28,0.03104600,0.13200000
2018-02-23 14:08:28,0.03104400,0.82800000
2018-02-23 14:08:28,0.03104300,0.13200000
2018-02-23 14:08:28,0.03104100,0.08900000
2018-02-23 14:08:28,0.03105100,0.30500000
2018-02-23 14:08:29,0.03104100,0.06400000
2018-02-23 14:08:30,0.03104000,0.36200000
2018-02-23 14:08:30,0.03104100,1.40500000
2018-02-23 14:08:30,0.03105100,0.96700000
2018-02-23 14:08:31,0.03105100,0.24800000
2018-02-23 14:08:32,0.03105100,0.16000000
2018-02-23 14:08:33,0.03105100,0.08600000
2018-02-23 14:08:34,0.03105100,0.12400000
2018-02-23 14:08:34,0.03105100,0.06800000
2018-02-23 14:08:35,0.03105100,3.26700000
2018-02-23 14:08:36,0.03105100,0.04500000
2018-02-23 14:08:37,0.03108300,0.00800000
2018-02-23 14:08:39,0.03108300,0.07200000
2018-02-23 14:08:39,0.03108400,0.03700000
2018-02-23 14:08:41,0.03108400,0.07000000
2018-02-23 14:08:46,0.03108300,0.09000000
2018-02-23 14:08:46,0.03108400,0.14700000
2018-02-23 14:08:46,0.03108500,0.76300000
2018-02-23 14:08:47,0.03104000,0.36200000
2018-02-23 14:08:47,0.03103700,0.93600000
2018-02-23 14:08:49,0.03108400,0.07700000
2018-02-23 14:08:50,0.03108400,0.15500000
2018-02-23 14:08:53,0.03105000,0.13000000
2018-02-23 14:08:53,0.03105100,1.64700000
2018-02-23 14:08:53,0.03105100,0.12600000
2018-02-23 14:08:53,0.03107600,0.06200000
2018-02-23 14:08:54,0.03107600,0.08000000
2018-02-23 14:08:55,0.03104400,0.07900000
2018-02-23 14:09:01,0.03106000,0.96500000
2018-02-23 14:09:01,0.03106000,0.26400000
2018-02-23 14:09:01,0.03107600,0.15400000
2018-02-23 14:09:02,0.03107600,0.12900000
2018-02-23 14:09:03,0.03107300,0.07400000
2018-02-23 14:09:07,0.03107200,0.09500000
2018-02-23 14:09:08,0.03104400,1.30000000
2018-02-23 14:09:09,0.03104400,5.31900000
2018-02-23 14:09:09,0.03104200,0.13200000
2018-02-23 14:09:09,0.03095500,0.06700000
2018-02-23 14:09:10,0.03104100,0.13200000
2018-02-23 14:09:10,0.03104400,0.35600000
2018-02-23 14:09:11,0.03104300,0.43600000
2018-02-23 14:09:12,0.03104300,0.10800000
2018-02-23 14:09:13,0.03104200,0.96600000
2018-02-23 14:09:13,0.03104200,0.96600000
2018-02-23 14:09:13,0.03104200,0.96600000
2018-02-23 14:09:13,0.03104300,0.04100000
2018-02-23 14:09:13,0.03104200,0.60500000
2018-02-23 14:09:13,0.03104200,0.60500000
2018-02-23 14:09:13,0.03104200,0.13200000
2018-02-23 14:09:13,0.03104300,0.06400000
2018-02-23 14:09:13,0.03104200,0.06700000
2018-02-23 14:09:14,0.03104300,0.08100000
2018-02-23 14:09:15,0.03104300,0.08100000
2018-02-23 14:09:15,0.03104300,0.11000000
2018-02-23 14:09:16,0.03104300,0.01500000
2018-02-23 14:09:19,0.03104400,13.39800000
2018-02-23 14:09:23,0.03105100,0.07300000
2018-02-23 14:09:25,0.03104400,2.03400000
2018-02-23 14:09:26,0.03107100,0.21200000
2018-02-23 14:09:26,0.03107300,0.22700000
2018-02-23 14:09:26,0.03107400,0.02300000
2018-02-23 14:09:30,0.03104400,0.96500000
2018-02-23 14:09:30,0.03104400,2.34300000
2018-02-23 14:09:30,0.03104700,0.13200000
2018-02-23 14:09:30,0.03107200,0.09700000
2018-02-23 14:09:30,0.03104400,1.72000000
2018-02-23 14:09:30,0.03104400,0.96600000
2018-02-23 14:09:30,0.03104400,0.96500000
2018-02-23 14:09:31,0.03104400,0.06800000
2018-02-23 14:09:31,0.03104200,0.51800000
2018-02-23 14:09:31,0.03107200,0.03500000
2018-02-23 14:09:31,0.03107400,0.11500000
2018-02-23 14:09:31,0.03104200,0.06800000
2018-02-23 14:09:31,0.03104400,0.08600000
2018-02-23 14:09:31,0.03104200,0.76000000
2018-02-23 14:09:32,0.03104400,0.15400000
2018-02-23 14:09:33,0.03104400,0.07900000
2018-02-23 14:09:35,0.03104400,0.07800000
2018-02-23 14:09:36,0.03096300,1.18200000
2018-02-23 14:09:43,0.03104400,0.07800000
2018-02-23 14:09:43,0.03104400,0.08200000
2018-02-23 14:09:46,0.03099000,2.04600000
2018-02-23 14:09:46,0.03098800,0.96800000
2018-02-23 14:09:46,0.03096300,0.13200000
2018-02-23 14:09:46,0.03096100,0.35600000
2018-02-23 14:09:46,0.03096100,0.21100000
2018-02-23 14:09:46,0.03096100,0.21100000
2018-02-23 14:09:46,0.03095200,0.16100000
2018-02-23 14:09:47,0.03096100,0.96800000
2018-02-23 14:09:49,0.03096100,0.11300000
2018-02-23 14:09:52,0.03096100,0.07800000
2018-02-23 14:09:55,0.03096100,0.24700000
2018-02-23 14:09:59,0.03095200,0.12900000
2018-02-23 14:10:03,0.03095100,1.77200000
2018-02-23 14:10:03,0.03095000,1.04400000
2018-02-23 14:10:03,0.03095100,4.00000000
2018-02-23 14:10:03,0.03095100,0.04800000
2018-02-23 14:10:06,0.03095100,0.30900000
2018-02-23 14:10:07,0.03095100,0.08100000
2018-02-23 14:10:09,0.03095000,0.30400000
2018-02-23 14:10:10,0.03095100,0.40700000
2018-02-23 14:10:15,0.03095000,0.46000000
2018-02-23 14:10:16,0.03095100,0.35500000
2018-02-23 14:10:17,0.03095000,1.39600000
2018-02-23 14:10:17,0.03095000,1.79600000
2018-02-23 14:10:18,0.03095000,1.17200000
2018-02-23 14:10:18,0.03094600,0.18800000
2018-02-23 14:10:18,0.03093900,0.63000000
2018-02-23 14:10:18,0.03093900,1.90800000
2018-02-23 14:10:18,0.03092100,0.17200000
2018-02-23 14:10:18,0.03092000,0.06400000
2018-02-23 14:10:18,0.03091500,2.96500000
2018-02-23 14:10:18,0.03091400,1.59100000
2018-02-23 14:10:19,0.03092100,0.27400000
2018-02-23 14:10:19,0.03091400,0.41100000
2018-02-23 14:10:19,0.03091100,0.20000000
2018-02-23 14:10:19,0.03090900,0.32400000
2018-02-23 14:10:19,0.03090700,0.07700000
2018-02-23 14:10:19,0.03090300,0.17900000
2018-02-23 14:10:19,0.03092100,0.26300000
2018-02-23 14:10:20,0.03092100,0.22600000
2018-02-23 14:10:21,0.03092100,0.29600000
2018-02-23 14:10:23,0.03092000,0.35600000
2018-02-23 14:10:23,0.03092100,0.24400000
2018-02-23 14:10:25,0.03092100,0.20000000
2018-02-23 14:10:28,0.03090300,1.43900000
2018-02-23 14:10:28,0.03090000,0.17100000
2018-02-23 14:10:29,0.03092100,0.07700000
2018-02-23 14:10:31,0.03090000,0.14000000
2018-02-23 14:10:34,0.03092100,5.99500000
2018-02-23 14:10:35,0.03092100,0.08100000
2018-02-23 14:10:37,0.03092100,1.18500000
2018-02-23 14:10:42,0.03092100,1.30000000
2018-02-23 14:10:42,0.03090000,1.85500000
2018-02-23 14:10:42,0.03090000,0.13200000
2018-02-23 14:10:43,0.03090000,0.14800000
2018-02-23 14:10:44,0.03090000,0.04000000
2018-02-23 14:10:45,0.03090000,0.14000000
2018-02-23 14:10:47,0.03090000,0.61600000
2018-02-23 14:10:48,0.03090000,0.22100000
2018-02-23 14:10:49,0.03090000,0.01200000
2018-02-23 14:10:49,0.03090000,0.32300000
2018-02-23 14:10:50,0.03089900,0.77900000
2018-02-23 14:10:50,0.03089000,0.46200000
2018-02-23 14:10:50,0.03088900,0.06400000
2018-02-23 14:10:50,0.03088700,0.34700000
2018-02-23 14:10:51,0.03088700,0.06300000
2018-02-23 14:10:51,0.03085900,0.05200000
2018-02-23 14:10:51,0.03085500,0.18800000
2018-02-23 14:10:51,0.03085100,0.33100000
2018-02-23 14:10:51,0.03085000,0.21600000
2018-02-23 14:10:51,0.03084600,1.53600000
2018-02-23 14:10:51,0.03084100,0.60000000
2018-02-23 14:10:51,0.03083500,0.24500000
2018-02-23 14:10:51,0.03083100,0.04900000
2018-02-23 14:10:51,0.03082300,0.06500000
2018-02-23 14:10:51,0.03081200,0.09400000
2018-02-23 14:10:51,0.03081100,0.09300000
2018-02-23 14:10:51,0.03080800,0.03400000
2018-02-23 14:10:51,0.03080400,6.49300000
2018-02-23 14:10:51,0.03080100,13.74800000
2018-02-23 14:10:51,0.03080000,2.53700000
2018-02-23 14:10:51,0.03080000,0.78900000
2018-02-23 14:10:55,0.03081800,0.36300000
2018-02-23 14:10:55,0.03081700,3.24500000
2018-02-23 14:10:55,0.03080000,14.37800000
2018-02-23 14:10:57,0.03089300,0.08100000
2018-02-23 14:10:59,0.03086900,0.32300000
2018-02-23 14:10:59,0.03080000,2.34500000
2018-02-23 14:11:03,0.03088000,0.22700000
2018-02-23 14:11:05,0.03087500,1.56800000
2018-02-23 14:11:05,0.03080100,10.63100000
2018-02-23 14:11:05,0.03080000,11.82800000
2018-02-23 14:11:06,0.03087200,0.11700000
2018-02-23 14:11:07,0.03080000,1.20600000
2018-02-23 14:11:08,0.03086600,0.22600000
2018-02-23 14:11:11,0.03085600,0.30800000
2018-02-23 14:11:12,0.03080200,0.12500000
2018-02-23 14:11:12,0.03080000,13.88100000
2018-02-23 14:11:15,0.03084800,0.00100000
2018-02-23 14:11:16,0.03084500,1.25200000
2018-02-23 14:11:16,0.03084700,0.65200000
2018-02-23 14:11:18,0.03080000,11.38100000
2018-02-23 14:11:18,0.03084100,0.12500000
2018-02-23 14:11:18,0.03084700,0.75500000
2018-02-23 14:11:21,0.03080200,0.50000000
2018-02-23 14:11:21,0.03080000,8.05600000
2018-02-23 14:11:21,0.03079800,3.83600000
2018-02-23 14:11:23,0.03079900,0.40000000
2018-02-23 14:11:23,0.03080000,0.60000000
2018-02-23 14:11:24,0.03079800,0.00100000
2018-02-23 14:11:24,0.03079400,0.79500000
2018-02-23 14:11:24,0.03079300,0.61600000
2018-02-23 14:11:24,0.03079200,0.17900000
2018-02-23 14:11:24,0.03079000,0.03300000
2018-02-23 14:11:24,0.03078500,0.12200000
2018-02-23 14:11:26,0.03078500,0.56600000
2018-02-23 14:11:26,0.03078500,0.03400000
2018-02-23 14:11:26,0.03079800,0.62700000
2018-02-23 14:11:27,0.03079800,1.00000000
2018-02-23 14:11:27,0.03078500,0.32500000
2018-02-23 14:11:27,0.03078500,0.32400000
2018-02-23 14:11:28,0.03078500,0.08100000
2018-02-23 14:11:28,0.03078300,0.92400000
2018-02-23 14:11:28,0.03075600,0.71100000
2018-02-23 14:11:28,0.03075400,0.31900000
2018-02-23 14:11:28,0.03074900,0.20900000
2018-02-23 14:11:28,0.03074800,0.21800000
2018-02-23 14:11:28,0.03074500,0.64000000
2018-02-23 14:11:28,0.03074000,1.23500000
2018-02-23 14:11:28,0.03073900,0.12100000
2018-02-23 14:11:29,0.03075500,1.19100000
2018-02-23 14:11:29,0.03078500,0.05700000
2018-02-23 14:11:29,0.03078500,0.13800000
2018-02-23 14:11:29,0.03079800,0.01100000
2018-02-23 14:11:30,0.03075400,0.05500000
2018-02-23 14:11:32,0.03079700,0.10000000
2018-02-23 14:11:32,0.03074700,0.62200000
2018-02-23 14:11:33,0.03075000,0.09400000
2018-02-23 14:11:33,0.03075000,0.10800000
2018-02-23 14:11:35,0.03079700,0.07400000
2018-02-23 14:11:35,0.03079700,0.06900000
2018-02-23 14:11:35,0.03075400,0.36400000
2018-02-23 14:11:35,0.03073900,0.42500000
2018-02-23 14:11:36,0.03079500,0.15400000
2018-02-23 14:11:36,0.03079500,0.13600000
2018-02-23 14:11:36,0.03079500,0.24600000
2018-02-23 14:11:36,0.03079400,0.08000000
2018-02-23 14:11:36,0.03079300,0.36400000
2018-02-23 14:11:36,0.03079400,0.65100000
2018-02-23 14:11:36,0.03079600,2.21100000
2018-02-23 14:11:36,0.03079100,0.10800000
2018-02-23 14:11:37,0.03079100,0.07100000
2018-02-23 14:11:37,0.03079100,0.10900000
2018-02-23 14:11:37,0.03079600,1.08800000
2018-02-23 14:11:37,0.03079600,0.12300000
2018-02-23 14:11:37,0.03079600,0.04900000
2018-02-23 14:11:37,0.03079600,0.07700000
2018-02-23 14:11:37,0.03079600,0.13600000
2018-02-23 14:11:37,0.03079600,0.07800000
2018-02-23 14:11:38,0.03079600,0.10000000
2018-02-23 14:11:38,0.03079600,0.43600000
2018-02-23 14:11:38,0.03074400,1.20400000
2018-02-23 14:11:39,0.03079600,0.26800000
2018-02-23 14:11:39,0.03079600,0.08900000
2018-02-23 14:11:41,0.03079600,0.11400000
2018-02-23 14:11:42,0.03079300,0.21600000
2018-02-23 14:11:43,0.03079300,0.22700000
2018-02-23 14:11:43,0.03079300,0.76100000
2018-02-23 14:11:43,0.03079500,0.24300000
2018-02-23 14:11:43,0.03079600,3.15800000
2018-02-23 14:11:43,0.03080000,1.73300000
2018-02-23 14:11:45,0.03080200,0.97300000
2018-02-23 14:11:45,0.03080200,0.17500000
2018-02-23 14:11:45,0.03080200,0.05600000
2018-02-23 14:11:45,0.03080200,2.04100000
2018-02-23 14:11:45,0.03080000,2.69900000
2018-02-23 14:11:45,0.03085000,0.16900000
2018-02-23 14:11:45,0.03085000,0.28100000
2018-02-23 14:11:46,0.03084800,0.12900000
2018-02-23 14:11:46,0.03084800,0.08100000
2018-02-23 14:11:47,0.03084800,0.25000000
2018-02-23 14:11:47,0.03084800,0.16200000
2018-02-23 14:11:47,0.03084800,0.22700000
2018-02-23 14:11:47,0.03084800,2.39600000
2018-02-23 14:11:47,0.03085000,0.08100000
2018-02-23 14:11:47,0.03085000,0.10900000
2018-02-23 14:11:47,0.03085000,0.15300000
2018-02-23 14:11:47,0.03085300,0.21900000
2018-02-23 14:11:47,0.03080500,0.31900000
2018-02-23 14:11:48,0.03080500,0.17400000
2018-02-23 14:11:48,0.03085300,0.17700000
2018-02-23 14:11:49,0.03086700,0.31900000
2018-02-23 14:11:49,0.03080800,0.50000000
2018-02-23 14:11:51,0.03089300,0.06400000
2018-02-23 14:11:52,0.03089300,0.08000000
2018-02-23 14:11:52,0.03089300,0.95900000
2018-02-23 14:11:52,0.03089300,0.48500000
2018-02-23 14:11:53,0.03089900,0.18700000
2018-02-23 14:11:55,0.03091800,0.07800000
2018-02-23 14:11:55,0.03091800,0.09800000
2018-02-23 14:11:55,0.03091800,0.44400000
2018-02-23 14:11:55,0.03091800,0.06200000
2018-02-23 14:11:55,0.03091800,0.31100000
2018-02-23 14:11:56,0.03092000,0.16100000
2018-02-23 14:11:56,0.03090300,0.13200000
2018-02-23 14:11:56,0.03090000,0.65800000
2018-02-23 14:11:57,0.03091500,0.07200000
2018-02-23 14:11:57,0.03091500,0.06000000
2018-02-23 14:11:57,0.03092100,0.07900000
2018-02-23 14:11:59,0.03092100,0.08700000
2018-02-23 14:11:59,0.03092000,0.41700000
2018-02-23 14:11:59,0.03090000,4.15500000
2018-02-23 14:11:59,0.03089400,0.31900000
2018-02-23 14:11:59,0.03082700,0.97300000
2018-02-23 14:11:59,0.03081300,0.13200000
2018-02-23 14:11:59,0.03080300,0.12400000
2018-02-23 14:11:59,0.03080200,0.19400000
2018-02-23 14:11:59,0.03080000,0.27200000
2018-02-23 14:11:59,0.03089100,0.13200000
2018-02-23 14:11:59,0.03092100,0.00800000
2018-02-23 14:11:59,0.03090000,0.30800000
2018-02-23 14:12:00,0.03090000,0.05100000
2018-02-23 14:12:00,0.03090000,0.30400000
2018-02-23 14:12:01,0.03090000,0.07800000
2018-02-23 14:12:01,0.03090000,0.61400000
2018-02-23 14:12:01,0.03090000,1.39800000
2018-02-23 14:12:01,0.03090000,0.09200000
2018-02-23 14:12:01,0.03090000,0.50300000
2018-02-23 14:12:01,0.03090000,0.15400000
2018-02-23 14:12:01,0.03089900,0.12400000
2018-02-23 14:12:01,0.03089900,0.12000000
2018-02-23 14:12:01,0.03089900,0.06200000
2018-02-23 14:12:02,0.03089900,0.25900000
2018-02-23 14:12:02,0.03089900,0.09200000
2018-02-23 14:12:03,0.03089900,0.31600000
2018-02-23 14:12:03,0.03090000,3.68400000
2018-02-23 14:12:03,0.03090000,0.07800000
2018-02-23 14:12:03,0.03090000,0.32400000
2018-02-23 14:12:03,0.03088700,0.12400000
2018-02-23 14:12:03,0.03090000,0.19900000
2018-02-23 14:12:03,0.03090000,0.06800000
2018-02-23 14:12:03,0.03090000,0.21600000
2018-02-23 14:12:04,0.03090000,0.07600000
2018-02-23 14:12:04,0.03092100,0.13200000
2018-02-23 14:12:05,0.03088500,0.12700000
2018-02-23 14:12:05,0.03088500,0.02700000
2018-02-23 14:12:05,0.03092100,0.19400000
2018-02-23 14:12:07,0.03092100,0.04900000
2018-02-23 14:12:07,0.03092100,0.08100000
2018-02-23 14:12:07,0.03092000,0.12900000
2018-02-23 14:12:07,0.03092100,0.23800000
2018-02-23 14:12:08,0.03092100,0.89200000
2018-02-23 14:12:08,0.03092100,0.12400000
2018-02-23 14:12:09,0.03092100,0.11700000
2018-02-23 14:12:09,0.03092100,0.31000000
2018-02-23 14:12:09,0.03092100,0.39200000
2018-02-23 14:12:11,0.03092100,0.04900000
2018-02-23 14:12:13,0.03092100,1.61700000
2018-02-23 14:12:13,0.03085500,2.45200000
2018-02-23 14:12:13,0.03085500,0.25900000
2018-02-23 14:12:15,0.03092100,0.15200000
2018-02-23 14:12:16,0.03092100,0.03700000
2018-02-23 14:12:18,0.03089800,0.49800000
2018-02-23 14:12:20,0.03089800,0.94400000
2018-02-23 14:12:21,0.03089800,0.56300000
2018-02-23 14:12:22,0.03089800,0.14000000
2018-02-23 14:12:23,0.03089800,0.56600000
2018-02-23 14:12:23,0.03090000,0.47300000
2018-02-23 14:12:23,0.03086500,0.36500000
2018-02-23 14:12:23,0.03086400,0.16100000
2018-02-23 14:12:23,0.03086000,0.13200000
2018-02-23 14:12:23,0.03085900,0.43900000
2018-02-23 14:12:25,0.03089900,0.10000000
2018-02-23 14:12:26,0.03089800,0.04700000
2018-02-23 14:12:29,0.03089700,0.26500000
2018-02-23 14:12:29,0.03089800,0.03200000
2018-02-23 14:12:30,0.03090000,1.64300000
2018-02-23 14:12:33,0.03090000,11.18700000
2018-02-23 14:12:34,0.03090000,1.40100000
2018-02-23 14:12:34,0.03090500,0.43900000
2018-02-23 14:12:37,0.03091800,0.07900000
2018-02-23 14:12:38,0.03091800,0.92100000
2018-02-23 14:12:38,0.03091900,0.13200000
2018-02-23 14:12:38,0.03092100,12.43500000
2018-02-23 14:12:40,0.03094700,0.06800000
2018-02-23 14:12:41,0.03094700,0.10000000
2018-02-23 14:12:41,0.03094700,0.05900000
2018-02-23 14:12:41,0.03092400,0.13200000
2018-02-23 14:12:42,0.03094500,0.04000000
2018-02-23 14:12:43,0.03094500,0.06900000
2018-02-23 14:12:44,0.03094500,0.02300000
2018-02-23 14:12:45,0.03092100,0.13200000
2018-02-23 14:12:45,0.03091800,0.07900000
2018-02-23 14:12:45,0.03090300,0.13200000
2018-02-23 14:12:45,0.03090000,2.44100000
2018-02-23 14:12:45,0.03091600,0.13200000
2018-02-23 14:12:45,0.03094300,0.02400000
2018-02-23 14:12:47,0.03092100,1.00000000
2018-02-23 14:12:47,0.03094300,0.10800000
2018-02-23 14:12:47,0.03094500,0.33100000
2018-02-23 14:12:47,0.03094000,0.10400000
2018-02-23 14:12:48,0.03094000,0.04800000
2018-02-23 14:12:49,0.03094000,0.17900000
2018-02-23 14:12:49,0.03094300,0.17000000
2018-02-23 14:12:50,0.03094300,0.18300000
2018-02-23 14:12:51,0.03094000,0.54200000
2018-02-23 14:12:51,0.03094300,0.19900000
2018-02-23 14:12:51,0.03094900,0.13000000
2018-02-23 14:12:51,0.03095000,5.61200000
2018-02-23 14:12:51,0.03095000,0.47900000
2018-02-23 14:12:51,0.03095400,0.06300000
2018-02-23 14:12:51,0.03092300,0.13200000
2018-02-23 14:12:51,0.03092100,0.13200000
2018-02-23 14:12:51,0.03094100,0.07800000
2018-02-23 14:12:52,0.03094100,0.05400000
2018-02-23 14:12:52,0.03096300,1.04700000
2018-02-23 14:12:52,0.03096300,4.42400000
2018-02-23 14:12:52,0.03096300,2.20700000
2018-02-23 14:12:52,0.03092400,0.97000000
2018-02-23 14:12:53,0.03092500,0.37000000
2018-02-23 14:12:53,0.03092300,0.60000000
2018-02-23 14:12:53,0.03092400,0.40000000
2018-02-23 14:12:53,0.03092600,0.97000000
2018-02-23 14:12:53,0.03092600,0.97000000
2018-02-23 14:12:53,0.03092600,0.69000000
2018-02-23 14:12:53,0.03092500,0.97000000
2018-02-23 14:12:53,0.03092500,0.97000000
2018-02-23 14:12:54,0.03092700,0.09700000
2018-02-23 14:12:54,0.03092700,0.97000000
2018-02-23 14:12:55,0.03094000,0.64700000
2018-02-23 14:12:55,0.03101700,0.96700000
2018-02-23 14:12:57,0.03101400,0.12500000
2018-02-23 14:12:57,0.03101300,0.07800000
2018-02-23 14:12:58,0.03101200,0.13800000
2018-02-23 14:12:58,0.03101200,0.21400000
2018-02-23 14:12:58,0.03101200,0.24500000
2018-02-23 14:12:58,0.03101200,0.20600000
2018-02-23 14:12:58,0.03101100,0.16100000
2018-02-23 14:12:58,0.03101000,0.75900000
2018-02-23 14:12:59,0.03101000,0.09400000
2018-02-23 14:12:59,0.03101000,0.94200000
2018-02-23 14:12:59,0.03101000,0.34300000
2018-02-23 14:12:59,0.03101100,0.34800000
2018-02-23 14:12:59,0.03101100,0.10100000
2018-02-23 14:12:59,0.03101100,0.13100000
2018-02-23 14:12:59,0.03101100,0.08100000
2018-02-23 14:12:59,0.03101100,0.21400000
2018-02-23 14:13:00,0.03101100,0.09400000
2018-02-23 14:13:00,0.03101100,0.08800000
2018-02-23 14:13:00,0.03101100,0.25800000
2018-02-23 14:13:00,0.03101200,0.16700000
2018-02-23 14:13:00,0.03102200,0.31600000
2018-02-23 14:13:00,0.03102200,1.62400000
2018-02-23 14:13:03,0.03101600,0.03800000
2018-02-23 14:13:04,0.03101400,0.07400000
2018-02-23 14:13:05,0.03101400,0.40600000
2018-02-23 14:13:06,0.03101300,0.11600000
2018-02-23 14:13:06,0.03101400,0.80800000
2018-02-23 14:13:06,0.03101400,0.04600000
2018-02-23 14:13:07,0.03101400,0.15800000
2018-02-23 14:13:08,0.03101400,0.09700000
2018-02-23 14:13:09,0.03101400,0.11000000
2018-02-23 14:13:09,0.03101400,0.08100000
2018-02-23 14:13:09,0.03101400,0.64400000
2018-02-23 14:13:10,0.03101400,1.95600000
2018-02-23 14:13:10,0.03101600,1.09600000
2018-02-23 14:13:10,0.03101600,0.04800000
2018-02-23 14:13:11,0.03101600,0.07200000
2018-02-23 14:13:11,0.03096100,0.13200000
2018-02-23 14:13:13,0.03101600,0.01400000
2018-02-23 14:13:14,0.03101600,0.20000000
2018-02-23 14:13:19,0.03098600,0.03900000
2018-02-23 14:13:19,0.03098600,0.09300000
2018-02-23 14:13:19,0.03098800,0.50000000
2018-02-23 14:13:19,0.03100000,0.60000000
2018-02-23 14:13:19,0.03101500,0.47400000
2018-02-23 14:13:19,0.03101600,4.36100000
2018-02-23 14:13:22,0.03101600,2.54700000
2018-02-23 14:13:22,0.03104000,0.01100000
2018-02-23 14:13:29,0.03098900,0.50000000
2018-02-23 14:13:29,0.03104000,0.22600000
2018-02-23 14:13:31,0.03101400,0.08100000
2018-02-23 14:13:31,0.03101400,0.41900000
2018-02-23 14:13:31,0.03101600,0.77900000
2018-02-23 14:13:32,0.03104000,0.08100000
2018-02-23 14:13:32,0.03104000,1.00000000
2018-02-23 14:13:32,0.03104000,0.00800000
2018-02-23 14:13:37,0.03099600,0.18000000
2018-02-23 14:13:38,0.03103400,0.14000000
2018-02-23 14:13:38,0.03104000,0.18200000
2018-02-23 14:13:38,0.03104000,0.32700000
2018-02-23 14:13:39,0.03099500,0.13200000
2018-02-23 14:13:39,0.03099300,0.96700000
2018-02-23 14:13:39,0.03096900,0.13200000
2018-02-23 14:13:39,0.03096700,0.13200000
2018-02-23 14:13:39,0.03096000,0.13200000
2018-02-23 14:13:39,0.03094700,1.00000000
2018-02-23 14:13:39,0.03090900,0.73700000
2018-02-23 14:13:39,0.03098400,0.13200000
2018-02-23 14:13:43,0.03101100,0.00600000
2018-02-23 14:13:44,0.03099600,0.40300000
2018-02-23 14:13:44,0.03101100,0.09700000
2018-02-23 14:13:45,0.03101000,0.16100000
2018-02-23 14:13:45,0.03101100,0.06400000
2018-02-23 14:13:45,0.03101200,0.13200000
2018-02-23 14:13:45,0.03101400,0.13200000
2018-02-23 14:13:46,0.03101400,0.18000000
2018-02-23 14:13:47,0.03101400,0.33100000
2018-02-23 14:13:48,0.03103400,0.48400000
2018-02-23 14:13:49,0.03103400,2.23300000
2018-02-23 14:13:49,0.03099700,0.35900000
2018-02-23 14:13:49,0.03099600,4.42100000
2018-02-23 14:13:50,0.03103300,0.15500000
2018-02-23 14:13:52,0.03103300,0.12200000
2018-02-23 14:13:54,0.03100900,0.07700000
2018-02-23 14:13:54,0.03100200,0.13200000
2018-02-23 14:13:54,0.03099900,0.13200000
2018-02-23 14:13:54,0.03099600,0.92100000
2018-02-23 14:13:57,0.03099600,2.87200000
2018-02-23 14:13:59,0.03099900,0.08200000
2018-02-23 14:13:59,0.03100000,0.11400000
2018-02-23 14:13:59,0.03100000,0.06800000
2018-02-23 14:14:01,0.03100000,10.46100000
2018-02-23 14:14:01,0.03100900,0.25100000
2018-02-23 14:14:01,0.03103100,0.26400000
2018-02-23 14:14:01,0.03103400,0.27400000
2018-02-23 14:14:01,0.03103800,0.13200000
2018-02-23 14:14:01,0.03104000,0.51800000
2018-02-23 14:14:02,0.03099600,12.65000000
2018-02-23 14:14:06,0.03099300,0.36000000
2018-02-23 14:14:06,0.03098400,0.58000000
2018-02-23 14:14:06,0.03092700,0.09400000
2018-02-23 14:14:06,0.03092600,0.09300000
2018-02-23 14:14:06,0.03090800,0.31900000
2018-02-23 14:14:06,0.03090300,0.16100000
2018-02-23 14:14:06,0.03090200,0.82600000
2018-02-23 14:14:07,0.03099200,0.16100000
2018-02-23 14:14:09,0.03097700,0.07800000
2018-02-23 14:14:09,0.03097700,0.24100000
2018-02-23 14:14:09,0.03099100,0.10800000
2018-02-23 14:14:10,0.03099100,0.12600000
2018-02-23 14:14:12,0.03099100,0.12600000
2018-02-23 14:14:14,0.03100000,0.00300000
2018-02-23 14:14:14,0.03097700,0.27400000
2018-02-23 14:14:16,0.03097600,0.23200000
2018-02-23 14:14:17,0.03097600,0.53700000
2018-02-23 14:14:18,0.03097600,0.15400000
2018-02-23 14:14:21,0.03093000,0.03900000
2018-02-23 14:14:21,0.03093000,0.94200000
2018-02-23 14:14:22,0.03093100,0.36300000
2018-02-23 14:14:22,0.03092800,0.88100000
2018-02-23 14:14:22,0.03092700,0.12400000
2018-02-23 14:14:23,0.03092200,0.98100000
2018-02-23 14:14:23,0.03092400,0.63200000
2018-02-23 14:14:23,0.03097400,0.09200000
2018-02-23 14:14:26,0.03097200,0.09000000
2018-02-23 14:14:28,0.03097100,0.34300000
2018-02-23 14:14:31,0.03091800,0.02000000
2018-02-23 14:14:31,0.03096900,0.30800000
2018-02-23 14:14:34,0.03091600,0.47300000
2018-02-23 14:14:34,0.03091000,1.16200000
2018-02-23 14:14:34,0.03090200,0.36500000
2018-02-23 14:14:35,0.03093000,0.08000000
2018-02-23 14:14:35,0.03093000,0.17100000
2018-02-23 14:14:36,0.03090200,5.51000000
2018-02-23 14:14:36,0.03090200,3.15400000
2018-02-23 14:14:36,0.03090200,0.32500000
2018-02-23 14:14:36,0.03090200,0.07900000
2018-02-23 14:14:36,0.03090200,1.40200000
2018-02-23 14:14:37,0.03093000,0.07200000
2018-02-23 14:14:37,0.03093000,0.11000000
2018-02-23 14:14:38,0.03093000,0.46300000
2018-02-23 14:14:39,0.03090400,3.20900000
2018-02-23 14:14:39,0.03090400,0.02400000
2018-02-23 14:14:39,0.03090300,0.05300000
2018-02-23 14:14:46,0.03094700,1.00000000
2018-02-23 14:14:47,0.03094700,0.15400000
2018-02-23 14:14:49,0.03093700,0.03900000
2018-02-23 14:14:51,0.03090400,0.34800000
2018-02-23 14:14:53,0.03090600,0.13200000
2018-02-23 14:14:53,0.03093100,0.65300000
2018-02-23 14:14:54,0.03092600,0.31100000
2018-02-23 14:14:55,0.03092600,1.09600000
2018-02-23 14:14:56,0.03092500,0.05300000
2018-02-23 14:14:56,0.03092800,0.16200000
2018-02-23 14:15:02,0.03090600,0.13200000
2018-02-23 14:15:02,0.03090400,1.75300000
2018-02-23 14:15:02,0.03090300,6.64600000
2018-02-23 14:15:02,0.03090200,1.71100000
2018-02-23 14:15:06,0.03092400,0.06300000
2018-02-23 14:15:07,0.03092400,0.06900000
2018-02-23 14:15:08,0.03093200,0.13200000
2018-02-23 14:15:08,0.03094800,0.00100000
2018-02-23 14:15:09,0.03092300,0.22400000
2018-02-23 14:15:10,0.03092400,0.11900000
2018-02-23 14:15:11,0.03094700,0.12400000
2018-02-23 14:15:11,0.03094800,0.09900000
2018-02-23 14:15:11,0.03095000,0.20000000
2018-02-23 14:15:11,0.03095800,0.43500000
2018-02-23 14:15:11,0.03097700,3.27700000
2018-02-23 14:15:11,0.03098300,0.16100000
2018-02-23 14:15:11,0.03098400,10.00000000
2018-02-23 14:15:11,0.03100000,1.67200000
2018-02-23 14:15:12,0.03101300,0.07900000
2018-02-23 14:15:12,0.03101300,1.88500000
2018-02-23 14:15:12,0.03101400,1.34900000
2018-02-23 14:15:12,0.03101500,7.42200000
2018-02-23 14:15:12,0.03101500,0.95600000
2018-02-23 14:15:12,0.03092500,0.39400000
2018-02-23 14:15:12,0.03092600,0.15200000
2018-02-23 14:15:14,0.03092900,0.31900000
2018-02-23 14:15:15,0.03103900,0.08100000
2018-02-23 14:15:17,0.03103800,0.03500000
2018-02-23 14:15:17,0.03103800,0.04200000
2018-02-23 14:15:18,0.03103800,0.24200000
2018-02-23 14:15:18,0.03103900,0.01200000
2018-02-23 14:15:18,0.03094300,0.85100000
2018-02-23 14:15:18,0.03103900,0.04800000
2018-02-23 14:15:19,0.03094500,0.40000000
2018-02-23 14:15:19,0.03094500,0.96900000
2018-02-23 14:15:19,0.03094500,0.96900000
2018-02-23 14:15:19,0.03094600,0.35900000
2018-02-23 14:15:19,0.03094100,0.19300000
2018-02-23 14:15:19,0.03094800,0.35900000
2018-02-23 14:15:19,0.03094800,0.96900000
2018-02-23 14:15:19,0.03094800,0.13900000
2018-02-23 14:15:19,0.03094300,0.12300000
2018-02-23 14:15:19,0.03094100,0.96900000
2018-02-23 14:15:19,0.03094100,0.26000000
2018-02-23 14:15:23,0.03094400,0.10900000
2018-02-23 14:15:23,0.03101000,0.17300000
2018-02-23 14:15:24,0.03101000,4.02600000
2018-02-23 14:15:24,0.03101200,0.12300000
2018-02-23 14:15:25,0.03100900,2.39300000
2018-02-23 14:15:30,0.03100300,0.37200000
2018-02-23 14:15:31,0.03100200,0.35900000
2018-02-23 14:15:37,0.03100000,0.36000000
2018-02-23 14:15:37,0.03102900,2.26200000
2018-02-23 14:15:37,0.03100000,0.96700000
2018-02-23 14:15:37,0.03100000,3.59500000
2018-02-23 14:15:37,0.03100000,0.36000000
2018-02-23 14:15:37,0.03100000,0.96600000
2018-02-23 14:15:37,0.03100000,0.84300000
2018-02-23 14:15:37,0.03100000,0.07700000
2018-02-23 14:15:40,0.03103900,0.01400000
2018-02-23 14:15:42,0.03103900,0.12300000
2018-02-23 14:15:42,0.03104000,4.32300000
2018-02-23 14:15:42,0.03104000,0.27400000
2018-02-23 14:15:42,0.03104000,0.27400000
2018-02-23 14:15:42,0.03104000,0.25200000
2018-02-23 14:15:42,0.03104000,0.25200000
2018-02-23 14:15:42,0.03104000,0.96600000
2018-02-23 14:15:42,0.03104000,0.96600000
2018-02-23 14:15:42,0.03104000,0.62700000
2018-02-23 14:15:42,0.03100100,0.35900000
2018-02-23 14:15:43,0.03100000,0.26700000
2018-02-23 14:15:45,0.03104000,0.07800000
2018-02-23 14:15:47,0.03104000,0.28100000
2018-02-23 14:15:47,0.03104100,0.18900000
2018-02-23 14:15:47,0.03104100,0.03800000
2018-02-23 14:15:47,0.03100300,0.08100000
2018-02-23 14:15:49,0.03107600,0.22600000
2018-02-23 14:15:49,0.03108700,0.01100000
2018-02-23 14:15:51,0.03108700,0.72600000
2018-02-23 14:15:51,0.03108800,3.12500000
2018-02-23 14:15:51,0.03109100,0.31900000
2018-02-23 14:15:51,0.03110000,0.14000000
2018-02-23 14:15:51,0.03111600,0.89600000
2018-02-23 14:15:53,0.03111500,0.03500000
2018-02-23 14:15:53,0.03102300,0.01900000
2018-02-23 14:15:53,0.03103600,0.31800000
2018-02-23 14:15:54,0.03103800,0.96600000
2018-02-23 14:15:54,0.03103800,0.96600000
2018-02-23 14:15:54,0.03103800,0.32000000
2018-02-23 14:15:54,0.03103800,0.86900000
2018-02-23 14:15:54,0.03103900,0.39900000
2018-02-23 14:15:54,0.03111300,0.20600000
2018-02-23 14:15:55,0.03104000,0.13200000
2018-02-23 14:15:55,0.03103700,0.35800000
2018-02-23 14:15:55,0.03103700,0.00100000
2018-02-23 14:15:56,0.03103700,3.01400000
2018-02-23 14:15:56,0.03103900,2.40400000
2018-02-23 14:15:56,0.03111200,0.07800000
2018-02-23 14:15:58,0.03110200,0.09600000
2018-02-23 14:15:59,0.03110100,0.09400000
2018-02-23 14:16:00,0.03110100,0.05200000
2018-02-23 14:16:00,0.03103200,0.96600000
2018-02-23 14:16:00,0.03103400,0.96600000
2018-02-23 14:16:00,0.03103400,0.96600000
2018-02-23 14:16:00,0.03103400,0.96600000
2018-02-23 14:16:00,0.03103400,0.32200000
2018-02-23 14:16:00,0.03103200,0.96600000
2018-02-23 14:16:00,0.03103200,0.21100000
2018-02-23 14:16:01,0.03103300,1.93300000
2018-02-23 14:16:01,0.03102900,0.21100000
2018-02-23 14:16:01,0.03109800,0.00800000
2018-02-23 14:16:03,0.03108800,0.08000000
2018-02-23 14:16:05,0.03107500,0.09600000
2018-02-23 14:16:05,0.03107500,0.12900000
2018-02-23 14:16:05,0.03103000,0.54300000
2018-02-23 14:16:05,0.03102900,0.02500000
2018-02-23 14:16:07,0.03106900,0.12200000
2018-02-23 14:16:09,0.03104000,0.24200000
2018-02-23 14:16:10,0.03106300,0.03500000
2018-02-23 14:16:15,0.03102900,0.01800000
2018-02-23 14:16:16,0.03105600,0.16100000
2018-02-23 14:16:19,0.03105100,0.22400000
2018-02-23 14:16:23,0.03103900,0.02600000
2018-02-23 14:16:23,0.03103600,2.46300000
2018-02-23 14:16:24,0.03103600,0.11700000
2018-02-23 14:16:25,0.03103400,0.34000000
2018-02-23 14:16:25,0.03103500,0.14700000
2018-02-23 14:16:26,0.03103300,1.00000000
2018-02-23 14:16:27,0.03103300,1.28900000
2018-02-23 14:16:28,0.03103200,0.14700000
2018-02-23 14:16:31,0.03103100,0.12300000
2018-02-23 14:16:31,0.03102900,6.42300000
2018-02-23 14:16:33,0.03103600,0.06600000
2018-02-23 14:16:33,0.03102900,2.98600000
2018-02-23 14:16:35,0.03102900,13.92600000
2018-02-23 14:16:36,0.03104900,0.15400000
2018-02-23 14:16:40,0.03104800,0.13200000
2018-02-23 14:16:40,0.03104900,0.19000000
2018-02-23 14:16:44,0.03104900,0.28200000
2018-02-23 14:16:44,0.03105000,0.13200000
2018-02-23 14:16:44,0.03107500,0.54300000
2018-02-23 14:16:44,0.03107700,0.33400000
2018-02-23 14:16:44,0.03108500,0.13200000
2018-02-23 14:16:44,0.03108700,5.56800000
2018-02-23 14:16:44,0.03111200,7.11800000
2018-02-23 14:16:46,0.03104900,1.62700000
2018-02-23 14:16:46,0.03111200,1.37300000
2018-02-23 14:16:47,0.03111200,3.50300000
2018-02-23 14:16:49,0.03111200,0.12100000
2018-02-23 14:16:51,0.03111200,0.07100000
2018-02-23 14:16:52,0.03111200,0.06400000
2018-02-23 14:16:53,0.03111200,0.87600000
2018-02-23 14:16:56,0.03111200,0.15600000
2018-02-23 14:16:58,0.03106700,0.16000000
2018-02-23 14:16:59,0.03106700,0.20000000
2018-02-23 14:16:59,0.03106400,0.13200000
2018-02-23 14:16:59,0.03106000,0.96500000
2018-02-23 14:16:59,0.03104500,0.13200000
2018-02-23 14:16:59,0.03102900,0.31100000
2018-02-23 14:17:00,0.03110900,0.36000000
2018-02-23 14:17:00,0.03111000,0.26400000
2018-02-23 14:17:00,0.03111100,1.80200000
2018-02-23 14:17:00,0.03111200,15.29000000
2018-02-23 14:17:08,0.03105400,0.32200000
2018-02-23 14:17:08,0.03110900,0.12500000
2018-02-23 14:17:08,0.03110900,0.32100000
2018-02-23 14:17:13,0.03110900,0.22200000
2018-02-23 14:17:15,0.03110700,0.32200000
2018-02-23 14:17:15,0.03110900,0.29700000
2018-02-23 14:17:15,0.03111000,1.50000000
2018-02-23 14:17:15,0.03111200,1.81500000
2018-02-23 14:17:17,0.03111200,0.02000000
2018-02-23 14:17:19,0.03106900,0.36000000
2018-02-23 14:17:19,0.03106800,0.13200000
2018-02-23 14:17:19,0.03106500,1.09700000
2018-02-23 14:17:19,0.03104100,0.16100000
2018-02-23 14:17:19,0.03102900,0.64600000
2018-02-23 14:17:19,0.03102000,0.39000000
2018-02-23 14:17:19,0.03101500,0.32000000
2018-02-23 14:17:19,0.03100700,1.20800000
2018-02-23 14:17:19,0.03100600,0.23400000
2018-02-23 14:17:19,0.03100200,0.20000000
2018-02-23 14:17:19,0.03100100,5.92100000
2018-02-23 14:17:20,0.03110600,0.09000000
2018-02-23 14:17:21,0.03110500,0.30900000
2018-02-23 14:17:28,0.03108600,0.65600000
2018-02-23 14:17:28,0.03109000,0.31900000
2018-02-23 14:17:28,0.03110500,0.18500000
2018-02-23 14:17:28,0.03110500,0.27000000
2018-02-23 14:17:29,0.03110500,15.21900000
2018-02-23 14:17:33,0.03110400,0.14700000
2018-02-23 14:17:36,0.03108800,0.06400000
2018-02-23 14:17:36,0.03103700,0.96600000
2018-02-23 14:17:36,0.03103400,0.13200000
2018-02-23 14:17:36,0.03100400,3.41500000
2018-02-23 14:17:36,0.03100100,1.85100000
2018-02-23 14:17:37,0.03110200,0.13200000
2018-02-23 14:17:39,0.03108700,1.38900000
2018-02-23 14:17:41,0.03103400,0.24200000
2018-02-23 14:17:41,0.03103400,2.93700000
2018-02-23 14:17:42,0.03103400,0.04000000
2018-02-23 14:17:42,0.03103200,2.17900000
2018-02-23 14:17:42,0.03103200,0.75800000
2018-02-23 14:17:43,0.03103500,0.36100000
2018-02-23 14:17:43,0.03102900,0.13200000
2018-02-23 14:17:45,0.03107500,0.29200000
2018-02-23 14:17:45,0.03100600,1.38500000
2018-02-23 14:17:48,0.03101800,0.14000000
2018-02-23 14:17:48,0.03100600,0.40000000
2018-02-23 14:17:48,0.03100500,0.52700000
2018-02-23 14:17:51,0.03105700,0.96500000
2018-02-23 14:17:51,0.03105700,0.72500000
2018-02-23 14:17:52,0.03105400,0.35500000
2018-02-23 14:17:52,0.03105400,0.27300000
2018-02-23 14:17:52,0.03100800,0.13200000
2018-02-23 14:17:53,0.03100800,0.07000000
2018-02-23 14:17:53,0.03100800,0.07000000
2018-02-23 14:17:53,0.03100600,0.60900000
2018-02-23 14:17:53,0.03100800,2.04700000
2018-02-23 14:17:53,0.03100800,0.96600000
2018-02-23 14:17:53,0.03100800,0.28000000
2018-02-23 14:17:55,0.03100800,0.35500000
2018-02-23 14:17:55,0.03100600,0.07300000
2018-02-23 14:17:55,0.03100500,0.87200000
2018-02-23 14:17:55,0.03100500,5.20500000
2018-02-23 14:17:57,0.03100600,1.63300000
2018-02-23 14:17:57,0.03100500,1.78000000
2018-02-23 14:17:57,0.03100500,0.96600000
2018-02-23 14:17:57,0.03100500,0.52800000
2018-02-23 14:17:57,0.03100500,2.24300000
2018-02-23 14:17:57,0.03100500,1.49500000
2018-02-23 14:17:57,0.03100500,0.41700000
2018-02-23 14:17:58,0.03100500,0.06400000
2018-02-23 14:17:58,0.03100100,0.41400000
2018-02-23 14:17:58,0.03100500,0.37400000
2018-02-23 14:17:59,0.03100100,0.01400000
2018-02-23 14:18:02,0.03100400,0.32200000
2018-02-23 14:18:02,0.03100100,0.02200000
2018-02-23 14:18:03,0.03100400,0.07800000
2018-02-23 14:18:03,0.03100500,0.41300000
2018-02-23 14:18:07,0.03100100,0.02300000
2018-02-23 14:18:07,0.03100500,1.04500000
2018-02-23 14:18:10,0.03100500,0.36100000
2018-02-23 14:18:11,0.03104600,1.38500000
2018-02-23 14:18:11,0.03104800,0.49700000
2018-02-23 14:18:15,0.03104800,0.31200000
2018-02-23 14:18:21,0.03104800,0.22300000
2018-02-23 14:18:34,0.03101100,0.36100000
2018-02-23 14:18:34,0.03101000,0.45900000
2018-02-23 14:18:34,0.03100800,0.13200000
2018-02-23 14:18:34,0.03100600,10.51500000
2018-02-23 14:18:34,0.03100500,4.57500000
2018-02-23 14:18:40,0.03100500,5.49000000
2018-02-23 14:18:53,0.03103600,0.12600000
2018-02-23 14:18:53,0.03103600,0.23500000
2018-02-23 14:18:53,0.03103700,0.05700000
2018-02-23 14:18:57,0.03100600,0.30900000
2018-02-23 14:18:57,0.03100600,2.31900000
2018-02-23 14:18:57,0.03100500,11.86700000
2018-02-23 14:18:57,0.03100100,2.86800000
2018-02-23 14:18:57,0.03100000,8.66200000
2018-02-23 14:19:04,0.03100100,0.35800000
2018-02-23 14:19:05,0.03100000,0.35800000
2018-02-23 14:19:07,0.03100100,2.09800000
2018-02-23 14:19:07,0.03100100,1.79300000
2018-02-23 14:19:07,0.03100000,0.08100000
2018-02-23 14:19:11,0.03100100,0.22000000
2018-02-23 14:19:12,0.03100100,1.66500000
2018-02-23 14:19:12,0.03100000,0.13200000
2018-02-23 14:19:12,0.03100100,0.18000000
2018-02-23 14:19:20,0.03100100,1.41800000
2018-02-23 14:19:23,0.03100300,0.13200000
2018-02-23 14:19:23,0.03100100,0.59800000
2018-02-23 14:19:25,0.03103200,0.22000000
2018-02-23 14:19:25,0.03103300,0.10200000
2018-02-23 14:19:27,0.03103300,0.03000000
2018-02-23 14:19:27,0.03104300,0.13200000
2018-02-23 14:19:27,0.03104500,0.13200000
2018-02-23 14:19:27,0.03104800,0.02800000
2018-02-23 14:19:29,0.03100600,0.35800000
2018-02-23 14:19:29,0.03100800,0.13200000
2018-02-23 14:19:30,0.03104500,0.13200000
2018-02-23 14:19:30,0.03104800,0.39300000
2018-02-23 14:19:30,0.03105000,0.13200000
2018-02-23 14:19:30,0.03105400,0.96600000
2018-02-23 14:19:30,0.03105800,1.17400000
2018-02-23 14:19:30,0.03109300,0.31900000
2018-02-23 14:19:30,0.03110000,0.16700000
2018-02-23 14:19:31,0.03100800,1.22600000
2018-02-23 14:19:32,0.03102300,0.31900000
2018-02-23 14:19:32,0.03101000,2.90700000
2018-02-23 14:19:32,0.03101000,0.31800000
2018-02-23 14:19:32,0.03100800,0.00100000
2018-02-23 14:19:34,0.03104600,0.62400000
2018-02-23 14:19:35,0.03104300,0.07100000
2018-02-23 14:19:36,0.03104300,0.39300000
2018-02-23 14:19:36,0.03104300,0.09600000
2018-02-23 14:19:39,0.03101100,0.13200000
2018-02-23 14:19:39,0.03101100,0.13200000
2018-02-23 14:19:39,0.03100900,0.13900000
2018-02-23 14:19:40,0.03100500,0.13200000
2018-02-23 14:19:42,0.03100100,3.20700000
2018-02-23 14:19:43,0.03100300,1.90200000
2018-02-23 14:19:44,0.03100500,0.29900000
2018-02-23 14:19:44,0.03100100,1.00800000
2018-02-23 14:19:44,0.03100100,0.58200000
2018-02-23 14:19:44,0.03100000,4.72500000
2018-02-23 14:19:44,0.03100000,2.34800000
2018-02-23 14:19:45,0.03100100,1.42700000
2018-02-23 14:19:45,0.03100000,0.96700000
2018-02-23 14:19:45,0.03100000,0.96700000
2018-02-23 14:19:46,0.03100000,0.10900000
2018-02-23 14:19:46,0.03100900,1.22700000
2018-02-23 14:19:46,0.03101000,0.35800000
2018-02-23 14:19:46,0.03101100,0.05800000
2018-02-23 14:19:47,0.03100000,2.24200000
2018-02-23 14:19:47,0.03100000,0.72600000
2018-02-23 14:19:47,0.03100200,0.07900000
2018-02-23 14:19:48,0.03103300,0.13200000
2018-02-23 14:19:48,0.03103800,0.13200000
2018-02-23 14:19:48,0.03104300,0.05400000
2018-02-23 14:19:48,0.03104400,0.13200000
2018-02-23 14:19:48,0.03104600,0.64300000
2018-02-23 14:19:48,0.03104800,0.20700000
2018-02-23 14:19:49,0.03100200,0.05300000
2018-02-23 14:19:49,0.03100000,0.29200000
2018-02-23 14:19:50,0.03100500,0.03500000
2018-02-23 14:19:52,0.03100000,1.66400000
2018-02-23 14:19:54,0.03100100,0.24000000
2018-02-23 14:19:54,0.03100100,2.00000000
2018-02-23 14:19:55,0.03100000,0.74600000
2018-02-23 14:19:56,0.03100000,0.96700000
2018-02-23 14:19:56,0.03100000,0.28400000
2018-02-23 14:19:57,0.03100000,4.71600000
2018-02-23 14:19:57,0.03100000,0.51400000
2018-02-23 14:20:00,0.03100000,0.03700000
2018-02-23 14:20:05,0.03100000,3.21600000
2018-02-23 14:20:05,0.03100000,0.96700000
2018-02-23 14:20:05,0.03100000,5.17600000
2018-02-23 14:20:05,0.03100000,4.71400000
2018-02-23 14:20:06,0.03100000,0.43400000
2018-02-23 14:20:06,0.03100000,2.45100000
2018-02-23 14:20:09,0.03100000,0.64300000
2018-02-23 14:20:09,0.03100000,0.47200000
2018-02-23 14:20:10,0.03100100,0.03200000
2018-02-23 14:20:11,0.03100000,0.11700000
2018-02-23 14:20:17,0.03100000,0.18800000
2018-02-23 14:20:22,0.03100000,1.28800000
2018-02-23 14:20:23,0.03100000,9.09000000
2018-02-23 14:20:24,0.03100000,1.78000000
2018-02-23 14:20:33,0.03100800,0.18400000
2018-02-23 14:20:35,0.03100000,0.64000000
2018-02-23 14:20:37,0.03103100,0.13200000
2018-02-23 14:20:40,0.03100300,0.36000000
2018-02-23 14:20:40,0.03100100,9.08700000
2018-02-23 14:20:40,0.03100000,51.66100000
2018-02-23 14:20:55,0.03104400,0.32200000
2018-02-23 14:20:57,0.03104400,1.21700000
2018-02-23 14:20:57,0.03104500,1.83000000
2018-02-23 14:20:58,0.03100600,0.36000000
2018-02-23 14:20:58,0.03100500,0.13200000
2018-02-23 14:20:58,0.03100000,19.06200000
2018-02-23 14:21:02,0.03100100,0.33800000
2018-02-23 14:21:05,0.03100400,0.12600000
2018-02-23 14:21:06,0.03100600,0.13200000
2018-02-23 14:21:06,0.03100400,0.01800000
2018-02-23 14:21:16,0.03101000,0.04300000
2018-02-23 14:21:16,0.03100400,0.24300000
2018-02-23 14:21:16,0.03100300,0.13200000
2018-02-23 14:21:16,0.03100000,8.66900000
2018-02-23 14:21:18,0.03101000,0.04300000
2018-02-23 14:21:21,0.03100100,8.73300000
2018-02-23 14:21:21,0.03100000,0.10800000
2018-02-23 14:21:22,0.03103700,0.22600000
2018-02-23 14:21:22,0.03100000,3.93300000
2018-02-23 14:21:24,0.03103200,0.08100000
2018-02-23 14:21:25,0.03100000,0.55900000
2018-02-23 14:21:32,0.03100000,0.85300000
2018-02-23 14:21:38,0.03100200,0.03700000
2018-02-23 14:21:40,0.03100200,0.09500000
2018-02-23 14:21:40,0.03100000,22.47300000
2018-02-23 14:21:45,0.03100100,0.61300000
2018-02-23 14:21:47,0.03100100,0.06500000
2018-02-23 14:21:54,0.03100100,2.07500000
2018-02-23 14:21:54,0.03100000,0.34500000
2018-02-23 14:21:56,0.03102700,0.05300000
2018-02-23 14:21:56,0.03102800,0.13200000
2018-02-23 14:21:56,0.03103000,0.13200000
2018-02-23 14:21:56,0.03103300,0.00900000
2018-02-23 14:21:56,0.03100000,12.00000000
2018-02-23 14:22:01,0.03100000,1.86100000
2018-02-23 14:22:02,0.03100200,0.13200000
2018-02-23 14:22:02,0.03100000,8.95600000
2018-02-23 14:22:05,0.03100000,1.30100000
2018-02-23 14:22:07,0.03103100,0.00400000
2018-02-23 14:22:08,0.03103100,0.09600000
2018-02-23 14:22:08,0.03100200,0.12900000
2018-02-23 14:22:10,0.03100200,0.00300000
2018-02-23 14:22:10,0.03100000,2.78900000
2018-02-23 14:22:13,0.03102900,0.13200000
2018-02-23 14:22:13,0.03103100,0.86800000
2018-02-23 14:22:21,0.03103100,0.94100000
2018-02-23 14:22:21,0.03104200,0.26400000
2018-02-23 14:22:21,0.03104500,0.50600000
2018-02-23 14:22:30,0.03100400,0.45000000
2018-02-23 14:22:31,0.03100300,0.36700000
2018-02-23 14:22:31,0.03100200,0.16800000
2018-02-23 14:22:31,0.03100000,3.61600000
2018-02-23 14:22:31,0.03102900,0.13200000
2018-02-23 14:22:31,0.03104400,0.36700000
2018-02-23 14:22:31,0.03104500,1.28000000
2018-02-23 14:22:31,0.03104500,1.61700000
2018-02-23 14:22:31,0.03104500,3.23100000
2018-02-23 14:22:31,0.03100500,0.13200000
2018-02-23 14:22:31,0.03100000,1.48500000
2018-02-23 14:22:31,0.03100000,0.57200000
2018-02-23 14:22:33,0.03100100,0.36800000
2018-02-23 14:22:33,0.03100000,0.17600000
2018-02-23 14:22:41,0.03104000,0.08100000
2018-02-23 14:22:44,0.03104000,0.28700000
2018-02-23 14:22:44,0.03104000,0.96600000
2018-02-23 14:22:44,0.03104000,5.53600000
2018-02-23 14:22:44,0.03104000,0.96600000
2018-02-23 14:22:44,0.03104000,0.96600000
2018-02-23 14:22:44,0.03104000,0.96600000
2018-02-23 14:22:44,0.03104000,0.96600000
2018-02-23 14:22:45,0.03104000,0.96500000
2018-02-23 14:22:45,0.03104000,5.26800000
2018-02-23 14:22:45,0.03100200,0.04100000
2018-02-23 14:22:45,0.03100000,3.24100000
2018-02-23 14:22:46,0.03104000,0.18400000
2018-02-23 14:22:50,0.03104000,0.37000000
2018-02-23 14:22:50,0.03104100,1.17800000
2018-02-23 14:22:51,0.03104000,6.39400000
2018-02-23 14:22:52,0.03104000,0.35100000
2018-02-23 14:22:52,0.03104100,0.31200000
2018-02-23 14:22:53,0.03104000,4.51800000
2018-02-23 14:22:55,0.03104100,0.01400000
2018-02-23 14:22:55,0.03104100,1.43200000
2018-02-23 14:22:55,0.03104300,0.13200000
2018-02-23 14:22:55,0.03104800,0.96700000
2018-02-23 14:22:55,0.03104200,0.96600000
2018-02-23 14:22:56,0.03104500,0.96500000
2018-02-23 14:22:57,0.03104800,1.94500000
2018-02-23 14:22:58,0.03104900,0.36900000
2018-02-23 14:22:58,0.03105100,0.30700000
2018-02-23 14:22:59,0.03109800,0.01100000
2018-02-23 14:22:59,0.03104600,0.96600000
2018-02-23 14:23:00,0.03104500,0.13200000
2018-02-23 14:23:00,0.03104700,0.13100000
2018-02-23 14:23:04,0.03108900,4.17200000
2018-02-23 14:23:04,0.03109200,1.35000000
2018-02-23 14:23:04,0.03109200,0.96300000
2018-02-23 14:23:04,0.03109200,2.12000000
2018-02-23 14:23:04,0.03109200,0.96400000
2018-02-23 14:23:04,0.03109200,1.40000000
2018-02-23 14:23:04,0.03109200,0.25200000
2018-02-23 14:23:04,0.03109200,1.19800000
2018-02-23 14:23:04,0.03109200,7.12900000
2018-02-23 14:23:04,0.03109200,3.74700000
2018-02-23 14:23:04,0.03109200,0.96400000
2018-02-23 14:23:04,0.03109200,7.55800000
2018-02-23 14:23:04,0.03104900,0.13200000
2018-02-23 14:23:04,0.03104700,0.00100000
2018-02-23 14:23:04,0.03104100,0.12900000
2018-02-23 14:23:04,0.03100500,0.31900000
2018-02-23 14:23:04,0.03100100,4.52000000
2018-02-23 14:23:04,0.03100000,6.73900000
2018-02-23 14:23:04,0.03104600,0.96400000
2018-02-23 14:23:10,0.03108600,0.31300000
2018-02-23 14:23:13,0.03108500,0.03400000
2018-02-23 14:23:15,0.03108400,0.05600000
2018-02-23 14:23:15,0.03108500,0.28400000
2018-02-23 14:23:18,0.03108500,0.32100000
2018-02-23 14:23:20,0.03105000,0.36900000
2018-02-23 14:23:21,0.03105000,0.33900000
2018-02-23 14:23:25,0.03108400,0.36900000
2018-02-23 14:23:25,0.03108400,2.52800000
2018-02-23 14:23:32,0.03108100,0.16100000
2018-02-23 14:23:32,0.03108200,7.13900000
2018-02-23 14:23:35,0.03108100,0.36900000
2018-02-23 14:23:35,0.03108200,0.81300000
2018-02-23 14:23:40,0.03104900,0.13200000
2018-02-23 14:23:40,0.03104600,0.13200000
2018-02-23 14:23:43,0.03104900,0.04300000
2018-02-23 14:23:46,0.03108100,5.00000000
2018-02-23 14:23:57,0.03108100,0.53600000
2018-02-23 14:23:59,0.03104700,0.06500000
2018-02-23 14:24:02,0.03104700,1.17100000
2018-02-23 14:24:02,0.03104700,0.52400000
2018-02-23 14:24:04,0.03107900,0.31900000
2018-02-23 14:24:04,0.03108000,0.06500000
2018-02-23 14:24:04,0.03108200,2.35000000
2018-02-23 14:24:04,0.03108200,0.05500000
2018-02-23 14:24:04,0.03108400,0.13200000
2018-02-23 14:24:04,0.03108700,0.13200000
2018-02-23 14:24:04,0.03109200,0.96600000
2018-02-23 14:24:04,0.03109300,0.13200000
2018-02-23 14:24:06,0.03105100,0.87500000
2018-02-23 14:24:16,0.03105300,0.96600000
2018-02-23 14:24:17,0.03105300,0.81600000
2018-02-23 14:24:17,0.03105400,0.35800000
2018-02-23 14:24:18,0.03105200,5.99600000
2018-02-23 14:24:18,0.03105000,0.87500000
2018-02-23 14:24:22,0.03105000,0.36700000
2018-02-23 14:24:23,0.03105000,0.02600000
2018-02-23 14:24:23,0.03104600,5.30600000
2018-02-23 14:24:29,0.03105000,0.15500000
2018-02-23 14:24:31,0.03105000,0.54300000
2018-02-23 14:24:37,0.03101800,0.07600000
2018-02-23 14:24:37,0.03101500,0.47000000
2018-02-23 14:24:37,0.03101200,0.01700000
2018-02-23 14:24:38,0.03105000,1.60700000
2018-02-23 14:24:46,0.03101500,0.31300000
2018-02-23 14:24:48,0.03100900,2.67700000
2018-02-23 14:24:48,0.03100300,1.12800000
2018-02-23 14:24:48,0.03100200,0.89900000
2018-02-23 14:24:48,0.03100000,0.45800000
2018-02-23 14:24:48,0.03100000,8.07900000
2018-02-23 14:24:48,0.03099200,11.76200000
2018-02-23 14:24:48,0.03099200,1.06600000
2018-02-23 14:24:49,0.03104900,3.78100000
2018-02-23 14:24:55,0.03100200,0.64400000
2018-02-23 14:24:55,0.03104800,0.32200000
2018-02-23 14:24:58,0.03104800,0.03900000
2018-02-23 14:24:58,0.03100000,4.96300000
2018-02-23 14:24:58,0.03100000,14.87100000
2018-02-23 14:24:59,0.03100000,0.12900000
2018-02-23 14:25:00,0.03104800,0.03100000
2018-02-23 14:25:00,0.03100300,2.25300000
2018-02-23 14:25:04,0.03104800,0.16100000
2018-02-23 14:25:07,0.03100100,0.34000000
2018-02-23 14:25:07,0.03104200,0.32200000
2018-02-23 14:25:10,0.03100300,1.42100000
2018-02-23 14:25:14,0.03100500,0.13200000
2018-02-23 14:25:14,0.03100300,0.62200000
2018-02-23 14:25:17,0.03102700,0.36800000
2018-02-23 14:25:18,0.03102700,0.08100000
2018-02-23 14:25:23,0.03102000,0.35800000
2018-02-23 14:25:27,0.03102100,0.07100000
2018-02-23 14:25:35,0.03102000,0.76900000
2018-02-23 14:25:39,0.03100900,0.13200000
2018-02-23 14:25:39,0.03100700,0.13200000
2018-02-23 14:25:39,0.03100300,1.90900000
2018-02-23 14:25:39,0.03099800,0.13800000
2018-02-23 14:25:40,0.03101700,0.55200000
2018-02-23 14:25:41,0.03101500,1.41100000
2018-02-23 14:25:42,0.03102000,2.27000000
2018-02-23 14:25:47,0.03094900,0.33300000
2018-02-23 14:25:56,0.03096500,1.88700000
2018-02-23 14:25:56,0.03096600,0.35500000
2018-02-23 14:25:56,0.03096500,1.01100000
2018-02-23 14:25:56,0.03096300,0.96800000
2018-02-23 14:25:56,0.03095800,0.35800000
2018-02-23 14:25:56,0.03095800,0.35800000
2018-02-23 14:25:56,0.03093400,0.31900000
2018-02-23 14:25:57,0.03095300,0.35800000
2018-02-23 14:25:57,0.03093700,0.18900000
2018-02-23 14:25:57,0.03090100,1.00800000
2018-02-23 14:25:57,0.03095300,0.96800000
2018-02-23 14:25:58,0.03095300,1.90500000
2018-02-23 14:25:58,0.03095500,0.96800000
2018-02-23 14:25:58,0.03095500,1.17200000
2018-02-23 14:26:05,0.03095700,0.03700000
2018-02-23 14:26:05,0.03094700,0.12400000
2018-02-23 14:26:06,0.03094700,0.19500000
2018-02-23 14:26:06,0.03095700,4.55500000
2018-02-23 14:26:06,0.03095700,0.96700000
2018-02-23 14:26:06,0.03095700,0.10200000
2018-02-23 14:26:06,0.03095800,0.13200000
2018-02-23 14:26:06,0.03095800,0.10200000
2018-02-23 14:26:06,0.03095700,0.26400000
2018-02-23 14:26:07,0.03095800,0.31900000
2018-02-23 14:26:07,0.03095800,1.39700000
2018-02-23 14:26:07,0.03096500,1.71200000
2018-02-23 14:26:10,0.03096700,0.16000000
2018-02-23 14:26:16,0.03101500,0.07100000
2018-02-23 14:26:19,0.03101500,0.09000000
2018-02-23 14:26:21,0.03101800,0.10000000
2018-02-23 14:26:31,0.03097300,0.35500000
2018-02-23 14:26:31,0.03097200,0.13200000
2018-02-23 14:26:31,0.03096800,0.13200000
2018-02-23 14:26:31,0.03096700,1.10800000
2018-02-23 14:26:34,0.03096700,0.03400000
2018-02-23 14:26:44,0.03096000,0.37100000
2018-02-23 14:26:44,0.03095700,0.05600000
2018-02-23 14:26:44,0.03090300,0.16100000
2018-02-23 14:26:44,0.03090200,1.13700000
2018-02-23 14:26:44,0.03090100,5.79500000
2018-02-23 14:26:44,0.03090000,12.43100000
2018-02-23 14:26:44,0.03089700,0.31900000
2018-02-23 14:26:44,0.03088900,0.03700000
2018-02-23 14:26:44,0.03087100,0.09300000
2018-02-23 14:26:44,0.03087000,0.09600000
2018-02-23 14:26:44,0.03086100,0.16100000
2018-02-23 14:26:44,0.03085000,0.36900000
2018-02-23 14:26:44,0.03081600,4.12000000
2018-02-23 14:26:44,0.03081500,0.40400000
2018-02-23 14:26:44,0.03081400,0.56200000
2018-02-23 14:26:44,0.03096700,0.32200000
2018-02-23 14:26:51,0.03090800,0.24300000
2018-02-23 14:26:51,0.03090800,0.20300000
2018-02-23 14:26:51,0.03090800,0.24300000
2018-02-23 14:26:51,0.03090800,0.20300000
2018-02-23 14:26:51,0.03090300,0.10600000
2018-02-23 14:26:51,0.03090800,1.11800000
2018-02-23 14:26:51,0.03084300,0.13700000
2018-02-23 14:26:52,0.03090800,0.43300000
2018-02-23 14:26:54,0.03090600,0.10500000
2018-02-23 14:26:55,0.03089200,0.10500000
2018-02-23 14:26:55,0.03089200,0.21400000
2018-02-23 14:26:55,0.03090500,0.09800000
2018-02-23 14:26:55,0.03084300,2.39100000
2018-02-23 14:26:55,0.03090500,0.87000000
2018-02-23 14:26:55,0.03090600,0.25000000
2018-02-23 14:26:55,0.03090800,3.74300000
2018-02-23 14:26:55,0.03090800,0.09400000
2018-02-23 14:26:55,0.03090800,0.42500000
2018-02-23 14:27:00,0.03090700,0.14400000
2018-02-23 14:27:04,0.03086200,0.35500000
2018-02-23 14:27:04,0.03085900,0.97200000
2018-02-23 14:27:04,0.03084100,0.14100000
2018-02-23 14:27:04,0.03082000,0.32600000
2018-02-23 14:27:04,0.03090500,0.08100000
2018-02-23 14:27:04,0.03090400,0.35500000
2018-02-23 14:27:04,0.03090700,0.26000000
2018-02-23 14:27:04,0.03090800,0.53700000
2018-02-23 14:27:07,0.03090200,0.22700000
2018-02-23 14:27:10,0.03089900,0.28800000
2018-02-23 14:27:12,0.03089600,0.05600000
2018-02-23 14:27:12,0.03084000,0.75600000
2018-02-23 14:27:12,0.03083900,0.08000000
2018-02-23 14:27:12,0.03083200,0.26200000
2018-02-23 14:27:12,0.03083000,0.13200000
2018-02-23 14:27:12,0.03082000,0.17400000
2018-02-23 14:27:12,0.03081100,0.65100000
2018-02-23 14:27:12,0.03080000,0.46500000
2018-02-23 14:27:12,0.03075100,3.31500000
2018-02-23 14:27:12,0.03073900,0.69000000
2018-02-23 14:27:12,0.03073100,6.50800000
2018-02-23 14:27:12,0.03072900,3.21900000
2018-02-23 14:27:12,0.03072700,0.24900000
2018-02-23 14:27:12,0.03071700,2.27400000
2018-02-23 14:27:13,0.03088900,0.07800000
2018-02-23 14:27:16,0.03088600,0.15800000
2018-02-23 14:27:19,0.03088300,0.10700000
2018-02-23 14:27:21,0.03088000,0.27200000
2018-02-23 14:27:22,0.03087700,0.09600000
2018-02-23 14:27:22,0.03087700,0.09400000
2018-02-23 14:27:23,0.03087700,0.48300000
2018-02-23 14:27:24,0.03084800,0.05600000
2018-02-23 14:27:24,0.03084800,0.13600000
2018-02-23 14:27:25,0.03084600,0.24800000
2018-02-23 14:27:25,0.03084600,0.10400000
2018-02-23 14:27:28,0.03083700,0.04700000
2018-02-23 14:27:30,0.03083100,0.18900000
2018-02-23 14:27:30,0.03083200,0.97200000
2018-02-23 14:27:30,0.03083300,0.75600000
2018-02-23 14:27:30,0.03083600,0.58900000
2018-02-23 14:27:30,0.03083000,0.07800000
2018-02-23 14:27:31,0.03074700,3.25200000
2018-02-23 14:27:31,0.03074600,0.75700000
2018-02-23 14:27:31,0.03074500,0.02800000
2018-02-23 14:27:31,0.03083000,0.15400000
2018-02-23 14:27:33,0.03082500,0.32400000
2018-02-23 14:27:33,0.03082000,0.11100000
2018-02-23 14:27:34,0.03081800,0.10800000
2018-02-23 14:27:34,0.03081800,0.07700000
2018-02-23 14:27:35,0.03081500,0.22900000
2018-02-23 14:27:35,0.03081500,0.04700000
2018-02-23 14:27:36,0.03074900,0.13200000
2018-02-23 14:27:36,0.03074600,0.97500000
2018-02-23 14:27:36,0.03074500,0.10400000
2018-02-23 14:27:36,0.03074100,2.64200000
2018-02-23 14:27:36,0.03074000,2.89700000
2018-02-23 14:27:36,0.03072500,0.89500000
2018-02-23 14:27:36,0.03072500,5.61400000
2018-02-23 14:27:36,0.03072300,0.06500000
2018-02-23 14:27:36,0.03071600,0.33000000
2018-02-23 14:27:36,0.03071500,0.08000000
2018-02-23 14:27:36,0.03071300,1.64800000
2018-02-23 14:27:36,0.03071200,0.32600000
2018-02-23 14:27:36,0.03070000,2.66300000
2018-02-23 14:27:36,0.03068800,1.25600000
2018-02-23 14:27:36,0.03068800,1.03800000
2018-02-23 14:27:36,0.03081500,0.07800000
2018-02-23 14:27:38,0.03081200,0.15200000
2018-02-23 14:27:38,0.03079900,1.33300000
2018-02-23 14:27:43,0.03080300,0.15400000
2018-02-23 14:27:44,0.03079900,1.83400000
2018-02-23 14:27:45,0.03079900,0.48700000
2018-02-23 14:27:46,0.03079900,0.35700000
2018-02-23 14:27:46,0.03079900,0.40000000
2018-02-23 14:27:50,0.03079900,0.45800000
2018-02-23 14:27:53,0.03079700,0.22700000
2018-02-23 14:27:53,0.03079700,1.63300000
2018-02-23 14:27:55,0.03079600,0.08100000
2018-02-23 14:27:59,0.03079400,0.22300000
2018-02-23 14:27:59,0.03079600,0.12200000
2018-02-23 14:27:59,0.03079700,0.33200000
2018-02-23 14:28:00,0.03076200,0.06400000
2018-02-23 14:28:01,0.03076200,0.12900000
2018-02-23 14:28:03,0.03079800,0.04900000
2018-02-23 14:28:05,0.03079800,0.08100000
2018-02-23 14:28:09,0.03079800,0.24900000
2018-02-23 14:28:11,0.03076100,0.13200000
2018-02-23 14:28:11,0.03075600,0.60900000
2018-02-23 14:28:11,0.03075500,0.13200000
2018-02-23 14:28:11,0.03072600,0.45900000
2018-02-23 14:28:11,0.03072400,0.27400000
2018-02-23 14:28:11,0.03079200,0.13200000
2018-02-23 14:28:11,0.03079500,2.56100000
2018-02-23 14:28:11,0.03079800,0.84900000
2018-02-23 14:28:11,0.03079900,1.63800000
2018-02-23 14:28:11,0.03080000,23.48200000
2018-02-23 14:28:13,0.03075200,3.24700000
2018-02-23 14:28:13,0.03075100,0.36600000
2018-02-23 14:28:13,0.03075000,0.27000000
2018-02-23 14:28:13,0.03073100,3.41500000
2018-02-23 14:28:19,0.03076900,0.12700000
2018-02-23 14:28:19,0.03076400,0.65000000
2018-02-23 14:28:19,0.03076400,0.97400000
2018-02-23 14:28:19,0.03076400,0.97400000
2018-02-23 14:28:19,0.03076200,0.97400000
2018-02-23 14:28:19,0.03076200,0.97400000
2018-02-23 14:28:19,0.03076200,0.97400000
2018-02-23 14:28:19,0.03076200,0.10500000
2018-02-23 14:28:19,0.03076200,0.22000000
2018-02-23 14:28:19,0.03076300,0.39600000
2018-02-23 14:28:19,0.03076400,0.95100000
2018-02-23 14:28:19,0.03079600,0.39500000
2018-02-23 14:28:20,0.03076100,0.36600000
2018-02-23 14:28:21,0.03072800,0.06400000
2018-02-23 14:28:22,0.03078300,0.31900000
2018-02-23 14:28:22,0.03079900,0.24800000
2018-02-23 14:28:22,0.03080000,14.81000000
2018-02-23 14:28:22,0.03080000,9.84900000
2018-02-23 14:28:22,0.03081600,0.13200000
2018-02-23 14:28:22,0.03082900,0.13200000
2018-02-23 14:28:24,0.03088800,0.06500000
2018-02-23 14:28:25,0.03088800,0.11000000
2018-02-23 14:28:25,0.03088800,0.15400000
2018-02-23 14:28:25,0.03088800,0.21700000
2018-02-23 14:28:26,0.03088800,0.07400000
2018-02-23 14:28:27,0.03088900,0.09600000
2018-02-23 14:28:27,0.03089300,0.13700000
2018-02-23 14:28:28,0.03076200,0.13600000
2018-02-23 14:28:28,0.03088900,0.29100000
2018-02-23 14:28:30,0.03088700,0.12400000
2018-02-23 14:28:31,0.03088700,0.01200000
2018-02-23 14:28:31,0.03088800,0.68000000
2018-02-23 14:28:31,0.03088700,0.15700000
2018-02-23 14:28:31,0.03088700,0.07800000
2018-02-23 14:28:32,0.03088700,0.06200000
2018-02-23 14:28:32,0.03088700,0.04300000
2018-02-23 14:28:32,0.03088800,0.04300000
2018-02-23 14:28:38,0.03089300,3.26300000
2018-02-23 14:28:38,0.03089400,0.14600000
2018-02-23 14:28:39,0.03089500,0.27500000
2018-02-23 14:28:39,0.03089700,0.13200000
2018-02-23 14:28:39,0.03089500,0.08800000
2018-02-23 14:28:39,0.03089500,0.25000000
2018-02-23 14:28:39,0.03089400,0.00200000
2018-02-23 14:28:42,0.03089400,6.00000000
2018-02-23 14:28:42,0.03089400,1.00800000
2018-02-23 14:28:43,0.03091300,0.07100000
2018-02-23 14:28:43,0.03089400,0.11500000
2018-02-23 14:28:43,0.03089700,0.13200000
2018-02-23 14:28:43,0.03089400,1.00800000
2018-02-23 14:28:43,0.03091300,0.06100000
2018-02-23 14:28:43,0.03091300,0.13200000
2018-02-23 14:28:43,0.03091300,0.07600000
2018-02-23 14:28:44,0.03091300,0.13900000
2018-02-23 14:28:44,0.03091300,0.41900000
2018-02-23 14:28:44,0.03089400,1.73100000
2018-02-23 14:28:44,0.03089400,0.81800000
2018-02-23 14:28:45,0.03089400,0.08100000
2018-02-23 14:28:45,0.03089400,0.08100000
2018-02-23 14:28:47,0.03088900,0.41400000
2018-02-23 14:28:47,0.03080600,0.31900000
2018-02-23 14:28:47,0.03080200,0.09600000
2018-02-23 14:28:47,0.03077200,0.97400000
2018-02-23 14:28:47,0.03077100,0.19700000
2018-02-23 14:28:47,0.03089400,0.15400000
2018-02-23 14:28:50,0.03088800,0.24300000
2018-02-23 14:28:52,0.03087300,0.31900000
2018-02-23 14:28:52,0.03088800,0.92800000
2018-02-23 14:28:52,0.03088900,0.04800000
2018-02-23 14:28:54,0.03079300,1.56900000
2018-02-23 14:28:54,0.03079200,3.24800000
2018-02-23 14:28:54,0.03079000,0.05100000
2018-02-23 14:28:56,0.03088300,0.48000000
2018-02-23 14:28:57,0.03078300,0.14900000
2018-02-23 14:28:57,0.03077800,0.40000000
2018-02-23 14:28:57,0.03077700,0.97400000
2018-02-23 14:28:57,0.03077600,0.59000000
2018-02-23 14:28:57,0.03077400,3.24200000
2018-02-23 14:28:57,0.03074600,0.22300000
2018-02-23 14:28:57,0.03073100,0.40600000
2018-02-23 14:28:57,0.03073000,0.31900000
2018-02-23 14:28:57,0.03072700,0.16200000
2018-02-23 14:28:57,0.03072600,6.84300000
2018-02-23 14:28:57,0.03072500,6.50900000
2018-02-23 14:28:57,0.03071500,1.54300000
2018-02-23 14:28:59,0.03078800,0.15300000
2018-02-23 14:29:03,0.03085700,0.13000000
2018-02-23 14:29:03,0.03085700,0.29400000
2018-02-23 14:29:09,0.03084200,0.57200000
2018-02-23 14:29:09,0.03080300,0.20000000
2018-02-23 14:29:12,0.03083600,0.12800000
2018-02-23 14:29:12,0.03083600,0.08100000
2018-02-23 14:29:14,0.03080800,0.13600000
2018-02-23 14:29:14,0.03080500,0.04700000
2018-02-23 14:29:17,0.03082600,0.05100000
2018-02-23 14:29:17,0.03082700,0.03000000
2018-02-23 14:29:21,0.03080700,0.13200000
2018-02-23 14:29:21,0.03080500,0.08500000
2018-02-23 14:29:21,0.03079700,0.48600000
2018-02-23 14:29:22,0.03079700,0.09700000
2018-02-23 14:29:23,0.03079400,0.12400000
2018-02-23 14:29:26,0.03079300,0.03400000
2018-02-23 14:29:27,0.03078800,0.78500000
2018-02-23 14:29:27,0.03078700,0.81200000
2018-02-23 14:29:30,0.03077900,0.04100000
2018-02-23 14:29:30,0.03078000,0.97400000
2018-02-23 14:29:30,0.03078100,0.75700000
2018-02-23 14:29:30,0.03078300,0.40600000
2018-02-23 14:29:30,0.03078800,1.06700000
2018-02-23 14:29:31,0.03077300,0.31900000
2018-02-23 14:29:31,0.03078600,0.00500000
2018-02-23 14:29:31,0.03078600,0.15700000
2018-02-23 14:29:42,0.03075100,0.45600000
2018-02-23 14:29:42,0.03075100,10.51500000
2018-02-23 14:29:42,0.03075100,19.00000000
2018-02-23 14:29:42,0.03075100,0.81400000
2018-02-23 14:29:43,0.03074200,0.37300000
2018-02-23 14:29:43,0.03074100,0.97500000
2018-02-23 14:29:43,0.03074000,0.49100000
2018-02-23 14:29:43,0.03073700,4.94100000
2018-02-23 14:29:43,0.03073300,6.50800000
2018-02-23 14:29:43,0.03071500,2.96400000
2018-02-23 14:29:43,0.03070000,3.99500000
2018-02-23 14:29:44,0.03078100,0.08100000
2018-02-23 14:29:46,0.03078000,0.13000000
2018-02-23 14:29:49,0.03077900,0.07000000
2018-02-23 14:29:49,0.03074600,0.16200000
2018-02-23 14:29:49,0.03074500,0.48700000
2018-02-23 14:29:49,0.03074000,0.82100000
2018-02-23 14:29:49,0.03077900,3.08100000
2018-02-23 14:29:50,0.03077800,0.07400000
2018-02-23 14:29:51,0.03075000,0.97300000
2018-02-23 14:29:52,0.03075000,0.02700000
2018-02-23 14:29:52,0.03075000,0.29200000
2018-02-23 14:29:53,0.03075000,0.00400000
2018-02-23 14:29:53,0.03077800,0.08100000
2018-02-23 14:29:55,0.03077800,0.08100000
2018-02-23 14:29:56,0.03077900,0.08100000
2018-02-23 14:29:56,0.03077900,1.82600000
2018-02-23 14:29:56,0.03077900,0.97300000
2018-02-23 14:29:56,0.03077900,0.97300000
2018-02-23 14:29:56,0.03077900,0.97200000
2018-02-23 14:29:56,0.03077900,0.97300000
2018-02-23 14:29:56,0.03077900,0.64700000
2018-02-23 14:29:56,0.03077900,1.62100000
2018-02-23 14:29:57,0.03074200,0.37300000
2018-02-23 14:29:57,0.03074100,0.16200000
2018-02-23 14:29:57,0.03073700,0.32500000
2018-02-23 14:29:57,0.03073000,2.02000000
2018-02-23 14:29:57,0.03077900,1.00000000
2018-02-23 14:29:58,0.03074200,0.49100000
2018-02-23 14:29:59,0.03077800,0.18800000
2018-02-23 14:30:00,0.03073700,0.32500000
2018-02-23 14:30:00,0.03073900,0.13200000
2018-02-23 14:30:00,0.03072400,1.16800000
2018-02-23 14:30:00,0.03077600,0.13200000
2018-02-23 14:30:00,0.03077800,0.77600000
2018-02-23 14:30:02,0.03073100,0.26300000
2018-02-23 14:30:02,0.03077500,0.22700000
2018-02-23 14:30:03,0.03072700,0.95400000
2018-02-23 14:30:04,0.03072900,1.99700000
2018-02-23 14:30:04,0.03072900,1.25400000
2018-02-23 14:30:05,0.03073100,0.32500000
2018-02-23 14:30:05,0.03072900,0.13200000
2018-02-23 14:30:05,0.03072400,3.74800000
2018-02-23 14:30:05,0.03072700,3.25400000
2018-02-23 14:30:05,0.03072400,2.76200000
2018-02-23 14:30:05,0.03072700,2.47700000
2018-02-23 14:30:05,0.03072700,0.97400000
2018-02-23 14:30:05,0.03072700,7.13900000
2018-02-23 14:30:05,0.03072700,7.42000000
2018-02-23 14:30:05,0.03072500,0.97300000
2018-02-23 14:30:05,0.03072500,2.27800000
2018-02-23 14:30:05,0.03072700,3.90500000
2018-02-23 14:30:05,0.03070000,0.97300000
2018-02-23 14:30:05,0.03070000,0.97400000
2018-02-23 14:30:06,0.03070000,0.00200000
2018-02-23 14:30:06,0.03070000,1.73900000
2018-02-23 14:30:06,0.03072600,0.08200000
2018-02-23 14:30:08,0.03072600,0.06400000
2018-02-23 14:30:08,0.03072700,0.08000000
2018-02-23 14:30:08,0.03070200,0.13200000
2018-02-23 14:30:08,0.03070000,0.02800000
2018-02-23 14:30:10,0.03072400,0.13200000
2018-02-23 14:30:10,0.03072500,0.16400000
2018-02-23 14:30:10,0.03072700,1.70400000
2018-02-23 14:30:10,0.03072700,0.63600000
2018-02-23 14:30:11,0.03070300,0.37800000
2018-02-23 14:30:11,0.03070100,0.21800000
2018-02-23 14:30:11,0.03070000,0.99000000
2018-02-23 14:30:11,0.03070000,1.24900000
2018-02-23 14:30:11,0.03070000,1.35700000
2018-02-23 14:30:11,0.03070000,1.43100000
2018-02-23 14:30:11,0.03070000,1.55800000
2018-02-23 14:30:11,0.03070000,1.68100000
2018-02-23 14:30:11,0.03070000,1.79800000
2018-02-23 14:30:11,0.03070000,0.59600000
2018-02-23 14:30:12,0.03070200,0.05900000
2018-02-23 14:30:12,0.03074500,0.37800000
2018-02-23 14:30:12,0.03074600,0.11000000
2018-02-23 14:30:13,0.03068900,0.37900000
2018-02-23 14:30:13,0.03068800,3.68800000
2018-02-23 14:30:13,0.03068500,0.41700000
2018-02-23 14:30:13,0.03068400,13.51800000
2018-02-23 14:30:13,0.03068400,7.94600000
2018-02-23 14:30:13,0.03068100,0.03300000
2018-02-23 14:30:13,0.03068000,0.79000000
2018-02-23 14:30:13,0.03067700,0.40400000
2018-02-23 14:30:13,0.03072600,0.25400000
2018-02-23 14:30:14,0.03070000,0.03500000
2018-02-23 14:30:14,0.03070000,0.00100000
2018-02-23 14:30:16,0.03069900,0.37900000
2018-02-23 14:30:16,0.03070000,0.62100000
2018-02-23 14:30:16,0.03070000,0.43800000
2018-02-23 14:30:17,0.03070000,6.17900000
2018-02-23 14:30:17,0.03070000,0.28800000
2018-02-23 14:30:18,0.03067200,0.72000000
2018-02-23 14:30:18,0.03070000,0.08100000
2018-02-23 14:30:19,0.03070000,0.03300000
2018-02-23 14:30:20,0.03066700,0.09700000
2018-02-23 14:30:20,0.03066700,0.00600000
2018-02-23 14:30:20,0.03070000,2.06000000
2018-02-23 14:30:21,0.03070000,0.09800000
2018-02-23 14:30:21,0.03070000,0.59200000
2018-02-23 14:30:23,0.03070000,0.08100000
2018-02-23 14:30:23,0.03070000,0.62400000
2018-02-23 14:30:25,0.03070000,0.07800000
2018-02-23 14:30:27,0.03069900,0.25000000
2018-02-23 14:30:27,0.03069900,0.53200000
2018-02-23 14:30:27,0.03069000,0.65100000
2018-02-23 14:30:27,0.03069900,0.08300000
2018-02-23 14:30:27,0.03069900,0.08100000
2018-02-23 14:30:28,0.03069900,0.15600000
2018-02-23 14:30:29,0.03069900,0.09200000
2018-02-23 14:30:29,0.03069900,0.07500000
2018-02-23 14:30:31,0.03069900,0.07800000
2018-02-23 14:30:31,0.03069000,0.65100000
2018-02-23 14:30:31,0.03066600,0.03500000
2018-02-23 14:30:31,0.03066200,0.34500000
2018-02-23 14:30:31,0.03065500,4.55800000
2018-02-23 14:30:31,0.03063900,0.06600000
2018-02-23 14:30:31,0.03063200,5.19100000
2018-02-23 14:30:31,0.03062900,0.16200000
2018-02-23 14:30:31,0.03062800,0.75000000
2018-02-23 14:30:31,0.03062100,0.03300000
2018-02-23 14:30:31,0.03062000,0.07700000
2018-02-23 14:30:31,0.03061200,0.71800000
2018-02-23 14:30:31,0.03060700,0.81700000
2018-02-23 14:30:31,0.03060600,5.48700000
2018-02-23 14:30:31,0.03060500,1.96300000
2018-02-23 14:30:31,0.03060400,0.18600000
2018-02-23 14:30:31,0.03060200,0.09100000
2018-02-23 14:30:31,0.03060000,2.81900000
2018-02-23 14:30:31,0.03060000,0.04800000
2018-02-23 14:30:33,0.03060400,0.04700000
2018-02-23 14:30:33,0.03064500,0.50000000
2018-02-23 14:30:35,0.03064500,0.54400000
2018-02-23 14:30:35,0.03064500,0.06700000
2018-02-23 14:30:35,0.03062500,3.26500000
2018-02-23 14:30:35,0.03062300,0.06500000
2018-02-23 14:30:35,0.03060700,0.32600000
2018-02-23 14:30:35,0.03060500,0.16300000
2018-02-23 14:30:35,0.03060400,0.49800000
2018-02-23 14:30:35,0.03060300,0.13200000
2018-02-23 14:30:35,0.03060000,1.82000000
2018-02-23 14:30:35,0.03059800,3.19400000
2018-02-23 14:30:35,0.03059100,0.80600000
2018-02-23 14:30:35,0.03057800,0.18900000
2018-02-23 14:30:35,0.03057700,0.03400000
2018-02-23 14:30:35,0.03057200,5.58100000
2018-02-23 14:30:37,0.03063900,0.85500000
2018-02-23 14:30:37,0.03064000,1.08000000
2018-02-23 14:30:38,0.03064000,0.24400000
2018-02-23 14:30:38,0.03064000,0.08500000
2018-02-23 14:30:38,0.03064000,1.04000000
2018-02-23 14:30:39,0.03059600,0.01200000
