DATE,PRICE,VOLUME
2018-02-28 12:00:00,0.05205800,0.04400000
2018-02-28 12:00:01,0.05205700,0.60000000
2018-02-28 12:00:01,0.05205800,0.06000000
2018-02-28 12:00:01,0.05206200,0.01000000
2018-02-28 12:00:01,0.05191000,0.38000000
2018-02-28 12:00:01,0.05206200,0.07000000
2018-02-28 12:00:01,0.05206400,0.05800000
2018-02-28 12:00:01,0.05208000,0.29400000
2018-02-28 12:00:01,0.05208400,0.27800000
2018-02-28 12:00:03,0.05191600,0.12000000
2018-02-28 12:00:03,0.05191500,0.22000000
2018-02-28 12:00:03,0.05200000,3.75800000
2018-02-28 12:00:05,0.05200000,0.02300000
2018-02-28 12:00:06,0.05200000,0.04000000
2018-02-28 12:00:06,0.05200000,0.04100000
2018-02-28 12:00:07,0.05200000,0.02800000
2018-02-28 12:00:10,0.05200000,0.20800000
2018-02-28 12:00:10,0.05200000,0.04000000
2018-02-28 12:00:13,0.05200000,0.28000000
2018-02-28 12:00:13,0.05202400,0.24200000
2018-02-28 12:00:20,0.05202400,0.29700000
2018-02-28 12:00:21,0.05202400,0.26200000
2018-02-28 12:00:21,0.05202400,0.34900000
2018-02-28 12:00:21,0.05200000,0.41400000
2018-02-28 12:00:24,0.05200000,0.02600000
2018-02-28 12:00:24,0.05192100,0.02200000
2018-02-28 12:00:26,0.05192300,0.05300000
2018-02-28 12:00:27,0.05192300,0.02300000
2018-02-28 12:00:27,0.05192300,0.04900000
2018-02-28 12:00:27,0.05192300,0.02300000
2018-02-28 12:00:28,0.05192300,0.19400000
2018-02-28 12:00:28,0.05192300,0.04900000
2018-02-28 12:00:28,0.05192300,0.09600000
2018-02-28 12:00:28,0.05192300,0.04800000
2018-02-28 12:00:30,0.05192400,0.02000000
2018-02-28 12:00:31,0.05192400,0.04900000
2018-02-28 12:00:31,0.05202000,0.53500000
2018-02-28 12:00:31,0.05202200,1.04200000
2018-02-28 12:00:31,0.05202500,0.09600000
2018-02-28 12:00:31,0.05202600,2.85100000
2018-02-28 12:00:31,0.05194000,0.04800000
2018-02-28 12:00:31,0.05194000,0.07500000
2018-02-28 12:00:32,0.05200000,2.69800000
2018-02-28 12:00:32,0.05202300,0.50500000
2018-02-28 12:00:33,0.05202000,0.02100000
2018-02-28 12:00:33,0.05194100,0.03800000
2018-02-28 12:00:35,0.05195000,0.04800000
2018-02-28 12:00:36,0.05202000,0.12300000
2018-02-28 12:00:37,0.05208400,0.16000000
2018-02-28 12:00:38,0.05200000,0.03700000
2018-02-28 12:00:38,0.05196300,0.01100000
2018-02-28 12:00:39,0.05207700,0.06100000
2018-02-28 12:00:39,0.05208400,0.48700000
2018-02-28 12:00:39,0.05208700,0.39200000
2018-02-28 12:00:39,0.05210000,1.16000000
2018-02-28 12:00:40,0.05208700,1.56000000
2018-02-28 12:00:40,0.05208700,0.04900000
2018-02-28 12:00:41,0.05208700,0.31800000
2018-02-28 12:00:42,0.05210000,3.96800000
2018-02-28 12:00:47,0.05210000,1.74500000
2018-02-28 12:00:48,0.05208700,0.07400000
2018-02-28 12:00:50,0.05208800,0.01400000
2018-02-28 12:00:51,0.05210000,0.10000000
2018-02-28 12:00:51,0.05210000,1.57200000
2018-02-28 12:00:52,0.05210000,3.00000000
2018-02-28 12:00:52,0.05210300,0.24700000
2018-02-28 12:00:53,0.05213400,1.17000000
2018-02-28 12:00:53,0.05216000,0.38500000
2018-02-28 12:00:53,0.05217100,0.13300000
2018-02-28 12:00:55,0.05210100,0.04700000
2018-02-28 12:00:59,0.05217100,0.22600000
2018-02-28 12:00:59,0.05217400,0.19400000
2018-02-28 12:01:00,0.05219000,0.02000000
2018-02-28 12:01:00,0.05219900,1.42600000
2018-02-28 12:01:00,0.05220000,2.91400000
2018-02-28 12:01:00,0.05220000,2.47100000
2018-02-28 12:01:01,0.05220500,0.04000000
2018-02-28 12:01:01,0.05222700,0.07300000
2018-02-28 12:01:01,0.05224200,0.04000000
2018-02-28 12:01:01,0.05225000,0.05700000
2018-02-28 12:01:02,0.05220600,0.10000000
2018-02-28 12:01:04,0.05220700,0.05900000
2018-02-28 12:01:05,0.05225000,0.17100000
2018-02-28 12:01:05,0.05225900,0.61000000
2018-02-28 12:01:05,0.05226000,0.15100000
2018-02-28 12:01:06,0.05226000,0.05800000
2018-02-28 12:01:09,0.05226400,0.47700000
2018-02-28 12:01:09,0.05226000,0.22800000
2018-02-28 12:01:09,0.05222100,0.05500000
2018-02-28 12:01:11,0.05226400,0.16300000
2018-02-28 12:01:11,0.05226400,0.13500000
2018-02-28 12:01:11,0.05227600,0.02900000
2018-02-28 12:01:11,0.05229800,0.16200000
2018-02-28 12:01:13,0.05222200,0.28000000
2018-02-28 12:01:14,0.05225000,2.36400000
2018-02-28 12:01:14,0.05225000,3.95000000
2018-02-28 12:01:15,0.05225000,0.62500000
2018-02-28 12:01:15,0.05225000,6.57300000
2018-02-28 12:01:16,0.05229500,0.06100000
2018-02-28 12:01:17,0.05229500,0.03700000
2018-02-28 12:01:17,0.05226000,0.16200000
2018-02-28 12:01:17,0.05229500,0.36500000
2018-02-28 12:01:18,0.05229500,0.27900000
2018-02-28 12:01:18,0.05229500,0.13000000
2018-02-28 12:01:18,0.05229800,0.74100000
2018-02-28 12:01:19,0.05229500,0.10000000
2018-02-28 12:01:20,0.05229500,0.08400000
2018-02-28 12:01:20,0.05229800,0.53100000
2018-02-28 12:01:20,0.05230000,0.07600000
2018-02-28 12:01:23,0.05231300,0.26500000
2018-02-28 12:01:23,0.05232900,0.01300000
2018-02-28 12:01:23,0.05232900,0.19400000
2018-02-28 12:01:23,0.05233100,0.06200000
2018-02-28 12:01:24,0.05233100,0.06400000
2018-02-28 12:01:24,0.05230000,2.26700000
2018-02-28 12:01:24,0.05229500,1.67100000
2018-02-28 12:01:24,0.05229500,4.80300000
2018-02-28 12:01:24,0.05233100,0.06700000
2018-02-28 12:01:24,0.05235000,0.02200000
2018-02-28 12:01:25,0.05235000,0.00900000
2018-02-28 12:01:25,0.05236400,0.67900000
2018-02-28 12:01:25,0.05239400,0.02300000
2018-02-28 12:01:25,0.05239800,0.04100000
2018-02-28 12:01:25,0.05240000,0.04700000
2018-02-28 12:01:25,0.05241600,0.38800000
2018-02-28 12:01:25,0.05244600,0.02000000
2018-02-28 12:01:25,0.05245000,1.84200000
2018-02-28 12:01:25,0.05249000,0.42000000
2018-02-28 12:01:25,0.05250000,0.55000000
2018-02-28 12:01:26,0.05233300,0.03000000
2018-02-28 12:01:26,0.05233300,0.04700000
2018-02-28 12:01:26,0.05233300,1.83600000
2018-02-28 12:01:26,0.05233100,1.03600000
2018-02-28 12:01:26,0.05243800,1.91300000
2018-02-28 12:01:26,0.05243900,0.37500000
2018-02-28 12:01:26,0.05244000,0.76900000
2018-02-28 12:01:26,0.05250000,48.88000000
2018-02-28 12:01:27,0.05250000,0.02900000
2018-02-28 12:01:27,0.05250000,0.20800000
2018-02-28 12:01:27,0.05250000,0.20900000
2018-02-28 12:01:28,0.05250000,0.05800000
2018-02-28 12:01:28,0.05250000,0.06700000
2018-02-28 12:01:29,0.05250000,0.06800000
2018-02-28 12:01:30,0.05250000,0.27300000
2018-02-28 12:01:30,0.05250000,0.87300000
2018-02-28 12:01:30,0.05251800,0.05900000
2018-02-28 12:01:31,0.05250000,1.36600000
2018-02-28 12:01:31,0.05250000,0.02200000
2018-02-28 12:01:32,0.05250000,3.66000000
2018-02-28 12:01:33,0.05251800,0.32500000
2018-02-28 12:01:33,0.05251900,1.35100000
2018-02-28 12:01:33,0.05251900,0.05600000
2018-02-28 12:01:34,0.05251900,0.02900000
2018-02-28 12:01:34,0.05252000,0.07800000
2018-02-28 12:01:35,0.05252000,0.07500000
2018-02-28 12:01:35,0.05252000,0.02900000
2018-02-28 12:01:35,0.05255500,0.06900000
2018-02-28 12:01:35,0.05259000,0.22900000
2018-02-28 12:01:35,0.05252000,0.09200000
2018-02-28 12:01:36,0.05251900,0.02900000
2018-02-28 12:01:37,0.05252000,0.19600000
2018-02-28 12:01:37,0.05252000,0.23600000
2018-02-28 12:01:38,0.05252000,0.10700000
2018-02-28 12:01:39,0.05258000,0.27400000
2018-02-28 12:01:39,0.05259000,1.78600000
2018-02-28 12:01:41,0.05252000,0.19800000
2018-02-28 12:01:42,0.05252000,1.14800000
2018-02-28 12:01:42,0.05252000,1.11500000
2018-02-28 12:01:43,0.05252000,5.52700000
2018-02-28 12:01:43,0.05258900,0.50400000
2018-02-28 12:01:43,0.05259000,1.75500000
2018-02-28 12:01:43,0.05259000,1.67300000
2018-02-28 12:01:44,0.05251900,0.07300000
2018-02-28 12:01:44,0.05251900,13.08900000
2018-02-28 12:01:44,0.05251900,4.02900000
2018-02-28 12:01:44,0.05251800,2.18200000
2018-02-28 12:01:44,0.05250000,11.67700000
2018-02-28 12:01:44,0.05250000,21.05600000
2018-02-28 12:01:44,0.05238800,0.02000000
2018-02-28 12:01:44,0.05235000,0.34400000
2018-02-28 12:01:45,0.05232800,0.14400000
2018-02-28 12:01:45,0.05232800,0.10600000
2018-02-28 12:01:45,0.05233000,0.65500000
2018-02-28 12:01:45,0.05259600,0.07000000
2018-02-28 12:01:45,0.05259600,0.13200000
2018-02-28 12:01:45,0.05252000,0.23200000
2018-02-28 12:01:46,0.05252000,0.09700000
2018-02-28 12:01:46,0.05252000,11.40900000
2018-02-28 12:01:46,0.05252000,0.04500000
2018-02-28 12:01:46,0.05252000,0.00900000
2018-02-28 12:01:46,0.05251800,0.14300000
2018-02-28 12:01:46,0.05233100,0.27300000
2018-02-28 12:01:46,0.05232900,0.37600000
2018-02-28 12:01:47,0.05249800,0.43400000
2018-02-28 12:01:47,0.05249800,0.22100000
2018-02-28 12:01:47,0.05249900,0.26100000
2018-02-28 12:01:47,0.05250000,6.40900000
2018-02-28 12:01:47,0.05250000,12.53200000
2018-02-28 12:01:47,0.05258000,1.43500000
2018-02-28 12:01:47,0.05234000,0.03700000
2018-02-28 12:01:47,0.05234000,0.04900000
2018-02-28 12:01:47,0.05234000,0.03900000
2018-02-28 12:01:47,0.05234200,0.04800000
2018-02-28 12:01:48,0.05234200,0.02900000
2018-02-28 12:01:48,0.05234200,0.13700000
2018-02-28 12:01:48,0.05234200,0.14500000
2018-02-28 12:01:48,0.05234200,0.12000000
2018-02-28 12:01:48,0.05234200,0.37000000
2018-02-28 12:01:48,0.05234200,0.10000000
2018-02-28 12:01:48,0.05234200,0.04900000
2018-02-28 12:01:48,0.05234200,0.14500000
2018-02-28 12:01:48,0.05234200,0.19500000
2018-02-28 12:01:48,0.05234200,0.02600000
2018-02-28 12:01:48,0.05249900,0.54600000
2018-02-28 12:01:48,0.05250000,1.06400000
2018-02-28 12:01:48,0.05234200,0.04300000
2018-02-28 12:01:48,0.05234200,0.50000000
2018-02-28 12:01:49,0.05248000,0.12500000
2018-02-28 12:01:49,0.05250000,2.61200000
2018-02-28 12:01:49,0.05234600,0.04400000
2018-02-28 12:01:49,0.05234600,0.02500000
2018-02-28 12:01:49,0.05250000,3.14800000
2018-02-28 12:01:49,0.05259700,0.85200000
2018-02-28 12:01:49,0.05234600,0.02600000
2018-02-28 12:01:49,0.05233000,0.04900000
2018-02-28 12:01:49,0.05233000,0.07100000
2018-02-28 12:01:49,0.05251900,0.27900000
2018-02-28 12:01:49,0.05251900,0.19500000
2018-02-28 12:01:49,0.05251900,0.18700000
2018-02-28 12:01:49,0.05251900,1.24700000
2018-02-28 12:01:49,0.05248900,0.31800000
2018-02-28 12:01:50,0.05248900,0.06300000
2018-02-28 12:01:50,0.05233100,0.06200000
2018-02-28 12:01:50,0.05232900,0.13200000
2018-02-28 12:01:50,0.05236000,0.02900000
2018-02-28 12:01:50,0.05236100,0.04700000
2018-02-28 12:01:50,0.05236100,0.03100000
2018-02-28 12:01:50,0.05236100,0.05600000
2018-02-28 12:01:50,0.05259500,0.12200000
2018-02-28 12:01:50,0.05236100,0.09700000
2018-02-28 12:01:50,0.05236200,0.05800000
2018-02-28 12:01:50,0.05236200,1.03600000
2018-02-28 12:01:50,0.05236200,0.04800000
2018-02-28 12:01:50,0.05236200,0.04700000
2018-02-28 12:01:50,0.05236200,0.07900000
2018-02-28 12:01:51,0.05236200,0.04800000
2018-02-28 12:01:51,0.05236200,0.02000000
2018-02-28 12:01:51,0.05236200,0.12500000
2018-02-28 12:01:51,0.05259400,0.05900000
2018-02-28 12:01:51,0.05252000,0.04900000
2018-02-28 12:01:51,0.05252000,0.05900000
2018-02-28 12:01:51,0.05252000,0.02900000
2018-02-28 12:01:51,0.05252000,0.09800000
2018-02-28 12:01:51,0.05252000,0.10000000
2018-02-28 12:01:51,0.05252000,0.13900000
2018-02-28 12:01:52,0.05252000,0.04900000
2018-02-28 12:01:52,0.05252000,0.04400000
2018-02-28 12:01:52,0.05252000,0.04900000
2018-02-28 12:01:52,0.05252000,0.06900000
2018-02-28 12:01:52,0.05238500,0.05800000
2018-02-28 12:01:52,0.05238500,0.03700000
2018-02-28 12:01:52,0.05238000,0.54500000
2018-02-28 12:01:53,0.05238000,0.19200000
2018-02-28 12:01:53,0.05238000,0.04100000
2018-02-28 12:01:53,0.05249700,1.78500000
2018-02-28 12:01:53,0.05249900,2.87200000
2018-02-28 12:01:53,0.05250000,7.18100000
2018-02-28 12:01:54,0.05238200,0.04800000
2018-02-28 12:01:54,0.05238200,0.05400000
2018-02-28 12:01:54,0.05249900,0.50100000
2018-02-28 12:01:54,0.05250000,0.29500000
2018-02-28 12:01:54,0.05252000,0.77800000
2018-02-28 12:01:54,0.05252000,0.03100000
2018-02-28 12:01:54,0.05252000,0.13600000
2018-02-28 12:01:55,0.05259100,0.10200000
2018-02-28 12:01:55,0.05259300,0.13000000
2018-02-28 12:01:56,0.05252000,0.30700000
2018-02-28 12:01:56,0.05252000,0.08700000
2018-02-28 12:01:56,0.05252000,11.63800000
2018-02-28 12:01:57,0.05248700,0.21000000
2018-02-28 12:01:59,0.05248700,0.13000000
2018-02-28 12:01:59,0.05251800,0.41000000
2018-02-28 12:02:00,0.05251800,1.05100000
2018-02-28 12:02:00,0.05251900,0.06200000
2018-02-28 12:02:00,0.05252000,1.82800000
2018-02-28 12:02:00,0.05248700,0.93400000
2018-02-28 12:02:00,0.05240100,0.05200000
2018-02-28 12:02:01,0.05240300,0.09700000
2018-02-28 12:02:02,0.05250000,0.11100000
2018-02-28 12:02:03,0.05251600,0.09700000
2018-02-28 12:02:03,0.05251800,0.11300000
2018-02-28 12:02:03,0.05250000,0.04900000
2018-02-28 12:02:03,0.05250100,0.15300000
2018-02-28 12:02:03,0.05250000,0.46200000
2018-02-28 12:02:03,0.05250000,0.06800000
2018-02-28 12:02:04,0.05251800,0.04800000
2018-02-28 12:02:04,0.05251800,0.02900000
2018-02-28 12:02:05,0.05250000,0.02600000
2018-02-28 12:02:06,0.05251800,0.09900000
2018-02-28 12:02:06,0.05250000,0.06600000
2018-02-28 12:02:07,0.05250000,0.06800000
2018-02-28 12:02:07,0.05250000,0.30300000
2018-02-28 12:02:07,0.05250000,0.02000000
2018-02-28 12:02:08,0.05250000,0.25800000
2018-02-28 12:02:09,0.05240000,0.04000000
2018-02-28 12:02:09,0.05249900,0.02800000
2018-02-28 12:02:10,0.05249900,0.02900000
2018-02-28 12:02:10,0.05235600,0.04900000
2018-02-28 12:02:10,0.05235600,1.85700000
2018-02-28 12:02:10,0.05249900,0.04400000
2018-02-28 12:02:11,0.05249900,0.03900000
2018-02-28 12:02:13,0.05249500,0.12900000
2018-02-28 12:02:13,0.05237000,0.09500000
2018-02-28 12:02:13,0.05235400,0.18900000
2018-02-28 12:02:15,0.05237000,1.84700000
2018-02-28 12:02:15,0.05235400,0.02900000
2018-02-28 12:02:17,0.05235000,0.04900000
2018-02-28 12:02:18,0.05235000,1.07100000
2018-02-28 12:02:18,0.05248300,1.73800000
2018-02-28 12:02:19,0.05235400,0.33600000
2018-02-28 12:02:21,0.05248700,0.05800000
2018-02-28 12:02:22,0.05248700,0.02100000
2018-02-28 12:02:22,0.05237900,0.02500000
2018-02-28 12:02:22,0.05237900,0.03700000
2018-02-28 12:02:23,0.05237900,0.48000000
2018-02-28 12:02:23,0.05248700,0.02900000
2018-02-28 12:02:24,0.05248700,0.08600000
2018-02-28 12:02:25,0.05238900,0.09500000
2018-02-28 12:02:25,0.05238900,0.19100000
2018-02-28 12:02:25,0.05248500,0.54200000
2018-02-28 12:02:25,0.05248700,0.14300000
2018-02-28 12:02:25,0.05248800,0.01500000
2018-02-28 12:02:26,0.05248800,0.07200000
2018-02-28 12:02:28,0.05248800,0.02900000
2018-02-28 12:02:28,0.05248700,0.09600000
2018-02-28 12:02:28,0.05248700,0.22200000
2018-02-28 12:02:28,0.05248800,0.06000000
2018-02-28 12:02:28,0.05248700,7.63100000
2018-02-28 12:02:28,0.05249000,0.77800000
2018-02-28 12:02:29,0.05249000,0.20600000
2018-02-28 12:02:30,0.05248700,0.27200000
2018-02-28 12:02:32,0.05249000,0.04000000
2018-02-28 12:02:33,0.05249000,0.02900000
2018-02-28 12:02:34,0.05249000,0.53000000
2018-02-28 12:02:34,0.05249000,2.24500000
2018-02-28 12:02:34,0.05248800,0.04000000
2018-02-28 12:02:34,0.05248700,2.90700000
2018-02-28 12:02:34,0.05249000,0.00200000
2018-02-28 12:02:34,0.05249800,0.22800000
2018-02-28 12:02:34,0.05249900,21.11900000
2018-02-28 12:02:34,0.05250000,9.58400000
2018-02-28 12:02:35,0.05251900,1.19900000
2018-02-28 12:02:36,0.05250100,0.03900000
2018-02-28 12:02:36,0.05250000,0.00500000
2018-02-28 12:02:39,0.05251900,0.00100000
2018-02-28 12:02:39,0.05252000,1.90300000
2018-02-28 12:02:39,0.05252000,0.97300000
2018-02-28 12:02:39,0.05251900,0.11000000
2018-02-28 12:02:39,0.05251800,0.19000000
2018-02-28 12:02:39,0.05250000,0.98600000
2018-02-28 12:02:40,0.05252000,0.30800000
2018-02-28 12:02:41,0.05252500,0.20600000
2018-02-28 12:02:41,0.05252500,0.97800000
2018-02-28 12:02:42,0.05252500,0.00200000
2018-02-28 12:02:42,0.05254000,0.25600000
2018-02-28 12:02:42,0.05259400,0.48100000
2018-02-28 12:02:42,0.05259400,0.34300000
2018-02-28 12:02:42,0.05252000,0.09100000
2018-02-28 12:02:44,0.05252000,0.62400000
2018-02-28 12:02:44,0.05252000,0.09700000
2018-02-28 12:02:44,0.05251900,0.03500000
2018-02-28 12:02:48,0.05251900,0.02400000
2018-02-28 12:02:50,0.05251900,0.00900000
2018-02-28 12:02:50,0.05259600,0.37500000
2018-02-28 12:02:50,0.05259700,2.95000000
2018-02-28 12:02:50,0.05259800,1.11900000
2018-02-28 12:02:50,0.05260000,5.61000000
2018-02-28 12:02:50,0.05260500,1.00000000
2018-02-28 12:02:50,0.05260600,0.86900000
2018-02-28 12:02:50,0.05252100,0.03900000
2018-02-28 12:02:50,0.05252100,1.86200000
2018-02-28 12:02:50,0.05251900,18.32900000
2018-02-28 12:02:51,0.05262800,1.90100000
2018-02-28 12:02:51,0.05263000,0.07300000
2018-02-28 12:02:51,0.05265000,7.38400000
2018-02-28 12:02:51,0.05265000,13.04200000
2018-02-28 12:02:51,0.05260500,0.19000000
2018-02-28 12:02:52,0.05267400,0.03700000
2018-02-28 12:02:52,0.05260500,0.16900000
2018-02-28 12:02:52,0.05267400,0.18100000
2018-02-28 12:02:53,0.05252300,0.08500000
2018-02-28 12:02:57,0.05253200,1.15300000
2018-02-28 12:02:58,0.05253200,0.14500000
2018-02-28 12:02:59,0.05265000,0.11200000
2018-02-28 12:03:02,0.05256500,0.66300000
2018-02-28 12:03:02,0.05256300,0.38000000
2018-02-28 12:03:02,0.05256000,0.09600000
2018-02-28 12:03:03,0.05267300,0.02000000
2018-02-28 12:03:05,0.05267000,0.32800000
2018-02-28 12:03:06,0.05256500,0.05300000
2018-02-28 12:03:06,0.05267000,2.07800000
2018-02-28 12:03:06,0.05267500,0.17300000
2018-02-28 12:03:06,0.05268400,0.08600000
2018-02-28 12:03:06,0.05268400,0.23400000
2018-02-28 12:03:07,0.05268500,0.06400000
2018-02-28 12:03:09,0.05270000,0.81500000
2018-02-28 12:03:09,0.05270200,1.01200000
2018-02-28 12:03:09,0.05270500,0.19300000
2018-02-28 12:03:09,0.05272000,0.98000000
2018-02-28 12:03:09,0.05271800,0.00100000
2018-02-28 12:03:09,0.05272500,0.16600000
2018-02-28 12:03:10,0.05268500,0.08500000
2018-02-28 12:03:11,0.05268500,0.00100000
2018-02-28 12:03:11,0.05268400,8.23400000
2018-02-28 12:03:11,0.05272500,0.20900000
2018-02-28 12:03:12,0.05268400,0.29600000
2018-02-28 12:03:12,0.05268400,0.09600000
2018-02-28 12:03:14,0.05272500,0.02000000
2018-02-28 12:03:15,0.05272500,0.14200000
2018-02-28 12:03:16,0.05272500,5.20600000
2018-02-28 12:03:16,0.05272500,0.18500000
2018-02-28 12:03:16,0.05277300,0.19600000
2018-02-28 12:03:17,0.05277300,0.11400000
2018-02-28 12:03:18,0.05268400,0.07400000
2018-02-28 12:03:19,0.05268500,0.38300000
2018-02-28 12:03:21,0.05272300,0.05300000
2018-02-28 12:03:21,0.05277300,0.24500000
2018-02-28 12:03:21,0.05277500,1.95200000
2018-02-28 12:03:21,0.05278900,0.08400000
2018-02-28 12:03:26,0.05278900,0.02900000
2018-02-28 12:03:26,0.05279100,0.07300000
2018-02-28 12:03:26,0.05280000,0.77500000
2018-02-28 12:03:27,0.05278900,0.19200000
2018-02-28 12:03:28,0.05280000,0.00200000
2018-02-28 12:03:28,0.05278900,0.09200000
2018-02-28 12:03:28,0.05278900,6.90800000
2018-02-28 12:03:29,0.05280000,1.35100000
2018-02-28 12:03:29,0.05279100,2.13000000
2018-02-28 12:03:30,0.05280000,0.01500000
2018-02-28 12:03:30,0.05280000,0.35500000
2018-02-28 12:03:30,0.05278900,0.07300000
2018-02-28 12:03:31,0.05269100,0.04700000
2018-02-28 12:03:33,0.05278900,0.48000000
2018-02-28 12:03:35,0.05279000,0.04700000
2018-02-28 12:03:35,0.05279100,0.04600000
2018-02-28 12:03:35,0.05280000,9.85400000
2018-02-28 12:03:35,0.05279000,0.19300000
2018-02-28 12:03:35,0.05278900,1.80700000
2018-02-28 12:03:36,0.05280000,3.58600000
2018-02-28 12:03:37,0.05284000,2.03700000
2018-02-28 12:03:37,0.05285000,0.98900000
2018-02-28 12:03:37,0.05286600,0.09800000
2018-02-28 12:03:37,0.05288000,0.50000000
2018-02-28 12:03:37,0.05288800,0.64700000
2018-02-28 12:03:37,0.05290000,4.78900000
2018-02-28 12:03:37,0.05291000,3.09600000
2018-02-28 12:03:37,0.05291800,0.58400000
2018-02-28 12:03:37,0.05292500,0.57200000
2018-02-28 12:03:37,0.05294800,0.15300000
2018-02-28 12:03:37,0.05295000,3.42300000
2018-02-28 12:03:37,0.05296300,0.97800000
2018-02-28 12:03:37,0.05296500,0.35100000
2018-02-28 12:03:37,0.05296600,0.93200000
2018-02-28 12:03:37,0.05296900,3.59300000
2018-02-28 12:03:37,0.05299000,3.13600000
2018-02-28 12:03:37,0.05299500,1.24700000
2018-02-28 12:03:37,0.05299800,0.18800000
2018-02-28 12:03:37,0.05299900,5.66000000
2018-02-28 12:03:37,0.05300000,13.76800000
2018-02-28 12:03:37,0.05280300,0.30500000
2018-02-28 12:03:38,0.05280500,0.04700000
2018-02-28 12:03:38,0.05280500,1.84400000
2018-02-28 12:03:38,0.05280300,0.60900000
2018-02-28 12:03:38,0.05280000,4.75700000
2018-02-28 12:03:38,0.05280000,0.04000000
2018-02-28 12:03:39,0.05297500,0.09200000
2018-02-28 12:03:39,0.05280200,0.37800000
2018-02-28 12:03:39,0.05280100,0.03000000
2018-02-28 12:03:40,0.05280200,0.55000000
2018-02-28 12:03:40,0.05280000,1.44900000
2018-02-28 12:03:41,0.05280000,0.04700000
2018-02-28 12:03:41,0.05282200,0.04100000
2018-02-28 12:03:42,0.05291400,1.79900000
2018-02-28 12:03:42,0.05291600,0.50000000
2018-02-28 12:03:42,0.05291900,0.55000000
2018-02-28 12:03:42,0.05292200,0.03000000
2018-02-28 12:03:42,0.05292500,0.91300000
2018-02-28 12:03:42,0.05298000,0.14800000
2018-02-28 12:03:42,0.05292700,0.37800000
2018-02-28 12:03:42,0.05298000,0.12800000
2018-02-28 12:03:43,0.05282400,0.73000000
2018-02-28 12:03:44,0.05282400,0.04100000
2018-02-28 12:03:44,0.05282400,0.19100000
2018-02-28 12:03:44,0.05282400,0.04700000
2018-02-28 12:03:44,0.05282400,0.88400000
2018-02-28 12:03:44,0.05282200,0.73000000
2018-02-28 12:03:44,0.05280200,0.26400000
2018-02-28 12:03:44,0.05280000,0.12200000
2018-02-28 12:03:46,0.05297100,1.89300000
2018-02-28 12:03:46,0.05297300,0.31300000
2018-02-28 12:03:46,0.05288000,0.34700000
2018-02-28 12:03:46,0.05297300,0.68700000
2018-02-28 12:03:46,0.05298000,2.82000000
2018-02-28 12:03:46,0.05298000,1.25000000
2018-02-28 12:03:46,0.05298000,3.81500000
2018-02-28 12:03:46,0.05298000,0.51700000
2018-02-28 12:03:46,0.05288000,0.12100000
2018-02-28 12:03:46,0.05280400,0.07800000
2018-02-28 12:03:47,0.05298000,0.09500000
2018-02-28 12:03:47,0.05280700,1.81100000
2018-02-28 12:03:47,0.05280500,0.37800000
2018-02-28 12:03:47,0.05280300,0.31300000
2018-02-28 12:03:47,0.05280200,3.30500000
2018-02-28 12:03:47,0.05280000,2.45300000
2018-02-28 12:03:49,0.05280300,0.37500000
2018-02-28 12:03:49,0.05280000,19.21700000
2018-02-28 12:03:49,0.05278900,1.19300000
2018-02-28 12:03:49,0.05271900,0.09700000
2018-02-28 12:03:49,0.05271000,0.05900000
2018-02-28 12:03:49,0.05270100,0.38000000
2018-02-28 12:03:49,0.05270000,4.31500000
2018-02-28 12:03:49,0.05281200,1.88900000
2018-02-28 12:03:49,0.05281400,0.04000000
2018-02-28 12:03:50,0.05281400,0.00300000
2018-02-28 12:03:50,0.05281400,0.27000000
2018-02-28 12:03:50,0.05282000,0.01600000
2018-02-28 12:03:50,0.05270200,0.05900000
2018-02-28 12:03:51,0.05270200,0.04700000
2018-02-28 12:03:51,0.05282000,0.02900000
2018-02-28 12:03:51,0.05282000,0.00200000
2018-02-28 12:03:51,0.05297100,13.29200000
2018-02-28 12:03:51,0.05297200,2.80500000
2018-02-28 12:03:51,0.05298000,3.57800000
2018-02-28 12:03:51,0.05299900,0.68200000
2018-02-28 12:03:51,0.05300000,3.92200000
2018-02-28 12:03:51,0.05270300,0.32500000
2018-02-28 12:03:51,0.05300000,0.73100000
2018-02-28 12:03:52,0.05299800,0.04900000
2018-02-28 12:03:53,0.05271800,0.03500000
2018-02-28 12:03:53,0.05271800,0.06800000
2018-02-28 12:03:53,0.05299700,0.43700000
2018-02-28 12:03:54,0.05274200,0.04700000
2018-02-28 12:03:55,0.05299600,0.38400000
2018-02-28 12:03:55,0.05299700,0.06300000
2018-02-28 12:03:55,0.05299800,0.32900000
2018-02-28 12:03:55,0.05299900,0.38000000
2018-02-28 12:03:55,0.05300000,4.86200000
2018-02-28 12:03:55,0.05274900,0.10600000
2018-02-28 12:03:56,0.05300000,11.99100000
2018-02-28 12:03:56,0.05275100,0.11500000
2018-02-28 12:03:56,0.05275100,0.19500000
2018-02-28 12:03:56,0.05275200,0.37900000
2018-02-28 12:03:56,0.05275100,1.37600000
2018-02-28 12:03:56,0.05274900,0.14600000
2018-02-28 12:03:56,0.05290000,2.90300000
2018-02-28 12:03:57,0.05276000,1.90100000
2018-02-28 12:03:57,0.05276000,0.04700000
2018-02-28 12:03:58,0.05276100,0.04800000
2018-02-28 12:03:58,0.05289800,0.98900000
2018-02-28 12:03:59,0.05287800,0.95300000
2018-02-28 12:03:59,0.05287900,0.37900000
2018-02-28 12:03:59,0.05288000,0.14700000
2018-02-28 12:03:59,0.05276400,1.02800000
2018-02-28 12:03:59,0.05275200,1.89500000
2018-02-28 12:03:59,0.05275100,1.32600000
2018-02-28 12:03:59,0.05275100,0.34600000
2018-02-28 12:04:00,0.05275100,0.18800000
2018-02-28 12:04:00,0.05274900,0.23400000
2018-02-28 12:04:00,0.05274900,1.66100000
2018-02-28 12:04:00,0.05275100,0.21700000
2018-02-28 12:04:01,0.05276300,0.04700000
2018-02-28 12:04:02,0.05287900,0.04400000
2018-02-28 12:04:02,0.05287900,0.33600000
2018-02-28 12:04:03,0.05288000,0.06600000
2018-02-28 12:04:03,0.05288000,0.02900000
2018-02-28 12:04:03,0.05288000,0.69900000
2018-02-28 12:04:03,0.05288000,4.67200000
2018-02-28 12:04:04,0.05280000,0.04700000
2018-02-28 12:04:06,0.05289500,0.04700000
2018-02-28 12:04:06,0.05289700,0.00700000
2018-02-28 12:04:06,0.05280000,0.19500000
2018-02-28 12:04:07,0.05280000,0.19500000
2018-02-28 12:04:07,0.05280000,0.04700000
2018-02-28 12:04:08,0.05288000,0.36700000
2018-02-28 12:04:09,0.05280000,0.21900000
2018-02-28 12:04:10,0.05288000,1.43400000
2018-02-28 12:04:10,0.05289700,0.09000000
2018-02-28 12:04:10,0.05290000,5.58600000
2018-02-28 12:04:10,0.05299200,0.30500000
2018-02-28 12:04:10,0.05300000,0.55900000
2018-02-28 12:04:10,0.05280300,0.04700000
2018-02-28 12:04:10,0.05299200,0.02000000
2018-02-28 12:04:10,0.05300000,0.09200000
2018-02-28 12:04:10,0.05299200,0.26500000
2018-02-28 12:04:13,0.05285100,0.27700000
2018-02-28 12:04:13,0.05285100,0.04700000
2018-02-28 12:04:13,0.05285100,0.00200000
2018-02-28 12:04:14,0.05299100,0.02200000
2018-02-28 12:04:15,0.05299000,0.37300000
2018-02-28 12:04:15,0.05299200,0.28500000
2018-02-28 12:04:15,0.05299800,1.24900000
2018-02-28 12:04:15,0.05289700,0.10000000
2018-02-28 12:04:16,0.05299800,0.64500000
2018-02-28 12:04:16,0.05289700,0.17300000
2018-02-28 12:04:16,0.05289700,0.04700000
2018-02-28 12:04:16,0.05289700,0.10800000
2018-02-28 12:04:16,0.05299800,0.00600000
2018-02-28 12:04:17,0.05299800,0.24500000
2018-02-28 12:04:18,0.05299800,0.26300000
2018-02-28 12:04:18,0.05289700,0.04700000
2018-02-28 12:04:19,0.05299800,0.94700000
2018-02-28 12:04:19,0.05299800,0.51300000
2018-02-28 12:04:19,0.05299800,0.00100000
2018-02-28 12:04:20,0.05299800,1.60000000
2018-02-28 12:04:21,0.05299800,1.90600000
2018-02-28 12:04:21,0.05289700,0.04700000
2018-02-28 12:04:22,0.05299700,0.02400000
2018-02-28 12:04:23,0.05299700,0.06100000
2018-02-28 12:04:23,0.05289700,0.12200000
2018-02-28 12:04:25,0.05289700,0.04700000
2018-02-28 12:04:25,0.05289700,0.17300000
2018-02-28 12:04:26,0.05299000,0.69200000
2018-02-28 12:04:26,0.05289800,0.08000000
2018-02-28 12:04:26,0.05285500,0.37800000
2018-02-28 12:04:26,0.05284600,0.37400000
2018-02-28 12:04:26,0.05282000,2.40200000
2018-02-28 12:04:26,0.05282000,1.83100000
2018-02-28 12:04:26,0.05282000,1.05300000
2018-02-28 12:04:26,0.05282000,0.37100000
2018-02-28 12:04:27,0.05280500,0.04700000
2018-02-28 12:04:28,0.05285700,0.45300000
2018-02-28 12:04:28,0.05298800,0.05100000
2018-02-28 12:04:28,0.05298800,0.11400000
2018-02-28 12:04:29,0.05289700,1.41100000
2018-02-28 12:04:29,0.05296000,1.15100000
2018-02-28 12:04:29,0.05296000,0.01500000
2018-02-28 12:04:30,0.05285700,0.17000000
2018-02-28 12:04:30,0.05285700,0.02000000
2018-02-28 12:04:31,0.05281300,0.35400000
2018-02-28 12:04:31,0.05295900,0.03700000
2018-02-28 12:04:32,0.05284800,1.24600000
2018-02-28 12:04:32,0.05284800,0.29300000
2018-02-28 12:04:32,0.05295900,0.12500000
2018-02-28 12:04:33,0.05295700,0.99500000
2018-02-28 12:04:33,0.05284600,5.00000000
2018-02-28 12:04:34,0.05284900,0.04100000
2018-02-28 12:04:35,0.05291800,0.02900000
2018-02-28 12:04:35,0.05291800,0.86900000
2018-02-28 12:04:35,0.05292000,1.83400000
2018-02-28 12:04:35,0.05295000,12.94200000
2018-02-28 12:04:35,0.05295700,1.02800000
2018-02-28 12:04:35,0.05295900,0.08800000
2018-02-28 12:04:35,0.05297100,5.00000000
2018-02-28 12:04:35,0.05299000,9.20800000
2018-02-28 12:04:35,0.05299700,0.03700000
2018-02-28 12:04:35,0.05299800,0.39100000
2018-02-28 12:04:35,0.05300000,1.85600000
2018-02-28 12:04:35,0.05300000,0.00100000
2018-02-28 12:04:35,0.05280700,0.20200000
2018-02-28 12:04:35,0.05280600,0.02200000
2018-02-28 12:04:35,0.05280500,3.86200000
2018-02-28 12:04:35,0.05280200,4.36700000
2018-02-28 12:04:35,0.05280000,1.14600000
2018-02-28 12:04:35,0.05300000,0.00400000
2018-02-28 12:04:36,0.05285100,0.02400000
2018-02-28 12:04:36,0.05284600,0.18800000
2018-02-28 12:04:36,0.05284600,0.52600000
2018-02-28 12:04:36,0.05284600,0.20600000
2018-02-28 12:04:37,0.05285000,0.40800000
2018-02-28 12:04:37,0.05284700,0.17500000
2018-02-28 12:04:38,0.05280700,0.32400000
2018-02-28 12:04:39,0.05280700,0.96300000
2018-02-28 12:04:39,0.05280700,0.18900000
2018-02-28 12:04:40,0.05280700,0.09500000
2018-02-28 12:04:43,0.05280500,0.05700000
2018-02-28 12:04:43,0.05280200,0.94100000
2018-02-28 12:04:44,0.05280700,0.04000000
2018-02-28 12:04:44,0.05280700,0.00200000
2018-02-28 12:04:44,0.05280200,0.99800000
2018-02-28 12:04:50,0.05280200,0.00200000
2018-02-28 12:04:51,0.05280700,0.18400000
2018-02-28 12:04:52,0.05280700,0.29400000
2018-02-28 12:04:52,0.05280700,0.18400000
2018-02-28 12:04:54,0.05280200,1.26800000
2018-02-28 12:04:55,0.05280700,0.02200000
2018-02-28 12:04:56,0.05280700,0.06400000
2018-02-28 12:04:56,0.05280200,0.75800000
2018-02-28 12:04:57,0.05280200,0.77100000
2018-02-28 12:04:58,0.05280200,1.95700000
2018-02-28 12:04:59,0.05280200,2.53400000
2018-02-28 12:05:00,0.05280000,0.11200000
2018-02-28 12:05:01,0.05280000,0.24200000
2018-02-28 12:05:01,0.05278900,0.01600000
2018-02-28 12:05:02,0.05278900,0.60700000
2018-02-28 12:05:02,0.05275100,0.72700000
2018-02-28 12:05:02,0.05274900,0.18600000
2018-02-28 12:05:02,0.05274800,0.04700000
2018-02-28 12:05:02,0.05273800,0.10300000
2018-02-28 12:05:02,0.05270500,0.38000000
2018-02-28 12:05:02,0.05270400,8.80100000
2018-02-28 12:05:02,0.05270000,0.61200000
2018-02-28 12:05:02,0.05270000,0.06800000
2018-02-28 12:05:02,0.05268500,0.88800000
2018-02-28 12:05:02,0.05268400,1.25000000
2018-02-28 12:05:03,0.05276400,0.02900000
2018-02-28 12:05:03,0.05276400,0.17100000
2018-02-28 12:05:03,0.05280000,9.72900000
2018-02-28 12:05:03,0.05270600,0.15100000
2018-02-28 12:05:03,0.05268600,0.97900000
2018-02-28 12:05:04,0.05269400,0.02200000
2018-02-28 12:05:04,0.05269400,0.10000000
2018-02-28 12:05:05,0.05269400,0.06800000
2018-02-28 12:05:05,0.05269400,0.02000000
2018-02-28 12:05:05,0.05279900,0.29200000
2018-02-28 12:05:06,0.05279700,0.37800000
2018-02-28 12:05:06,0.05270400,0.20900000
2018-02-28 12:05:06,0.05270400,0.04300000
2018-02-28 12:05:07,0.05270400,0.18200000
2018-02-28 12:05:07,0.05269300,0.09000000
2018-02-28 12:05:07,0.05279700,0.20300000
2018-02-28 12:05:08,0.05271300,0.18900000
2018-02-28 12:05:08,0.05269300,0.11900000
2018-02-28 12:05:08,0.05269200,0.28300000
2018-02-28 12:05:08,0.05268400,12.98200000
2018-02-28 12:05:08,0.05266900,0.02000000
2018-02-28 12:05:08,0.05265500,0.19800000
2018-02-28 12:05:10,0.05274200,0.25000000
2018-02-28 12:05:10,0.05274200,0.02900000
2018-02-28 12:05:10,0.05274200,0.32900000
2018-02-28 12:05:10,0.05274400,0.00800000
2018-02-28 12:05:10,0.05268400,20.70200000
2018-02-28 12:05:10,0.05274400,0.15800000
2018-02-28 12:05:10,0.05274400,0.02400000
2018-02-28 12:05:10,0.05276000,0.11900000
2018-02-28 12:05:10,0.05278900,0.63700000
2018-02-28 12:05:11,0.05266500,0.03500000
2018-02-28 12:05:12,0.05270400,0.18900000
2018-02-28 12:05:12,0.05270400,0.68000000
2018-02-28 12:05:12,0.05266700,0.02900000
2018-02-28 12:05:12,0.05266600,0.07400000
2018-02-28 12:05:13,0.05266600,1.82000000
2018-02-28 12:05:13,0.05266400,0.06600000
2018-02-28 12:05:14,0.05278500,0.02900000
2018-02-28 12:05:14,0.05270000,0.05000000
2018-02-28 12:05:14,0.05270000,1.62100000
2018-02-28 12:05:15,0.05270800,0.09400000
2018-02-28 12:05:15,0.05270400,0.10000000
2018-02-28 12:05:16,0.05270400,0.04300000
2018-02-28 12:05:18,0.05278500,0.23200000
2018-02-28 12:05:18,0.05278500,0.32700000
2018-02-28 12:05:18,0.05270400,0.04800000
2018-02-28 12:05:19,0.05278500,0.24900000
2018-02-28 12:05:19,0.05271200,0.09400000
2018-02-28 12:05:19,0.05270400,0.20600000
2018-02-28 12:05:20,0.05278500,1.09200000
2018-02-28 12:05:20,0.05278700,0.17500000
2018-02-28 12:05:20,0.05278900,1.36600000
2018-02-28 12:05:20,0.05279700,1.52300000
2018-02-28 12:05:20,0.05270400,0.05800000
2018-02-28 12:05:20,0.05270400,0.19400000
2018-02-28 12:05:21,0.05271200,0.09400000
2018-02-28 12:05:21,0.05270400,0.00200000
2018-02-28 12:05:21,0.05271300,0.15100000
2018-02-28 12:05:21,0.05270400,0.37000000
2018-02-28 12:05:21,0.05270400,0.14300000
2018-02-28 12:05:21,0.05270400,0.14400000
2018-02-28 12:05:21,0.05270400,0.04500000
2018-02-28 12:05:21,0.05270400,0.03400000
2018-02-28 12:05:21,0.05270400,0.11200000
2018-02-28 12:05:22,0.05274400,2.23000000
2018-02-28 12:05:22,0.05270200,0.38600000
2018-02-28 12:05:23,0.05270200,1.27000000
2018-02-28 12:05:23,0.05269400,1.20400000
2018-02-28 12:05:23,0.05270400,0.18800000
2018-02-28 12:05:23,0.05270400,0.51500000
2018-02-28 12:05:23,0.05279700,0.02800000
2018-02-28 12:05:24,0.05279700,4.58000000
2018-02-28 12:05:24,0.05269400,0.96800000
2018-02-28 12:05:26,0.05270400,0.29500000
2018-02-28 12:05:26,0.05279400,2.51400000
2018-02-28 12:05:26,0.05279600,0.04600000
2018-02-28 12:05:26,0.05279700,1.82800000
2018-02-28 12:05:28,0.05279600,0.70000000
2018-02-28 12:05:28,0.05279700,0.75200000
2018-02-28 12:05:29,0.05270400,0.26600000
2018-02-28 12:05:29,0.05269400,0.05800000
2018-02-28 12:05:29,0.05269400,1.29600000
2018-02-28 12:05:29,0.05269100,0.32100000
2018-02-28 12:05:29,0.05265500,0.01000000
2018-02-28 12:05:31,0.05270400,0.11500000
2018-02-28 12:05:31,0.05265500,4.84200000
2018-02-28 12:05:31,0.05265000,0.98700000
2018-02-28 12:05:31,0.05261100,0.05700000
2018-02-28 12:05:31,0.05260000,0.38700000
2018-02-28 12:05:31,0.05259000,0.29200000
2018-02-28 12:05:31,0.05257700,0.29400000
2018-02-28 12:05:31,0.05256300,0.04500000
2018-02-28 12:05:31,0.05256000,0.02100000
2018-02-28 12:05:31,0.05255000,0.32300000
2018-02-28 12:05:31,0.05254800,0.05900000
2018-02-28 12:05:31,0.05254200,0.02000000
2018-02-28 12:05:31,0.05253800,0.09400000
2018-02-28 12:05:31,0.05252700,5.00000000
2018-02-28 12:05:31,0.05252000,0.02000000
2018-02-28 12:05:31,0.05250300,0.33600000
2018-02-28 12:05:31,0.05250100,0.54700000
2018-02-28 12:05:31,0.05250000,0.23300000
2018-02-28 12:05:31,0.05248700,0.30400000
2018-02-28 12:05:31,0.05250000,24.64200000
2018-02-28 12:05:32,0.05279500,0.14100000
2018-02-28 12:05:32,0.05250600,0.44600000
2018-02-28 12:05:32,0.05250500,14.35400000
2018-02-28 12:05:32,0.05250200,0.30300000
2018-02-28 12:05:32,0.05250100,4.09300000
2018-02-28 12:05:32,0.05249700,2.50500000
2018-02-28 12:05:32,0.05249600,1.80400000
2018-02-28 12:05:32,0.05249100,0.30300000
2018-02-28 12:05:32,0.05249000,2.87200000
2018-02-28 12:05:32,0.05248800,3.01600000
2018-02-28 12:05:32,0.05248700,2.53700000
2018-02-28 12:05:32,0.05261100,1.90000000
2018-02-28 12:05:32,0.05261100,4.10100000
2018-02-28 12:05:32,0.05269400,3.06300000
2018-02-28 12:05:33,0.05269300,0.30300000
2018-02-28 12:05:33,0.05269200,0.30300000
2018-02-28 12:05:33,0.05251200,0.09800000
2018-02-28 12:05:34,0.05251800,0.04300000
2018-02-28 12:05:34,0.05251700,0.05500000
2018-02-28 12:05:34,0.05265500,9.30100000
2018-02-28 12:05:35,0.05265500,0.09800000
2018-02-28 12:05:35,0.05265500,0.23000000
2018-02-28 12:05:35,0.05265700,0.19200000
2018-02-28 12:05:36,0.05265700,1.65400000
2018-02-28 12:05:36,0.05265500,4.32400000
2018-02-28 12:05:37,0.05274800,0.02900000
2018-02-28 12:05:37,0.05274500,1.87200000
2018-02-28 12:05:38,0.05265500,0.50000000
2018-02-28 12:05:38,0.05271800,3.81100000
2018-02-28 12:05:39,0.05265600,0.13200000
2018-02-28 12:05:40,0.05265700,0.10500000
2018-02-28 12:05:40,0.05265600,0.02800000
2018-02-28 12:05:40,0.05271400,2.51600000
2018-02-28 12:05:40,0.05271500,0.50000000
2018-02-28 12:05:40,0.05271600,0.89400000
2018-02-28 12:05:40,0.05271700,0.30200000
2018-02-28 12:05:40,0.05271700,0.00100000
2018-02-28 12:05:40,0.05271500,0.02800000
2018-02-28 12:05:42,0.05270000,1.91900000
2018-02-28 12:05:42,0.05270000,9.24100000
2018-02-28 12:05:42,0.05271500,2.84400000
2018-02-28 12:05:43,0.05271500,1.50500000
2018-02-28 12:05:43,0.05267700,0.18900000
2018-02-28 12:05:43,0.05265600,0.03000000
2018-02-28 12:05:43,0.05265500,1.21400000
2018-02-28 12:05:43,0.05274800,0.07500000
2018-02-28 12:05:43,0.05274800,0.03200000
2018-02-28 12:05:43,0.05271700,0.16200000
2018-02-28 12:05:43,0.05274800,0.19300000
2018-02-28 12:05:44,0.05274800,1.11000000
2018-02-28 12:05:44,0.05275000,3.97000000
2018-02-28 12:05:44,0.05275000,0.02800000
2018-02-28 12:05:46,0.05275000,0.47100000
2018-02-28 12:05:48,0.05274900,5.00000000
2018-02-28 12:05:48,0.05275000,1.28500000
2018-02-28 12:05:50,0.05274900,0.02000000
2018-02-28 12:05:50,0.05267200,0.09400000
2018-02-28 12:05:50,0.05266400,0.09400000
2018-02-28 12:05:50,0.05265500,1.58100000
2018-02-28 12:05:52,0.05274800,0.09400000
2018-02-28 12:05:52,0.05274900,0.85700000
2018-02-28 12:05:53,0.05274900,2.36100000
2018-02-28 12:05:56,0.05268600,0.09400000
2018-02-28 12:05:56,0.05267900,0.09400000
2018-02-28 12:05:56,0.05267900,0.36700000
2018-02-28 12:05:56,0.05267900,0.18900000
2018-02-28 12:05:56,0.05267900,0.11600000
2018-02-28 12:05:56,0.05265600,0.18900000
2018-02-28 12:05:57,0.05274900,1.89900000
2018-02-28 12:05:57,0.05274900,2.07200000
2018-02-28 12:05:58,0.05274900,0.39100000
2018-02-28 12:05:59,0.05275000,0.02900000
2018-02-28 12:05:59,0.05275000,1.13000000
2018-02-28 12:05:59,0.05269200,0.04900000
2018-02-28 12:05:59,0.05275000,3.78900000
2018-02-28 12:05:59,0.05275000,0.50000000
2018-02-28 12:06:01,0.05275000,1.89100000
2018-02-28 12:06:02,0.05274900,1.89700000
2018-02-28 12:06:02,0.05274900,0.84700000
2018-02-28 12:06:07,0.05269200,0.02000000
2018-02-28 12:06:09,0.05274900,0.26600000
2018-02-28 12:06:10,0.05274900,0.21600000
2018-02-28 12:06:11,0.05269200,0.09500000
2018-02-28 12:06:12,0.05269200,0.35200000
2018-02-28 12:06:13,0.05274900,0.03300000
2018-02-28 12:06:13,0.05275000,0.12100000
2018-02-28 12:06:14,0.05275000,0.02900000
2018-02-28 12:06:14,0.05275000,0.27700000
2018-02-28 12:06:14,0.05275000,0.66100000
2018-02-28 12:06:14,0.05276900,0.27600000
2018-02-28 12:06:21,0.05276000,0.07500000
2018-02-28 12:06:21,0.05269900,0.09000000
2018-02-28 12:06:21,0.05269200,1.14700000
2018-02-28 12:06:22,0.05269200,0.36100000
2018-02-28 12:06:22,0.05276000,0.35100000
2018-02-28 12:06:22,0.05276000,0.18800000
2018-02-28 12:06:23,0.05276000,0.18700000
2018-02-28 12:06:23,0.05276900,0.40500000
2018-02-28 12:06:23,0.05269200,0.85400000
2018-02-28 12:06:27,0.05275000,0.37800000
2018-02-28 12:06:27,0.05275000,0.63100000
2018-02-28 12:06:28,0.05275000,0.02100000
2018-02-28 12:06:29,0.05275000,0.57700000
2018-02-28 12:06:29,0.05269300,0.37800000
2018-02-28 12:06:29,0.05269200,8.79000000
2018-02-28 12:06:29,0.05269200,13.70300000
2018-02-28 12:06:30,0.05269300,0.07800000
2018-02-28 12:06:30,0.05269300,0.18900000
2018-02-28 12:06:30,0.05269300,0.18800000
2018-02-28 12:06:30,0.05269300,0.03600000
2018-02-28 12:06:31,0.05275000,1.55400000
2018-02-28 12:06:32,0.05275000,1.89700000
2018-02-28 12:06:32,0.05275000,2.41100000
2018-02-28 12:06:37,0.05274900,1.66700000
2018-02-28 12:06:37,0.05274900,0.12000000
2018-02-28 12:06:38,0.05274900,0.13000000
2018-02-28 12:06:38,0.05274900,1.46300000
2018-02-28 12:06:38,0.05269600,0.15400000
2018-02-28 12:06:38,0.05269500,0.22400000
2018-02-28 12:06:38,0.05267900,0.53200000
2018-02-28 12:06:38,0.05265800,1.75700000
2018-02-28 12:06:38,0.05265600,1.28300000
2018-02-28 12:06:39,0.05274800,0.23400000
2018-02-28 12:06:40,0.05274800,0.05500000
2018-02-28 12:06:41,0.05274800,0.20900000
2018-02-28 12:06:44,0.05268000,0.45100000
2018-02-28 12:06:45,0.05274900,0.28800000
2018-02-28 12:06:45,0.05275000,0.04600000
2018-02-28 12:06:45,0.05275000,1.89700000
2018-02-28 12:06:45,0.05275000,2.73700000
2018-02-28 12:06:46,0.05275000,2.58800000
2018-02-28 12:06:47,0.05275000,1.89700000
2018-02-28 12:06:47,0.05275000,0.70500000
2018-02-28 12:06:48,0.05275000,1.82400000
2018-02-28 12:06:48,0.05275000,0.00100000
2018-02-28 12:06:48,0.05276900,0.23900000
2018-02-28 12:06:48,0.05275000,0.55800000
2018-02-28 12:06:49,0.05275000,0.19000000
2018-02-28 12:06:51,0.05275000,1.12000000
2018-02-28 12:06:52,0.05275100,0.63100000
2018-02-28 12:06:53,0.05276900,2.25600000
2018-02-28 12:06:59,0.05275000,4.37800000
2018-02-28 12:07:01,0.05275000,1.42300000
2018-02-28 12:07:05,0.05275000,0.02900000
2018-02-28 12:07:08,0.05275000,0.38000000
2018-02-28 12:07:08,0.05270000,0.09400000
2018-02-28 12:07:08,0.05269500,0.45200000
2018-02-28 12:07:08,0.05275000,0.02000000
2018-02-28 12:07:10,0.05275000,1.38600000
2018-02-28 12:07:10,0.05270000,0.61200000
2018-02-28 12:07:15,0.05269500,0.03400000
2018-02-28 12:07:17,0.05275000,0.11700000
2018-02-28 12:07:17,0.05275000,0.06400000
2018-02-28 12:07:18,0.05275000,0.88000000
2018-02-28 12:07:18,0.05270000,8.22300000
2018-02-28 12:07:19,0.05275000,0.02900000
2018-02-28 12:07:20,0.05275000,0.37700000
2018-02-28 12:07:26,0.05275000,0.02900000
2018-02-28 12:07:26,0.05275000,0.03600000
2018-02-28 12:07:26,0.05275000,0.87500000
2018-02-28 12:07:27,0.05275000,0.19800000
2018-02-28 12:07:28,0.05275000,0.04700000
2018-02-28 12:07:29,0.05275000,1.89700000
2018-02-28 12:07:29,0.05275000,3.00400000
2018-02-28 12:07:30,0.05275000,0.02900000
2018-02-28 12:07:33,0.05275000,0.56000000
2018-02-28 12:07:33,0.05275000,0.02900000
2018-02-28 12:07:33,0.05275000,0.39400000
2018-02-28 12:07:34,0.05275000,1.89700000
2018-02-28 12:07:34,0.05275000,2.60400000
2018-02-28 12:07:35,0.05275000,0.11200000
2018-02-28 12:07:35,0.05275000,1.89700000
2018-02-28 12:07:35,0.05275000,2.62000000
2018-02-28 12:07:38,0.05275000,0.02900000
2018-02-28 12:07:38,0.05275000,0.04800000
2018-02-28 12:07:38,0.05270200,0.29700000
2018-02-28 12:07:39,0.05274900,0.02900000
2018-02-28 12:07:39,0.05274900,1.30800000
2018-02-28 12:07:43,0.05274900,0.20500000
2018-02-28 12:07:43,0.05274900,0.06600000
2018-02-28 12:07:44,0.05274900,0.39400000
2018-02-28 12:07:44,0.05274900,1.35400000
2018-02-28 12:07:44,0.05274900,2.42100000
2018-02-28 12:07:44,0.05275000,1.00000000
2018-02-28 12:07:48,0.05277000,0.55700000
2018-02-28 12:07:48,0.05274800,0.05100000
2018-02-28 12:07:48,0.05277000,2.12700000
2018-02-28 12:07:49,0.05275000,0.28500000
2018-02-28 12:07:50,0.05279900,0.20300000
2018-02-28 12:07:50,0.05279900,0.05400000
2018-02-28 12:07:50,0.05279900,0.19600000
2018-02-28 12:07:51,0.05280000,0.05600000
2018-02-28 12:07:51,0.05280000,0.11300000
2018-02-28 12:07:51,0.05280000,0.26400000
2018-02-28 12:07:51,0.05280000,0.63100000
2018-02-28 12:07:51,0.05280000,0.92500000
2018-02-28 12:07:52,0.05280000,1.89500000
2018-02-28 12:07:52,0.05280000,1.56400000
2018-02-28 12:07:54,0.05280000,0.02900000
2018-02-28 12:07:55,0.05273600,0.50000000
2018-02-28 12:07:55,0.05273500,0.05400000
2018-02-28 12:07:55,0.05270500,1.76400000
2018-02-28 12:07:55,0.05279900,0.50000000
2018-02-28 12:07:55,0.05280000,1.50900000
2018-02-28 12:07:56,0.05280200,0.04700000
2018-02-28 12:07:56,0.05280000,1.81000000
2018-02-28 12:07:56,0.05280000,0.50000000
2018-02-28 12:07:57,0.05279900,0.50000000
2018-02-28 12:07:57,0.05280000,0.64100000
2018-02-28 12:07:57,0.05280000,0.63100000
2018-02-28 12:08:00,0.05280000,0.02100000
2018-02-28 12:08:00,0.05280000,0.05600000
2018-02-28 12:08:00,0.05280000,0.12900000
2018-02-28 12:08:01,0.05280200,1.00800000
2018-02-28 12:08:02,0.05280500,0.23000000
2018-02-28 12:08:02,0.05280500,0.11800000
2018-02-28 12:08:02,0.05280500,0.00200000
2018-02-28 12:08:03,0.05281100,0.15300000
2018-02-28 12:08:04,0.05281100,0.00200000
2018-02-28 12:08:04,0.05284000,0.25700000
2018-02-28 12:08:04,0.05289400,0.07700000
2018-02-28 12:08:05,0.05289400,0.50700000
2018-02-28 12:08:06,0.05289400,0.26900000
2018-02-28 12:08:06,0.05289500,1.58100000
2018-02-28 12:08:07,0.05280200,0.12800000
2018-02-28 12:08:08,0.05289500,0.10200000
2018-02-28 12:08:09,0.05289800,0.37200000
2018-02-28 12:08:09,0.05289800,0.14800000
2018-02-28 12:08:09,0.05289900,0.04500000
2018-02-28 12:08:09,0.05290000,6.59500000
2018-02-28 12:08:09,0.05291000,9.89000000
2018-02-28 12:08:09,0.05295000,0.02400000
2018-02-28 12:08:09,0.05298800,0.38000000
2018-02-28 12:08:09,0.05298900,0.66200000
2018-02-28 12:08:11,0.05289900,1.63700000
2018-02-28 12:08:11,0.05298900,0.13100000
2018-02-28 12:08:11,0.05298900,1.36200000
2018-02-28 12:08:11,0.05299000,0.02300000
2018-02-28 12:08:12,0.05299000,0.36300000
2018-02-28 12:08:14,0.05299000,0.03000000
2018-02-28 12:08:15,0.05299000,1.61600000
2018-02-28 12:08:16,0.05299000,0.41400000
2018-02-28 12:08:17,0.05299000,0.35100000
2018-02-28 12:08:22,0.05299000,1.98300000
2018-02-28 12:08:23,0.05299000,13.89500000
2018-02-28 12:08:23,0.05299000,0.97600000
2018-02-28 12:08:23,0.05298900,0.04700000
2018-02-28 12:08:24,0.05299000,0.47400000
2018-02-28 12:08:24,0.05299000,0.06400000
2018-02-28 12:08:25,0.05298900,3.88700000
2018-02-28 12:08:26,0.05298900,1.49300000
2018-02-28 12:08:26,0.05299000,14.09000000
2018-02-28 12:08:26,0.05299000,2.96700000
2018-02-28 12:08:26,0.05299000,3.04300000
2018-02-28 12:08:26,0.05290000,0.04700000
2018-02-28 12:08:27,0.05299000,0.61000000
2018-02-28 12:08:27,0.05299000,1.31400000
2018-02-28 12:08:27,0.05299800,0.29400000
2018-02-28 12:08:27,0.05299900,14.02000000
2018-02-28 12:08:27,0.05299000,0.09000000
2018-02-28 12:08:28,0.05299000,0.02500000
2018-02-28 12:08:28,0.05299900,0.45500000
2018-02-28 12:08:29,0.05299000,0.02100000
2018-02-28 12:08:29,0.05299900,5.05500000
2018-02-28 12:08:29,0.05299900,0.05700000
2018-02-28 12:08:29,0.05299900,0.03500000
2018-02-28 12:08:30,0.05299000,0.04700000
2018-02-28 12:08:30,0.05299000,1.96500000
2018-02-28 12:08:30,0.05299000,2.15800000
2018-02-28 12:08:32,0.05299900,0.09500000
2018-02-28 12:08:33,0.05299900,0.42500000
2018-02-28 12:08:33,0.05299000,1.79400000
2018-02-28 12:08:33,0.05299000,1.38600000
2018-02-28 12:08:33,0.05299000,0.04700000
2018-02-28 12:08:33,0.05299000,1.05300000
2018-02-28 12:08:33,0.05299000,1.45700000
2018-02-28 12:08:33,0.05299000,1.06600000
2018-02-28 12:08:33,0.05299900,19.72800000
2018-02-28 12:08:33,0.05300000,0.16100000
2018-02-28 12:08:34,0.05299000,1.11900000
2018-02-28 12:08:35,0.05299000,0.27700000
2018-02-28 12:08:35,0.05300000,0.29800000
2018-02-28 12:08:37,0.05299000,0.04700000
2018-02-28 12:08:37,0.05299000,0.89800000
2018-02-28 12:08:38,0.05299000,0.50000000
2018-02-28 12:08:39,0.05299000,0.45300000
2018-02-28 12:08:41,0.05299000,0.04700000
2018-02-28 12:08:43,0.05299000,0.50600000
2018-02-28 12:08:45,0.05299000,0.04700000
2018-02-28 12:08:46,0.05299000,3.81900000
2018-02-28 12:08:47,0.05300000,0.00800000
2018-02-28 12:08:48,0.05299000,0.04700000
2018-02-28 12:08:51,0.05299900,14.03400000
2018-02-28 12:08:51,0.05300000,0.26800000
2018-02-28 12:08:51,0.05299800,0.29800000
2018-02-28 12:08:51,0.05299800,0.04700000
2018-02-28 12:08:53,0.05299800,4.04400000
2018-02-28 12:08:54,0.05300000,0.06100000
2018-02-28 12:08:54,0.05300000,6.61600000
2018-02-28 12:08:54,0.05299800,1.56500000
2018-02-28 12:08:55,0.05299800,0.04700000
2018-02-28 12:08:56,0.05300000,0.02700000
2018-02-28 12:08:56,0.05299800,1.14000000
2018-02-28 12:08:58,0.05300000,1.11300000
2018-02-28 12:09:00,0.05299800,0.04700000
2018-02-28 12:09:02,0.05300000,1.89500000
2018-02-28 12:09:02,0.05300000,0.97100000
2018-02-28 12:09:03,0.05299800,0.07600000
2018-02-28 12:09:03,0.05300000,3.66800000
2018-02-28 12:09:03,0.05299800,0.04700000
2018-02-28 12:09:05,0.05300000,1.05700000
2018-02-28 12:09:05,0.05300000,0.35000000
2018-02-28 12:09:05,0.05300000,11.99900000
2018-02-28 12:09:06,0.05300000,3.05600000
2018-02-28 12:09:07,0.05301100,0.09600000
2018-02-28 12:09:07,0.05301100,0.02900000
2018-02-28 12:09:07,0.05300000,0.04700000
2018-02-28 12:09:07,0.05301100,0.30000000
2018-02-28 12:09:07,0.05301200,0.87000000
2018-02-28 12:09:07,0.05302000,0.20200000
2018-02-28 12:09:07,0.05302500,0.22200000
2018-02-28 12:09:07,0.05302800,0.51900000
2018-02-28 12:09:07,0.05305000,0.10000000
2018-02-28 12:09:07,0.05300100,0.63100000
2018-02-28 12:09:07,0.05300000,0.48900000
2018-02-28 12:09:08,0.05305000,0.65800000
2018-02-28 12:09:08,0.05305300,0.03900000
2018-02-28 12:09:08,0.05306000,0.19700000
2018-02-28 12:09:08,0.05307000,0.36200000
2018-02-28 12:09:08,0.05309900,0.88800000
2018-02-28 12:09:10,0.05300100,0.04700000
2018-02-28 12:09:10,0.05309900,0.17100000
2018-02-28 12:09:10,0.05310000,3.82900000
2018-02-28 12:09:11,0.05310000,1.58800000
2018-02-28 12:09:14,0.05302000,0.04700000
2018-02-28 12:09:14,0.05309900,0.39700000
2018-02-28 12:09:16,0.05302000,2.95300000
2018-02-28 12:09:16,0.05300000,15.48800000
2018-02-28 12:09:18,0.05309900,0.66000000
2018-02-28 12:09:18,0.05309900,0.06800000
2018-02-28 12:09:19,0.05310000,0.02900000
2018-02-28 12:09:19,0.05309900,0.04800000
2018-02-28 12:09:19,0.05310000,0.88400000
2018-02-28 12:09:19,0.05300900,0.07400000
2018-02-28 12:09:19,0.05300000,2.13900000
2018-02-28 12:09:19,0.05310000,0.93200000
2018-02-28 12:09:20,0.05309900,0.90400000
2018-02-28 12:09:20,0.05310000,0.93200000
2018-02-28 12:09:20,0.05310000,0.93200000
2018-02-28 12:09:22,0.05300000,0.30400000
2018-02-28 12:09:22,0.05300000,0.05000000
2018-02-28 12:09:22,0.05310000,0.93200000
2018-02-28 12:09:23,0.05310000,3.06000000
2018-02-28 12:09:23,0.05310000,0.22600000
2018-02-28 12:09:23,0.05310000,2.91900000
2018-02-28 12:09:23,0.05310000,0.93200000
2018-02-28 12:09:24,0.05310000,0.77100000
2018-02-28 12:09:24,0.05310000,0.02900000
2018-02-28 12:09:25,0.05309900,0.17100000
2018-02-28 12:09:28,0.05309900,5.15200000
2018-02-28 12:09:28,0.05310000,6.07000000
2018-02-28 12:09:29,0.05309900,1.02300000
2018-02-28 12:09:29,0.05310000,1.17000000
2018-02-28 12:09:30,0.05310000,0.18800000
2018-02-28 12:09:30,0.05309900,0.04000000
2018-02-28 12:09:31,0.05310000,0.79600000
2018-02-28 12:09:31,0.05310000,0.30000000
2018-02-28 12:09:32,0.05310000,1.24200000
2018-02-28 12:09:32,0.05310000,0.02100000
2018-02-28 12:09:32,0.05310000,0.42700000
2018-02-28 12:09:33,0.05309900,2.04900000
2018-02-28 12:09:33,0.05309900,0.97800000
2018-02-28 12:09:34,0.05302000,2.00000000
2018-02-28 12:09:34,0.05301000,0.04800000
2018-02-28 12:09:34,0.05300000,1.56100000
2018-02-28 12:09:35,0.05309900,1.99500000
2018-02-28 12:09:35,0.05310000,0.05200000
2018-02-28 12:09:35,0.05308000,2.99900000
2018-02-28 12:09:36,0.05308000,0.00100000
2018-02-28 12:09:36,0.05310000,0.37000000
2018-02-28 12:09:36,0.05310000,0.10500000
2018-02-28 12:09:38,0.05305000,14.28500000
2018-02-28 12:09:38,0.05308000,1.99200000
2018-02-28 12:09:38,0.05308000,0.00800000
2018-02-28 12:09:38,0.05309900,0.37200000
2018-02-28 12:09:39,0.05300000,0.02900000
2018-02-28 12:09:39,0.05309900,6.46300000
2018-02-28 12:09:39,0.05310000,0.40900000
2018-02-28 12:09:40,0.05310000,0.03300000
2018-02-28 12:09:41,0.05310000,0.18400000
2018-02-28 12:09:41,0.05310000,0.02400000
2018-02-28 12:09:42,0.05310000,1.88500000
2018-02-28 12:09:42,0.05310000,2.02400000
2018-02-28 12:09:42,0.05309900,0.03300000
2018-02-28 12:09:43,0.05309900,0.07400000
2018-02-28 12:09:43,0.05309900,1.70900000
2018-02-28 12:09:44,0.05309900,0.56700000
2018-02-28 12:09:45,0.05309900,0.38500000
2018-02-28 12:09:45,0.05310000,2.06400000
2018-02-28 12:09:46,0.05310000,0.21500000
2018-02-28 12:09:48,0.05310000,0.66700000
2018-02-28 12:09:48,0.05310000,0.76200000
2018-02-28 12:09:49,0.05310000,0.37000000
2018-02-28 12:09:50,0.05310000,5.04300000
2018-02-28 12:09:51,0.05310000,0.03300000
2018-02-28 12:09:55,0.05310000,0.03500000
2018-02-28 12:09:56,0.05309900,0.55000000
2018-02-28 12:09:56,0.05309900,3.35400000
2018-02-28 12:09:57,0.05309900,0.02900000
2018-02-28 12:09:58,0.05309900,0.23400000
2018-02-28 12:09:59,0.05309900,0.66900000
2018-02-28 12:09:59,0.05302200,0.70700000
2018-02-28 12:09:59,0.05302100,0.01300000
2018-02-28 12:10:00,0.05309900,0.05200000
2018-02-28 12:10:01,0.05309900,1.88500000
2018-02-28 12:10:02,0.05309900,4.12100000
2018-02-28 12:10:02,0.05309900,0.02100000
2018-02-28 12:10:03,0.05309900,0.38800000
2018-02-28 12:10:03,0.05309900,1.22500000
2018-02-28 12:10:04,0.05302100,2.23900000
2018-02-28 12:10:04,0.05309900,0.09100000
2018-02-28 12:10:04,0.05309900,7.91800000
2018-02-28 12:10:05,0.05310000,0.17700000
2018-02-28 12:10:05,0.05309900,0.54700000
2018-02-28 12:10:06,0.05309900,1.89900000
2018-02-28 12:10:06,0.05310000,0.06800000
2018-02-28 12:10:06,0.05310000,0.50100000
2018-02-28 12:10:06,0.05310000,1.13700000
2018-02-28 12:10:06,0.05310000,0.06600000
2018-02-28 12:10:09,0.05310000,0.27700000
2018-02-28 12:10:09,0.05310000,1.65700000
2018-02-28 12:10:10,0.05310000,2.97000000
2018-02-28 12:10:10,0.05310000,0.26700000
2018-02-28 12:10:11,0.05310000,1.69200000
2018-02-28 12:10:13,0.05310000,0.03600000
2018-02-28 12:10:13,0.05310000,0.24200000
2018-02-28 12:10:14,0.05309900,0.32600000
2018-02-28 12:10:15,0.05310000,0.07400000
2018-02-28 12:10:15,0.05310000,2.38000000
2018-02-28 12:10:16,0.05310000,0.32100000
2018-02-28 12:10:16,0.05310000,0.07400000
2018-02-28 12:10:16,0.05310000,0.21400000
2018-02-28 12:10:16,0.05309900,1.49800000
2018-02-28 12:10:16,0.05310000,5.24400000
2018-02-28 12:10:17,0.05310000,1.02800000
2018-02-28 12:10:17,0.05309900,2.94500000
2018-02-28 12:10:18,0.05309900,2.68900000
2018-02-28 12:10:18,0.05309900,2.83600000
2018-02-28 12:10:20,0.05309900,0.35700000
2018-02-28 12:10:21,0.05302200,0.03800000
2018-02-28 12:10:22,0.05309900,0.17500000
2018-02-28 12:10:22,0.05309900,0.05100000
2018-02-28 12:10:23,0.05309900,0.45300000
2018-02-28 12:10:26,0.05309900,0.41300000
2018-02-28 12:10:26,0.05302200,0.62700000
2018-02-28 12:10:27,0.05309900,1.88500000
2018-02-28 12:10:27,0.05309900,2.26200000
2018-02-28 12:10:27,0.05305000,0.11200000
2018-02-28 12:10:27,0.05309900,0.53700000
2018-02-28 12:10:27,0.05309900,0.21500000
2018-02-28 12:10:28,0.05309900,0.56700000
2018-02-28 12:10:28,0.05302200,0.66600000
2018-02-28 12:10:29,0.05309900,0.44700000
2018-02-28 12:10:29,0.05309900,3.06800000
2018-02-28 12:10:29,0.05302200,22.20700000
2018-02-28 12:10:29,0.05309900,0.00200000
2018-02-28 12:10:30,0.05309900,0.02400000
2018-02-28 12:10:31,0.05309900,1.95300000
2018-02-28 12:10:31,0.05310000,26.04700000
2018-02-28 12:10:31,0.05310000,1.12200000
2018-02-28 12:10:32,0.05310000,0.02900000
2018-02-28 12:10:32,0.05310000,7.62800000
2018-02-28 12:10:33,0.05309900,0.02900000
2018-02-28 12:10:33,0.05309900,0.46800000
2018-02-28 12:10:33,0.05309900,9.01100000
2018-02-28 12:10:34,0.05310000,0.22400000
2018-02-28 12:10:34,0.05310000,1.50800000
2018-02-28 12:10:34,0.05309900,0.96200000
2018-02-28 12:10:34,0.05309900,1.58900000
2018-02-28 12:10:35,0.05310000,1.88300000
2018-02-28 12:10:35,0.05310000,4.86000000
2018-02-28 12:10:35,0.05310000,0.01900000
2018-02-28 12:10:36,0.05310000,0.38500000
2018-02-28 12:10:36,0.05309900,0.56300000
2018-02-28 12:10:37,0.05310000,0.02900000
2018-02-28 12:10:38,0.05310000,0.15900000
2018-02-28 12:10:38,0.05310000,0.13800000
2018-02-28 12:10:38,0.05310000,1.82300000
2018-02-28 12:10:39,0.05310000,1.88300000
2018-02-28 12:10:39,0.05310000,0.77700000
2018-02-28 12:10:39,0.05310000,1.84600000
2018-02-28 12:10:39,0.05310000,12.90600000
2018-02-28 12:10:39,0.05310000,0.63100000
2018-02-28 12:10:39,0.05310000,5.70200000
2018-02-28 12:10:40,0.05310000,0.02900000
2018-02-28 12:10:40,0.05310000,41.53700000
2018-02-28 12:10:40,0.05310000,13.81300000
2018-02-28 12:10:40,0.05310000,4.44900000
2018-02-28 12:10:40,0.05310000,1.52800000
2018-02-28 12:10:40,0.05310000,1.42200000
2018-02-28 12:10:41,0.05310000,0.23800000
2018-02-28 12:10:41,0.05310000,0.55600000
2018-02-28 12:10:41,0.05310000,2.09900000
2018-02-28 12:10:41,0.05310000,3.88600000
2018-02-28 12:10:41,0.05309900,0.08900000
2018-02-28 12:10:41,0.05310000,4.52500000
2018-02-28 12:10:41,0.05310000,5.32600000
2018-02-28 12:10:41,0.05310000,1.88300000
2018-02-28 12:10:41,0.05310000,2.12900000
2018-02-28 12:10:42,0.05310200,0.29700000
2018-02-28 12:10:42,0.05310200,2.88800000
2018-02-28 12:10:42,0.05310200,2.00000000
2018-02-28 12:10:42,0.05310200,2.00000000
2018-02-28 12:10:42,0.05310200,0.05800000
2018-02-28 12:10:42,0.05311000,0.89200000
2018-02-28 12:10:42,0.05312000,0.36400000
2018-02-28 12:10:42,0.05313400,0.02100000
2018-02-28 12:10:43,0.05313700,0.17000000
2018-02-28 12:10:43,0.05314200,0.79700000
2018-02-28 12:10:43,0.05314200,1.59600000
2018-02-28 12:10:47,0.05314400,0.15200000
2018-02-28 12:10:47,0.05314400,0.00200000
2018-02-28 12:10:47,0.05315000,0.19500000
2018-02-28 12:10:47,0.05313700,0.03000000
2018-02-28 12:10:48,0.05315000,0.03800000
2018-02-28 12:10:49,0.05315000,7.97100000
2018-02-28 12:10:49,0.05315100,1.36500000
2018-02-28 12:10:50,0.05315600,2.00000000
2018-02-28 12:10:52,0.05315600,0.14700000
2018-02-28 12:10:52,0.05316000,0.10200000
2018-02-28 12:10:52,0.05317800,0.88200000
2018-02-28 12:10:54,0.05317800,0.01800000
2018-02-28 12:10:54,0.05319000,0.05700000
2018-02-28 12:10:54,0.05319900,0.05200000
2018-02-28 12:10:56,0.05319900,5.74400000
2018-02-28 12:10:56,0.05320000,16.38800000
2018-02-28 12:10:57,0.05320000,0.03200000
2018-02-28 12:10:57,0.05319900,3.00000000
2018-02-28 12:10:57,0.05319900,0.10400000
2018-02-28 12:10:57,0.05319900,12.02200000
2018-02-28 12:10:57,0.05320000,11.57600000
2018-02-28 12:10:57,0.05320000,0.03000000
2018-02-28 12:10:58,0.05320000,0.71800000
2018-02-28 12:10:59,0.05320400,0.18900000
2018-02-28 12:10:59,0.05320700,0.02800000
2018-02-28 12:11:00,0.05320100,1.70000000
2018-02-28 12:11:01,0.05320100,0.20100000
2018-02-28 12:11:01,0.05321100,0.35400000
2018-02-28 12:11:01,0.05321100,3.00000000
2018-02-28 12:11:02,0.05321100,0.03700000
2018-02-28 12:11:03,0.05321100,0.17200000
2018-02-28 12:11:03,0.05323200,0.05300000
2018-02-28 12:11:04,0.05323200,0.09800000
2018-02-28 12:11:04,0.05324200,0.03900000
2018-02-28 12:11:04,0.05324700,0.16300000
2018-02-28 12:11:04,0.05324900,0.31000000
2018-02-28 12:11:04,0.05324900,3.20900000
2018-02-28 12:11:04,0.05325000,16.94600000
2018-02-28 12:11:09,0.05326000,0.28400000
2018-02-28 12:11:09,0.05327000,0.02600000
2018-02-28 12:11:10,0.05326000,0.19000000
2018-02-28 12:11:11,0.05326000,0.04700000
2018-02-28 12:11:11,0.05327000,0.05900000
2018-02-28 12:11:11,0.05327500,0.02000000
2018-02-28 12:11:11,0.05329200,0.02900000
2018-02-28 12:11:11,0.05329900,0.71800000
2018-02-28 12:11:11,0.05330000,0.34700000
2018-02-28 12:11:12,0.05326000,1.74400000
2018-02-28 12:11:14,0.05330000,0.08700000
2018-02-28 12:11:14,0.05329700,0.47400000
2018-02-28 12:11:15,0.05326000,0.04700000
2018-02-28 12:11:15,0.05326000,0.04800000
2018-02-28 12:11:15,0.05329700,1.62300000
2018-02-28 12:11:15,0.05330000,5.74300000
2018-02-28 12:11:17,0.05330000,0.53900000
2018-02-28 12:11:17,0.05326000,0.96900000
2018-02-28 12:11:17,0.05325000,1.74600000
2018-02-28 12:11:17,0.05324900,2.46700000
2018-02-28 12:11:17,0.05320000,0.27700000
2018-02-28 12:11:17,0.05320000,2.12900000
2018-02-28 12:11:18,0.05320000,0.04700000
2018-02-28 12:11:18,0.05330000,0.11100000
2018-02-28 12:11:18,0.05326000,0.62700000
2018-02-28 12:11:18,0.05320000,0.83600000
2018-02-28 12:11:19,0.05319300,0.37500000
2018-02-28 12:11:19,0.05315000,2.51300000
2018-02-28 12:11:19,0.05319800,3.30800000
2018-02-28 12:11:20,0.05319800,0.30200000
2018-02-28 12:11:21,0.05319800,3.40400000
2018-02-28 12:11:21,0.05330000,0.23200000
2018-02-28 12:11:21,0.05330000,0.07200000
2018-02-28 12:11:21,0.05330000,0.28100000
2018-02-28 12:11:22,0.05319800,0.52300000
2018-02-28 12:11:22,0.05315200,0.63100000
2018-02-28 12:11:22,0.05315000,3.37100000
2018-02-28 12:11:23,0.05315200,0.01700000
2018-02-28 12:11:24,0.05328000,3.89300000
2018-02-28 12:11:24,0.05320000,0.08900000
2018-02-28 12:11:24,0.05320000,0.18400000
2018-02-28 12:11:25,0.05328000,0.55800000
2018-02-28 12:11:26,0.05328000,3.17500000
2018-02-28 12:11:26,0.05328000,0.34000000
2018-02-28 12:11:26,0.05328000,0.73900000
2018-02-28 12:11:27,0.05328000,0.29500000
2018-02-28 12:11:27,0.05330000,5.41100000
2018-02-28 12:11:27,0.05331200,0.00100000
2018-02-28 12:11:28,0.05330000,1.87500000
2018-02-28 12:11:28,0.05330000,0.68800000
2018-02-28 12:11:28,0.05331200,0.08200000
2018-02-28 12:11:28,0.05332500,0.76200000
2018-02-28 12:11:28,0.05330000,0.00200000
2018-02-28 12:11:29,0.05330000,0.04800000
2018-02-28 12:11:29,0.05332500,2.15000000
2018-02-28 12:11:30,0.05330000,1.89600000
2018-02-28 12:11:32,0.05330000,1.24000000
2018-02-28 12:11:32,0.05328000,2.61700000
2018-02-28 12:11:32,0.05330000,0.23200000
2018-02-28 12:11:32,0.05328000,0.12000000
2018-02-28 12:11:32,0.05330000,0.12300000
2018-02-28 12:11:33,0.05330000,0.03300000
2018-02-28 12:11:33,0.05328000,20.13500000
2018-02-28 12:11:34,0.05328000,0.21400000
2018-02-28 12:11:34,0.05330000,0.18700000
2018-02-28 12:11:35,0.05330000,0.47700000
2018-02-28 12:11:36,0.05330000,1.10100000
2018-02-28 12:11:36,0.05330000,1.00000000
2018-02-28 12:11:36,0.05330000,0.32400000
2018-02-28 12:11:36,0.05328200,0.49200000
2018-02-28 12:11:36,0.05328000,1.71600000
2018-02-28 12:11:38,0.05328000,0.49200000
2018-02-28 12:11:38,0.05327000,2.00000000
2018-02-28 12:11:38,0.05326000,0.50800000
2018-02-28 12:11:39,0.05328000,2.00000000
2018-02-28 12:11:41,0.05328000,0.18000000
2018-02-28 12:11:41,0.05328000,0.56600000
2018-02-28 12:11:41,0.05328000,0.09500000
2018-02-28 12:11:43,0.05328000,0.19300000
2018-02-28 12:11:43,0.05328000,1.35700000
2018-02-28 12:11:43,0.05328000,0.19300000
2018-02-28 12:11:43,0.05326000,0.97600000
2018-02-28 12:11:43,0.05325000,0.62200000
2018-02-28 12:11:43,0.05325000,3.19100000
2018-02-28 12:11:43,0.05325000,0.18700000
2018-02-28 12:11:43,0.05320000,0.04700000
2018-02-28 12:11:43,0.05320000,3.60400000
2018-02-28 12:11:44,0.05325000,0.07400000
2018-02-28 12:11:44,0.05325000,10.36700000
2018-02-28 12:11:44,0.05326000,0.07900000
2018-02-28 12:11:44,0.05326000,0.97600000
2018-02-28 12:11:44,0.05328000,0.21200000
2018-02-28 12:11:46,0.05329900,0.28800000
2018-02-28 12:11:47,0.05328000,0.04700000
2018-02-28 12:11:50,0.05329800,0.63200000
2018-02-28 12:11:50,0.05329900,3.32700000
2018-02-28 12:11:51,0.05329900,1.87500000
2018-02-28 12:11:51,0.05329900,1.47100000
2018-02-28 12:11:51,0.05328000,0.04700000
2018-02-28 12:11:51,0.05330000,7.50400000
2018-02-28 12:11:51,0.05330000,22.26400000
2018-02-28 12:11:51,0.05330700,0.37500000
2018-02-28 12:11:51,0.05332500,2.38900000
2018-02-28 12:11:51,0.05332900,0.02300000
2018-02-28 12:11:51,0.05332900,0.01300000
2018-02-28 12:11:51,0.05333200,0.09900000
2018-02-28 12:11:52,0.05336000,0.34100000
2018-02-28 12:11:52,0.05329800,0.03300000
2018-02-28 12:11:52,0.05330000,0.23700000
2018-02-28 12:11:54,0.05329800,1.87500000
2018-02-28 12:11:54,0.05329800,0.23900000
2018-02-28 12:11:54,0.05329800,0.12600000
2018-02-28 12:11:54,0.05330000,1.68700000
2018-02-28 12:11:54,0.05329000,0.04700000
2018-02-28 12:11:55,0.05330000,0.07400000
2018-02-28 12:11:55,0.05330000,2.58500000
2018-02-28 12:11:56,0.05330000,7.66000000
2018-02-28 12:11:57,0.05329900,0.11200000
2018-02-28 12:11:57,0.05330000,4.39300000
2018-02-28 12:11:57,0.05330000,0.05500000
2018-02-28 12:11:57,0.05329800,0.29700000
2018-02-28 12:11:57,0.05330000,0.07400000
2018-02-28 12:11:58,0.05329800,0.04700000
2018-02-28 12:11:58,0.05330000,1.87500000
2018-02-28 12:11:58,0.05330000,4.47700000
2018-02-28 12:11:58,0.05330000,3.09600000
2018-02-28 12:11:58,0.05329800,0.95000000
2018-02-28 12:11:59,0.05336000,1.87500000
2018-02-28 12:11:59,0.05336000,0.78300000
2018-02-28 12:11:59,0.05330000,1.86200000
2018-02-28 12:12:00,0.05336600,0.31000000
2018-02-28 12:12:00,0.05330000,0.05300000
2018-02-28 12:12:00,0.05330000,1.89000000
2018-02-28 12:12:01,0.05336000,0.16000000
2018-02-28 12:12:01,0.05330000,0.04700000
2018-02-28 12:12:02,0.05336600,0.87700000
2018-02-28 12:12:02,0.05337000,0.69700000
2018-02-28 12:12:02,0.05338000,1.17800000
2018-02-28 12:12:02,0.05338900,0.13100000
2018-02-28 12:12:02,0.05339000,1.29600000
2018-02-28 12:12:02,0.05330000,1.89000000
2018-02-28 12:12:03,0.05330000,4.81400000
2018-02-28 12:12:04,0.05330000,1.02000000
2018-02-28 12:12:04,0.05330100,1.89000000
2018-02-28 12:12:04,0.05339000,0.02800000
2018-02-28 12:12:04,0.05330100,0.35500000
2018-02-28 12:12:05,0.05338000,0.05800000
2018-02-28 12:12:05,0.05330100,0.04700000
2018-02-28 12:12:06,0.05332000,0.18000000
2018-02-28 12:12:06,0.05338000,0.13600000
2018-02-28 12:12:06,0.05338000,0.01700000
2018-02-28 12:12:06,0.05332000,0.00700000
2018-02-28 12:12:06,0.05330100,0.19000000
2018-02-28 12:12:07,0.05330100,1.39000000
2018-02-28 12:12:08,0.05330100,0.00700000
2018-02-28 12:12:08,0.05330000,0.04000000
2018-02-28 12:12:09,0.05330000,1.89000000
2018-02-28 12:12:09,0.05338000,0.20000000
2018-02-28 12:12:10,0.05338000,0.03200000
2018-02-28 12:12:10,0.05330000,2.26000000
2018-02-28 12:12:10,0.05330000,30.64000000
2018-02-28 12:12:10,0.05330200,1.13600000
2018-02-28 12:12:11,0.05330200,0.45600000
2018-02-28 12:12:11,0.05329900,0.03800000
2018-02-28 12:12:11,0.05329800,1.70200000
2018-02-28 12:12:11,0.05329800,0.04700000
2018-02-28 12:12:11,0.05330000,0.18700000
2018-02-28 12:12:12,0.05330000,0.08800000
2018-02-28 12:12:12,0.05330200,0.04700000
2018-02-28 12:12:12,0.05330200,0.02900000
2018-02-28 12:12:12,0.05330200,0.18700000
2018-02-28 12:12:12,0.05330200,0.18700000
2018-02-28 12:12:12,0.05336000,0.01600000
2018-02-28 12:12:13,0.05329800,1.11400000
2018-02-28 12:12:13,0.05328000,0.30300000
2018-02-28 12:12:13,0.05336000,0.64300000
2018-02-28 12:12:13,0.05336000,0.03800000
2018-02-28 12:12:13,0.05336000,0.85800000
2018-02-28 12:12:13,0.05328000,1.89000000
2018-02-28 12:12:14,0.05336000,0.00200000
2018-02-28 12:12:14,0.05339000,0.34500000
2018-02-28 12:12:14,0.05332000,0.53700000
2018-02-28 12:12:14,0.05339000,0.37700000
2018-02-28 12:12:15,0.05339000,0.65000000
2018-02-28 12:12:15,0.05330000,0.04700000
2018-02-28 12:12:15,0.05339000,0.02100000
2018-02-28 12:12:15,0.05330000,0.78500000
2018-02-28 12:12:15,0.05330000,0.04500000
2018-02-28 12:12:16,0.05338000,0.03200000
2018-02-28 12:12:16,0.05338000,0.02500000
2018-02-28 12:12:16,0.05328000,2.61800000
2018-02-28 12:12:16,0.05336000,0.98600000
2018-02-28 12:12:16,0.05338000,0.03200000
2018-02-28 12:12:16,0.05339000,1.84800000
2018-02-28 12:12:17,0.05330000,1.69500000
2018-02-28 12:12:17,0.05328000,0.19500000
2018-02-28 12:12:17,0.05328200,1.87400000
2018-02-28 12:12:17,0.05328000,12.63000000
2018-02-28 12:12:17,0.05328000,11.74900000
2018-02-28 12:12:18,0.05330200,0.84600000
2018-02-28 12:12:18,0.05326100,0.04700000
2018-02-28 12:12:18,0.05326100,0.45300000
2018-02-28 12:12:18,0.05326000,1.09700000
2018-02-28 12:12:18,0.05325900,0.37500000
2018-02-28 12:12:18,0.05325000,1.44500000
2018-02-28 12:12:18,0.05320100,6.76400000
2018-02-28 12:12:18,0.05320000,1.86500000
2018-02-28 12:12:18,0.05326100,0.50000000
2018-02-28 12:12:19,0.05338500,0.10100000
2018-02-28 12:12:19,0.05320100,0.37600000
2018-02-28 12:12:19,0.05320000,0.22500000
2018-02-28 12:12:20,0.05330000,13.46000000
2018-02-28 12:12:20,0.05322000,0.50000000
2018-02-28 12:12:20,0.05334700,0.02800000
2018-02-28 12:12:21,0.05334500,0.07100000
2018-02-28 12:12:21,0.05321900,0.02800000
2018-02-28 12:12:21,0.05321800,0.02000000
2018-02-28 12:12:21,0.05333900,0.03400000
2018-02-28 12:12:21,0.05333800,0.03400000
2018-02-28 12:12:22,0.05333800,0.02100000
2018-02-28 12:12:22,0.05333800,0.15300000
2018-02-28 12:12:22,0.05323200,0.15000000
2018-02-28 12:12:22,0.05322000,0.83400000
2018-02-28 12:12:23,0.05333500,0.25200000
2018-02-28 12:12:23,0.05333500,0.03900000
2018-02-28 12:12:24,0.05329700,1.21900000
2018-02-28 12:12:24,0.05329700,0.00100000
2018-02-28 12:12:24,0.05329900,0.50000000
2018-02-28 12:12:24,0.05330000,0.50000000
2018-02-28 12:12:24,0.05329900,0.71900000
2018-02-28 12:12:25,0.05334900,0.03200000
2018-02-28 12:12:25,0.05330000,0.20700000
2018-02-28 12:12:25,0.05334900,0.26100000
2018-02-28 12:12:26,0.05333500,1.87700000
2018-02-28 12:12:26,0.05333500,5.51900000
2018-02-28 12:12:27,0.05333500,0.53400000
2018-02-28 12:12:27,0.05335000,0.11100000
2018-02-28 12:12:28,0.05324500,0.19300000
2018-02-28 12:12:28,0.05324500,0.10000000
2018-02-28 12:12:28,0.05324400,0.15000000
2018-02-28 12:12:28,0.05323000,0.15000000
2018-02-28 12:12:28,0.05322800,0.03400000
2018-02-28 12:12:28,0.05320000,0.17500000
2018-02-28 12:12:28,0.05335100,0.02100000
2018-02-28 12:12:28,0.05335100,0.32000000
2018-02-28 12:12:28,0.05337000,0.67800000
2018-02-28 12:12:29,0.05325600,0.34100000
2018-02-28 12:12:29,0.05325500,0.15000000
2018-02-28 12:12:29,0.05320500,1.87600000
2018-02-28 12:12:29,0.05320300,1.59800000
2018-02-28 12:12:29,0.05335000,0.88400000
2018-02-28 12:12:30,0.05332700,1.87500000
2018-02-28 12:12:30,0.05332700,0.00100000
2018-02-28 12:12:30,0.05332900,0.02900000
2018-02-28 12:12:31,0.05332600,0.05000000
2018-02-28 12:12:31,0.05332600,0.45900000
2018-02-28 12:12:31,0.05332600,0.04700000
2018-02-28 12:12:32,0.05332600,0.02900000
2018-02-28 12:12:32,0.05332600,0.59600000
2018-02-28 12:12:33,0.05332600,0.91700000
2018-02-28 12:12:33,0.05332700,0.34100000
2018-02-28 12:12:34,0.05332900,0.03400000
2018-02-28 12:12:34,0.05333000,1.46300000
2018-02-28 12:12:34,0.05333000,0.24700000
2018-02-28 12:12:34,0.05322500,0.29100000
2018-02-28 12:12:35,0.05330000,0.02900000
2018-02-28 12:12:35,0.05330000,0.04900000
2018-02-28 12:12:35,0.05330000,1.42600000
2018-02-28 12:12:35,0.05333000,2.17500000
2018-02-28 12:12:35,0.05333000,0.17300000
2018-02-28 12:12:36,0.05324000,2.00000000
2018-02-28 12:12:36,0.05322600,0.68000000
2018-02-28 12:12:36,0.05322500,1.14900000
2018-02-28 12:12:36,0.05322400,0.08800000
2018-02-28 12:12:36,0.05322300,0.30700000
2018-02-28 12:12:36,0.05321900,0.15000000
2018-02-28 12:12:36,0.05321500,0.09300000
2018-02-28 12:12:36,0.05320100,1.23500000
2018-02-28 12:12:36,0.05332800,0.14900000
2018-02-28 12:12:36,0.05329000,4.50500000
2018-02-28 12:12:37,0.05332000,0.07000000
2018-02-28 12:12:38,0.05331500,0.03600000
2018-02-28 12:12:38,0.05320300,0.50000000
2018-02-28 12:12:38,0.05320200,0.37500000
2018-02-28 12:12:38,0.05320100,3.27600000
2018-02-28 12:12:38,0.05320000,0.71700000
2018-02-28 12:12:39,0.05331100,0.10400000
2018-02-28 12:12:40,0.05329900,0.03500000
2018-02-28 12:12:40,0.05329900,0.46500000
2018-02-28 12:12:40,0.05330000,1.93000000
2018-02-28 12:12:40,0.05330000,0.01500000
2018-02-28 12:12:41,0.05332900,0.68200000
2018-02-28 12:12:41,0.05333000,0.04100000
2018-02-28 12:12:42,0.05330000,0.08400000
2018-02-28 12:12:43,0.05330000,0.02900000
2018-02-28 12:12:43,0.05330000,18.88300000
2018-02-28 12:12:44,0.05333000,0.02100000
2018-02-28 12:12:44,0.05330000,0.03200000
2018-02-28 12:12:45,0.05333000,0.15100000
2018-02-28 12:12:45,0.05333000,0.02900000
2018-02-28 12:12:45,0.05333000,0.08200000
2018-02-28 12:12:45,0.05330000,1.85600000
2018-02-28 12:12:46,0.05333000,0.04700000
2018-02-28 12:12:46,0.05331100,16.06900000
2018-02-28 12:12:47,0.05330000,0.02900000
2018-02-28 12:12:47,0.05330000,0.04900000
2018-02-28 12:12:47,0.05330000,1.70200000
2018-02-28 12:12:47,0.05330000,0.02500000
2018-02-28 12:12:48,0.05330000,0.19600000
2018-02-28 12:12:48,0.05330000,0.00100000
2018-02-28 12:12:49,0.05330000,0.02900000
2018-02-28 12:12:49,0.05330000,2.09500000
2018-02-28 12:12:49,0.05333000,0.99000000
2018-02-28 12:12:50,0.05332000,0.77600000
2018-02-28 12:12:50,0.05333000,0.29900000
2018-02-28 12:12:50,0.05333000,0.00200000
2018-02-28 12:12:51,0.05334000,0.34900000
2018-02-28 12:12:51,0.05334000,0.27600000
2018-02-28 12:12:51,0.05333000,1.22400000
2018-02-28 12:12:51,0.05334000,0.02800000
2018-02-28 12:12:51,0.05333900,0.15000000
2018-02-28 12:12:52,0.05333900,0.02900000
2018-02-28 12:12:52,0.05333900,0.04900000
2018-02-28 12:12:52,0.05333900,0.02300000
2018-02-28 12:12:53,0.05325500,0.32100000
2018-02-28 12:12:53,0.05333900,0.02900000
2018-02-28 12:12:54,0.05333900,0.96500000
2018-02-28 12:12:54,0.05333900,1.02700000
2018-02-28 12:12:55,0.05333900,1.04000000
2018-02-28 12:12:58,0.05333900,0.00100000
2018-02-28 12:12:58,0.05334000,1.90600000
2018-02-28 12:12:58,0.05334000,0.60800000
2018-02-28 12:12:59,0.05334000,0.76900000
2018-02-28 12:12:59,0.05334000,6.54900000
2018-02-28 12:13:00,0.05334000,1.87400000
2018-02-28 12:13:00,0.05334000,37.05500000
2018-02-28 12:13:01,0.05334000,2.58000000
2018-02-28 12:13:01,0.05333900,1.60000000
2018-02-28 12:13:01,0.05333100,0.18400000
2018-02-28 12:13:02,0.05337000,0.02000000
2018-02-28 12:13:02,0.05334000,0.93300000
2018-02-28 12:13:03,0.05335000,0.02000000
2018-02-28 12:13:03,0.05335000,0.56400000
2018-02-28 12:13:03,0.05333000,0.04000000
2018-02-28 12:13:04,0.05335000,0.03500000
2018-02-28 12:13:04,0.05332600,0.03000000
2018-02-28 12:13:04,0.05327700,0.09100000
2018-02-28 12:13:04,0.05327000,0.19900000
2018-02-28 12:13:04,0.05326300,1.21000000
2018-02-28 12:13:04,0.05326300,9.37000000
2018-02-28 12:13:04,0.05334000,0.78900000
2018-02-28 12:13:05,0.05335000,0.60700000
2018-02-28 12:13:05,0.05335000,0.35400000
2018-02-28 12:13:06,0.05334000,0.95700000
2018-02-28 12:13:06,0.05334000,0.66400000
2018-02-28 12:13:06,0.05334000,0.11100000
2018-02-28 12:13:07,0.05334000,0.35600000
2018-02-28 12:13:08,0.05334000,0.56200000
2018-02-28 12:13:08,0.05334000,1.34200000
2018-02-28 12:13:09,0.05335000,0.18800000
2018-02-28 12:13:09,0.05337000,0.81200000
2018-02-28 12:13:09,0.05325800,0.10400000
2018-02-28 12:13:11,0.05333000,1.91500000
2018-02-28 12:13:15,0.05335800,0.10600000
2018-02-28 12:13:15,0.05336000,0.50000000
2018-02-28 12:13:15,0.05336700,0.02300000
2018-02-28 12:13:15,0.05336700,0.94300000
2018-02-28 12:13:15,0.05337000,2.37600000
2018-02-28 12:13:15,0.05338000,1.42900000
2018-02-28 12:13:17,0.05336100,0.92300000
2018-02-28 12:13:17,0.05338000,0.60100000
2018-02-28 12:13:17,0.05339000,0.03100000
2018-02-28 12:13:17,0.05333100,0.50000000
2018-02-28 12:13:17,0.05333000,0.13400000
2018-02-28 12:13:17,0.05339000,0.01300000
2018-02-28 12:13:17,0.05325800,0.00600000
2018-02-28 12:13:19,0.05326400,0.01900000
2018-02-28 12:13:19,0.05326400,0.01000000
2018-02-28 12:13:20,0.05326600,0.26600000
2018-02-28 12:13:22,0.05338900,0.76600000
2018-02-28 12:13:22,0.05339000,2.17100000
2018-02-28 12:13:22,0.05339300,0.20800000
2018-02-28 12:13:22,0.05339800,1.66100000
2018-02-28 12:13:22,0.05339900,3.99600000
2018-02-28 12:13:22,0.05340000,27.30100000
2018-02-28 12:13:23,0.05327900,1.87300000
2018-02-28 12:13:23,0.05327700,1.37600000
2018-02-28 12:13:23,0.05327400,0.37500000
2018-02-28 12:13:23,0.05326000,3.60100000
2018-02-28 12:13:23,0.05325800,0.18600000
2018-02-28 12:13:23,0.05325800,0.23800000
2018-02-28 12:13:23,0.05325800,55.58700000
2018-02-28 12:13:25,0.05330000,9.48400000
2018-02-28 12:13:26,0.05339200,0.00700000
2018-02-28 12:13:28,0.05330000,0.13600000
2018-02-28 12:13:29,0.05338000,0.07900000
2018-02-28 12:13:31,0.05330800,0.09300000
2018-02-28 12:13:31,0.05330000,2.83500000
2018-02-28 12:13:32,0.05337100,0.53800000
2018-02-28 12:13:34,0.05336800,1.25400000
2018-02-28 12:13:35,0.05331400,0.09500000
2018-02-28 12:13:38,0.05338800,0.50000000
2018-02-28 12:13:38,0.05338900,0.34500000
2018-02-28 12:13:38,0.05339800,3.46500000
2018-02-28 12:13:38,0.05339900,25.44100000
2018-02-28 12:13:38,0.05339900,0.14100000
2018-02-28 12:13:38,0.05340000,0.14800000
2018-02-28 12:13:39,0.05331400,0.31800000
2018-02-28 12:13:39,0.05330000,0.99100000
2018-02-28 12:13:39,0.05330000,1.13100000
2018-02-28 12:13:40,0.05337100,1.34100000
2018-02-28 12:13:42,0.05340000,0.41600000
2018-02-28 12:13:45,0.05339200,0.08100000
2018-02-28 12:13:45,0.05339800,0.20000000
2018-02-28 12:13:45,0.05340000,1.11900000
2018-02-28 12:13:47,0.05333000,0.11900000
2018-02-28 12:13:50,0.05340000,2.82100000
2018-02-28 12:13:51,0.05340000,4.90900000
2018-02-28 12:13:53,0.05340000,0.05100000
2018-02-28 12:13:54,0.05336800,0.25100000
2018-02-28 12:13:55,0.05336800,0.17000000
2018-02-28 12:13:55,0.05340000,5.39500000
2018-02-28 12:13:56,0.05340000,0.05000000
2018-02-28 12:13:56,0.05340000,2.39300000
2018-02-28 12:13:56,0.05340000,0.17200000
2018-02-28 12:13:56,0.05340000,1.56900000
2018-02-28 12:13:57,0.05337100,0.09300000
2018-02-28 12:14:01,0.05340000,0.11100000
2018-02-28 12:14:01,0.05340300,0.15600000
2018-02-28 12:14:01,0.05341000,1.19700000
2018-02-28 12:14:01,0.05337000,0.50000000
2018-02-28 12:14:02,0.05341000,0.96800000
2018-02-28 12:14:04,0.05341000,0.00100000
2018-02-28 12:14:07,0.05340200,0.47800000
2018-02-28 12:14:09,0.05340200,0.93600000
2018-02-28 12:14:11,0.05340000,1.29700000
2018-02-28 12:14:11,0.05340000,0.03900000
2018-02-28 12:14:13,0.05340200,2.20300000
2018-02-28 12:14:13,0.05340200,12.34600000
2018-02-28 12:14:14,0.05340200,1.06500000
2018-02-28 12:14:15,0.05340200,5.10000000
2018-02-28 12:14:15,0.05340200,9.25500000
2018-02-28 12:14:18,0.05340200,2.89500000
2018-02-28 12:14:18,0.05340200,0.72400000
2018-02-28 12:14:19,0.05340200,0.55100000
2018-02-28 12:14:20,0.05340000,3.88900000
2018-02-28 12:14:21,0.05340200,9.40100000
2018-02-28 12:14:22,0.05340200,1.22300000
2018-02-28 12:14:23,0.05340200,0.04500000
2018-02-28 12:14:23,0.05340000,0.27600000
2018-02-28 12:14:25,0.05340200,0.31500000
2018-02-28 12:14:26,0.05340200,13.02400000
2018-02-28 12:14:26,0.05340200,9.63200000
2018-02-28 12:14:26,0.05340200,3.06200000
2018-02-28 12:14:26,0.05340200,0.07100000
2018-02-28 12:14:27,0.05340200,1.33700000
2018-02-28 12:14:27,0.05340200,2.09100000
2018-02-28 12:14:28,0.05340200,16.68000000
2018-02-28 12:14:28,0.05340200,0.62600000
2018-02-28 12:14:28,0.05340200,0.37600000
2018-02-28 12:14:28,0.05340200,4.27400000
2018-02-28 12:14:28,0.05341000,1.06800000
2018-02-28 12:14:29,0.05342000,0.63300000
2018-02-28 12:14:29,0.05342000,0.04200000
2018-02-28 12:14:33,0.05344000,0.03600000
2018-02-28 12:14:33,0.05344000,0.17100000
2018-02-28 12:14:33,0.05344000,0.00100000
2018-02-28 12:14:33,0.05344900,0.07900000
2018-02-28 12:14:33,0.05345000,0.54600000
2018-02-28 12:14:34,0.05345000,0.20900000
2018-02-28 12:14:34,0.05345000,0.16400000
2018-02-28 12:14:34,0.05348800,0.56700000
2018-02-28 12:14:34,0.05342100,0.18800000
2018-02-28 12:14:34,0.05340200,6.05200000
2018-02-28 12:14:34,0.05340100,0.77800000
2018-02-28 12:14:34,0.05340000,3.98200000
2018-02-28 12:14:37,0.05342000,0.41000000
2018-02-28 12:14:37,0.05340200,5.85600000
2018-02-28 12:14:37,0.05340000,12.32300000
2018-02-28 12:14:40,0.05344900,0.11700000
2018-02-28 12:14:40,0.05348800,0.49000000
2018-02-28 12:14:41,0.05345000,0.99200000
2018-02-28 12:14:42,0.05342000,0.04100000
2018-02-28 12:14:42,0.05340000,0.37500000
2018-02-28 12:14:42,0.05345000,0.03600000
2018-02-28 12:14:43,0.05345000,3.13000000
2018-02-28 12:14:43,0.05348800,9.16700000
2018-02-28 12:14:43,0.05348900,77.70300000
2018-02-28 12:14:46,0.05348900,1.76600000
2018-02-28 12:14:46,0.05348900,1.94000000
2018-02-28 12:14:47,0.05341000,1.31500000
2018-02-28 12:14:48,0.05341000,0.20300000
2018-02-28 12:14:48,0.05341000,0.21400000
2018-02-28 12:14:48,0.05341000,0.25200000
2018-02-28 12:14:48,0.05340100,5.75000000
2018-02-28 12:14:48,0.05341000,0.62600000
2018-02-28 12:14:48,0.05341000,6.64500000
2018-02-28 12:14:49,0.05345000,0.02400000
2018-02-28 12:14:49,0.05345000,5.51400000
2018-02-28 12:14:49,0.05345000,1.69500000
2018-02-28 12:14:50,0.05345000,1.41200000
2018-02-28 12:14:51,0.05345000,0.65600000
2018-02-28 12:14:51,0.05344100,0.04200000
2018-02-28 12:14:51,0.05345000,1.81600000
2018-02-28 12:14:52,0.05345000,1.87000000
2018-02-28 12:14:52,0.05345000,2.40300000
2018-02-28 12:14:52,0.05345000,2.40300000
2018-02-28 12:14:52,0.05345000,2.40300000
2018-02-28 12:14:53,0.05345000,1.60800000
2018-02-28 12:14:53,0.05348700,2.08900000
2018-02-28 12:14:53,0.05348700,0.09000000
2018-02-28 12:14:53,0.05345000,0.71100000
2018-02-28 12:14:53,0.05345000,1.00000000
2018-02-28 12:14:55,0.05348900,0.72400000
2018-02-28 12:14:55,0.05345000,3.00300000
2018-02-28 12:14:56,0.05345000,0.40800000
2018-02-28 12:14:56,0.05345000,8.96300000
2018-02-28 12:14:56,0.05348900,16.27900000
2018-02-28 12:14:57,0.05344900,1.13100000
2018-02-28 12:15:00,0.05344900,2.74800000
2018-02-28 12:15:00,0.05345000,1.31700000
2018-02-28 12:15:01,0.05345000,0.03800000
2018-02-28 12:15:01,0.05345000,1.09300000
2018-02-28 12:15:01,0.05348900,0.98800000
2018-02-28 12:15:03,0.05345000,0.24700000
2018-02-28 12:15:05,0.05348900,0.17900000
2018-02-28 12:15:06,0.05345000,0.51200000
2018-02-28 12:15:07,0.05345000,0.13100000
2018-02-28 12:15:08,0.05345000,3.78700000
2018-02-28 12:15:08,0.05348900,0.41500000
2018-02-28 12:15:08,0.05348900,1.07200000
2018-02-28 12:15:09,0.05348900,13.88200000
2018-02-28 12:15:09,0.05349000,0.96400000
2018-02-28 12:15:09,0.05349800,0.22800000
2018-02-28 12:15:09,0.05349900,1.44000000
2018-02-28 12:15:09,0.05350000,12.54500000
2018-02-28 12:15:09,0.05350000,17.32000000
2018-02-28 12:15:09,0.05350000,0.18600000
2018-02-28 12:15:09,0.05350000,60.20900000
2018-02-28 12:15:09,0.05350100,0.08600000
2018-02-28 12:15:09,0.05352100,0.46800000
2018-02-28 12:15:09,0.05353500,0.57800000
2018-02-28 12:15:09,0.05353500,0.46800000
2018-02-28 12:15:09,0.05353500,0.12300000
2018-02-28 12:15:09,0.05354900,0.07900000
2018-02-28 12:15:09,0.05355000,10.25300000
2018-02-28 12:15:09,0.05355000,0.14000000
2018-02-28 12:15:09,0.05350200,0.36000000
2018-02-28 12:15:09,0.05357000,0.02100000
2018-02-28 12:15:09,0.05357900,0.00700000
2018-02-28 12:15:09,0.05357900,0.03100000
2018-02-28 12:15:09,0.05358900,0.59500000
2018-02-28 12:15:10,0.05358900,0.02900000
2018-02-28 12:15:10,0.05358900,0.25400000
2018-02-28 12:15:10,0.05358900,0.03100000
2018-02-28 12:15:11,0.05350200,0.35700000
2018-02-28 12:15:11,0.05358900,0.57800000
2018-02-28 12:15:11,0.05358900,2.11600000
2018-02-28 12:15:11,0.05350800,0.14000000
2018-02-28 12:15:13,0.05354500,0.36000000
2018-02-28 12:15:14,0.05358900,0.05800000
2018-02-28 12:15:14,0.05359900,2.40700000
2018-02-28 12:15:14,0.05359900,0.40400000
2018-02-28 12:15:14,0.05360000,2.59600000
2018-02-28 12:15:16,0.05358900,0.06100000
2018-02-28 12:15:16,0.05360000,20.55000000
2018-02-28 12:15:16,0.05362000,2.80000000
2018-02-28 12:15:17,0.05365000,0.04900000
2018-02-28 12:15:17,0.05365200,0.05000000
2018-02-28 12:15:17,0.05366400,0.04000000
2018-02-28 12:15:17,0.05366600,0.33100000
2018-02-28 12:15:18,0.05366600,0.16900000
2018-02-28 12:15:18,0.05367300,0.15100000
2018-02-28 12:15:18,0.05367800,0.20600000
2018-02-28 12:15:18,0.05367900,0.15100000
2018-02-28 12:15:18,0.05369600,0.03600000
2018-02-28 12:15:18,0.05370000,2.28700000
2018-02-28 12:15:18,0.05370000,2.90200000
2018-02-28 12:15:19,0.05362100,0.48800000
2018-02-28 12:15:20,0.05366600,0.07200000
2018-02-28 12:15:20,0.05364000,2.00000000
2018-02-28 12:15:20,0.05362100,0.96200000
2018-02-28 12:15:20,0.05370000,0.00500000
2018-02-28 12:15:21,0.05366600,0.07200000
2018-02-28 12:15:22,0.05370000,0.19600000
2018-02-28 12:15:22,0.05370000,0.04400000
2018-02-28 12:15:22,0.05370000,3.10300000
2018-02-28 12:15:23,0.05370000,0.03000000
2018-02-28 12:15:23,0.05370000,0.02000000
2018-02-28 12:15:23,0.05370000,0.26000000
2018-02-28 12:15:24,0.05370000,0.35600000
2018-02-28 12:15:24,0.05371000,0.11100000
2018-02-28 12:15:24,0.05373000,0.02900000
2018-02-28 12:15:24,0.05373500,0.17800000
2018-02-28 12:15:24,0.05370000,0.14900000
2018-02-28 12:15:25,0.05370000,0.02900000
2018-02-28 12:15:26,0.05370100,1.77200000
2018-02-28 12:15:26,0.05370100,2.82100000
2018-02-28 12:15:27,0.05372000,0.04500000
2018-02-28 12:15:27,0.05373500,0.80000000
2018-02-28 12:15:27,0.05370100,0.21300000
2018-02-28 12:15:28,0.05370100,0.56700000
2018-02-28 12:15:28,0.05373500,0.23100000
2018-02-28 12:15:28,0.05374900,0.19800000
2018-02-28 12:15:28,0.05375000,0.50000000
2018-02-28 12:15:28,0.05375300,0.03800000
2018-02-28 12:15:28,0.05377100,1.03300000
2018-02-28 12:15:28,0.05377100,0.11500000
2018-02-28 12:15:29,0.05377100,0.11500000
2018-02-28 12:15:29,0.05371000,0.46000000
2018-02-28 12:15:30,0.05377100,0.69600000
2018-02-28 12:15:30,0.05378300,0.01900000
2018-02-28 12:15:30,0.05379900,2.57500000
2018-02-28 12:15:31,0.05373500,0.06300000
2018-02-28 12:15:31,0.05379900,0.03600000
2018-02-28 12:15:31,0.05377100,0.10000000
2018-02-28 12:15:31,0.05379900,5.15100000
2018-02-28 12:15:31,0.05380000,44.57000000
2018-02-28 12:15:31,0.05377100,1.27400000
2018-02-28 12:15:32,0.05380000,0.23500000
2018-02-28 12:15:32,0.05380000,0.29600000
2018-02-28 12:15:33,0.05380000,8.57400000
2018-02-28 12:15:34,0.05375000,0.06800000
2018-02-28 12:15:34,0.05380000,55.48700000
2018-02-28 12:15:34,0.05380000,0.20500000
2018-02-28 12:15:34,0.05380000,25.99900000
2018-02-28 12:15:34,0.05380000,4.57100000
2018-02-28 12:15:34,0.05380000,2.03100000
2018-02-28 12:15:34,0.05380000,0.19500000
2018-02-28 12:15:35,0.05373700,0.18700000
2018-02-28 12:15:35,0.05380000,1.97800000
2018-02-28 12:15:35,0.05380000,7.43600000
2018-02-28 12:15:36,0.05382000,0.04500000
2018-02-28 12:15:36,0.05383000,0.20000000
2018-02-28 12:15:36,0.05383800,0.02800000
2018-02-28 12:15:36,0.05385100,0.17100000
2018-02-28 12:15:36,0.05385100,1.88000000
2018-02-28 12:15:37,0.05385200,0.04700000
2018-02-28 12:15:37,0.05385500,0.04000000
2018-02-28 12:15:37,0.05385600,0.18700000
2018-02-28 12:15:37,0.05389000,0.08000000
2018-02-28 12:15:37,0.05385200,0.06200000
2018-02-28 12:15:37,0.05389000,0.38800000
2018-02-28 12:15:37,0.05390000,1.77800000
2018-02-28 12:15:38,0.05385200,1.27000000
2018-02-28 12:15:39,0.05390000,0.51100000
2018-02-28 12:15:40,0.05390000,0.87000000
2018-02-28 12:15:40,0.05390000,0.29800000
2018-02-28 12:15:40,0.05390000,0.04600000
2018-02-28 12:15:41,0.05390000,0.78000000
2018-02-28 12:15:41,0.05393300,0.15000000
2018-02-28 12:15:41,0.05395200,0.73100000
2018-02-28 12:15:41,0.05396300,0.07600000
2018-02-28 12:15:41,0.05398200,0.54100000
2018-02-28 12:15:41,0.05399000,0.23500000
2018-02-28 12:15:41,0.05399600,0.03700000
2018-02-28 12:15:41,0.05399800,0.77300000
2018-02-28 12:15:41,0.05399900,3.32100000
2018-02-28 12:15:41,0.05400000,5.65900000
2018-02-28 12:15:42,0.05390000,0.04300000
2018-02-28 12:15:42,0.05390000,0.03300000
2018-02-28 12:15:42,0.05400000,0.18600000
2018-02-28 12:15:43,0.05390000,0.57700000
2018-02-28 12:15:43,0.05390000,0.09000000
2018-02-28 12:15:43,0.05400000,0.53800000
2018-02-28 12:15:44,0.05390000,0.11000000
2018-02-28 12:15:44,0.05390000,2.77400000
2018-02-28 12:15:44,0.05400000,0.09100000
2018-02-28 12:15:45,0.05390000,9.22400000
2018-02-28 12:15:45,0.05389000,0.08300000
2018-02-28 12:15:45,0.05385200,0.16900000
2018-02-28 12:15:45,0.05385100,3.96900000
2018-02-28 12:15:46,0.05390000,0.78300000
2018-02-28 12:15:46,0.05399900,0.44800000
2018-02-28 12:15:46,0.05400000,6.84200000
2018-02-28 12:15:46,0.05400000,0.28000000
2018-02-28 12:15:47,0.05400000,0.04300000
2018-02-28 12:15:47,0.05400000,0.06300000
2018-02-28 12:15:47,0.05390000,0.47000000
2018-02-28 12:15:48,0.05398000,1.95500000
2018-02-28 12:15:48,0.05400000,46.38900000
2018-02-28 12:15:48,0.05400000,3.25600000
2018-02-28 12:15:48,0.05400000,15.30800000
2018-02-28 12:15:48,0.05390000,0.18500000
2018-02-28 12:15:48,0.05400000,2.57200000
2018-02-28 12:15:48,0.05400000,0.07000000
2018-02-28 12:15:49,0.05400000,1.87000000
2018-02-28 12:15:49,0.05400000,0.71600000
2018-02-28 12:15:50,0.05400400,0.04100000
2018-02-28 12:15:50,0.05401200,0.06500000
2018-02-28 12:15:50,0.05400000,0.06200000
2018-02-28 12:15:50,0.05400000,0.69000000
2018-02-28 12:15:50,0.05400000,1.77000000
2018-02-28 12:15:50,0.05400000,0.39000000
2018-02-28 12:15:51,0.05400000,0.34700000
2018-02-28 12:15:51,0.05400400,2.74700000
2018-02-28 12:15:51,0.05400000,13.11200000
2018-02-28 12:15:51,0.05390000,4.56600000
2018-02-28 12:15:51,0.05400000,0.62000000
2018-02-28 12:15:51,0.05400000,0.41400000
2018-02-28 12:15:53,0.05390000,1.82300000
2018-02-28 12:15:54,0.05398000,0.24500000
2018-02-28 12:15:54,0.05398000,0.27200000
2018-02-28 12:15:54,0.05390000,3.83900000
2018-02-28 12:15:54,0.05398000,5.48300000
2018-02-28 12:15:54,0.05400000,0.35100000
2018-02-28 12:15:54,0.05390000,0.06300000
2018-02-28 12:15:55,0.05390000,0.05200000
2018-02-28 12:15:56,0.05400000,0.36500000
2018-02-28 12:15:56,0.05390000,2.46100000
2018-02-28 12:15:56,0.05390000,4.22600000
2018-02-28 12:15:56,0.05390000,0.05700000
2018-02-28 12:15:57,0.05400000,10.90400000
2018-02-28 12:15:57,0.05390000,0.21000000
2018-02-28 12:15:57,0.05400000,9.27800000
2018-02-28 12:15:57,0.05400000,5.00000000
2018-02-28 12:15:58,0.05390000,0.02200000
2018-02-28 12:15:58,0.05399900,1.05200000
2018-02-28 12:15:58,0.05400000,7.06000000
2018-02-28 12:15:58,0.05400000,1.05200000
2018-02-28 12:15:59,0.05400000,22.83600000
2018-02-28 12:15:59,0.05390000,8.70200000
2018-02-28 12:15:59,0.05390000,5.58500000
2018-02-28 12:15:59,0.05389200,0.25100000
2018-02-28 12:16:00,0.05400000,2.76700000
2018-02-28 12:16:01,0.05400000,0.80000000
2018-02-28 12:16:01,0.05390100,0.18700000
2018-02-28 12:16:01,0.05390100,2.24000000
2018-02-28 12:16:01,0.05399800,0.25200000
2018-02-28 12:16:01,0.05400000,2.74800000
2018-02-28 12:16:01,0.05390100,2.70400000
2018-02-28 12:16:01,0.05400000,0.09400000
2018-02-28 12:16:02,0.05390100,1.00000000
2018-02-28 12:16:04,0.05390100,0.07100000
2018-02-28 12:16:05,0.05400000,1.93800000
2018-02-28 12:16:05,0.05400400,0.36000000
2018-02-28 12:16:05,0.05400400,0.58800000
2018-02-28 12:16:05,0.05400400,8.27200000
2018-02-28 12:16:06,0.05390100,5.97700000
2018-02-28 12:16:06,0.05390100,0.62400000
2018-02-28 12:16:06,0.05390100,2.93700000
2018-02-28 12:16:06,0.05390000,1.69500000
2018-02-28 12:16:06,0.05390000,3.77100000
2018-02-28 12:16:06,0.05390100,0.41700000
2018-02-28 12:16:07,0.05390100,1.04500000
2018-02-28 12:16:07,0.05399900,3.83200000
2018-02-28 12:16:07,0.05399900,0.42500000
2018-02-28 12:16:07,0.05399900,0.09800000
2018-02-28 12:16:08,0.05399900,1.17100000
2018-02-28 12:16:09,0.05399900,0.07300000
2018-02-28 12:16:09,0.05399900,0.02800000
2018-02-28 12:16:09,0.05399900,2.93800000
2018-02-28 12:16:10,0.05390200,0.33900000
2018-02-28 12:16:10,0.05390100,0.79100000
2018-02-28 12:16:12,0.05399900,0.00600000
2018-02-28 12:16:12,0.05390100,0.06300000
2018-02-28 12:16:12,0.05399900,4.32600000
2018-02-28 12:16:12,0.05399900,0.98500000
2018-02-28 12:16:12,0.05400000,0.16900000
2018-02-28 12:16:13,0.05400000,0.84600000
2018-02-28 12:16:13,0.05390100,0.68800000
2018-02-28 12:16:14,0.05399600,0.08800000
2018-02-28 12:16:14,0.05399900,1.76300000
2018-02-28 12:16:15,0.05391300,0.19000000
2018-02-28 12:16:15,0.05391300,0.01500000
2018-02-28 12:16:16,0.05391300,0.18500000
2018-02-28 12:16:18,0.05391300,0.95500000
2018-02-28 12:16:18,0.05390100,4.49500000
2018-02-28 12:16:18,0.05390100,5.10000000
2018-02-28 12:16:18,0.05391300,0.02600000
2018-02-28 12:16:18,0.05390100,13.32300000
2018-02-28 12:16:18,0.05390000,3.79500000
2018-02-28 12:16:18,0.05389200,0.38000000
2018-02-28 12:16:19,0.05390100,0.14900000
2018-02-28 12:16:19,0.05390100,9.03500000
2018-02-28 12:16:20,0.05390100,1.47500000
2018-02-28 12:16:20,0.05390100,0.11900000
2018-02-28 12:16:20,0.05380100,0.53700000
2018-02-28 12:16:20,0.05380000,2.63400000
2018-02-28 12:16:20,0.05378900,0.34500000
2018-02-28 12:16:20,0.05378400,0.28600000
2018-02-28 12:16:20,0.05376600,0.29400000
2018-02-28 12:16:20,0.05374500,0.04300000
2018-02-28 12:16:20,0.05373500,0.41900000
2018-02-28 12:16:20,0.05373400,0.74400000
2018-02-28 12:16:20,0.05373200,0.09500000
2018-02-28 12:16:20,0.05372000,1.00000000
2018-02-28 12:16:20,0.05370000,12.76000000
2018-02-28 12:16:20,0.05381100,0.14500000
2018-02-28 12:16:21,0.05381100,0.18500000
2018-02-28 12:16:21,0.05390000,0.50000000
2018-02-28 12:16:21,0.05390100,5.24500000
2018-02-28 12:16:21,0.05370300,0.21400000
2018-02-28 12:16:21,0.05370600,0.19500000
2018-02-28 12:16:21,0.05370600,1.45000000
2018-02-28 12:16:21,0.05370400,0.85800000
2018-02-28 12:16:22,0.05372000,0.14800000
2018-02-28 12:16:22,0.05370400,0.08400000
2018-02-28 12:16:22,0.05380000,0.05600000
2018-02-28 12:16:22,0.05380000,0.05600000
2018-02-28 12:16:22,0.05380000,0.05600000
2018-02-28 12:16:23,0.05372200,0.00200000
2018-02-28 12:16:23,0.05372200,0.18400000
2018-02-28 12:16:23,0.05370500,0.50000000
2018-02-28 12:16:23,0.05370200,0.05800000
2018-02-28 12:16:23,0.05370100,0.37200000
2018-02-28 12:16:23,0.05370000,3.11200000
2018-02-28 12:16:23,0.05370000,0.41500000
2018-02-28 12:16:23,0.05370000,0.16800000
2018-02-28 12:16:24,0.05374400,0.08300000
2018-02-28 12:16:24,0.05370000,0.13100000
2018-02-28 12:16:24,0.05374100,0.20200000
2018-02-28 12:16:24,0.05374100,0.05100000
2018-02-28 12:16:25,0.05374100,0.24500000
2018-02-28 12:16:25,0.05373900,0.51500000
2018-02-28 12:16:25,0.05370000,0.28900000
2018-02-28 12:16:25,0.05370000,12.90600000
2018-02-28 12:16:25,0.05370400,0.14200000
2018-02-28 12:16:25,0.05370400,0.02800000
2018-02-28 12:16:25,0.05370000,3.31700000
2018-02-28 12:16:25,0.05369400,0.32900000
2018-02-28 12:16:25,0.05368400,0.05600000
2018-02-28 12:16:25,0.05366600,0.27700000
2018-02-28 12:16:25,0.05365600,0.03600000
2018-02-28 12:16:25,0.05369000,0.25800000
2018-02-28 12:16:25,0.05369000,0.18400000
2018-02-28 12:16:25,0.05363100,0.22100000
2018-02-28 12:16:25,0.05362800,0.08400000
2018-02-28 12:16:25,0.05360100,0.02000000
2018-02-28 12:16:25,0.05357700,0.02900000
2018-02-28 12:16:26,0.05368800,0.18300000
2018-02-28 12:16:26,0.05368800,0.93900000
2018-02-28 12:16:26,0.05357700,0.13900000
2018-02-28 12:16:26,0.05351100,0.38000000
2018-02-28 12:16:26,0.05351000,0.21200000
2018-02-28 12:16:26,0.05368800,0.22200000
2018-02-28 12:16:26,0.05368900,0.50000000
2018-02-28 12:16:26,0.05369000,0.21700000
2018-02-28 12:16:26,0.05351800,0.05800000
2018-02-28 12:16:27,0.05352000,1.86800000
2018-02-28 12:16:27,0.05351800,0.07000000
2018-02-28 12:16:27,0.05369000,0.11600000
2018-02-28 12:16:27,0.05369400,3.63200000
2018-02-28 12:16:27,0.05370000,1.37300000
2018-02-28 12:16:27,0.05370000,5.00500000
2018-02-28 12:16:27,0.05370000,0.58700000
2018-02-28 12:16:27,0.05370000,0.00200000
2018-02-28 12:16:27,0.05369900,0.18500000
2018-02-28 12:16:27,0.05369900,0.18700000
2018-02-28 12:16:27,0.05369900,0.03600000
2018-02-28 12:16:27,0.05351800,0.05800000
2018-02-28 12:16:27,0.05370000,0.18500000
2018-02-28 12:16:27,0.05370000,4.12200000
2018-02-28 12:16:27,0.05370000,3.19000000
2018-02-28 12:16:28,0.05364400,0.58500000
2018-02-28 12:16:29,0.05364400,0.01600000
2018-02-28 12:16:29,0.05360000,1.68600000
2018-02-28 12:16:30,0.05364400,0.16400000
2018-02-28 12:16:30,0.05360000,0.20000000
2018-02-28 12:16:30,0.05364400,0.71200000
2018-02-28 12:16:31,0.05360000,0.69300000
2018-02-28 12:16:31,0.05353600,0.19300000
2018-02-28 12:16:31,0.05360000,0.52800000
2018-02-28 12:16:31,0.05359800,0.20300000
2018-02-28 12:16:31,0.05359800,0.18800000
2018-02-28 12:16:32,0.05360000,0.70300000
2018-02-28 12:16:32,0.05360000,1.06300000
2018-02-28 12:16:32,0.05360000,1.12200000
2018-02-28 12:16:32,0.05359000,0.10400000
2018-02-28 12:16:32,0.05360000,0.00100000
2018-02-28 12:16:32,0.05369000,0.00300000
2018-02-28 12:16:33,0.05353800,0.44000000
2018-02-28 12:16:33,0.05353800,1.42300000
2018-02-28 12:16:33,0.05353700,0.50000000
2018-02-28 12:16:33,0.05353600,0.07700000
2018-02-28 12:16:33,0.05353600,0.00900000
2018-02-28 12:16:33,0.05351000,0.06900000
2018-02-28 12:16:34,0.05359800,0.10400000
2018-02-28 12:16:34,0.05351000,0.29400000
2018-02-28 12:16:34,0.05349200,0.37300000
2018-02-28 12:16:34,0.05347000,0.02500000
2018-02-28 12:16:34,0.05345000,0.38000000
2018-02-28 12:16:34,0.05344900,0.32800000
2018-02-28 12:16:34,0.05344000,0.37400000
2018-02-28 12:16:34,0.05343000,0.15300000
2018-02-28 12:16:34,0.05351100,0.03800000
2018-02-28 12:16:34,0.05343000,0.27900000
2018-02-28 12:16:35,0.05359500,0.72500000
2018-02-28 12:16:35,0.05359500,0.33000000
2018-02-28 12:16:35,0.05359500,0.18600000
2018-02-28 12:16:35,0.05352700,0.18600000
2018-02-28 12:16:35,0.05343100,0.00400000
2018-02-28 12:16:35,0.05343100,0.03400000
2018-02-28 12:16:36,0.05344700,0.09300000
2018-02-28 12:16:36,0.05343100,0.02600000
2018-02-28 12:16:36,0.05350000,0.19100000
2018-02-28 12:16:36,0.05350000,0.78400000
2018-02-28 12:16:36,0.05350000,0.21100000
2018-02-28 12:16:37,0.05359200,0.51800000
2018-02-28 12:16:37,0.05359400,0.18700000
2018-02-28 12:16:37,0.05359700,0.37300000
2018-02-28 12:16:37,0.05360000,6.18500000
2018-02-28 12:16:37,0.05350200,3.12600000
2018-02-28 12:16:37,0.05350000,3.27600000
2018-02-28 12:16:37,0.05344700,0.12800000
2018-02-28 12:16:37,0.05343000,2.92900000
2018-02-28 12:16:38,0.05344900,0.87800000
2018-02-28 12:16:38,0.05359500,1.54800000
2018-02-28 12:16:38,0.05346000,2.00000000
2018-02-28 12:16:38,0.05345000,0.43400000
2018-02-28 12:16:38,0.05344700,0.18700000
2018-02-28 12:16:38,0.05343000,6.83100000
2018-02-28 12:16:39,0.05346400,0.19600000
2018-02-28 12:16:40,0.05346400,0.03000000
2018-02-28 12:16:40,0.05350000,0.04800000
2018-02-28 12:16:40,0.05357800,0.87800000
2018-02-28 12:16:40,0.05358000,2.00000000
2018-02-28 12:16:40,0.05359500,0.50000000
2018-02-28 12:16:40,0.05359900,0.09500000
2018-02-28 12:16:40,0.05360000,5.18300000
2018-02-28 12:16:40,0.05369000,0.04500000
2018-02-28 12:16:40,0.05370000,0.29900000
2018-02-28 12:16:40,0.05350000,4.57600000
2018-02-28 12:16:40,0.05346400,0.14800000
2018-02-28 12:16:40,0.05346300,0.13600000
2018-02-28 12:16:40,0.05343000,5.34100000
2018-02-28 12:16:40,0.05340200,0.09300000
2018-02-28 12:16:40,0.05340100,9.83600000
2018-02-28 12:16:40,0.05350200,0.96300000
2018-02-28 12:16:41,0.05350200,0.17900000
2018-02-28 12:16:41,0.05350200,0.02100000
2018-02-28 12:16:41,0.05370000,9.13700000
2018-02-28 12:16:41,0.05379100,0.50000000
2018-02-28 12:16:41,0.05379200,0.02100000
2018-02-28 12:16:41,0.05389600,0.08400000
2018-02-28 12:16:41,0.05389900,0.80100000
2018-02-28 12:16:41,0.05390000,0.48500000
2018-02-28 12:16:41,0.05390100,1.17500000
2018-02-28 12:16:41,0.05379200,9.64000000
2018-02-28 12:16:41,0.05379400,0.50400000
2018-02-28 12:16:41,0.05379400,0.19800000
2018-02-28 12:16:41,0.05350000,0.94100000
2018-02-28 12:16:41,0.05350000,0.18800000
2018-02-28 12:16:42,0.05394700,0.02900000
2018-02-28 12:16:42,0.05394700,0.01200000
2018-02-28 12:16:42,0.05379500,0.50000000
2018-02-28 12:16:43,0.05394400,0.16800000
2018-02-28 12:16:43,0.05364200,0.10000000
2018-02-28 12:16:43,0.05354500,0.18600000
2018-02-28 12:16:43,0.05353500,0.05900000
2018-02-28 12:16:43,0.05350200,4.23100000
2018-02-28 12:16:43,0.05380700,0.03900000
2018-02-28 12:16:43,0.05350300,0.87700000
2018-02-28 12:16:43,0.05350200,0.25700000
2018-02-28 12:16:43,0.05364300,0.18900000
2018-02-28 12:16:44,0.05364300,0.31100000
2018-02-28 12:16:44,0.05350300,5.00000000
2018-02-28 12:16:44,0.05350200,1.86900000
2018-02-28 12:16:44,0.05350100,0.19700000
2018-02-28 12:16:44,0.05344000,4.00000000
2018-02-28 12:16:44,0.05343000,5.96300000
2018-02-28 12:16:44,0.05393800,0.23200000
2018-02-28 12:16:44,0.05384400,0.07000000
2018-02-28 12:16:44,0.05384400,0.07000000
2018-02-28 12:16:44,0.05384400,0.01000000
2018-02-28 12:16:44,0.05384200,1.42400000
2018-02-28 12:16:44,0.05366100,0.02700000
2018-02-28 12:16:44,0.05393600,0.11400000
2018-02-28 12:16:45,0.05380000,4.00000000
2018-02-28 12:16:45,0.05393600,0.43900000
2018-02-28 12:16:45,0.05390000,0.07400000
2018-02-28 12:16:45,0.05367600,0.19100000
2018-02-28 12:16:45,0.05367600,0.66100000
2018-02-28 12:16:46,0.05389900,0.07000000
2018-02-28 12:16:46,0.05380200,0.10000000
2018-02-28 12:16:46,0.05389900,0.03300000
2018-02-28 12:16:46,0.05389900,0.34400000
2018-02-28 12:16:46,0.05390000,0.10200000
2018-02-28 12:16:46,0.05393700,0.50000000
2018-02-28 12:16:46,0.05393800,0.51300000
2018-02-28 12:16:46,0.05389800,0.36400000
2018-02-28 12:16:46,0.05369900,0.03900000
2018-02-28 12:16:47,0.05370000,0.18000000
2018-02-28 12:16:47,0.05393700,0.02700000
2018-02-28 12:16:47,0.05389400,0.95200000
2018-02-28 12:16:47,0.05389800,0.82500000
2018-02-28 12:16:47,0.05390000,5.79000000
2018-02-28 12:16:47,0.05390000,0.82600000
2018-02-28 12:16:48,0.05372300,0.53900000
2018-02-28 12:16:48,0.05372300,0.09500000
2018-02-28 12:16:48,0.05372400,1.02000000
2018-02-28 12:16:49,0.05393400,0.37400000
2018-02-28 12:16:49,0.05393500,0.50000000
2018-02-28 12:16:49,0.05393700,0.50000000
2018-02-28 12:16:50,0.05393500,0.13400000
2018-02-28 12:16:50,0.05393500,0.17500000
2018-02-28 12:16:50,0.05390000,0.53900000
2018-02-28 12:16:51,0.05393000,0.03700000
2018-02-28 12:16:51,0.05373400,0.72500000
2018-02-28 12:16:51,0.05393000,0.03500000
2018-02-28 12:16:51,0.05393000,0.02700000
2018-02-28 12:16:51,0.05373400,0.08600000
2018-02-28 12:16:51,0.05373600,0.04700000
2018-02-28 12:16:52,0.05373600,0.58700000
2018-02-28 12:16:52,0.05392700,0.53500000
2018-02-28 12:16:52,0.05392900,0.03700000
2018-02-28 12:16:52,0.05392900,0.00200000
2018-02-28 12:16:52,0.05393500,0.03400000
2018-02-28 12:16:53,0.05393400,0.24400000
2018-02-28 12:16:53,0.05393400,0.18000000
2018-02-28 12:16:53,0.05375200,1.86000000
