DATE,PRICE,VOLUME
2018-02-22 19:00:03,0.03111000,0.02100000
2018-02-22 19:00:04,0.03111000,0.10000000
2018-02-22 19:00:04,0.03110100,0.12000000
2018-02-22 19:00:05,0.03111000,0.04100000
2018-02-22 19:00:06,0.03110100,3.20300000
2018-02-22 19:00:06,0.03110100,0.11900000
2018-02-22 19:00:06,0.03110000,0.04700000
2018-02-22 19:00:10,0.03111200,0.05100000
2018-02-22 19:00:12,0.03111200,0.34400000
2018-02-22 19:00:12,0.03111200,0.10200000
2018-02-22 19:00:18,0.03112000,0.08000000
2018-02-22 19:00:18,0.03112000,0.78900000
2018-02-22 19:00:18,0.03113000,3.52200000
2018-02-22 19:00:18,0.03119400,0.87300000
2018-02-22 19:00:20,0.03119300,1.28900000
2018-02-22 19:00:21,0.03119300,0.21000000
2018-02-22 19:00:23,0.03119300,0.32200000
2018-02-22 19:00:24,0.03119300,0.08000000
2018-02-22 19:00:26,0.03119300,0.40700000
2018-02-22 19:00:28,0.03119300,0.42100000
2018-02-22 19:00:28,0.03119300,0.35800000
2018-02-22 19:00:28,0.03119300,1.63500000
2018-02-22 19:00:29,0.03114200,0.13500000
2018-02-22 19:00:42,0.03119800,0.13500000
2018-02-22 19:00:42,0.03119800,0.86500000
2018-02-22 19:00:45,0.03120000,0.16000000
2018-02-22 19:00:46,0.03119800,0.53200000
2018-02-22 19:00:47,0.03120000,0.93700000
2018-02-22 19:00:49,0.03120000,7.23400000
2018-02-22 19:00:49,0.03125700,0.01300000
2018-02-22 19:00:49,0.03127900,3.71100000
2018-02-22 19:00:49,0.03128000,1.04200000
2018-02-22 19:00:54,0.03126900,0.30400000
2018-02-22 19:00:54,0.03128000,2.48100000
2018-02-22 19:00:54,0.03129500,0.33200000
2018-02-22 19:00:54,0.03129900,6.43400000
2018-02-22 19:00:54,0.03130000,27.71100000
2018-02-22 19:00:54,0.03121600,0.77700000
2018-02-22 19:01:01,0.03123900,0.13100000
2018-02-22 19:01:01,0.03126600,0.77700000
2018-02-22 19:01:01,0.03126800,0.10000000
2018-02-22 19:01:06,0.03130000,0.30400000
2018-02-22 19:01:06,0.03130500,0.09700000
2018-02-22 19:01:07,0.03130500,4.53700000
2018-02-22 19:01:07,0.03128100,2.92100000
2018-02-22 19:01:07,0.03128000,6.26300000
2018-02-22 19:01:09,0.03133000,0.13100000
2018-02-22 19:01:09,0.03133100,2.92100000
2018-02-22 19:01:09,0.03133200,6.18400000
2018-02-22 19:01:09,0.03133300,3.25300000
2018-02-22 19:01:09,0.03134800,0.09900000
2018-02-22 19:01:09,0.03134900,4.16400000
2018-02-22 19:01:09,0.03135000,17.48800000
2018-02-22 19:01:13,0.03133200,0.28200000
2018-02-22 19:01:13,0.03133200,1.31700000
2018-02-22 19:01:13,0.03133200,0.63300000
2018-02-22 19:01:13,0.03135000,2.65100000
2018-02-22 19:01:14,0.03133200,0.13100000
2018-02-22 19:01:14,0.03134100,0.10000000
2018-02-22 19:01:16,0.03136500,0.08100000
2018-02-22 19:01:18,0.03135000,0.19700000
2018-02-22 19:01:18,0.03135000,0.40400000
2018-02-22 19:01:18,0.03135000,1.35400000
2018-02-22 19:01:18,0.03135000,0.17300000
2018-02-22 19:01:19,0.03135000,0.23700000
2018-02-22 19:01:21,0.03135000,0.00100000
2018-02-22 19:01:21,0.03134100,3.19000000
2018-02-22 19:01:22,0.03135000,0.71300000
2018-02-22 19:01:22,0.03135000,0.33200000
2018-02-22 19:01:24,0.03135000,0.00600000
2018-02-22 19:01:26,0.03136000,3.17600000
2018-02-22 19:01:28,0.03136000,0.01400000
2018-02-22 19:01:34,0.03136200,0.10000000
2018-02-22 19:01:39,0.03138700,0.03500000
2018-02-22 19:01:41,0.03139700,0.06800000
2018-02-22 19:01:41,0.03139800,0.14400000
2018-02-22 19:01:42,0.03137900,0.04800000
2018-02-22 19:01:43,0.03137900,0.05200000
2018-02-22 19:01:43,0.03139800,1.46800000
2018-02-22 19:01:44,0.03140000,0.08000000
2018-02-22 19:01:44,0.03141500,0.90700000
2018-02-22 19:01:44,0.03142700,0.54000000
2018-02-22 19:01:44,0.03143000,2.82900000
2018-02-22 19:01:44,0.03145000,5.11400000
2018-02-22 19:01:44,0.03145400,0.38600000
2018-02-22 19:01:44,0.03149000,3.19000000
2018-02-22 19:01:44,0.03149500,6.38100000
2018-02-22 19:01:44,0.03149700,12.76100000
2018-02-22 19:01:44,0.03149900,0.59900000
2018-02-22 19:01:44,0.03150000,7.01000000
2018-02-22 19:01:45,0.03150000,0.68900000
2018-02-22 19:01:45,0.03151200,12.50100000
2018-02-22 19:01:45,0.03152100,10.46900000
2018-02-22 19:01:45,0.03152100,3.29900000
2018-02-22 19:01:46,0.03158200,0.25900000
2018-02-22 19:01:46,0.03158300,0.15000000
2018-02-22 19:01:46,0.03158500,3.59100000
2018-02-22 19:01:46,0.03159600,0.20600000
2018-02-22 19:01:46,0.03160000,0.54000000
2018-02-22 19:01:51,0.03156700,0.09400000
2018-02-22 19:01:51,0.03152000,0.06400000
2018-02-22 19:01:51,0.03156700,0.00600000
2018-02-22 19:01:51,0.03161700,0.03500000
2018-02-22 19:01:51,0.03161700,0.15800000
2018-02-22 19:01:51,0.03152000,0.83400000
2018-02-22 19:01:52,0.03161700,0.80700000
2018-02-22 19:01:52,0.03161700,1.06200000
2018-02-22 19:01:52,0.03161700,0.05200000
2018-02-22 19:01:53,0.03161700,0.12200000
2018-02-22 19:01:55,0.03161800,0.20900000
2018-02-22 19:01:55,0.03161800,0.29100000
2018-02-22 19:01:55,0.03161700,2.60800000
2018-02-22 19:01:56,0.03161800,0.49800000
2018-02-22 19:01:56,0.03162000,0.06700000
2018-02-22 19:01:56,0.03162700,0.09900000
2018-02-22 19:01:56,0.03165300,1.10500000
2018-02-22 19:01:56,0.03168000,0.25300000
2018-02-22 19:01:56,0.03168400,0.11600000
2018-02-22 19:01:56,0.03170000,5.49100000
2018-02-22 19:01:56,0.03170700,0.07300000
2018-02-22 19:01:56,0.03172000,1.19100000
2018-02-22 19:01:56,0.03173000,0.83000000
2018-02-22 19:01:56,0.03176800,0.68800000
2018-02-22 19:01:56,0.03162000,0.27700000
2018-02-22 19:01:57,0.03162200,0.19900000
2018-02-22 19:01:57,0.03179900,4.55000000
2018-02-22 19:01:58,0.03162900,0.94800000
2018-02-22 19:01:58,0.03163000,0.70900000
2018-02-22 19:01:58,0.03163000,0.43600000
2018-02-22 19:01:58,0.03179900,0.83900000
2018-02-22 19:02:01,0.03171700,0.10000000
2018-02-22 19:02:01,0.03179800,0.34600000
2018-02-22 19:02:01,0.03179900,1.61100000
2018-02-22 19:02:01,0.03180000,19.85400000
2018-02-22 19:02:02,0.03164500,0.21200000
2018-02-22 19:02:03,0.03179700,1.14700000
2018-02-22 19:02:03,0.03179900,1.14500000
2018-02-22 19:02:03,0.03180000,2.89500000
2018-02-22 19:02:03,0.03181400,0.21100000
2018-02-22 19:02:03,0.03181700,3.32900000
2018-02-22 19:02:03,0.03190000,0.11200000
2018-02-22 19:02:03,0.03193500,1.07300000
2018-02-22 19:02:03,0.03194000,3.70700000
2018-02-22 19:02:03,0.03199000,4.38100000
2018-02-22 19:02:03,0.03200000,21.41900000
2018-02-22 19:02:03,0.03179700,1.18500000
2018-02-22 19:02:03,0.03173800,0.12700000
2018-02-22 19:02:03,0.03170900,0.63100000
2018-02-22 19:02:03,0.03167600,0.12800000
2018-02-22 19:02:03,0.03164900,0.29900000
2018-02-22 19:02:03,0.03164900,1.18500000
2018-02-22 19:02:03,0.03200000,1.94700000
2018-02-22 19:02:04,0.03195600,0.10000000
2018-02-22 19:02:04,0.03195600,0.02700000
2018-02-22 19:02:04,0.03180000,0.36000000
2018-02-22 19:02:04,0.03186500,0.09500000
2018-02-22 19:02:04,0.03186600,1.35000000
2018-02-22 19:02:04,0.03186600,0.09500000
2018-02-22 19:02:04,0.03186600,4.71100000
2018-02-22 19:02:04,0.03180100,3.14100000
2018-02-22 19:02:04,0.03180100,0.90700000
2018-02-22 19:02:04,0.03180000,0.51100000
2018-02-22 19:02:04,0.03186500,0.09400000
2018-02-22 19:02:04,0.03189900,0.63100000
2018-02-22 19:02:04,0.03195500,0.10100000
2018-02-22 19:02:04,0.03199800,0.26400000
2018-02-22 19:02:05,0.03186600,0.51400000
2018-02-22 19:02:05,0.03186600,0.08400000
2018-02-22 19:02:05,0.03186800,0.21200000
2018-02-22 19:02:06,0.03195500,0.04900000
2018-02-22 19:02:06,0.03187100,0.07300000
2018-02-22 19:02:07,0.03191000,0.21200000
2018-02-22 19:02:08,0.03191000,0.07300000
2018-02-22 19:02:08,0.03191200,0.10000000
2018-02-22 19:02:08,0.03195300,1.48400000
2018-02-22 19:02:08,0.03195400,0.54900000
2018-02-22 19:02:08,0.03195600,0.09500000
2018-02-22 19:02:08,0.03199800,1.50300000
2018-02-22 19:02:08,0.03187200,0.94100000
2018-02-22 19:02:08,0.03186700,0.10000000
2018-02-22 19:02:09,0.03186700,0.31000000
2018-02-22 19:02:09,0.03186600,0.11000000
2018-02-22 19:02:10,0.03186600,1.64000000
2018-02-22 19:02:10,0.03186600,0.07800000
2018-02-22 19:02:10,0.03186600,0.23500000
2018-02-22 19:02:10,0.03180800,0.47900000
2018-02-22 19:02:10,0.03186600,1.66300000
2018-02-22 19:02:10,0.03186700,0.53100000
2018-02-22 19:02:10,0.03186800,2.41500000
2018-02-22 19:02:10,0.03199700,0.78500000
2018-02-22 19:02:10,0.03180800,0.61100000
2018-02-22 19:02:10,0.03180900,0.38800000
2018-02-22 19:02:10,0.03181100,0.09500000
2018-02-22 19:02:10,0.03181100,0.20700000
2018-02-22 19:02:10,0.03181100,0.11800000
2018-02-22 19:02:11,0.03186400,0.04800000
2018-02-22 19:02:11,0.03186400,0.28400000
2018-02-22 19:02:11,0.03186400,0.08000000
2018-02-22 19:02:11,0.03186400,0.09600000
2018-02-22 19:02:11,0.03186400,0.17600000
2018-02-22 19:02:11,0.03186400,0.23700000
2018-02-22 19:02:11,0.03186500,0.08000000
2018-02-22 19:02:11,0.03186700,0.12900000
2018-02-22 19:02:11,0.03186700,0.05800000
2018-02-22 19:02:11,0.03186700,0.04500000
2018-02-22 19:02:12,0.03186700,0.36800000
2018-02-22 19:02:12,0.03186700,0.03800000
2018-02-22 19:02:12,0.03186700,2.17400000
2018-02-22 19:02:12,0.03186500,1.73900000
2018-02-22 19:02:12,0.03186300,0.22600000
2018-02-22 19:02:12,0.03186200,0.12500000
2018-02-22 19:02:12,0.03181200,2.86600000
2018-02-22 19:02:12,0.03181100,0.44700000
2018-02-22 19:02:12,0.03181100,0.02900000
2018-02-22 19:02:12,0.03181000,0.07700000
2018-02-22 19:02:12,0.03181200,0.08000000
2018-02-22 19:02:13,0.03181300,0.63000000
2018-02-22 19:02:13,0.03181300,0.09600000
2018-02-22 19:02:14,0.03186500,0.15900000
2018-02-22 19:02:14,0.03186500,0.31400000
2018-02-22 19:02:14,0.03199100,1.31100000
2018-02-22 19:02:14,0.03199100,0.24700000
2018-02-22 19:02:14,0.03186500,0.12600000
2018-02-22 19:02:14,0.03199000,0.07200000
2018-02-22 19:02:14,0.03186500,1.81200000
2018-02-22 19:02:15,0.03186600,0.03900000
2018-02-22 19:02:15,0.03186600,0.09900000
2018-02-22 19:02:15,0.03186600,0.37600000
2018-02-22 19:02:15,0.03186500,3.68500000
2018-02-22 19:02:16,0.03186500,0.19100000
2018-02-22 19:02:16,0.03186500,0.10600000
2018-02-22 19:02:16,0.03186500,0.59200000
2018-02-22 19:02:16,0.03186500,0.04500000
2018-02-22 19:02:16,0.03186600,0.23800000
2018-02-22 19:02:17,0.03186500,0.43800000
2018-02-22 19:02:17,0.03186500,0.06600000
2018-02-22 19:02:17,0.03181600,0.03800000
2018-02-22 19:02:17,0.03186400,0.06300000
2018-02-22 19:02:17,0.03181800,0.10700000
2018-02-22 19:02:18,0.03186400,0.08800000
2018-02-22 19:02:18,0.03181600,0.11400000
2018-02-22 19:02:18,0.03181600,1.28400000
2018-02-22 19:02:18,0.03186200,0.07800000
2018-02-22 19:02:18,0.03186000,0.10700000
2018-02-22 19:02:18,0.03186200,1.23900000
2018-02-22 19:02:18,0.03186200,0.10900000
2018-02-22 19:02:18,0.03181600,0.08300000
2018-02-22 19:02:19,0.03181500,0.04700000
2018-02-22 19:02:20,0.03186000,1.44700000
2018-02-22 19:02:20,0.03186200,0.11800000
2018-02-22 19:02:21,0.03181300,15.59900000
2018-02-22 19:02:21,0.03181300,0.08000000
2018-02-22 19:02:21,0.03181300,0.19000000
2018-02-22 19:02:21,0.03185900,0.33700000
2018-02-22 19:02:22,0.03181300,0.09600000
2018-02-22 19:02:22,0.03181300,0.08000000
2018-02-22 19:02:22,0.03181300,0.12900000
2018-02-22 19:02:22,0.03181300,0.08000000
2018-02-22 19:02:23,0.03181300,0.16000000
2018-02-22 19:02:23,0.03181300,2.43700000
2018-02-22 19:02:23,0.03181300,0.86100000
2018-02-22 19:02:23,0.03183600,0.11200000
2018-02-22 19:02:24,0.03180100,0.09300000
2018-02-22 19:02:24,0.03183500,0.24600000
2018-02-22 19:02:24,0.03183500,1.30600000
2018-02-22 19:02:24,0.03183500,0.54200000
2018-02-22 19:02:24,0.03185900,0.23900000
2018-02-22 19:02:24,0.03180000,0.24600000
2018-02-22 19:02:25,0.03180300,1.74500000
2018-02-22 19:02:25,0.03180200,1.43000000
2018-02-22 19:02:26,0.03180800,0.22400000
2018-02-22 19:02:27,0.03180800,0.03500000
2018-02-22 19:02:27,0.03180800,0.08000000
2018-02-22 19:02:27,0.03180800,0.63200000
2018-02-22 19:02:27,0.03180800,0.06400000
2018-02-22 19:02:27,0.03180800,0.14400000
2018-02-22 19:02:28,0.03183600,1.59000000
2018-02-22 19:02:29,0.03183600,0.32300000
2018-02-22 19:02:29,0.03183600,0.25200000
2018-02-22 19:02:29,0.03183600,0.06400000
2018-02-22 19:02:31,0.03183700,0.12800000
2018-02-22 19:02:31,0.03183700,0.08000000
2018-02-22 19:02:31,0.03183700,2.66700000
2018-02-22 19:02:31,0.03183600,1.31300000
2018-02-22 19:02:31,0.03183600,0.47700000
2018-02-22 19:02:32,0.03183600,0.37100000
2018-02-22 19:02:32,0.03183600,6.47000000
2018-02-22 19:02:32,0.03180900,1.47200000
2018-02-22 19:02:32,0.03180600,2.28000000
2018-02-22 19:02:32,0.03180000,7.36400000
2018-02-22 19:02:32,0.03179900,1.68100000
2018-02-22 19:02:32,0.03172300,3.78300000
2018-02-22 19:02:32,0.03171500,0.11600000
2018-02-22 19:02:32,0.03171400,0.09500000
2018-02-22 19:02:32,0.03170600,0.37800000
2018-02-22 19:02:32,0.03170000,0.31000000
2018-02-22 19:02:32,0.03170000,0.00100000
2018-02-22 19:02:32,0.03172100,0.03200000
2018-02-22 19:02:32,0.03172100,0.03400000
2018-02-22 19:02:32,0.03171900,2.65600000
2018-02-22 19:02:32,0.03172100,2.37800000
2018-02-22 19:02:32,0.03172100,4.19500000
2018-02-22 19:02:32,0.03172100,0.05300000
2018-02-22 19:02:32,0.03172100,0.84000000
2018-02-22 19:02:32,0.03172100,0.71500000
2018-02-22 19:02:32,0.03172000,0.07700000
2018-02-22 19:02:32,0.03172100,0.26700000
2018-02-22 19:02:32,0.03167900,0.34500000
2018-02-22 19:02:32,0.03167800,2.74600000
2018-02-22 19:02:33,0.03167800,0.05100000
2018-02-22 19:02:33,0.03172100,0.17000000
2018-02-22 19:02:33,0.03167800,0.03400000
2018-02-22 19:02:33,0.03167800,0.35100000
2018-02-22 19:02:33,0.03167800,0.16100000
2018-02-22 19:02:33,0.03167800,0.11200000
2018-02-22 19:02:35,0.03165200,0.16000000
2018-02-22 19:02:36,0.03165200,0.08000000
2018-02-22 19:02:36,0.03165200,0.09600000
2018-02-22 19:02:36,0.03165200,0.14200000
2018-02-22 19:02:36,0.03165200,0.06400000
2018-02-22 19:02:36,0.03165200,0.08000000
2018-02-22 19:02:36,0.03165200,0.12800000
2018-02-22 19:02:36,0.03165200,0.33300000
2018-02-22 19:02:37,0.03165200,0.25100000
2018-02-22 19:02:37,0.03165200,0.08000000
2018-02-22 19:02:37,0.03165200,0.08000000
2018-02-22 19:02:37,0.03165200,0.05100000
2018-02-22 19:02:37,0.03165200,0.07900000
2018-02-22 19:02:37,0.03165200,0.03400000
2018-02-22 19:02:37,0.03165200,0.09600000
2018-02-22 19:02:37,0.03165200,0.12100000
2018-02-22 19:02:38,0.03165200,0.07100000
2018-02-22 19:02:38,0.03165200,0.07100000
2018-02-22 19:02:38,0.03165200,0.31900000
2018-02-22 19:02:38,0.03171500,0.04700000
2018-02-22 19:02:38,0.03165200,0.04800000
2018-02-22 19:02:38,0.03165200,0.77300000
2018-02-22 19:02:39,0.03162100,0.01500000
2018-02-22 19:02:40,0.03162100,0.12700000
2018-02-22 19:02:40,0.03162100,3.40300000
2018-02-22 19:02:40,0.03162000,0.12400000
2018-02-22 19:02:40,0.03162000,0.10200000
2018-02-22 19:02:40,0.03162000,3.15700000
2018-02-22 19:02:41,0.03162000,39.76800000
2018-02-22 19:02:41,0.03162000,0.35000000
2018-02-22 19:02:43,0.03162000,2.36300000
2018-02-22 19:02:43,0.03162000,41.64300000
2018-02-22 19:02:43,0.03162100,0.17800000
2018-02-22 19:02:43,0.03162100,2.75200000
2018-02-22 19:02:43,0.03162100,0.26200000
2018-02-22 19:02:43,0.03162000,0.53300000
2018-02-22 19:02:45,0.03162000,0.01100000
2018-02-22 19:02:45,0.03162000,1.18500000
2018-02-22 19:02:45,0.03162000,2.37700000
2018-02-22 19:02:46,0.03162000,1.27400000
2018-02-22 19:02:47,0.03162000,1.29600000
2018-02-22 19:02:47,0.03162000,0.37400000
2018-02-22 19:02:48,0.03165100,0.06300000
2018-02-22 19:02:48,0.03162000,0.09600000
2018-02-22 19:02:49,0.03162000,0.13100000
2018-02-22 19:02:49,0.03165100,1.33200000
2018-02-22 19:02:49,0.03165200,0.50800000
2018-02-22 19:02:49,0.03168800,11.64100000
2018-02-22 19:02:50,0.03162600,0.04600000
2018-02-22 19:02:50,0.03162500,0.01500000
2018-02-22 19:02:51,0.03162800,0.40700000
2018-02-22 19:02:52,0.03162800,0.07100000
2018-02-22 19:02:53,0.03163100,0.07900000
2018-02-22 19:02:53,0.03168200,0.63300000
2018-02-22 19:02:53,0.03168400,1.47200000
2018-02-22 19:02:53,0.03168500,0.04600000
2018-02-22 19:02:53,0.03168700,0.94100000
2018-02-22 19:02:53,0.03168800,7.28400000
2018-02-22 19:02:53,0.03170900,0.63500000
2018-02-22 19:02:53,0.03171300,0.13700000
2018-02-22 19:02:53,0.03180500,0.21100000
2018-02-22 19:02:53,0.03185000,4.87500000
2018-02-22 19:02:53,0.03185700,0.20400000
2018-02-22 19:02:53,0.03185900,0.03200000
2018-02-22 19:02:53,0.03186500,1.41900000
2018-02-22 19:02:53,0.03190000,0.13900000
2018-02-22 19:02:53,0.03198800,7.48200000
2018-02-22 19:02:53,0.03199900,0.12800000
2018-02-22 19:02:53,0.03200000,0.49500000
2018-02-22 19:02:53,0.03205500,0.12700000
2018-02-22 19:02:53,0.03208500,0.50000000
2018-02-22 19:02:53,0.03208600,0.37800000
2018-02-22 19:02:53,0.03209000,0.89400000
2018-02-22 19:02:53,0.03209400,0.89400000
2018-02-22 19:02:53,0.03209900,0.18100000
2018-02-22 19:02:53,0.03210000,9.01500000
2018-02-22 19:02:53,0.03211200,0.81500000
2018-02-22 19:02:53,0.03211400,1.06300000
2018-02-22 19:02:53,0.03163400,0.17800000
2018-02-22 19:02:53,0.03163400,0.14400000
2018-02-22 19:02:53,0.03163400,0.75400000
2018-02-22 19:02:53,0.03163400,0.78900000
2018-02-22 19:02:53,0.03163500,0.03800000
2018-02-22 19:02:54,0.03175500,0.47400000
2018-02-22 19:02:54,0.03175500,0.16000000
2018-02-22 19:02:54,0.03175500,0.08000000
2018-02-22 19:02:55,0.03175600,0.05300000
2018-02-22 19:02:55,0.03175600,0.08000000
2018-02-22 19:02:56,0.03175700,2.46000000
2018-02-22 19:02:56,0.03181300,0.62900000
2018-02-22 19:02:57,0.03175700,1.38500000
2018-02-22 19:02:57,0.03175800,1.46800000
2018-02-22 19:02:58,0.03169100,0.06700000
2018-02-22 19:02:58,0.03168800,0.62600000
2018-02-22 19:02:58,0.03168900,0.10300000
2018-02-22 19:02:58,0.03175900,0.35500000
2018-02-22 19:02:59,0.03168900,0.35900000
2018-02-22 19:02:59,0.03180500,0.30200000
2018-02-22 19:02:59,0.03168900,2.94100000
2018-02-22 19:02:59,0.03180500,0.25200000
2018-02-22 19:03:00,0.03169000,0.08200000
2018-02-22 19:03:00,0.03168900,0.01500000
2018-02-22 19:03:01,0.03180200,0.34900000
2018-02-22 19:03:01,0.03168900,0.09600000
2018-02-22 19:03:01,0.03179900,0.06900000
2018-02-22 19:03:02,0.03168900,0.08000000
2018-02-22 19:03:02,0.03179600,1.73000000
2018-02-22 19:03:03,0.03179300,0.04700000
2018-02-22 19:03:04,0.03178900,0.04700000
2018-02-22 19:03:05,0.03178700,0.40200000
2018-02-22 19:03:05,0.03178900,4.03100000
2018-02-22 19:03:07,0.03178700,0.42200000
2018-02-22 19:03:07,0.03178800,2.82700000
2018-02-22 19:03:07,0.03169400,0.08000000
2018-02-22 19:03:10,0.03175700,1.02900000
2018-02-22 19:03:10,0.03170300,0.04000000
2018-02-22 19:03:10,0.03170300,3.11500000
2018-02-22 19:03:10,0.03170100,0.35600000
2018-02-22 19:03:10,0.03169800,0.02700000
2018-02-22 19:03:11,0.03175400,0.28000000
2018-02-22 19:03:11,0.03175300,0.94400000
2018-02-22 19:03:11,0.03175400,2.95500000
2018-02-22 19:03:11,0.03175600,0.16500000
2018-02-22 19:03:11,0.03175700,1.38100000
2018-02-22 19:03:13,0.03175600,0.35600000
2018-02-22 19:03:13,0.03175700,1.94500000
2018-02-22 19:03:14,0.03174900,0.08500000
2018-02-22 19:03:14,0.03174900,0.76500000
2018-02-22 19:03:14,0.03175000,1.90800000
2018-02-22 19:03:14,0.03175000,0.76500000
2018-02-22 19:03:16,0.03174900,0.08000000
2018-02-22 19:03:16,0.03175000,15.06000000
2018-02-22 19:03:21,0.03174900,0.03800000
2018-02-22 19:03:22,0.03174900,0.04400000
2018-02-22 19:03:22,0.03175000,0.11300000
2018-02-22 19:03:22,0.03170800,1.00000000
2018-02-22 19:03:23,0.03175000,2.30100000
2018-02-22 19:03:23,0.03175400,0.10600000
2018-02-22 19:03:23,0.03175700,0.19500000
2018-02-22 19:03:23,0.03180000,2.31100000
2018-02-22 19:03:23,0.03181300,6.02800000
2018-02-22 19:03:23,0.03200000,0.04000000
2018-02-22 19:03:23,0.03201000,0.62900000
2018-02-22 19:03:23,0.03208900,0.09300000
2018-02-22 19:03:23,0.03209000,3.11800000
2018-02-22 19:03:24,0.03171000,0.11500000
2018-02-22 19:03:28,0.03174800,0.31500000
2018-02-22 19:03:29,0.03171500,0.00900000
2018-02-22 19:03:30,0.03171500,0.00900000
2018-02-22 19:03:30,0.03174800,0.68500000
2018-02-22 19:03:30,0.03174900,0.91100000
2018-02-22 19:03:30,0.03175400,1.21400000
2018-02-22 19:03:32,0.03176800,0.12200000
2018-02-22 19:03:39,0.03176700,3.70600000
2018-02-22 19:03:40,0.03175000,0.02500000
2018-02-22 19:03:40,0.03175300,0.83900000
2018-02-22 19:03:45,0.03176600,1.73000000
2018-02-22 19:03:46,0.03176700,0.32900000
2018-02-22 19:03:47,0.03176800,2.87000000
2018-02-22 19:03:47,0.03175800,0.94400000
2018-02-22 19:03:47,0.03175500,6.97300000
2018-02-22 19:03:47,0.03174800,0.93100000
2018-02-22 19:03:48,0.03180800,2.59400000
2018-02-22 19:03:48,0.03180900,0.32900000
2018-02-22 19:03:48,0.03181000,3.70600000
2018-02-22 19:03:48,0.03181300,0.79300000
2018-02-22 19:03:51,0.03172400,0.81200000
2018-02-22 19:03:51,0.03172400,0.05100000
2018-02-22 19:03:52,0.03172700,0.09500000
2018-02-22 19:03:53,0.03173000,0.03800000
2018-02-22 19:03:53,0.03173100,1.75900000
2018-02-22 19:03:53,0.03173300,2.30100000
2018-02-22 19:03:53,0.03173100,3.42700000
2018-02-22 19:03:54,0.03171900,0.04500000
2018-02-22 19:03:54,0.03171600,1.51900000
2018-02-22 19:03:55,0.03173100,0.34900000
2018-02-22 19:03:55,0.03171100,0.09300000
2018-02-22 19:03:55,0.03171000,10.00900000
2018-02-22 19:03:55,0.03169400,3.76000000
2018-02-22 19:03:55,0.03168800,4.78900000
2018-02-22 19:03:55,0.03173800,0.16000000
2018-02-22 19:03:55,0.03173800,0.12500000
2018-02-22 19:03:56,0.03174400,0.08900000
2018-02-22 19:03:56,0.03170000,2.19400000
2018-02-22 19:03:58,0.03176000,0.17000000
2018-02-22 19:03:58,0.03167000,0.11600000
2018-02-22 19:03:59,0.03164700,0.47300000
2018-02-22 19:03:59,0.03164400,0.59300000
2018-02-22 19:03:59,0.03164300,0.16900000
2018-02-22 19:03:59,0.03164200,0.22100000
2018-02-22 19:03:59,0.03163200,1.78000000
2018-02-22 19:03:59,0.03161000,0.03500000
2018-02-22 19:03:59,0.03160200,0.03500000
2018-02-22 19:03:59,0.03160000,0.99100000
2018-02-22 19:03:59,0.03161000,0.03200000
2018-02-22 19:04:00,0.03159800,2.03400000
2018-02-22 19:04:00,0.03161000,0.03200000
2018-02-22 19:04:00,0.03161000,0.25600000
2018-02-22 19:04:00,0.03161000,0.21300000
2018-02-22 19:04:00,0.03161000,0.18000000
2018-02-22 19:04:00,0.03161000,0.07600000
2018-02-22 19:04:00,0.03160800,0.16900000
2018-02-22 19:04:00,0.03156400,0.13700000
2018-02-22 19:04:00,0.03160800,0.03200000
2018-02-22 19:04:01,0.03156400,0.02100000
2018-02-22 19:04:01,0.03155700,0.09500000
2018-02-22 19:04:02,0.03155600,0.38000000
2018-02-22 19:04:02,0.03154800,0.12700000
2018-02-22 19:04:02,0.03154700,0.04100000
2018-02-22 19:04:03,0.03159800,0.66000000
2018-02-22 19:04:03,0.03159800,0.28300000
2018-02-22 19:04:04,0.03159500,0.25100000
2018-02-22 19:04:04,0.03154300,3.80400000
2018-02-22 19:04:06,0.03154100,1.82600000
2018-02-22 19:04:06,0.03154300,0.03200000
2018-02-22 19:04:06,0.03154200,0.59100000
2018-02-22 19:04:06,0.03154200,0.00200000
2018-02-22 19:04:06,0.03154400,0.06300000
2018-02-22 19:04:06,0.03154400,3.73900000
2018-02-22 19:04:06,0.03154300,0.59300000
2018-02-22 19:04:07,0.03150300,0.13300000
2018-02-22 19:04:10,0.03150500,0.12400000
2018-02-22 19:04:10,0.03150300,1.60100000
2018-02-22 19:04:10,0.03151000,0.06300000
2018-02-22 19:04:10,0.03150300,1.43900000
2018-02-22 19:04:10,0.03150100,0.97800000
2018-02-22 19:04:10,0.03150000,1.59500000
2018-02-22 19:04:10,0.03149500,0.92100000
2018-02-22 19:04:10,0.03148400,0.03500000
2018-02-22 19:04:10,0.03147800,1.08100000
2018-02-22 19:04:10,0.03145800,0.31800000
2018-02-22 19:04:10,0.03145000,0.19800000
2018-02-22 19:04:10,0.03143800,0.31800000
2018-02-22 19:04:10,0.03143700,0.54100000
2018-02-22 19:04:10,0.03143100,0.12700000
2018-02-22 19:04:10,0.03142300,0.14300000
2018-02-22 19:04:10,0.03141100,0.27600000
2018-02-22 19:04:10,0.03139900,0.08900000
2018-02-22 19:04:12,0.03157200,0.01100000
2018-02-22 19:04:14,0.03156200,0.10900000
2018-02-22 19:04:15,0.03150000,3.19100000
2018-02-22 19:04:15,0.03150000,0.11600000
2018-02-22 19:04:15,0.03150000,3.00000000
2018-02-22 19:04:23,0.03151600,0.12200000
2018-02-22 19:04:23,0.03151700,1.22400000
2018-02-22 19:04:24,0.03151400,0.44800000
2018-02-22 19:04:26,0.03150000,2.25000000
2018-02-22 19:04:27,0.03150500,1.38100000
2018-02-22 19:04:27,0.03150700,0.47300000
2018-02-22 19:04:27,0.03150900,0.94400000
2018-02-22 19:04:27,0.03151000,5.07900000
2018-02-22 19:04:27,0.03141700,0.00500000
2018-02-22 19:04:33,0.03150000,0.10700000
2018-02-22 19:04:33,0.03150100,1.56400000
2018-02-22 19:04:33,0.03150000,0.34900000
2018-02-22 19:04:35,0.03148000,0.08000000
2018-02-22 19:04:41,0.03150200,0.26300000
2018-02-22 19:04:42,0.03150200,0.06400000
2018-02-22 19:04:42,0.03150200,0.56300000
2018-02-22 19:04:52,0.03150000,0.06000000
2018-02-22 19:04:52,0.03150000,2.97500000
2018-02-22 19:04:52,0.03151700,0.80800000
2018-02-22 19:04:52,0.03154300,2.19900000
2018-02-22 19:04:52,0.03156100,0.08900000
2018-02-22 19:04:52,0.03159000,0.12700000
2018-02-22 19:04:52,0.03160700,3.11200000
2018-02-22 19:04:52,0.03160700,3.88800000
2018-02-22 19:04:52,0.03160800,2.87000000
2018-02-22 19:04:52,0.03160900,1.36700000
2018-02-22 19:04:52,0.03160900,2.43700000
2018-02-22 19:04:52,0.03162000,0.06300000
2018-02-22 19:04:52,0.03162600,2.84000000
2018-02-22 19:04:53,0.03162600,3.21200000
2018-02-22 19:04:53,0.03164700,0.09500000
2018-02-22 19:04:54,0.03151100,0.15400000
2018-02-22 19:04:55,0.03165600,0.64700000
2018-02-22 19:04:55,0.03165700,0.54100000
2018-02-22 19:04:55,0.03165800,0.31800000
2018-02-22 19:04:55,0.03166800,0.07600000
2018-02-22 19:04:56,0.03167100,0.09300000
2018-02-22 19:04:56,0.03167400,0.14300000
2018-02-22 19:04:56,0.03167800,2.56700000
2018-02-22 19:04:56,0.03168900,3.76800000
2018-02-22 19:04:56,0.03168900,6.95400000
2018-02-22 19:04:57,0.03168900,4.87300000
2018-02-22 19:04:57,0.03169000,0.35600000
2018-02-22 19:04:57,0.03170000,8.49600000
2018-02-22 19:04:57,0.03170000,7.34500000
2018-02-22 19:04:57,0.03170300,0.97500000
2018-02-22 19:04:57,0.03170400,0.03500000
2018-02-22 19:04:57,0.03171500,0.79400000
2018-02-22 19:04:57,0.03174300,0.09500000
2018-02-22 19:04:57,0.03174500,0.12700000
2018-02-22 19:05:01,0.03176800,0.04100000
2018-02-22 19:05:01,0.03176900,0.12700000
2018-02-22 19:05:01,0.03181300,0.76800000
2018-02-22 19:05:01,0.03182300,0.03500000
2018-02-22 19:05:01,0.03189300,2.81000000
2018-02-22 19:05:02,0.03189300,3.53300000
2018-02-22 19:05:02,0.03189300,0.08900000
2018-02-22 19:05:02,0.03189300,0.09300000
2018-02-22 19:05:02,0.03189300,0.37400000
2018-02-22 19:05:02,0.03189300,0.29200000
2018-02-22 19:05:05,0.03189200,0.15400000
2018-02-22 19:05:05,0.03189300,0.18100000
2018-02-22 19:05:06,0.03189300,0.14700000
2018-02-22 19:05:06,0.03189400,0.03500000
2018-02-22 19:05:06,0.03193400,0.13300000
2018-02-22 19:05:06,0.03193500,0.38000000
2018-02-22 19:05:06,0.03195000,0.63700000
2018-02-22 19:05:07,0.03195000,0.44200000
2018-02-22 19:05:08,0.03174200,0.32900000
2018-02-22 19:05:08,0.03195000,0.03500000
2018-02-22 19:05:09,0.03195000,0.00800000
2018-02-22 19:05:09,0.03195000,0.11000000
2018-02-22 19:05:10,0.03194900,0.05000000
2018-02-22 19:05:10,0.03194900,0.27900000
2018-02-22 19:05:10,0.03195000,0.13500000
2018-02-22 19:05:10,0.03175600,0.15800000
2018-02-22 19:05:12,0.03195000,0.05600000
2018-02-22 19:05:13,0.03195000,0.15600000
2018-02-22 19:05:14,0.03195000,0.06300000
2018-02-22 19:05:15,0.03193100,0.16200000
2018-02-22 19:05:15,0.03195000,0.10400000
2018-02-22 19:05:15,0.03195000,0.11000000
2018-02-22 19:05:17,0.03200000,1.54600000
2018-02-22 19:05:18,0.03194900,0.93100000
2018-02-22 19:05:18,0.03195100,0.27400000
2018-02-22 19:05:18,0.03195200,0.09600000
2018-02-22 19:05:18,0.03195200,2.90700000
2018-02-22 19:05:18,0.03195100,1.53300000
2018-02-22 19:05:18,0.03195000,0.14300000
2018-02-22 19:05:18,0.03195000,5.51000000
2018-02-22 19:05:18,0.03185500,0.94100000
2018-02-22 19:05:18,0.03185100,0.12500000
2018-02-22 19:05:19,0.03200000,1.00000000
2018-02-22 19:05:19,0.03186100,0.09500000
2018-02-22 19:05:20,0.03185200,1.55100000
2018-02-22 19:05:20,0.03185000,0.09400000
2018-02-22 19:05:20,0.03185000,0.06900000
2018-02-22 19:05:20,0.03185000,0.04700000
2018-02-22 19:05:21,0.03185000,0.06300000
2018-02-22 19:05:22,0.03184700,0.24500000
2018-02-22 19:05:23,0.03178800,0.04500000
2018-02-22 19:05:23,0.03178700,0.28100000
2018-02-22 19:05:25,0.03184100,0.28300000
2018-02-22 19:05:25,0.03182300,0.30300000
2018-02-22 19:05:25,0.03182300,0.02800000
2018-02-22 19:05:25,0.03178700,0.05200000
2018-02-22 19:05:26,0.03184100,0.21600000
2018-02-22 19:05:26,0.03178700,0.10200000
2018-02-22 19:05:28,0.03178900,0.04900000
2018-02-22 19:05:28,0.03178800,0.38100000
2018-02-22 19:05:29,0.03183500,0.21100000
2018-02-22 19:05:29,0.03183400,0.08600000
2018-02-22 19:05:29,0.03178800,0.39600000
2018-02-22 19:05:31,0.03182900,1.93300000
2018-02-22 19:05:31,0.03183100,0.27000000
2018-02-22 19:05:31,0.03183100,0.17600000
2018-02-22 19:05:31,0.03183100,0.22000000
2018-02-22 19:05:31,0.03183400,0.43000000
2018-02-22 19:05:32,0.03183700,1.45100000
2018-02-22 19:05:32,0.03184000,0.94100000
2018-02-22 19:05:32,0.03184300,0.04500000
2018-02-22 19:05:32,0.03184600,0.19400000
2018-02-22 19:05:33,0.03184600,0.60300000
2018-02-22 19:05:33,0.03185200,3.39700000
2018-02-22 19:05:33,0.03180400,0.07900000
2018-02-22 19:05:35,0.03183300,0.11100000
2018-02-22 19:05:35,0.03183300,0.79200000
2018-02-22 19:05:35,0.03183300,0.64800000
2018-02-22 19:05:36,0.03185200,0.09400000
2018-02-22 19:05:36,0.03185200,0.09400000
2018-02-22 19:05:37,0.03183400,0.03700000
2018-02-22 19:05:37,0.03183400,0.75500000
2018-02-22 19:05:37,0.03183200,3.00800000
2018-02-22 19:05:38,0.03185200,0.09600000
2018-02-22 19:05:39,0.03185200,0.03800000
2018-02-22 19:05:40,0.03185200,0.04700000
2018-02-22 19:05:40,0.03180600,3.14200000
2018-02-22 19:05:40,0.03180600,0.29800000
2018-02-22 19:05:40,0.03180600,0.14900000
2018-02-22 19:05:41,0.03180600,0.31900000
2018-02-22 19:05:43,0.03181000,0.13800000
2018-02-22 19:05:44,0.03180300,1.50600000
2018-02-22 19:05:44,0.03180200,0.94300000
2018-02-22 19:05:44,0.03180100,3.77300000
2018-02-22 19:05:45,0.03178800,0.32600000
2018-02-22 19:05:45,0.03184400,1.42800000
2018-02-22 19:05:45,0.03180300,3.77300000
2018-02-22 19:05:46,0.03172000,0.35700000
2018-02-22 19:05:46,0.03171000,0.16000000
2018-02-22 19:05:49,0.03183500,1.71400000
2018-02-22 19:05:49,0.03183700,0.94300000
2018-02-22 19:05:49,0.03184000,0.07900000
2018-02-22 19:05:49,0.03184400,0.03200000
2018-02-22 19:05:49,0.03184600,1.50600000
2018-02-22 19:05:49,0.03185200,4.34300000
2018-02-22 19:05:49,0.03185200,0.35700000
2018-02-22 19:05:49,0.03185200,6.47600000
2018-02-22 19:05:50,0.03177500,0.00900000
2018-02-22 19:05:52,0.03178400,0.15800000
2018-02-22 19:05:52,0.03178400,0.49700000
2018-02-22 19:05:57,0.03189200,0.14400000
2018-02-22 19:06:01,0.03190000,0.17300000
2018-02-22 19:06:04,0.03190000,2.12100000
2018-02-22 19:06:08,0.03183600,0.02300000
2018-02-22 19:06:09,0.03190000,1.50000000
2018-02-22 19:06:09,0.03194900,0.43500000
2018-02-22 19:06:09,0.03195000,0.07500000
2018-02-22 19:06:09,0.03195200,0.09500000
2018-02-22 19:06:09,0.03199500,0.33100000
2018-02-22 19:06:09,0.03199700,1.36600000
2018-02-22 19:06:09,0.03184000,0.00700000
2018-02-22 19:06:09,0.03184300,1.45000000
2018-02-22 19:06:09,0.03184200,2.95300000
2018-02-22 19:06:10,0.03184200,1.29200000
2018-02-22 19:06:10,0.03184200,1.29200000
2018-02-22 19:06:10,0.03184300,0.06300000
2018-02-22 19:06:10,0.03184200,1.22900000
2018-02-22 19:06:10,0.03184200,1.29200000
2018-02-22 19:06:10,0.03184300,0.06300000
2018-02-22 19:06:10,0.03184200,0.92300000
2018-02-22 19:06:10,0.03184100,0.30600000
2018-02-22 19:06:10,0.03184100,1.00000000
2018-02-22 19:06:12,0.03185100,0.06400000
2018-02-22 19:06:13,0.03185200,1.00000000
2018-02-22 19:06:14,0.03185300,0.87000000
2018-02-22 19:06:14,0.03185000,3.18800000
2018-02-22 19:06:14,0.03184500,0.09400000
2018-02-22 19:06:16,0.03183400,0.09800000
2018-02-22 19:06:16,0.03188200,0.94100000
2018-02-22 19:06:18,0.03187300,0.19900000
2018-02-22 19:06:18,0.03183400,0.14000000
2018-02-22 19:06:18,0.03180600,0.19400000
2018-02-22 19:06:18,0.03176200,0.09500000
2018-02-22 19:06:18,0.03175000,0.10000000
2018-02-22 19:06:18,0.03174300,2.24400000
2018-02-22 19:06:18,0.03170200,0.20100000
2018-02-22 19:06:18,0.03169700,3.78600000
2018-02-22 19:06:18,0.03168300,0.03300000
2018-02-22 19:06:20,0.03168400,0.21100000
2018-02-22 19:06:20,0.03187000,0.31200000
2018-02-22 19:06:22,0.03168500,0.04600000
2018-02-22 19:06:22,0.03168400,0.05000000
2018-02-22 19:06:22,0.03184800,0.13000000
2018-02-22 19:06:32,0.03180100,2.05800000
2018-02-22 19:06:32,0.03180500,0.94100000
2018-02-22 19:06:32,0.03180900,0.17300000
2018-02-22 19:06:33,0.03180000,0.61700000
2018-02-22 19:06:36,0.03179600,1.01100000
2018-02-22 19:06:36,0.03179700,0.13400000
2018-02-22 19:06:36,0.03179800,0.23800000
2018-02-22 19:06:36,0.03180000,1.19000000
2018-02-22 19:06:39,0.03183700,0.30200000
2018-02-22 19:06:46,0.03178300,0.09500000
2018-02-22 19:06:47,0.03178900,0.00500000
2018-02-22 19:06:48,0.03178900,0.13800000
2018-02-22 19:06:49,0.03178900,0.12900000
2018-02-22 19:06:49,0.03179300,0.15300000
2018-02-22 19:06:50,0.03183200,0.25100000
2018-02-22 19:06:51,0.03180000,0.63700000
2018-02-22 19:06:51,0.03178700,0.59600000
2018-02-22 19:06:53,0.03183200,0.11600000
2018-02-22 19:06:53,0.03183400,0.18600000
2018-02-22 19:06:58,0.03178400,0.48200000
2018-02-22 19:07:03,0.03182700,0.03900000
2018-02-22 19:07:13,0.03182000,0.07900000
2018-02-22 19:07:14,0.03181900,0.06900000
2018-02-22 19:07:16,0.03181900,5.95900000
2018-02-22 19:07:16,0.03182000,0.05300000
2018-02-22 19:07:18,0.03178400,1.31600000
2018-02-22 19:07:20,0.03175400,2.12000000
2018-02-22 19:07:21,0.03178400,0.30200000
2018-02-22 19:07:21,0.03180000,0.63000000
2018-02-22 19:07:21,0.03175400,0.04300000
2018-02-22 19:07:21,0.03174500,0.09600000
2018-02-22 19:07:21,0.03174000,0.23100000
2018-02-22 19:07:25,0.03174900,0.10500000
2018-02-22 19:07:26,0.03175200,0.09600000
2018-02-22 19:07:36,0.03181100,0.20100000
2018-02-22 19:07:36,0.03181300,1.45100000
2018-02-22 19:07:36,0.03181400,0.55500000
2018-02-22 19:07:38,0.03181000,0.73000000
2018-02-22 19:07:42,0.03176600,7.81800000
2018-02-22 19:07:44,0.03179900,0.47100000
2018-02-22 19:07:44,0.03180000,4.69400000
2018-02-22 19:07:47,0.03179900,0.89100000
2018-02-22 19:07:47,0.03180000,0.39500000
2018-02-22 19:07:50,0.03180000,6.10200000
2018-02-22 19:07:50,0.03181400,0.01100000
2018-02-22 19:07:51,0.03180000,1.00000000
2018-02-22 19:07:54,0.03181400,0.00800000
2018-02-22 19:08:02,0.03180300,0.52600000
2018-02-22 19:08:02,0.03180200,0.21200000
2018-02-22 19:08:02,0.03180100,0.16700000
2018-02-22 19:08:02,0.03180000,2.44900000
2018-02-22 19:08:02,0.03181300,0.16700000
2018-02-22 19:08:06,0.03181400,0.00600000
2018-02-22 19:08:06,0.03181400,1.63400000
2018-02-22 19:08:08,0.03181900,0.16200000
2018-02-22 19:08:08,0.03182000,0.99100000
2018-02-22 19:08:10,0.03182400,0.08600000
2018-02-22 19:08:10,0.03182300,0.05400000
2018-02-22 19:08:12,0.03187300,0.05400000
2018-02-22 19:08:12,0.03187400,0.08800000
2018-02-22 19:08:14,0.03187400,0.20900000
2018-02-22 19:08:16,0.03187400,0.01000000
2018-02-22 19:08:20,0.03187400,0.00800000
2018-02-22 19:08:20,0.03187500,0.00300000
2018-02-22 19:08:24,0.03187500,0.12300000
2018-02-22 19:08:27,0.03189900,0.07800000
2018-02-22 19:08:28,0.03189900,0.92200000
2018-02-22 19:08:28,0.03190000,1.27900000
2018-02-22 19:08:29,0.03199300,0.09400000
2018-02-22 19:08:29,0.03199400,0.52300000
2018-02-22 19:08:32,0.03199400,0.07200000
2018-02-22 19:08:32,0.03190300,0.14200000
2018-02-22 19:08:38,0.03192300,0.12600000
2018-02-22 19:08:38,0.03192300,3.01000000
2018-02-22 19:08:38,0.03192100,0.19500000
2018-02-22 19:08:38,0.03199100,1.62300000
2018-02-22 19:08:38,0.03199100,0.07800000
2018-02-22 19:08:38,0.03192200,0.47300000
2018-02-22 19:08:40,0.03192400,0.93200000
2018-02-22 19:08:40,0.03194800,1.43500000
2018-02-22 19:08:40,0.03195000,4.67900000
2018-02-22 19:08:41,0.03192500,0.18200000
2018-02-22 19:08:41,0.03192400,0.51400000
2018-02-22 19:08:41,0.03192300,2.86900000
2018-02-22 19:08:41,0.03192100,4.00000000
2018-02-22 19:08:41,0.03192000,7.97100000
2018-02-22 19:08:41,0.03190000,0.50000000
2018-02-22 19:08:43,0.03190000,3.05000000
2018-02-22 19:08:43,0.03190000,2.54200000
2018-02-22 19:08:43,0.03187500,0.46600000
2018-02-22 19:08:44,0.03183600,0.30200000
2018-02-22 19:08:44,0.03190000,0.61900000
2018-02-22 19:08:45,0.03183900,0.06300000
2018-02-22 19:08:45,0.03184200,0.07900000
2018-02-22 19:08:46,0.03184200,0.15800000
2018-02-22 19:08:46,0.03184200,2.90000000
2018-02-22 19:08:46,0.03184000,0.04500000
2018-02-22 19:08:46,0.03183700,1.50600000
2018-02-22 19:08:46,0.03183400,0.23600000
2018-02-22 19:08:47,0.03184300,0.36000000
2018-02-22 19:08:47,0.03182600,0.09400000
2018-02-22 19:08:48,0.03182600,1.00000000
2018-02-22 19:08:48,0.03182400,0.76600000
2018-02-22 19:08:48,0.03182100,0.29000000
2018-02-22 19:08:49,0.03182100,0.25600000
2018-02-22 19:08:50,0.03178700,0.31900000
2018-02-22 19:08:51,0.03181800,2.19000000
2018-02-22 19:08:51,0.03182000,0.81000000
2018-02-22 19:08:53,0.03178700,0.14000000
2018-02-22 19:08:53,0.03178700,0.09500000
2018-02-22 19:08:53,0.03178700,0.09800000
2018-02-22 19:08:53,0.03178600,0.21800000
2018-02-22 19:08:54,0.03181800,0.07900000
2018-02-22 19:08:55,0.03181800,0.11600000
2018-02-22 19:08:55,0.03181900,0.22000000
2018-02-22 19:08:57,0.03178700,6.50400000
2018-02-22 19:08:58,0.03181900,0.36600000
2018-02-22 19:08:59,0.03181800,0.04500000
2018-02-22 19:08:59,0.03181900,0.84700000
2018-02-22 19:08:59,0.03189400,0.36000000
2018-02-22 19:09:00,0.03179200,0.04100000
2018-02-22 19:09:01,0.03179200,0.08000000
2018-02-22 19:09:12,0.03185000,0.92600000
2018-02-22 19:09:13,0.03185000,0.31400000
2018-02-22 19:09:13,0.03185000,0.21800000
2018-02-22 19:09:14,0.03188700,0.12100000
2018-02-22 19:09:15,0.03188900,0.50200000
2018-02-22 19:09:15,0.03188900,1.23700000
2018-02-22 19:09:15,0.03188900,0.00300000
2018-02-22 19:09:15,0.03189000,0.90000000
2018-02-22 19:09:15,0.03189000,0.00200000
2018-02-22 19:09:15,0.03189600,1.94100000
2018-02-22 19:09:15,0.03189600,0.21800000
2018-02-22 19:09:15,0.03189600,0.25000000
2018-02-22 19:09:15,0.03189600,0.13300000
2018-02-22 19:09:15,0.03189700,0.09400000
2018-02-22 19:09:15,0.03189800,1.89100000
2018-02-22 19:09:15,0.03189700,0.15600000
2018-02-22 19:09:16,0.03189800,0.00300000
2018-02-22 19:09:16,0.03190000,0.32500000
2018-02-22 19:09:17,0.03190000,0.27100000
2018-02-22 19:09:17,0.03190000,0.27100000
2018-02-22 19:09:18,0.03190000,0.32500000
2018-02-22 19:09:18,0.03189600,0.50000000
2018-02-22 19:09:20,0.03185200,0.19800000
2018-02-22 19:09:23,0.03187000,0.32500000
2018-02-22 19:09:27,0.03187800,0.19800000
2018-02-22 19:09:27,0.03188000,7.38400000
2018-02-22 19:09:30,0.03187000,0.45500000
2018-02-22 19:09:32,0.03189700,0.25700000
2018-02-22 19:09:32,0.03190000,7.56900000
2018-02-22 19:09:33,0.03190000,5.71800000
2018-02-22 19:09:33,0.03190000,6.74100000
2018-02-22 19:09:34,0.03190000,6.99400000
2018-02-22 19:09:34,0.03190000,6.52400000
2018-02-22 19:09:34,0.03190000,1.45900000
2018-02-22 19:09:37,0.03190200,0.22000000
2018-02-22 19:09:37,0.03190200,2.91400000
2018-02-22 19:09:38,0.03190000,3.13400000
2018-02-22 19:09:38,0.03190200,0.07800000
2018-02-22 19:09:40,0.03190200,1.65800000
2018-02-22 19:09:40,0.03194800,0.09900000
2018-02-22 19:09:41,0.03194800,1.23000000
2018-02-22 19:09:42,0.03194700,0.53700000
2018-02-22 19:09:42,0.03194800,0.43000000
2018-02-22 19:09:42,0.03194800,0.43800000
2018-02-22 19:09:44,0.03194400,0.14600000
2018-02-22 19:09:49,0.03190200,0.12500000
2018-02-22 19:09:52,0.03190000,1.45100000
2018-02-22 19:09:52,0.03190200,0.19500000
2018-02-22 19:09:52,0.03194400,0.09900000
2018-02-22 19:09:52,0.03194800,31.57600000
2018-02-22 19:09:52,0.03194900,3.27000000
2018-02-22 19:09:52,0.03195000,0.67900000
2018-02-22 19:09:54,0.03195000,0.00100000
2018-02-22 19:09:54,0.03190700,0.28100000
2018-02-22 19:10:00,0.03197400,0.00100000
2018-02-22 19:10:00,0.03197400,0.62200000
2018-02-22 19:10:00,0.03197500,0.34500000
2018-02-22 19:10:01,0.03197500,11.06300000
2018-02-22 19:10:01,0.03199000,0.56300000
2018-02-22 19:10:01,0.03199400,7.56700000
2018-02-22 19:10:01,0.03199800,0.80700000
2018-02-22 19:10:02,0.03199800,0.96400000
2018-02-22 19:10:03,0.03199800,8.52500000
2018-02-22 19:10:05,0.03193500,1.76900000
2018-02-22 19:10:05,0.03199800,3.83000000
2018-02-22 19:10:09,0.03196400,2.05000000
2018-02-22 19:10:09,0.03196600,4.45800000
2018-02-22 19:10:09,0.03199800,9.22300000
2018-02-22 19:10:09,0.03192500,3.12900000
2018-02-22 19:10:09,0.03192400,1.69600000
2018-02-22 19:10:10,0.03199800,0.39900000
2018-02-22 19:10:10,0.03196400,0.18200000
2018-02-22 19:10:11,0.03199600,1.45500000
2018-02-22 19:10:12,0.03199300,0.30100000
2018-02-22 19:10:13,0.03199300,0.11800000
2018-02-22 19:10:16,0.03199300,0.04100000
2018-02-22 19:10:16,0.03199200,0.62500000
2018-02-22 19:10:17,0.03193200,0.91400000
2018-02-22 19:10:21,0.03197800,0.06900000
2018-02-22 19:10:22,0.03197800,0.07800000
2018-02-22 19:10:22,0.03197800,1.00000000
2018-02-22 19:10:23,0.03197800,0.06700000
2018-02-22 19:10:23,0.03198000,1.07100000
2018-02-22 19:10:23,0.03198300,0.02000000
2018-02-22 19:10:27,0.03193600,3.13000000
2018-02-22 19:10:27,0.03193500,1.50400000
2018-02-22 19:10:27,0.03193400,0.93900000
2018-02-22 19:10:27,0.03193300,3.97600000
2018-02-22 19:10:27,0.03193000,3.40900000
2018-02-22 19:10:27,0.03193000,0.42700000
2018-02-22 19:10:27,0.03190700,0.86400000
2018-02-22 19:10:27,0.03190400,3.76100000
2018-02-22 19:10:27,0.03188100,2.86100000
2018-02-22 19:10:27,0.03188000,1.42100000
2018-02-22 19:10:27,0.03187400,0.09400000
2018-02-22 19:10:27,0.03187300,6.66400000
2018-02-22 19:10:28,0.03191200,0.04600000
2018-02-22 19:10:28,0.03190000,0.54800000
2018-02-22 19:10:28,0.03190000,2.26700000
2018-02-22 19:10:28,0.03189900,0.01500000
2018-02-22 19:10:29,0.03189900,3.74700000
2018-02-22 19:10:30,0.03194600,1.15900000
2018-02-22 19:10:33,0.03189100,0.06600000
2018-02-22 19:10:33,0.03189100,0.28700000
2018-02-22 19:10:33,0.03189100,0.25200000
2018-02-22 19:10:34,0.03193200,0.23200000
2018-02-22 19:10:34,0.03189100,3.40800000
2018-02-22 19:10:34,0.03189000,0.34300000
2018-02-22 19:10:34,0.03188900,3.76300000
2018-02-22 19:10:34,0.03187500,0.04500000
2018-02-22 19:10:37,0.03187400,0.37800000
2018-02-22 19:10:38,0.03187300,3.33600000
2018-02-22 19:10:38,0.03187000,3.11300000
2018-02-22 19:10:39,0.03187000,0.01100000
2018-02-22 19:10:39,0.03189900,0.20900000
2018-02-22 19:10:40,0.03189900,0.25300000
2018-02-22 19:10:40,0.03189900,0.33000000
2018-02-22 19:10:42,0.03193200,0.81200000
2018-02-22 19:10:43,0.03187000,0.17900000
2018-02-22 19:10:45,0.03187000,0.86800000
2018-02-22 19:10:45,0.03187000,3.13700000
2018-02-22 19:10:45,0.03187000,0.21300000
2018-02-22 19:10:47,0.03186800,0.53900000
2018-02-22 19:10:49,0.03185000,0.13600000
2018-02-22 19:10:50,0.03184300,0.01800000
2018-02-22 19:10:51,0.03184500,1.50000000
2018-02-22 19:10:52,0.03184200,7.44600000
2018-02-22 19:10:52,0.03184200,2.55400000
2018-02-22 19:10:52,0.03182200,0.22000000
2018-02-22 19:10:52,0.03181000,2.27900000
2018-02-22 19:10:52,0.03180600,0.89700000
2018-02-22 19:10:53,0.03180600,0.10000000
2018-02-22 19:10:56,0.03183900,0.06300000
2018-02-22 19:10:56,0.03183900,0.21600000
2018-02-22 19:10:56,0.03183900,0.00700000
2018-02-22 19:10:57,0.03180900,0.47100000
2018-02-22 19:10:57,0.03180500,0.06800000
2018-02-22 19:10:57,0.03180900,0.61000000
2018-02-22 19:10:57,0.03180900,0.00200000
2018-02-22 19:10:57,0.03183800,0.33600000
2018-02-22 19:10:57,0.03184000,0.11000000
2018-02-22 19:10:58,0.03180500,0.00900000
2018-02-22 19:10:59,0.03183800,0.71000000
2018-02-22 19:11:00,0.03183700,0.04500000
2018-02-22 19:11:00,0.03183800,0.17700000
2018-02-22 19:11:01,0.03183900,0.15100000
2018-02-22 19:11:02,0.03180700,0.32000000
2018-02-22 19:11:03,0.03180700,0.63200000
2018-02-22 19:11:03,0.03180700,1.40000000
2018-02-22 19:11:05,0.03183700,0.55800000
2018-02-22 19:11:07,0.03181000,0.28800000
2018-02-22 19:11:07,0.03180700,0.04500000
2018-02-22 19:11:10,0.03183700,0.10000000
2018-02-22 19:11:16,0.03183300,0.61500000
2018-02-22 19:11:19,0.03183200,0.10400000
2018-02-22 19:11:19,0.03180900,0.06300000
2018-02-22 19:11:19,0.03180700,0.24900000
2018-02-22 19:11:22,0.03180800,0.07000000
2018-02-22 19:11:26,0.03180800,0.50000000
2018-02-22 19:11:27,0.03183200,0.12600000
2018-02-22 19:11:28,0.03180800,0.43000000
2018-02-22 19:11:28,0.03180700,0.97700000
2018-02-22 19:11:28,0.03180600,0.04700000
2018-02-22 19:11:29,0.03180600,0.77500000
2018-02-22 19:11:29,0.03180500,1.87200000
2018-02-22 19:11:31,0.03180500,1.95100000
2018-02-22 19:11:33,0.03180500,0.99800000
2018-02-22 19:11:33,0.03180600,0.46000000
2018-02-22 19:11:33,0.03180500,0.00900000
2018-02-22 19:11:34,0.03180500,1.45400000
2018-02-22 19:11:34,0.03180600,0.21000000
2018-02-22 19:11:40,0.03180500,0.81200000
2018-02-22 19:11:41,0.03180500,0.88900000
2018-02-22 19:11:44,0.03180500,1.93800000
2018-02-22 19:11:44,0.03180000,0.04000000
2018-02-22 19:11:44,0.03179900,1.26200000
2018-02-22 19:11:44,0.03179900,0.32300000
2018-02-22 19:11:45,0.03179900,0.31400000
2018-02-22 19:11:46,0.03180000,3.65000000
2018-02-22 19:11:46,0.03180600,0.92200000
2018-02-22 19:11:47,0.03179900,5.05500000
2018-02-22 19:11:49,0.03180600,15.71000000
2018-02-22 19:11:52,0.03179900,0.62700000
2018-02-22 19:11:59,0.03180600,1.48300000
2018-02-22 19:11:59,0.03180800,0.40500000
2018-02-22 19:11:59,0.03183000,2.16700000
2018-02-22 19:11:59,0.03193000,0.34900000
2018-02-22 19:12:05,0.03181700,0.53400000
2018-02-22 19:12:06,0.03181800,0.09000000
2018-02-22 19:12:10,0.03182900,2.61000000
2018-02-22 19:12:10,0.03182700,3.95700000
2018-02-22 19:12:11,0.03192400,1.45800000
2018-02-22 19:12:11,0.03182700,0.36300000
2018-02-22 19:12:11,0.03180700,0.03500000
2018-02-22 19:12:14,0.03191400,0.21100000
2018-02-22 19:12:24,0.03180800,0.76600000
2018-02-22 19:12:24,0.03180700,1.46100000
2018-02-22 19:12:24,0.03180600,2.36100000
2018-02-22 19:12:24,0.03180500,0.27800000
2018-02-22 19:12:24,0.03179900,0.86800000
2018-02-22 19:12:24,0.03179900,1.55100000
2018-02-22 19:12:25,0.03180400,3.89600000
2018-02-22 19:12:25,0.03178800,0.07900000
2018-02-22 19:12:28,0.03178900,0.06300000
2018-02-22 19:12:28,0.03178900,2.79300000
2018-02-22 19:12:28,0.03178700,5.06200000
2018-02-22 19:12:30,0.03180400,1.68600000
2018-02-22 19:12:31,0.03180400,3.96300000
2018-02-22 19:12:31,0.03180400,1.73400000
2018-02-22 19:12:31,0.03180400,0.15200000
2018-02-22 19:12:31,0.03180500,2.93500000
2018-02-22 19:12:31,0.03182700,0.25100000
2018-02-22 19:12:37,0.03178800,2.85900000
2018-02-22 19:12:37,0.03178700,4.93800000
2018-02-22 19:12:37,0.03178600,0.05800000
2018-02-22 19:12:40,0.03178600,3.42800000
2018-02-22 19:12:43,0.03176000,0.07800000
2018-02-22 19:12:47,0.03176000,0.15900000
2018-02-22 19:12:48,0.03176000,1.85900000
2018-02-22 19:12:51,0.03176000,8.40400000
2018-02-22 19:12:51,0.03175200,0.03200000
2018-02-22 19:12:51,0.03175200,0.48000000
2018-02-22 19:12:52,0.03174800,0.32100000
2018-02-22 19:13:00,0.03174800,3.95700000
2018-02-22 19:13:03,0.03174800,5.72200000
2018-02-22 19:13:03,0.03174000,2.40200000
2018-02-22 19:13:13,0.03174000,1.33300000
2018-02-22 19:13:13,0.03174000,1.08000000
2018-02-22 19:13:14,0.03174000,4.42900000
2018-02-22 19:13:17,0.03174000,6.08000000
2018-02-22 19:13:18,0.03174000,8.17400000
2018-02-22 19:13:18,0.03173000,3.82200000
2018-02-22 19:13:18,0.03173000,6.17800000
2018-02-22 19:13:18,0.03172000,11.00000000
2018-02-22 19:13:18,0.03170000,0.14000000
2018-02-22 19:13:18,0.03167500,0.37900000
2018-02-22 19:13:18,0.03166000,0.16400000
2018-02-22 19:13:18,0.03165800,0.09500000
2018-02-22 19:13:18,0.03165700,3.79100000
2018-02-22 19:13:18,0.03165000,0.03900000
2018-02-22 19:13:18,0.03161100,0.09500000
2018-02-22 19:13:18,0.03161000,0.15800000
2018-02-22 19:13:18,0.03160000,0.04000000
2018-02-22 19:13:18,0.03159100,0.39400000
2018-02-22 19:13:18,0.03159000,0.27500000
2018-02-22 19:13:18,0.03158400,7.00000000
2018-02-22 19:13:18,0.03158300,1.61500000
2018-02-22 19:13:18,0.03158100,0.31700000
2018-02-22 19:13:18,0.03156300,3.80200000
2018-02-22 19:13:18,0.03155700,3.12800000
2018-02-22 19:13:18,0.03170000,0.04900000
2018-02-22 19:13:19,0.03174700,0.68400000
2018-02-22 19:13:20,0.03160300,3.16400000
2018-02-22 19:13:20,0.03160100,0.51300000
2018-02-22 19:13:20,0.03159900,3.70000000
2018-02-22 19:13:20,0.03159800,2.79000000
2018-02-22 19:13:20,0.03172000,0.50000000
2018-02-22 19:13:29,0.03163700,0.57300000
2018-02-22 19:13:29,0.03163100,0.15800000
2018-02-22 19:13:29,0.03163000,0.63200000
2018-02-22 19:13:29,0.03162900,0.15800000
2018-02-22 19:13:29,0.03162700,2.28100000
2018-02-22 19:13:29,0.03162700,0.88300000
2018-02-22 19:13:29,0.03162900,2.28100000
2018-02-22 19:13:30,0.03170500,0.30000000
2018-02-22 19:13:32,0.03170400,0.94600000
2018-02-22 19:13:32,0.03170500,0.55400000
2018-02-22 19:13:34,0.03170400,1.21100000
2018-02-22 19:13:46,0.03165600,0.77700000
2018-02-22 19:13:48,0.03165600,0.17700000
2018-02-22 19:13:48,0.03165600,0.51800000
2018-02-22 19:13:49,0.03165500,0.26400000
2018-02-22 19:13:50,0.03165300,1.02000000
2018-02-22 19:13:51,0.03160500,0.86900000
2018-02-22 19:13:52,0.03165000,0.10000000
2018-02-22 19:13:56,0.03160400,0.11300000
2018-02-22 19:13:56,0.03160300,0.79800000
2018-02-22 19:13:56,0.03160300,0.00100000
2018-02-22 19:13:57,0.03163800,0.86900000
2018-02-22 19:13:57,0.03163700,0.94600000
2018-02-22 19:13:58,0.03163700,0.11100000
2018-02-22 19:13:59,0.03163700,0.78200000
2018-02-22 19:14:00,0.03160000,0.54900000
2018-02-22 19:14:01,0.03160000,1.08800000
2018-02-22 19:14:01,0.03160000,0.41300000
2018-02-22 19:14:01,0.03160000,2.92000000
2018-02-22 19:14:01,0.03160000,0.61100000
2018-02-22 19:14:01,0.03157200,0.61100000
2018-02-22 19:14:02,0.03160300,0.04300000
2018-02-22 19:14:02,0.03160000,0.30400000
2018-02-22 19:14:05,0.03160000,1.27100000
2018-02-22 19:14:05,0.03157500,0.10000000
2018-02-22 19:14:06,0.03157500,0.31100000
2018-02-22 19:14:07,0.03157700,0.15800000
2018-02-22 19:14:07,0.03156700,8.38200000
2018-02-22 19:14:08,0.03157100,0.31600000
2018-02-22 19:14:09,0.03157100,0.12900000
2018-02-22 19:14:14,0.03157500,0.18700000
2018-02-22 19:14:14,0.03156700,1.46800000
2018-02-22 19:14:14,0.03155700,0.58800000
2018-02-22 19:14:16,0.03159600,0.44800000
2018-02-22 19:14:16,0.03159900,0.23000000
2018-02-22 19:14:16,0.03160000,0.19000000
2018-02-22 19:14:20,0.03159600,0.00100000
2018-02-22 19:14:22,0.03159500,0.13000000
2018-02-22 19:14:22,0.03159600,3.69900000
2018-02-22 19:14:22,0.03159700,0.05500000
2018-02-22 19:14:22,0.03160000,3.08100000
2018-02-22 19:14:22,0.03160000,0.13000000
2018-02-22 19:14:22,0.03160800,0.86200000
2018-02-22 19:14:23,0.03163800,0.51400000
2018-02-22 19:14:23,0.03165000,1.24100000
2018-02-22 19:14:23,0.03165000,0.06400000
2018-02-22 19:14:23,0.03157000,0.04500000
2018-02-22 19:14:23,0.03156900,1.93500000
2018-02-22 19:14:24,0.03163600,1.89500000
2018-02-22 19:14:25,0.03163500,0.04500000
2018-02-22 19:14:25,0.03163600,1.44200000
2018-02-22 19:14:31,0.03173300,0.04100000
2018-02-22 19:14:33,0.03160500,0.18500000
2018-02-22 19:14:33,0.03173300,0.31500000
2018-02-22 19:14:34,0.03173300,0.12200000
2018-02-22 19:14:34,0.03174700,0.07000000
2018-02-22 19:14:34,0.03174800,0.09500000
2018-02-22 19:14:34,0.03177800,0.02800000
2018-02-22 19:14:38,0.03177800,1.68800000
2018-02-22 19:14:39,0.03163100,1.42300000
2018-02-22 19:14:40,0.03177800,0.09400000
2018-02-22 19:14:40,0.03177800,0.07900000
2018-02-22 19:14:40,0.03163600,0.11000000
2018-02-22 19:14:41,0.03163900,0.05800000
2018-02-22 19:14:41,0.03163900,0.35400000
2018-02-22 19:14:41,0.03163900,0.30100000
2018-02-22 19:14:42,0.03163900,1.44500000
2018-02-22 19:14:42,0.03163900,0.09000000
2018-02-22 19:14:42,0.03164000,0.44500000
2018-02-22 19:14:42,0.03164200,0.15800000
2018-02-22 19:14:42,0.03164200,0.11300000
2018-02-22 19:14:43,0.03164200,0.04300000
2018-02-22 19:14:45,0.03164800,0.30000000
2018-02-22 19:14:45,0.03177400,1.42300000
2018-02-22 19:14:45,0.03177500,0.44500000
2018-02-22 19:14:45,0.03177800,1.66900000
2018-02-22 19:14:46,0.03165100,0.10000000
2018-02-22 19:14:46,0.03165000,0.15600000
2018-02-22 19:14:58,0.03176100,5.19200000
2018-02-22 19:15:00,0.03177700,0.15600000
2018-02-22 19:15:00,0.03177800,1.12400000
2018-02-22 19:15:01,0.03167600,1.36900000
2018-02-22 19:15:04,0.03169000,2.18600000
2018-02-22 19:15:08,0.03169900,0.96800000
2018-02-22 19:15:08,0.03169700,0.76900000
2018-02-22 19:15:08,0.03169700,0.25600000
2018-02-22 19:15:08,0.03169700,0.11000000
2018-02-22 19:15:13,0.03169800,1.42000000
2018-02-22 19:15:13,0.03169700,0.21600000
2018-02-22 19:15:13,0.03169700,0.11300000
2018-02-22 19:15:14,0.03169800,0.20500000
2018-02-22 19:15:14,0.03169700,1.30600000
2018-02-22 19:15:15,0.03168200,2.05100000
2018-02-22 19:15:19,0.03168200,0.13500000
2018-02-22 19:15:22,0.03166000,0.15700000
2018-02-22 19:15:25,0.03163600,0.15400000
2018-02-22 19:15:25,0.03163000,0.03600000
2018-02-22 19:15:25,0.03161200,0.15600000
2018-02-22 19:15:34,0.03161200,0.74800000
2018-02-22 19:15:39,0.03161200,0.06100000
2018-02-22 19:15:48,0.03161200,0.07000000
2018-02-22 19:15:48,0.03161200,0.01400000
2018-02-22 19:15:48,0.03160000,0.07500000
2018-02-22 19:15:49,0.03160000,0.06900000
2018-02-22 19:16:00,0.03160000,0.20700000
2018-02-22 19:16:03,0.03157800,0.03300000
2018-02-22 19:16:03,0.03156100,0.21000000
2018-02-22 19:16:03,0.03155700,0.05800000
2018-02-22 19:16:17,0.03155700,1.02700000
2018-02-22 19:16:19,0.03155700,0.27600000
2018-02-22 19:16:19,0.03155500,0.03500000
2018-02-22 19:16:19,0.03155200,0.03500000
2018-02-22 19:16:19,0.03151800,0.08800000
2018-02-22 19:16:19,0.03151800,1.08700000
2018-02-22 19:16:26,0.03152300,2.20900000
2018-02-22 19:16:31,0.03151200,0.65200000
2018-02-22 19:16:31,0.03153400,0.31600000
2018-02-22 19:16:35,0.03151200,0.37600000
2018-02-22 19:16:41,0.03151200,0.36900000
2018-02-22 19:16:41,0.03151100,0.31700000
2018-02-22 19:16:41,0.03150100,0.81300000
2018-02-22 19:16:47,0.03150100,0.48500000
2018-02-22 19:16:49,0.03150100,0.16700000
2018-02-22 19:16:49,0.03151200,0.12800000
2018-02-22 19:16:49,0.03151800,1.42000000
2018-02-22 19:16:49,0.03152300,7.13800000
2018-02-22 19:16:49,0.03152400,0.30000000
2018-02-22 19:16:49,0.03150100,3.75700000
2018-02-22 19:16:49,0.03150000,17.86800000
2018-02-22 19:16:49,0.03150200,0.18900000
2018-02-22 19:16:50,0.03152300,1.50000000
2018-02-22 19:16:50,0.03150400,0.07600000
2018-02-22 19:16:50,0.03150000,4.89400000
2018-02-22 19:16:50,0.03150000,0.46600000
2018-02-22 19:16:50,0.03156500,0.03200000
2018-02-22 19:16:57,0.03154600,0.03800000
2018-02-22 19:16:58,0.03154400,0.14300000
2018-02-22 19:16:59,0.03150000,6.96400000
2018-02-22 19:16:59,0.03150000,15.47200000
2018-02-22 19:16:59,0.03150000,4.37700000
2018-02-22 19:16:59,0.03149600,0.19800000
2018-02-22 19:16:59,0.03149200,0.54000000
2018-02-22 19:16:59,0.03149100,0.31800000
2018-02-22 19:16:59,0.03148800,0.79400000
2018-02-22 19:16:59,0.03148400,0.12700000
2018-02-22 19:16:59,0.03147500,0.47400000
2018-02-22 19:16:59,0.03147000,0.04100000
2018-02-22 19:16:59,0.03146900,0.34900000
2018-02-22 19:16:59,0.03145900,0.09500000
2018-02-22 19:16:59,0.03145200,0.12800000
2018-02-22 19:17:00,0.03154300,0.00300000
2018-02-22 19:17:02,0.03142600,0.41400000
2018-02-22 19:17:02,0.03154100,0.31700000
2018-02-22 19:17:03,0.03154100,0.75700000
2018-02-22 19:17:05,0.03151300,0.59400000
2018-02-22 19:17:07,0.03151200,0.11900000
2018-02-22 19:17:11,0.03145000,2.30100000
2018-02-22 19:17:11,0.03145000,0.87700000
2018-02-22 19:17:11,0.03144800,0.95300000
2018-02-22 19:17:11,0.03144600,0.72700000
2018-02-22 19:17:12,0.03142500,0.36400000
2018-02-22 19:17:12,0.03142400,1.51100000
2018-02-22 19:17:12,0.03142200,2.25700000
2018-02-22 19:17:12,0.03141600,0.04500000
2018-02-22 19:17:14,0.03149600,0.95300000
2018-02-22 19:17:14,0.03149700,1.54200000
2018-02-22 19:17:16,0.03141000,0.95500000
2018-02-22 19:17:16,0.03140900,0.04400000
2018-02-22 19:17:16,0.03140800,0.14300000
2018-02-22 19:17:16,0.03140000,3.89000000
2018-02-22 19:17:19,0.03140000,1.93100000
2018-02-22 19:17:23,0.03144600,0.06900000
2018-02-22 19:17:25,0.03144600,3.54800000
2018-02-22 19:17:26,0.03145900,1.00100000
2018-02-22 19:17:28,0.03140000,0.37300000
2018-02-22 19:17:30,0.03144700,0.20200000
2018-02-22 19:17:30,0.03144400,0.04000000
2018-02-22 19:17:31,0.03140000,1.08900000
2018-02-22 19:17:32,0.03144100,0.08000000
2018-02-22 19:17:32,0.03137200,0.03300000
2018-02-22 19:17:33,0.03139000,0.26700000
2018-02-22 19:17:33,0.03138800,0.08500000
2018-02-22 19:17:33,0.03138800,0.06500000
2018-02-22 19:17:34,0.03138800,0.59100000
2018-02-22 19:17:34,0.03139000,1.27800000
2018-02-22 19:17:34,0.03144000,0.13100000
2018-02-22 19:17:34,0.03144000,1.31700000
2018-02-22 19:17:34,0.03144300,0.95500000
2018-02-22 19:17:34,0.03144600,3.60000000
2018-02-22 19:17:34,0.03144600,0.36400000
2018-02-22 19:17:36,0.03144900,0.04400000
2018-02-22 19:17:37,0.03144600,0.15400000
2018-02-22 19:17:37,0.03144600,4.10100000
2018-02-22 19:17:37,0.03144600,0.83200000
2018-02-22 19:17:38,0.03144600,0.37200000
2018-02-22 19:17:38,0.03144600,7.87400000
2018-02-22 19:17:39,0.03145800,0.03500000
2018-02-22 19:17:40,0.03144600,4.22400000
2018-02-22 19:17:41,0.03145800,1.47600000
2018-02-22 19:17:42,0.03145800,2.28700000
2018-02-22 19:17:42,0.03144700,0.54800000
2018-02-22 19:17:45,0.03149500,0.09500000
2018-02-22 19:17:45,0.03149500,0.07900000
2018-02-22 19:17:51,0.03140500,3.18300000
2018-02-22 19:17:51,0.03140400,1.45000000
2018-02-22 19:17:51,0.03140000,0.11700000
2018-02-22 19:17:51,0.03137900,0.04600000
2018-02-22 19:17:51,0.03137400,1.21400000
2018-02-22 19:17:52,0.03145600,1.08800000
2018-02-22 19:17:53,0.03145300,2.09500000
2018-02-22 19:17:53,0.03145500,1.26000000
2018-02-22 19:17:53,0.03145800,0.54800000
2018-02-22 19:17:53,0.03145900,0.39500000
2018-02-22 19:17:53,0.03149500,0.88500000
2018-02-22 19:17:55,0.03145400,1.45000000
2018-02-22 19:17:57,0.03149500,0.81000000
2018-02-22 19:17:57,0.03149600,0.48300000
2018-02-22 19:18:01,0.03142700,0.26900000
2018-02-22 19:18:03,0.03143000,0.35200000
2018-02-22 19:18:06,0.03143600,0.11600000
2018-02-22 19:18:07,0.03143900,0.61700000
2018-02-22 19:18:10,0.03149500,0.05800000
2018-02-22 19:18:13,0.03149500,0.05700000
2018-02-22 19:18:13,0.03149600,6.40400000
2018-02-22 19:18:13,0.03149600,0.21300000
2018-02-22 19:18:13,0.03152300,0.05500000
2018-02-22 19:18:13,0.03149600,0.21200000
2018-02-22 19:18:13,0.03149600,0.11600000
2018-02-22 19:18:14,0.03156100,1.00000000
2018-02-22 19:18:14,0.03156100,0.35400000
2018-02-22 19:18:14,0.03156300,0.12700000
2018-02-22 19:18:16,0.03163500,0.07000000
2018-02-22 19:18:18,0.03163500,0.01500000
2018-02-22 19:18:18,0.03163500,0.06300000
2018-02-22 19:18:18,0.03163500,0.07900000
2018-02-22 19:18:18,0.03163500,0.09500000
2018-02-22 19:18:19,0.03163500,0.27500000
2018-02-22 19:18:20,0.03163400,0.13500000
2018-02-22 19:18:20,0.03163400,4.32600000
2018-02-22 19:18:20,0.03163500,4.02100000
2018-02-22 19:18:20,0.03163500,0.21000000
2018-02-22 19:18:20,0.03163500,0.21000000
2018-02-22 19:18:27,0.03165800,0.09500000
2018-02-22 19:18:29,0.03165800,0.47400000
2018-02-22 19:18:29,0.03165800,4.95500000
2018-02-22 19:18:32,0.03165900,0.01100000
2018-02-22 19:18:33,0.03165900,0.10600000
2018-02-22 19:18:34,0.03165800,0.40500000
2018-02-22 19:18:36,0.03165800,0.55800000
2018-02-22 19:18:40,0.03165900,0.02600000
2018-02-22 19:18:40,0.03169000,0.04100000
2018-02-22 19:18:40,0.03169900,0.71600000
2018-02-22 19:18:47,0.03170000,0.09500000
2018-02-22 19:18:49,0.03170000,0.13900000
2018-02-22 19:18:54,0.03170000,3.74900000
2018-02-22 19:18:54,0.03170400,0.12700000
2018-02-22 19:18:54,0.03170800,0.79400000
2018-02-22 19:18:54,0.03171100,0.32200000
2018-02-22 19:18:54,0.03171200,0.22200000
2018-02-22 19:18:54,0.03171400,1.14800000
2018-02-22 19:18:56,0.03166800,0.02600000
2018-02-22 19:19:00,0.03167300,0.66000000
2018-02-22 19:19:00,0.03167100,0.49400000
2018-02-22 19:19:00,0.03166800,0.31600000
2018-02-22 19:19:00,0.03165800,4.24900000
2018-02-22 19:19:00,0.03163500,2.26100000
2018-02-22 19:19:00,0.03163500,7.12500000
2018-02-22 19:19:00,0.03170000,0.00800000
2018-02-22 19:19:04,0.03166800,3.53400000
2018-02-22 19:19:04,0.03160200,0.08300000
2018-02-22 19:19:04,0.03159300,0.36100000
2018-02-22 19:19:04,0.03155400,2.49600000
2018-02-22 19:19:16,0.03161100,1.44300000
2018-02-22 19:19:16,0.03161000,3.16600000
2018-02-22 19:19:17,0.03160800,0.04400000
2018-02-22 19:19:17,0.03160800,1.82800000
2018-02-22 19:19:21,0.03160500,0.25300000
2018-02-22 19:19:24,0.03160500,0.11700000
2018-02-22 19:19:27,0.03160400,0.36100000
2018-02-22 19:19:28,0.03160200,0.23700000
2018-02-22 19:19:30,0.03159900,0.68700000
2018-02-22 19:19:30,0.03160100,0.04500000
2018-02-22 19:19:30,0.03164100,1.31000000
2018-02-22 19:19:30,0.03165500,0.07600000
2018-02-22 19:19:30,0.03170000,3.79100000
2018-02-22 19:19:33,0.03169800,1.28100000
2018-02-22 19:19:35,0.03169700,0.16200000
2018-02-22 19:19:35,0.03169900,0.04400000
2018-02-22 19:19:35,0.03170000,0.82500000
2018-02-22 19:19:35,0.03171400,4.03400000
2018-02-22 19:19:40,0.03171300,0.63200000
2018-02-22 19:19:40,0.03171400,1.12900000
2018-02-22 19:19:40,0.03171400,0.22900000
2018-02-22 19:19:41,0.03171400,0.20100000
2018-02-22 19:19:41,0.03173200,0.31700000
2018-02-22 19:19:41,0.03173600,0.48300000
2018-02-22 19:19:41,0.03174200,0.09500000
2018-02-22 19:19:41,0.03174300,3.90400000
2018-02-22 19:19:43,0.03174200,0.66300000
2018-02-22 19:19:43,0.03174300,3.13700000
2018-02-22 19:19:46,0.03174900,0.94700000
2018-02-22 19:19:48,0.03175000,0.31400000
2018-02-22 19:19:51,0.03175000,2.70300000
2018-02-22 19:19:52,0.03175000,12.00000000
2018-02-22 19:19:54,0.03165800,0.10600000
2018-02-22 19:19:59,0.03167000,1.56200000
2018-02-22 19:20:00,0.03175000,0.23600000
2018-02-22 19:20:01,0.03167300,0.34900000
2018-02-22 19:20:02,0.03167900,0.25600000
2018-02-22 19:20:03,0.03167900,0.37700000
2018-02-22 19:20:04,0.03170000,0.13900000
2018-02-22 19:20:04,0.03170200,0.15200000
2018-02-22 19:20:04,0.03170200,0.66300000
2018-02-22 19:20:04,0.03170200,0.04200000
2018-02-22 19:20:05,0.03170200,0.00100000
2018-02-22 19:20:09,0.03170000,0.41800000
2018-02-22 19:20:15,0.03167300,0.47700000
2018-02-22 19:20:22,0.03161500,1.44600000
2018-02-22 19:20:22,0.03161400,0.13300000
2018-02-22 19:20:22,0.03161200,0.21300000
2018-02-22 19:20:22,0.03161200,0.25500000
2018-02-22 19:20:22,0.03161200,0.25200000
2018-02-22 19:20:22,0.03161200,0.21300000
2018-02-22 19:20:22,0.03161200,0.24400000
2018-02-22 19:20:23,0.03161100,1.44600000
2018-02-22 19:20:23,0.03160900,0.63200000
2018-02-22 19:20:23,0.03160900,1.69900000
2018-02-22 19:20:23,0.03161400,1.28800000
2018-02-22 19:20:24,0.03161400,0.21300000
2018-02-22 19:20:26,0.03162300,2.94600000
2018-02-22 19:20:26,0.03161500,0.04500000
2018-02-22 19:20:26,0.03161200,0.14400000
2018-02-22 19:20:26,0.03160900,1.50600000
2018-02-22 19:20:27,0.03160800,0.13700000
2018-02-22 19:20:33,0.03160600,1.65300000
2018-02-22 19:20:33,0.03160800,1.36900000
2018-02-22 19:20:35,0.03156600,0.21900000
2018-02-22 19:20:35,0.03156000,0.15400000
2018-02-22 19:20:35,0.03155300,1.83500000
2018-02-22 19:20:35,0.03147600,0.09500000
2018-02-22 19:20:35,0.03144300,1.26400000
2018-02-22 19:20:37,0.03156600,0.09500000
2018-02-22 19:20:38,0.03161100,7.89600000
2018-02-22 19:20:48,0.03160000,5.16900000
2018-02-22 19:20:50,0.03161100,0.09900000
2018-02-22 19:20:54,0.03156900,0.47200000
2018-02-22 19:21:04,0.03161100,0.31500000
2018-02-22 19:21:08,0.03168900,0.00200000
2018-02-22 19:21:16,0.03160900,0.47000000
2018-02-22 19:21:16,0.03161100,0.77100000
2018-02-22 19:21:31,0.03163600,1.05400000
2018-02-22 19:21:31,0.03163600,0.15800000
2018-02-22 19:21:36,0.03168200,0.14400000
2018-02-22 19:21:36,0.03168300,0.04500000
2018-02-22 19:21:37,0.03168500,0.21300000
2018-02-22 19:21:37,0.03169700,2.31500000
2018-02-22 19:21:37,0.03169700,3.96600000
2018-02-22 19:21:37,0.03170000,0.42100000
2018-02-22 19:21:37,0.03171000,0.63200000
2018-02-22 19:21:38,0.03165200,0.21200000
2018-02-22 19:21:39,0.03174700,1.49200000
2018-02-22 19:21:39,0.03174900,2.16300000
2018-02-22 19:21:39,0.03175000,12.54200000
2018-02-22 19:21:39,0.03176700,0.12800000
2018-02-22 19:21:39,0.03176800,1.00000000
2018-02-22 19:21:39,0.03176900,4.31200000
2018-02-22 19:21:39,0.03177500,0.31800000
2018-02-22 19:21:39,0.03177600,0.03500000
2018-02-22 19:21:39,0.03177800,0.45100000
2018-02-22 19:21:39,0.03165500,0.04100000
2018-02-22 19:21:40,0.03179400,1.00000000
2018-02-22 19:21:40,0.03179500,6.08800000
2018-02-22 19:21:40,0.03180000,0.85800000
2018-02-22 19:21:40,0.03180200,0.31700000
2018-02-22 19:21:40,0.03180300,2.45900000
2018-02-22 19:21:40,0.03180400,1.74200000
2018-02-22 19:21:40,0.03180400,4.64100000
2018-02-22 19:21:40,0.03180500,3.43600000
2018-02-22 19:21:40,0.03180500,4.18600000
2018-02-22 19:21:40,0.03180500,2.10700000
2018-02-22 19:21:40,0.03180500,1.02300000
2018-02-22 19:21:41,0.03180500,7.53200000
2018-02-22 19:21:41,0.03180500,2.80600000
2018-02-22 19:21:41,0.03166800,0.08800000
2018-02-22 19:21:42,0.03167100,4.09600000
2018-02-22 19:21:42,0.03167100,0.25200000
2018-02-22 19:21:42,0.03167100,0.13300000
2018-02-22 19:21:43,0.03167300,0.17600000
2018-02-22 19:21:48,0.03169300,0.13500000
2018-02-22 19:21:50,0.03175000,0.87900000
2018-02-22 19:21:50,0.03175000,0.87900000
2018-02-22 19:21:54,0.03176500,0.34800000
2018-02-22 19:21:54,0.03176400,0.79500000
2018-02-22 19:21:55,0.03176700,0.25200000
2018-02-22 19:21:55,0.03176700,0.94400000
2018-02-22 19:21:55,0.03176700,0.23800000
2018-02-22 19:21:55,0.03176200,0.36200000
2018-02-22 19:21:56,0.03183100,0.01500000
2018-02-22 19:21:58,0.03180000,0.16800000
2018-02-22 19:21:58,0.03180000,0.03300000
2018-02-22 19:21:58,0.03175600,0.16700000
2018-02-22 19:21:59,0.03182300,0.10000000
2018-02-22 19:21:59,0.03182100,0.01100000
2018-02-22 19:22:02,0.03176000,0.86000000
2018-02-22 19:22:03,0.03181200,0.03600000
2018-02-22 19:22:05,0.03175900,0.03800000
2018-02-22 19:22:06,0.03180000,0.16700000
2018-02-22 19:22:14,0.03177500,0.16700000
2018-02-22 19:22:14,0.03177700,0.34800000
2018-02-22 19:22:14,0.03178100,0.36200000
2018-02-22 19:22:14,0.03178700,0.29700000
2018-02-22 19:22:18,0.03177300,3.72900000
2018-02-22 19:22:18,0.03178600,4.48100000
2018-02-22 19:22:18,0.03178700,0.56300000
2018-02-22 19:22:18,0.03179300,0.03800000
2018-02-22 19:22:18,0.03179300,4.31400000
2018-02-22 19:22:18,0.03179300,0.86300000
2018-02-22 19:22:18,0.03175100,2.86900000
2018-02-22 19:22:18,0.03175000,1.44500000
2018-02-22 19:22:18,0.03175000,1.72700000
2018-02-22 19:22:18,0.03175100,0.94200000
2018-02-22 19:22:20,0.03175000,0.94400000
2018-02-22 19:22:38,0.03175100,0.14300000
2018-02-22 19:22:39,0.03175000,1.38200000
2018-02-22 19:22:41,0.03175000,0.97700000
2018-02-22 19:22:44,0.03176800,0.03200000
2018-02-22 19:22:44,0.03183600,0.03400000
2018-02-22 19:22:44,0.03183800,0.11200000
2018-02-22 19:22:44,0.03185000,3.23600000
2018-02-22 19:22:44,0.03185400,0.09500000
2018-02-22 19:22:44,0.03189200,0.31900000
2018-02-22 19:22:44,0.03189200,0.36100000
2018-02-22 19:22:44,0.03189200,0.05700000
2018-02-22 19:22:44,0.03189200,0.27900000
2018-02-22 19:22:44,0.03189200,0.47500000
2018-02-22 19:22:44,0.03175000,0.27900000
2018-02-22 19:22:44,0.03175200,0.07800000
2018-02-22 19:22:44,0.03175200,0.39600000
2018-02-22 19:22:53,0.03182000,3.14600000
2018-02-22 19:22:53,0.03180000,0.69400000
2018-02-22 19:22:53,0.03175600,0.12600000
2018-02-22 19:22:53,0.03175300,2.04600000
2018-02-22 19:22:53,0.03175100,0.13100000
2018-02-22 19:22:53,0.03175100,0.15700000
2018-02-22 19:22:53,0.03175100,0.15700000
2018-02-22 19:22:53,0.03175100,0.15700000
2018-02-22 19:22:53,0.03175100,0.13100000
2018-02-22 19:22:53,0.03175100,0.15600000
2018-02-22 19:22:53,0.03175100,1.65800000
2018-02-22 19:22:53,0.03175100,0.00300000
2018-02-22 19:22:53,0.03181800,1.43800000
2018-02-22 19:22:53,0.03175100,0.10600000
2018-02-22 19:22:55,0.03176500,0.03500000
2018-02-22 19:23:05,0.03179800,0.46400000
2018-02-22 19:23:05,0.03179800,0.05700000
2018-02-22 19:23:06,0.03179700,0.10600000
2018-02-22 19:23:06,0.03179800,2.89600000
2018-02-22 19:23:06,0.03177800,0.05700000
2018-02-22 19:23:07,0.03177700,0.11200000
2018-02-22 19:23:07,0.03176600,0.03200000
2018-02-22 19:23:07,0.03175000,0.22200000
2018-02-22 19:23:07,0.03170200,0.39400000
2018-02-22 19:23:07,0.03168600,3.78700000
2018-02-22 19:23:07,0.03168000,6.15800000
2018-02-22 19:23:08,0.03178000,0.43700000
2018-02-22 19:23:08,0.03168800,1.10300000
2018-02-22 19:23:09,0.03168900,0.30000000
2018-02-22 19:23:10,0.03179500,0.20300000
2018-02-22 19:23:10,0.03179700,1.73800000
2018-02-22 19:23:10,0.03180000,1.84500000
2018-02-22 19:23:10,0.03186300,0.21200000
2018-02-22 19:23:10,0.03189000,1.00200000
2018-02-22 19:23:11,0.03169200,0.14300000
2018-02-22 19:23:13,0.03169500,0.08000000
2018-02-22 19:23:16,0.03178800,0.76900000
2018-02-22 19:23:16,0.03178800,0.25600000
2018-02-22 19:23:17,0.03178800,0.14400000
2018-02-22 19:23:20,0.03178800,0.22300000
2018-02-22 19:23:21,0.03178800,6.41700000
2018-02-22 19:23:21,0.03178800,0.22300000
2018-02-22 19:23:22,0.03178900,0.07500000
2018-02-22 19:23:35,0.03174800,0.12500000
2018-02-22 19:24:00,0.03173600,0.90300000
2018-02-22 19:24:00,0.03173700,0.39400000
2018-02-22 19:24:00,0.03174300,0.11700000
2018-02-22 19:24:00,0.03175000,0.04000000
2018-02-22 19:24:00,0.03175000,0.66400000
2018-02-22 19:24:00,0.03175000,0.25600000
2018-02-22 19:24:00,0.03175000,0.68800000
2018-02-22 19:24:12,0.03175000,0.43700000
2018-02-22 19:24:13,0.03175100,0.19600000
2018-02-22 19:24:14,0.03175100,0.72700000
2018-02-22 19:24:20,0.03178900,0.09800000
2018-02-22 19:24:20,0.03179000,0.32000000
2018-02-22 19:24:20,0.03184600,0.03200000
2018-02-22 19:24:20,0.03184600,0.06400000
2018-02-22 19:24:20,0.03184600,0.06500000
2018-02-22 19:24:21,0.03184600,0.19900000
2018-02-22 19:24:21,0.03184600,4.22200000
2018-02-22 19:24:23,0.03175800,1.29100000
2018-02-22 19:24:23,0.03175800,1.29100000
2018-02-22 19:24:38,0.03184400,0.05000000
2018-02-22 19:24:38,0.03184400,0.53100000
2018-02-22 19:24:38,0.03184600,0.27800000
2018-02-22 19:24:38,0.03184900,11.84000000
2018-02-22 19:24:38,0.03185000,3.35100000
2018-02-22 19:24:38,0.03179700,0.56300000
2018-02-22 19:24:39,0.03179200,0.94300000
2018-02-22 19:24:39,0.03179200,1.43800000
2018-02-22 19:24:43,0.03179200,0.76400000
2018-02-22 19:24:43,0.03179200,0.88300000
2018-02-22 19:24:44,0.03179200,0.16700000
2018-02-22 19:24:44,0.03179400,0.73800000
2018-02-22 19:24:44,0.03181100,0.94300000
2018-02-22 19:24:44,0.03184900,1.43800000
2018-02-22 19:24:44,0.03185000,1.86700000
2018-02-22 19:24:51,0.03184000,0.66900000
2018-02-22 19:25:23,0.03184000,0.02500000
2018-02-22 19:25:23,0.03184000,0.23000000
2018-02-22 19:25:34,0.03184900,0.07800000
2018-02-22 19:25:36,0.03184900,5.27500000
2018-02-22 19:25:36,0.03185000,1.72500000
2018-02-22 19:25:45,0.03185000,0.80200000
2018-02-22 19:25:45,0.03185000,1.99600000
2018-02-22 19:25:46,0.03185000,0.04000000
2018-02-22 19:25:47,0.03184600,0.62800000
2018-02-22 19:25:47,0.03184000,2.07400000
2018-02-22 19:25:47,0.03184000,7.38400000
2018-02-22 19:25:48,0.03180300,3.14400000
2018-02-22 19:25:48,0.03180100,0.24200000
2018-02-22 19:25:48,0.03180000,3.14800000
2018-02-22 19:25:48,0.03179600,2.87600000
2018-02-22 19:25:48,0.03179500,0.82400000
2018-02-22 19:25:48,0.03179500,10.36700000
2018-02-22 19:25:48,0.03179500,0.66500000
2018-02-22 19:25:48,0.03179200,2.38300000
2018-02-22 19:25:48,0.03177800,3.77600000
2018-02-22 19:25:48,0.03177000,0.24900000
2018-02-22 19:25:50,0.03184000,1.04200000
2018-02-22 19:25:54,0.03177700,0.36500000
2018-02-22 19:25:54,0.03177600,0.04500000
2018-02-22 19:25:54,0.03177500,1.50200000
2018-02-22 19:25:54,0.03177400,3.77700000
2018-02-22 19:25:54,0.03175800,0.51000000
2018-02-22 19:25:54,0.03175000,0.40200000
2018-02-22 19:25:54,0.03174900,0.58200000
2018-02-22 19:25:54,0.03170000,1.07200000
2018-02-22 19:25:54,0.03170000,7.49800000
2018-02-22 19:25:54,0.03170000,2.07200000
2018-02-22 19:25:54,0.03169800,0.94200000
2018-02-22 19:25:54,0.03169800,0.13000000
2018-02-22 19:25:56,0.03175500,3.15300000
2018-02-22 19:25:56,0.03175300,3.20800000
2018-02-22 19:25:59,0.03181400,0.94200000
2018-02-22 19:25:59,0.03181400,0.94100000
2018-02-22 19:25:59,0.03181400,0.94200000
2018-02-22 19:25:59,0.03181400,0.32800000
2018-02-22 19:25:59,0.03181500,0.94200000
2018-02-22 19:26:00,0.03176500,0.21100000
2018-02-22 19:26:03,0.03176500,2.52500000
2018-02-22 19:26:03,0.03176500,0.41000000
2018-02-22 19:26:03,0.03176300,0.31400000
2018-02-22 19:26:05,0.03181500,3.12500000
2018-02-22 19:26:05,0.03181500,0.02100000
2018-02-22 19:26:05,0.03181700,1.93400000
2018-02-22 19:26:05,0.03181900,1.16900000
2018-02-22 19:26:09,0.03181300,2.49000000
2018-02-22 19:26:09,0.03175800,3.14900000
2018-02-22 19:26:09,0.03175600,1.17200000
2018-02-22 19:26:09,0.03174900,3.78000000
2018-02-22 19:26:09,0.03174500,0.46200000
2018-02-22 19:26:09,0.03173700,0.14400000
2018-02-22 19:26:09,0.03169900,0.13000000
2018-02-22 19:26:09,0.03169000,1.28900000
2018-02-22 19:26:09,0.03181200,0.27100000
2018-02-22 19:26:10,0.03181100,0.94200000
2018-02-22 19:26:10,0.03181100,0.23000000
2018-02-22 19:26:10,0.03180900,3.14900000
2018-02-22 19:26:11,0.03181200,0.14300000
2018-02-22 19:26:11,0.03182200,2.13000000
2018-02-22 19:26:19,0.03182200,1.54000000
2018-02-22 19:26:21,0.03180200,1.00000000
2018-02-22 19:26:21,0.03180200,1.00000000
2018-02-22 19:26:22,0.03180200,1.14300000
2018-02-22 19:26:23,0.03180000,1.26000000
2018-02-22 19:26:24,0.03180400,0.47100000
2018-02-22 19:26:28,0.03178500,0.15700000
2018-02-22 19:26:28,0.03177400,0.84300000
2018-02-22 19:26:28,0.03177400,0.32900000
2018-02-22 19:26:28,0.03177300,0.04400000
2018-02-22 19:26:29,0.03177900,1.41800000
2018-02-22 19:26:29,0.03177800,0.14000000
2018-02-22 19:26:29,0.03177200,0.47200000
2018-02-22 19:26:29,0.03176500,1.93100000
2018-02-22 19:26:29,0.03176500,1.84700000
2018-02-22 19:26:30,0.03178900,0.15700000
2018-02-22 19:26:34,0.03175400,3.77900000
2018-02-22 19:26:34,0.03170200,0.23400000
2018-02-22 19:26:34,0.03169000,0.15800000
2018-02-22 19:26:34,0.03168200,0.09500000
2018-02-22 19:26:34,0.03167000,0.14200000
2018-02-22 19:26:34,0.03165000,0.21000000
2018-02-22 19:26:34,0.03161600,2.38000000
2018-02-22 19:26:34,0.03161600,0.48200000
2018-02-22 19:26:34,0.03161100,0.32000000
2018-02-22 19:26:34,0.03181000,0.94300000
2018-02-22 19:26:34,0.03181100,0.24800000
2018-02-22 19:26:36,0.03180800,2.89500000
2018-02-22 19:26:36,0.03176300,1.73500000
2018-02-22 19:26:36,0.03176300,0.94200000
2018-02-22 19:26:36,0.03176300,0.18500000
2018-02-22 19:26:39,0.03180800,0.36500000
2018-02-22 19:26:39,0.03180900,0.04500000
2018-02-22 19:26:39,0.03181300,0.37000000
2018-02-22 19:26:42,0.03177000,0.11600000
2018-02-22 19:26:42,0.03176600,0.56900000
2018-02-22 19:26:45,0.03181200,0.04400000
2018-02-22 19:26:45,0.03181300,0.38500000
2018-02-22 19:26:45,0.03181300,0.68900000
2018-02-22 19:26:45,0.03182200,1.38700000
2018-02-22 19:26:48,0.03182200,12.56900000
2018-02-22 19:26:50,0.03182200,12.17400000
2018-02-22 19:26:57,0.03182200,0.10000000
2018-02-22 19:27:08,0.03184400,0.08100000
2018-02-22 19:27:11,0.03184400,0.58200000
2018-02-22 19:27:30,0.03182400,0.66300000
2018-02-22 19:27:30,0.03182200,18.33200000
2018-02-22 19:27:30,0.03181300,3.20600000
2018-02-22 19:27:30,0.03176500,0.01500000
2018-02-22 19:27:31,0.03176600,0.94400000
2018-02-22 19:27:31,0.03176400,2.81600000
2018-02-22 19:27:31,0.03176300,1.24000000
2018-02-22 19:27:33,0.03177800,0.02300000
2018-02-22 19:27:36,0.03178400,0.15500000
2018-02-22 19:27:36,0.03178300,1.44600000
2018-02-22 19:27:36,0.03178200,0.15500000
2018-02-22 19:27:37,0.03177500,1.87100000
2018-02-22 19:27:37,0.03177500,1.27200000
2018-02-22 19:27:37,0.03177300,0.29600000
2018-02-22 19:27:38,0.03176300,3.01500000
2018-02-22 19:27:38,0.03176200,0.60400000
2018-02-22 19:27:38,0.03176200,3.17400000
2018-02-22 19:27:39,0.03175400,0.02400000
2018-02-22 19:27:43,0.03180400,3.18100000
2018-02-22 19:27:43,0.03180600,0.36500000
2018-02-22 19:27:43,0.03180700,0.94200000
2018-02-22 19:27:44,0.03180700,0.00200000
2018-02-22 19:27:44,0.03181200,0.94300000
2018-02-22 19:27:44,0.03181200,0.00100000
2018-02-22 19:27:44,0.03182100,0.94200000
2018-02-22 19:27:44,0.03182100,0.94100000
2018-02-22 19:27:44,0.03182100,0.94000000
2018-02-22 19:27:45,0.03182000,0.94000000
2018-02-22 19:27:45,0.03182000,0.56700000
2018-02-22 19:27:45,0.03182200,0.23900000
2018-02-22 19:27:48,0.03181300,1.00000000
2018-02-22 19:27:48,0.03182200,1.94600000
2018-02-22 19:27:53,0.03182200,2.16200000
2018-02-22 19:27:56,0.03182200,1.65300000
2018-02-22 19:27:56,0.03184700,0.50000000
2018-02-22 19:27:56,0.03185000,0.37000000
2018-02-22 19:27:56,0.03188700,0.57900000
2018-02-22 19:27:56,0.03188800,12.15200000
2018-02-22 19:27:56,0.03188900,6.74600000
2018-02-22 19:27:57,0.03181400,0.09100000
2018-02-22 19:28:01,0.03184000,0.10000000
2018-02-22 19:28:01,0.03184700,0.08600000
2018-02-22 19:28:21,0.03184700,1.08400000
2018-02-22 19:28:21,0.03185000,0.50000000
2018-02-22 19:28:21,0.03188800,1.44600000
2018-02-22 19:28:21,0.03188900,3.97000000
2018-02-22 19:28:24,0.03188600,0.07200000
2018-02-22 19:28:25,0.03188600,0.01900000
2018-02-22 19:28:25,0.03188600,0.07400000
2018-02-22 19:28:25,0.03188600,0.04900000
2018-02-22 19:28:27,0.03188900,25.72600000
2018-02-22 19:28:27,0.03190000,3.84900000
2018-02-22 19:28:27,0.03193000,1.00000000
2018-02-22 19:28:27,0.03182700,0.30100000
2018-02-22 19:28:29,0.03183600,0.09500000
2018-02-22 19:28:34,0.03188600,1.91100000
2018-02-22 19:28:35,0.03188500,3.18100000
2018-02-22 19:28:40,0.03185800,0.08800000
2018-02-22 19:28:40,0.03185700,0.94100000
2018-02-22 19:28:40,0.03185600,1.46100000
2018-02-22 19:28:40,0.03185500,0.39600000
2018-02-22 19:28:40,0.03185600,2.51000000
2018-02-22 19:28:40,0.03185600,1.43700000
2018-02-22 19:28:40,0.03185500,0.11200000
2018-02-22 19:28:41,0.03185900,0.47400000
2018-02-22 19:28:46,0.03193700,0.94100000
2018-02-22 19:28:46,0.03193800,3.94700000
2018-02-22 19:28:46,0.03194100,0.50800000
2018-02-22 19:28:46,0.03194300,0.85300000
2018-02-22 19:28:46,0.03194500,2.27800000
2018-02-22 19:28:47,0.03193600,0.47400000
2018-02-22 19:28:49,0.03188600,0.14200000
2018-02-22 19:28:49,0.03194500,0.65200000
2018-02-22 19:28:54,0.03194500,0.52800000
2018-02-22 19:28:56,0.03191800,0.20900000
2018-02-22 19:29:02,0.03199000,0.68300000
2018-02-22 19:29:02,0.03199000,4.21600000
2018-02-22 19:29:02,0.03193800,2.03400000
2018-02-22 19:29:04,0.03193600,1.44500000
2018-02-22 19:29:04,0.03193000,0.93900000
2018-02-22 19:29:04,0.03192000,1.07300000
2018-02-22 19:29:05,0.03193900,0.92900000
2018-02-22 19:29:05,0.03184700,0.31700000
2018-02-22 19:29:06,0.03185600,0.13500000
2018-02-22 19:29:09,0.03185700,0.03200000
2018-02-22 19:29:10,0.03185700,0.04400000
2018-02-22 19:29:12,0.03185700,0.32200000
2018-02-22 19:29:16,0.03190800,0.55000000
2018-02-22 19:29:23,0.03189600,1.69300000
2018-02-22 19:29:24,0.03189500,0.32200000
2018-02-22 19:29:25,0.03191200,0.07600000
2018-02-22 19:29:25,0.03191300,1.44500000
2018-02-22 19:29:26,0.03189600,1.00000000
2018-02-22 19:29:26,0.03189600,7.71400000
2018-02-22 19:29:27,0.03190800,0.24000000
2018-02-22 19:29:28,0.03188200,0.08000000
2018-02-22 19:29:34,0.03194900,0.93900000
2018-02-22 19:29:34,0.03195000,3.88000000
2018-02-22 19:29:34,0.03195000,2.63600000
2018-02-22 19:29:39,0.03191800,2.34000000
2018-02-22 19:29:59,0.03198000,0.06700000
2018-02-22 19:30:04,0.03194300,0.07900000
2018-02-22 19:30:05,0.03195000,0.96400000
2018-02-22 19:30:05,0.03194100,1.44300000
2018-02-22 19:30:05,0.03195200,1.94500000
2018-02-22 19:30:07,0.03193300,0.74300000
2018-02-22 19:30:07,0.03193200,0.93900000
2018-02-22 19:30:07,0.03191900,2.86800000
2018-02-22 19:30:07,0.03191800,1.28600000
2018-02-22 19:30:07,0.03194300,0.36700000
2018-02-22 19:30:08,0.03190000,0.27800000
2018-02-22 19:30:09,0.03197300,3.76900000
2018-02-22 19:30:12,0.03196400,1.25800000
2018-02-22 19:30:12,0.03186200,0.07900000
2018-02-22 19:30:13,0.03195500,0.01800000
2018-02-22 19:30:14,0.03186600,1.14800000
2018-02-22 19:30:14,0.03195300,2.35300000
2018-02-22 19:30:14,0.03195500,0.24800000
2018-02-22 19:30:15,0.03195100,0.18500000
2018-02-22 19:30:15,0.03195500,0.04700000
2018-02-22 19:30:15,0.03196100,0.07900000
2018-02-22 19:30:15,0.03196900,0.11700000
2018-02-22 19:30:15,0.03197000,0.27800000
2018-02-22 19:30:15,0.03198000,0.15100000
2018-02-22 19:30:16,0.03195000,0.57900000
2018-02-22 19:30:16,0.03195000,0.38500000
2018-02-22 19:30:16,0.03186900,0.38500000
2018-02-22 19:30:18,0.03194200,0.00100000
2018-02-22 19:30:19,0.03193200,0.93900000
2018-02-22 19:30:19,0.03193200,3.40800000
2018-02-22 19:30:19,0.03193200,0.93900000
2018-02-22 19:30:21,0.03193200,2.16100000
2018-02-22 19:30:22,0.03194000,0.03700000
2018-02-22 19:30:22,0.03194100,1.14800000
2018-02-22 19:30:22,0.03194300,0.29600000
2018-02-22 19:30:28,0.03194200,0.70600000
2018-02-22 19:30:28,0.03194300,5.53400000
2018-02-22 19:30:28,0.03195400,0.08800000
2018-02-22 19:30:28,0.03198000,0.44300000
2018-02-22 19:30:28,0.03199700,26.22900000
2018-02-22 19:30:29,0.03189000,0.37600000
2018-02-22 19:30:29,0.03189000,0.21800000
2018-02-22 19:30:30,0.03189300,0.49500000
2018-02-22 19:30:30,0.03199500,1.05500000
2018-02-22 19:30:31,0.03189700,3.13500000
2018-02-22 19:30:31,0.03189600,0.18500000
2018-02-22 19:30:31,0.03189500,0.94000000
2018-02-22 19:30:31,0.03189300,2.73800000
2018-02-22 19:30:32,0.03189400,0.08500000
2018-02-22 19:30:32,0.03189400,0.10400000
2018-02-22 19:30:33,0.03198100,0.20500000
2018-02-22 19:30:35,0.03197800,0.20900000
2018-02-22 19:30:39,0.03190000,0.73600000
2018-02-22 19:30:39,0.03189700,0.05800000
2018-02-22 19:30:41,0.03191000,0.14900000
2018-02-22 19:30:42,0.03193200,0.61500000
2018-02-22 19:30:49,0.03192900,0.43700000
2018-02-22 19:30:53,0.03192500,0.79900000
2018-02-22 19:30:58,0.03191700,1.25000000
2018-02-22 19:30:58,0.03191700,0.41900000
2018-02-22 19:30:59,0.03191900,2.43400000
2018-02-22 19:31:07,0.03192200,0.15600000
2018-02-22 19:31:07,0.03192900,0.65900000
2018-02-22 19:31:07,0.03193400,3.39500000
2018-02-22 19:31:07,0.03194000,0.36600000
2018-02-22 19:31:08,0.03192400,0.30000000
2018-02-22 19:31:12,0.03197300,0.05800000
2018-02-22 19:31:12,0.03197300,0.07000000
2018-02-22 19:31:12,0.03197300,0.02600000
2018-02-22 19:31:12,0.03192500,0.09600000
2018-02-22 19:31:15,0.03192500,0.30000000
2018-02-22 19:31:15,0.03192700,0.14900000
2018-02-22 19:31:17,0.03197800,1.36400000
2018-02-22 19:31:17,0.03197900,0.48900000
2018-02-22 19:31:17,0.03197900,0.45100000
2018-02-22 19:31:22,0.03193300,0.14500000
2018-02-22 19:31:25,0.03197200,0.14500000
2018-02-22 19:31:25,0.03197400,0.83300000
2018-02-22 19:31:25,0.03197600,0.18200000
2018-02-22 19:31:25,0.03197900,0.34000000
2018-02-22 19:31:25,0.03197900,0.34000000
2018-02-22 19:31:25,0.03197900,2.03200000
2018-02-22 19:31:25,0.03197900,0.93800000
2018-02-22 19:31:25,0.03197900,0.63800000
2018-02-22 19:31:37,0.03197700,0.50000000
2018-02-22 19:31:41,0.03195000,1.51700000
2018-02-22 19:31:41,0.03193400,0.64500000
2018-02-22 19:31:44,0.03193200,0.21400000
2018-02-22 19:31:48,0.03193200,0.07800000
2018-02-22 19:31:49,0.03193400,2.07200000
2018-02-22 19:31:50,0.03193400,0.17100000
2018-02-22 19:31:51,0.03197700,0.32700000
2018-02-22 19:31:54,0.03195700,0.08900000
2018-02-22 19:31:54,0.03193400,0.20000000
2018-02-22 19:31:54,0.03193100,0.70500000
2018-02-22 19:31:54,0.03192900,0.35400000
2018-02-22 19:31:54,0.03192700,0.14100000
2018-02-22 19:31:54,0.03192400,2.21600000
2018-02-22 19:31:56,0.03197500,0.64600000
2018-02-22 19:31:56,0.03197700,0.04400000
2018-02-22 19:31:58,0.03191700,1.23100000
2018-02-22 19:31:58,0.03191700,0.11700000
2018-02-22 19:32:00,0.03192000,0.07900000
2018-02-22 19:32:08,0.03193500,1.94800000
2018-02-22 19:32:10,0.03193600,0.14100000
2018-02-22 19:32:12,0.03197400,0.12900000
2018-02-22 19:32:14,0.03193500,0.90800000
2018-02-22 19:32:14,0.03193400,7.22600000
2018-02-22 19:32:14,0.03193400,6.25700000
2018-02-22 19:32:14,0.03192700,0.97100000
2018-02-22 19:32:14,0.03192400,0.93900000
2018-02-22 19:32:14,0.03192300,1.18600000
2018-02-22 19:32:14,0.03192300,2.57300000
2018-02-22 19:32:14,0.03192000,1.92200000
2018-02-22 19:32:15,0.03193600,0.88700000
2018-02-22 19:32:15,0.03197400,4.78500000
2018-02-22 19:32:17,0.03192400,1.68800000
2018-02-22 19:32:20,0.03197100,0.05300000
2018-02-22 19:32:24,0.03196300,0.08000000
2018-02-22 19:32:24,0.03193300,0.09900000
2018-02-22 19:32:24,0.03192800,0.23900000
2018-02-22 19:32:24,0.03192400,7.38000000
2018-02-22 19:32:25,0.03196000,0.93700000
2018-02-22 19:32:25,0.03196000,0.67100000
2018-02-22 19:32:25,0.03195900,0.93800000
2018-02-22 19:32:25,0.03195900,0.93700000
2018-02-22 19:32:25,0.03195900,0.92800000
2018-02-22 19:32:32,0.03195900,0.17500000
2018-02-22 19:32:36,0.03195900,1.14700000
2018-02-22 19:32:37,0.03192400,0.55700000
2018-02-22 19:32:44,0.03195900,0.04700000
2018-02-22 19:32:44,0.03195900,1.72800000
2018-02-22 19:32:46,0.03195900,0.52100000
2018-02-22 19:32:46,0.03195900,5.62100000
2018-02-22 19:32:46,0.03195000,0.93800000
2018-02-22 19:32:46,0.03194800,0.55700000
2018-02-22 19:32:46,0.03195000,0.48300000
2018-02-22 19:32:53,0.03195000,0.72100000
2018-02-22 19:32:54,0.03197100,2.12900000
2018-02-22 19:33:11,0.03193300,0.28300000
2018-02-22 19:33:11,0.03193100,0.28300000
2018-02-22 19:33:11,0.03192700,0.67500000
2018-02-22 19:33:11,0.03192200,0.62700000
2018-02-22 19:33:11,0.03192100,3.75900000
2018-02-22 19:33:11,0.03192000,0.42000000
2018-02-22 19:33:11,0.03191000,0.58900000
2018-02-22 19:33:13,0.03197000,0.10800000
2018-02-22 19:33:13,0.03192700,0.58900000
2018-02-22 19:33:15,0.03197000,0.04700000
2018-02-22 19:33:25,0.03197000,1.41200000
2018-02-22 19:33:25,0.03197100,0.74600000
2018-02-22 19:33:32,0.03192700,3.76500000
2018-02-22 19:33:32,0.03192600,4.75000000
2018-02-22 19:33:32,0.03192600,4.33500000
2018-02-22 19:33:32,0.03192600,3.86500000
2018-02-22 19:33:43,0.03192000,0.03800000
2018-02-22 19:33:44,0.03192600,3.13200000
2018-02-22 19:33:44,0.03192600,0.99800000
2018-02-22 19:33:44,0.03192600,0.93700000
2018-02-22 19:33:44,0.03192600,8.39500000
2018-02-22 19:33:44,0.03192600,0.01700000
2018-02-22 19:33:45,0.03196200,0.80000000
2018-02-22 19:33:51,0.03196200,2.05500000
2018-02-22 19:33:51,0.03196300,0.39800000
2018-02-22 19:33:51,0.03196700,0.09800000
2018-02-22 19:33:52,0.03196200,0.64700000
2018-02-22 19:33:52,0.03196700,0.84100000
2018-02-22 19:33:53,0.03196700,0.70700000
2018-02-22 19:34:04,0.03194800,0.43700000
2018-02-22 19:34:07,0.03196600,0.20000000
2018-02-22 19:34:07,0.03196600,0.94900000
2018-02-22 19:34:07,0.03196600,0.63100000
2018-02-22 19:34:07,0.03196800,0.78200000
2018-02-22 19:34:11,0.03196800,7.95200000
2018-02-22 19:34:12,0.03197000,0.61900000
2018-02-22 19:34:12,0.03197100,0.28600000
2018-02-22 19:34:14,0.03196800,1.26900000
2018-02-22 19:34:15,0.03196000,8.74900000
2018-02-22 19:34:15,0.03197900,3.77700000
2018-02-22 19:34:15,0.03198000,2.67100000
2018-02-22 19:34:15,0.03199800,3.17000000
2018-02-22 19:34:22,0.03198000,0.18100000
2018-02-22 19:34:23,0.03198000,1.40000000
2018-02-22 19:34:23,0.03198000,2.31100000
2018-02-22 19:34:23,0.03199800,2.81800000
2018-02-22 19:34:24,0.03197900,0.79200000
2018-02-22 19:34:24,0.03199800,0.78700000
2018-02-22 19:34:27,0.03195300,0.04700000
2018-02-22 19:34:37,0.03195300,5.99900000
2018-02-22 19:34:39,0.03195300,5.13100000
2018-02-22 19:34:39,0.03195300,5.54700000
2018-02-22 19:34:39,0.03194800,1.46700000
2018-02-22 19:34:39,0.03195600,0.12400000
2018-02-22 19:34:40,0.03195600,0.22400000
2018-02-22 19:34:40,0.03199700,0.06900000
2018-02-22 19:34:45,0.03199600,2.33200000
2018-02-22 19:35:00,0.03199500,1.71800000
2018-02-22 19:35:03,0.03199500,0.82500000
2018-02-22 19:35:05,0.03199500,0.23500000
2018-02-22 19:35:05,0.03199600,0.10000000
2018-02-22 19:35:05,0.03199600,0.12000000
2018-02-22 19:35:05,0.03199500,0.12000000
2018-02-22 19:35:07,0.03199600,0.35400000
2018-02-22 19:35:07,0.03199800,0.84600000
2018-02-22 19:35:08,0.03199600,0.03100000
2018-02-22 19:35:09,0.03199800,7.60700000
2018-02-22 19:35:09,0.03199900,2.69800000
2018-02-22 19:35:09,0.03199900,17.62100000
2018-02-22 19:35:09,0.03199900,1.37700000
2018-02-22 19:35:09,0.03200000,2.38900000
2018-02-22 19:35:09,0.03200100,2.03600000
2018-02-22 19:35:09,0.03200200,3.17600000
2018-02-22 19:35:09,0.03201000,2.87200000
2018-02-22 19:35:09,0.03201000,0.53600000
2018-02-22 19:35:09,0.03201800,0.57400000
2018-02-22 19:35:09,0.03202000,29.36100000
2018-02-22 19:35:09,0.03202000,4.19000000
2018-02-22 19:35:09,0.03205000,10.87500000
2018-02-22 19:35:12,0.03210000,2.05300000
2018-02-22 19:35:12,0.03211300,0.11300000
2018-02-22 19:35:12,0.03212100,1.70600000
2018-02-22 19:35:12,0.03212300,0.35200000
2018-02-22 19:35:12,0.03212600,0.50600000
2018-02-22 19:35:12,0.03209900,0.08900000
2018-02-22 19:35:12,0.03204700,0.96800000
2018-02-22 19:35:12,0.03204100,0.02300000
2018-02-22 19:35:16,0.03205800,3.12000000
2018-02-22 19:35:16,0.03205700,0.36000000
2018-02-22 19:35:16,0.03205600,0.93500000
2018-02-22 19:35:16,0.03205400,0.04400000
2018-02-22 19:35:16,0.03205000,6.15900000
2018-02-22 19:35:16,0.03204100,0.02200000
2018-02-22 19:35:16,0.03203500,0.55600000
2018-02-22 19:35:16,0.03199800,1.58800000
2018-02-22 19:35:17,0.03199800,1.00000000
2018-02-22 19:35:17,0.03199600,3.12000000
2018-02-22 19:35:18,0.03199600,0.06300000
2018-02-22 19:35:18,0.03199700,0.05600000
2018-02-22 19:35:19,0.03199600,0.07900000
2018-02-22 19:35:19,0.03199600,0.15800000
2018-02-22 19:35:20,0.03199600,0.27500000
2018-02-22 19:35:20,0.03199600,0.10400000
2018-02-22 19:35:20,0.03199600,0.18600000
2018-02-22 19:35:20,0.03199700,1.48500000
2018-02-22 19:35:20,0.03199800,0.06800000
2018-02-22 19:35:20,0.03199600,3.30300000
2018-02-22 19:35:21,0.03199500,2.77500000
2018-02-22 19:35:21,0.03199500,0.09400000
2018-02-22 19:35:22,0.03199500,0.00800000
2018-02-22 19:35:22,0.03199500,0.09500000
2018-02-22 19:35:23,0.03199500,0.26900000
2018-02-22 19:35:23,0.03199600,0.60000000
2018-02-22 19:35:23,0.03196300,0.06800000
2018-02-22 19:35:23,0.03196300,0.31400000
2018-02-22 19:35:24,0.03199500,0.06400000
2018-02-22 19:35:24,0.03199500,0.09200000
2018-02-22 19:35:25,0.03196600,0.10200000
2018-02-22 19:35:25,0.03196200,0.14300000
2018-02-22 19:35:26,0.03197000,0.31200000
2018-02-22 19:35:26,0.03192200,0.03600000
2018-02-22 19:35:27,0.03199200,0.03600000
2018-02-22 19:35:27,0.03199300,0.48000000
2018-02-22 19:35:28,0.03192600,0.47800000
2018-02-22 19:35:28,0.03192500,0.04500000
2018-02-22 19:35:30,0.03192900,0.07900000
2018-02-22 19:35:30,0.03192900,0.30700000
2018-02-22 19:35:30,0.03192900,0.09500000
2018-02-22 19:35:31,0.03192900,0.14300000
2018-02-22 19:35:32,0.03192900,0.09500000
2018-02-22 19:35:33,0.03192900,0.82500000
2018-02-22 19:35:33,0.03192900,0.55800000
2018-02-22 19:35:34,0.03198200,0.32500000
2018-02-22 19:35:34,0.03198400,0.03800000
2018-02-22 19:35:35,0.03193600,0.15800000
2018-02-22 19:35:37,0.03194000,0.06300000
2018-02-22 19:35:39,0.03194000,0.07900000
2018-02-22 19:35:39,0.03197700,0.89000000
2018-02-22 19:35:39,0.03194000,0.13700000
2018-02-22 19:35:42,0.03193800,0.08900000
2018-02-22 19:35:42,0.03192100,0.22800000
2018-02-22 19:35:42,0.03192000,0.46600000
2018-02-22 19:35:44,0.03192000,0.16000000
2018-02-22 19:35:44,0.03191700,1.55700000
2018-02-22 19:35:45,0.03196500,1.37000000
2018-02-22 19:35:45,0.03196700,0.89700000
2018-02-22 19:35:45,0.03197000,0.74400000
2018-02-22 19:35:47,0.03196400,0.36000000
2018-02-22 19:35:47,0.03197000,0.59200000
2018-02-22 19:35:52,0.03193000,0.54800000
2018-02-22 19:35:54,0.03196700,1.60000000
2018-02-22 19:35:56,0.03193000,0.15600000
2018-02-22 19:35:56,0.03192600,0.20500000
2018-02-22 19:35:56,0.03192600,1.47900000
2018-02-22 19:35:56,0.03192600,2.07500000
2018-02-22 19:35:56,0.03196700,0.93700000
2018-02-22 19:35:56,0.03196700,0.93600000
2018-02-22 19:35:56,0.03193800,0.00100000
2018-02-22 19:35:56,0.03196700,0.93700000
2018-02-22 19:35:56,0.03196700,2.16600000
2018-02-22 19:35:57,0.03196800,0.93700000
2018-02-22 19:35:57,0.03192000,0.00100000
2018-02-22 19:36:00,0.03192200,0.47300000
2018-02-22 19:36:02,0.03196900,0.04500000
2018-02-22 19:36:02,0.03197000,0.09100000
2018-02-22 19:36:03,0.03192200,0.11100000
2018-02-22 19:36:05,0.03192200,0.09500000
2018-02-22 19:36:06,0.03192200,1.16300000
2018-02-22 19:36:06,0.03192200,2.09100000
2018-02-22 19:36:06,0.03192200,0.13600000
2018-02-22 19:36:06,0.03192000,0.18000000
2018-02-22 19:36:06,0.03191000,1.20000000
2018-02-22 19:36:08,0.03191100,0.00200000
2018-02-22 19:36:08,0.03196400,0.10200000
2018-02-22 19:36:10,0.03191300,0.32400000
2018-02-22 19:36:11,0.03191300,0.09500000
2018-02-22 19:36:12,0.03191300,0.91600000
2018-02-22 19:36:13,0.03195300,0.07600000
2018-02-22 19:36:18,0.03194800,1.71400000
2018-02-22 19:36:18,0.03194800,1.31400000
2018-02-22 19:36:18,0.03195000,0.86300000
2018-02-22 19:36:19,0.03195100,0.10000000
2018-02-22 19:36:24,0.03195100,0.75100000
2018-02-22 19:36:27,0.03191300,0.95500000
2018-02-22 19:36:27,0.03190300,0.30100000
2018-02-22 19:36:27,0.03190000,0.29600000
2018-02-22 19:36:29,0.03190000,1.11300000
2018-02-22 19:36:29,0.03189500,0.24900000
2018-02-22 19:36:29,0.03189400,2.85100000
2018-02-22 19:36:29,0.03189300,4.32300000
2018-02-22 19:36:29,0.03189200,0.94000000
2018-02-22 19:36:29,0.03189000,2.52100000
2018-02-22 19:36:35,0.03189200,2.75000000
2018-02-22 19:36:35,0.03189200,0.38300000
2018-02-22 19:36:35,0.03189000,7.38900000
2018-02-22 19:36:35,0.03189000,3.09300000
2018-02-22 19:36:40,0.03186700,0.34500000
2018-02-22 19:36:40,0.03186600,0.15600000
2018-02-22 19:36:45,0.03188800,0.39400000
2018-02-22 19:36:46,0.03185700,0.25200000
2018-02-22 19:36:46,0.03185300,0.32800000
2018-02-22 19:36:48,0.03182200,0.20900000
2018-02-22 19:36:48,0.03182200,0.18100000
2018-02-22 19:36:49,0.03182500,0.06800000
2018-02-22 19:36:49,0.03182200,0.73300000
2018-02-22 19:36:50,0.03181000,0.13800000
2018-02-22 19:36:50,0.03181000,1.36700000
2018-02-22 19:36:50,0.03180900,2.28700000
2018-02-22 19:36:50,0.03180700,0.20100000
2018-02-22 19:36:50,0.03180000,3.00000000
2018-02-22 19:36:50,0.03179800,0.22000000
2018-02-22 19:36:50,0.03173100,0.09500000
2018-02-22 19:36:50,0.03172800,0.15800000
2018-02-22 19:36:50,0.03172700,0.03500000
2018-02-22 19:36:50,0.03170700,0.39300000
2018-02-22 19:36:50,0.03170500,2.18500000
2018-02-22 19:36:50,0.03170300,4.16400000
2018-02-22 19:36:50,0.03168800,0.31600000
2018-02-22 19:36:50,0.03167200,0.03500000
2018-02-22 19:36:50,0.03166600,3.15700000
2018-02-22 19:36:50,0.03165100,0.97100000
2018-02-22 19:36:50,0.03165000,3.79100000
2018-02-22 19:36:50,0.03164400,0.31600000
2018-02-22 19:36:50,0.03162500,0.98200000
2018-02-22 19:36:50,0.03162400,0.22100000
2018-02-22 19:36:50,0.03162200,0.09500000
2018-02-22 19:36:50,0.03162100,0.44200000
2018-02-22 19:36:50,0.03161400,0.19800000
2018-02-22 19:36:50,0.03161000,0.12700000
2018-02-22 19:36:50,0.03160600,1.58200000
2018-02-22 19:36:50,0.03160200,0.79100000
2018-02-22 19:36:50,0.03160000,3.88700000
2018-02-22 19:36:50,0.03170000,0.08500000
2018-02-22 19:36:50,0.03170000,0.08500000
2018-02-22 19:36:50,0.03170000,0.07100000
2018-02-22 19:36:50,0.03170000,0.55300000
2018-02-22 19:36:50,0.03169800,2.51100000
2018-02-22 19:36:50,0.03169800,0.22800000
2018-02-22 19:36:50,0.03185700,1.28500000
2018-02-22 19:36:50,0.03186000,0.88700000
2018-02-22 19:36:50,0.03186600,0.11100000
2018-02-22 19:36:50,0.03160000,0.08500000
2018-02-22 19:36:50,0.03160000,0.20900000
2018-02-22 19:36:50,0.03159400,0.31700000
2018-02-22 19:36:50,0.03159300,1.07600000
2018-02-22 19:36:50,0.03159100,0.63400000
2018-02-22 19:36:50,0.03159000,0.03500000
2018-02-22 19:36:50,0.03158300,0.31700000
2018-02-22 19:36:50,0.03156600,0.27500000
2018-02-22 19:36:50,0.03154300,0.19600000
2018-02-22 19:36:54,0.03173200,1.58200000
2018-02-22 19:36:55,0.03172100,1.90700000
2018-02-22 19:36:58,0.03172900,3.15200000
2018-02-22 19:36:58,0.03172700,0.74100000
2018-02-22 19:36:59,0.03172700,0.20400000
2018-02-22 19:36:59,0.03172100,2.35000000
2018-02-22 19:37:00,0.03171400,3.15200000
2018-02-22 19:37:00,0.03171600,1.23700000
2018-02-22 19:37:01,0.03171500,0.17300000
2018-02-22 19:37:01,0.03180000,0.11800000
2018-02-22 19:37:01,0.03171500,0.12700000
2018-02-22 19:37:05,0.03173200,0.19600000
2018-02-22 19:37:07,0.03179200,0.30000000
2018-02-22 19:37:07,0.03179400,8.35900000
2018-02-22 19:37:07,0.03179700,1.50500000
2018-02-22 19:37:07,0.03180000,0.41000000
2018-02-22 19:37:07,0.03180000,1.65700000
2018-02-22 19:37:07,0.03182200,0.09500000
2018-02-22 19:37:07,0.03182300,0.79100000
2018-02-22 19:37:09,0.03184000,0.38200000
2018-02-22 19:37:09,0.03184100,0.39300000
2018-02-22 19:37:09,0.03184200,0.12600000
2018-02-22 19:37:09,0.03185300,0.07900000
2018-02-22 19:37:09,0.03185400,0.76300000
2018-02-22 19:37:09,0.03185400,2.09900000
2018-02-22 19:37:09,0.03185500,0.35600000
2018-02-22 19:37:09,0.03186500,0.41100000
2018-02-22 19:37:10,0.03184500,0.22100000
2018-02-22 19:37:12,0.03181200,0.22200000
2018-02-22 19:37:12,0.03186600,0.55900000
2018-02-22 19:37:13,0.03181400,1.07600000
2018-02-22 19:37:13,0.03181800,0.06800000
2018-02-22 19:37:13,0.03181800,0.56500000
2018-02-22 19:37:13,0.03181800,0.27900000
2018-02-22 19:37:14,0.03181800,0.34100000
2018-02-22 19:37:14,0.03182000,0.73300000
2018-02-22 19:37:16,0.03181200,1.25300000
2018-02-22 19:37:16,0.03181400,0.79400000
2018-02-22 19:37:17,0.03181800,0.08200000
2018-02-22 19:37:17,0.03181700,0.23500000
2018-02-22 19:37:20,0.03181700,0.31700000
2018-02-22 19:37:27,0.03181900,0.06900000
2018-02-22 19:37:39,0.03182000,2.19500000
2018-02-22 19:37:56,0.03183300,2.11500000
2018-02-22 19:37:57,0.03182000,0.33600000
2018-02-22 19:37:57,0.03182000,0.23500000
2018-02-22 19:37:57,0.03183200,0.19500000
2018-02-22 19:37:57,0.03183300,0.00200000
2018-02-22 19:38:00,0.03183300,1.28200000
2018-02-22 19:38:00,0.03183400,0.10200000
2018-02-22 19:38:00,0.03183600,0.30900000
2018-02-22 19:38:11,0.03182000,7.29900000
2018-02-22 19:38:12,0.03182000,2.00000000
2018-02-22 19:38:14,0.03182000,2.12500000
2018-02-22 19:38:15,0.03182000,2.02800000
2018-02-22 19:38:15,0.03182000,1.83900000
2018-02-22 19:38:15,0.03181900,0.06100000
2018-02-22 19:38:16,0.03183400,0.31200000
2018-02-22 19:38:16,0.03183500,0.03400000
2018-02-22 19:38:22,0.03180100,0.62600000
2018-02-22 19:38:26,0.03180000,0.18400000
2018-02-22 19:38:27,0.03182900,0.57800000
2018-02-22 19:38:33,0.03177800,0.94400000
2018-02-22 19:38:37,0.03180100,0.30500000
2018-02-22 19:38:45,0.03175300,0.62900000
2018-02-22 19:38:47,0.03176400,0.07000000
2018-02-22 19:38:48,0.03176400,0.04900000
2018-02-22 19:38:48,0.03175300,0.94400000
2018-02-22 19:38:48,0.03175300,0.94300000
2018-02-22 19:38:49,0.03175100,0.16500000
2018-02-22 19:38:51,0.03170200,0.04500000
2018-02-22 19:38:51,0.03170100,1.50900000
2018-02-22 19:38:51,0.03170000,0.16000000
2018-02-22 19:38:52,0.03174500,0.46400000
2018-02-22 19:38:52,0.03174700,0.92100000
2018-02-22 19:38:56,0.03174700,0.23100000
2018-02-22 19:39:03,0.03170600,0.31500000
2018-02-22 19:39:03,0.03170400,0.15700000
2018-02-22 19:39:03,0.03170000,0.34000000
2018-02-22 19:39:03,0.03170000,0.94500000
2018-02-22 19:39:03,0.03170000,0.94400000
2018-02-22 19:39:03,0.03163000,0.94400000
2018-02-22 19:39:06,0.03169700,1.12700000
2018-02-22 19:39:06,0.03169700,0.29500000
2018-02-22 19:39:06,0.03169800,1.12700000
2018-02-22 19:39:06,0.03164000,0.29500000
2018-02-22 19:39:09,0.03165400,0.31300000
2018-02-22 19:39:11,0.03169500,1.23900000
2018-02-22 19:39:11,0.03169700,0.40200000
2018-02-22 19:39:11,0.03169800,4.71900000
2018-02-22 19:39:13,0.03169800,0.04700000
2018-02-22 19:39:14,0.03165200,3.07300000
2018-02-22 19:39:18,0.03169200,3.07300000
2018-02-22 19:39:18,0.03169400,0.90200000
2018-02-22 19:39:18,0.03169700,0.39500000
2018-02-22 19:39:18,0.03169800,1.32400000
2018-02-22 19:39:18,0.03169800,1.96000000
2018-02-22 19:39:18,0.03169800,2.81000000
2018-02-22 19:39:18,0.03169800,3.85600000
2018-02-22 19:39:18,0.03169800,4.94100000
2018-02-22 19:39:18,0.03169800,1.66700000
2018-02-22 19:39:21,0.03179900,0.07900000
2018-02-22 19:39:22,0.03168200,3.15600000
2018-02-22 19:39:22,0.03168000,0.37100000
2018-02-22 19:39:22,0.03167600,1.45000000
2018-02-22 19:39:22,0.03167300,0.94700000
2018-02-22 19:39:22,0.03167000,0.04500000
2018-02-22 19:39:22,0.03166300,1.51300000
2018-02-22 19:39:22,0.03166000,0.05900000
2018-02-22 19:39:22,0.03165600,0.15700000
2018-02-22 19:39:22,0.03162800,0.15800000
2018-02-22 19:39:22,0.03162700,1.00000000
2018-02-22 19:39:22,0.03161200,0.89300000
2018-02-22 19:39:24,0.03178500,0.09400000
2018-02-22 19:39:29,0.03163700,0.18300000
