DATE,PRICE,VOLUME
2018-03-01 11:59:59,0.05289300,0.50000000
2018-03-01 11:59:59,0.05289700,1.16400000
2018-03-01 12:00:01,0.05289500,0.04200000
2018-03-01 12:00:03,0.05289400,0.04200000
2018-03-01 12:00:03,0.05289700,0.40200000
2018-03-01 12:00:07,0.05289000,0.07600000
2018-03-01 12:00:09,0.05279400,0.16800000
2018-03-01 12:00:09,0.05289000,1.73100000
2018-03-01 12:00:09,0.05289700,0.29800000
2018-03-01 12:00:09,0.05290000,0.55700000
2018-03-01 12:00:09,0.05298100,0.01900000
2018-03-01 12:00:09,0.05299400,0.20700000
2018-03-01 12:00:11,0.05280200,0.04900000
2018-03-01 12:00:20,0.05289400,0.12100000
2018-03-01 12:00:21,0.05280400,0.33200000
2018-03-01 12:00:21,0.05280300,0.30600000
2018-03-01 12:00:24,0.05280300,0.15200000
2018-03-01 12:00:24,0.05280300,17.42300000
2018-03-01 12:00:28,0.05280400,0.03600000
2018-03-01 12:00:29,0.05280000,0.02800000
2018-03-01 12:00:30,0.05280000,0.04700000
2018-03-01 12:00:31,0.05280000,0.30100000
2018-03-01 12:00:33,0.05280000,0.09600000
2018-03-01 12:00:47,0.05279900,0.00100000
2018-03-01 12:00:54,0.05273300,0.06500000
2018-03-01 12:00:54,0.05272700,0.32400000
2018-03-01 12:00:55,0.05279900,0.03800000
2018-03-01 12:00:58,0.05279900,0.04500000
2018-03-01 12:00:58,0.05280000,0.07400000
2018-03-01 12:01:01,0.05272700,0.06200000
2018-03-01 12:01:03,0.05272700,0.01400000
2018-03-01 12:01:04,0.05280000,0.72000000
2018-03-01 12:01:05,0.05280000,0.03800000
2018-03-01 12:01:09,0.05273800,1.89300000
2018-03-01 12:01:09,0.05273600,0.00200000
2018-03-01 12:01:10,0.05273600,1.38500000
2018-03-01 12:01:10,0.05272700,0.56600000
2018-03-01 12:01:10,0.05272700,0.27000000
2018-03-01 12:01:10,0.05272700,0.06000000
2018-03-01 12:01:10,0.05272700,0.45100000
2018-03-01 12:01:10,0.05271900,0.41400000
2018-03-01 12:01:10,0.05271000,0.31900000
2018-03-01 12:01:10,0.05270000,1.74800000
2018-03-01 12:01:10,0.05269200,0.74700000
2018-03-01 12:01:13,0.05269200,1.03600000
2018-03-01 12:01:14,0.05269200,0.50000000
2018-03-01 12:01:15,0.05269200,0.18200000
2018-03-01 12:01:16,0.05271900,0.05500000
2018-03-01 12:01:16,0.05271900,0.05400000
2018-03-01 12:01:16,0.05271900,0.05400000
2018-03-01 12:01:16,0.05271900,0.05500000
2018-03-01 12:01:16,0.05269200,0.44400000
2018-03-01 12:01:18,0.05271800,0.88700000
2018-03-01 12:01:18,0.05271600,0.26800000
2018-03-01 12:01:20,0.05269200,1.00000000
2018-03-01 12:01:25,0.05269200,0.22000000
2018-03-01 12:01:32,0.05269000,0.02000000
2018-03-01 12:01:32,0.05269000,0.03900000
2018-03-01 12:01:33,0.05265000,0.20200000
2018-03-01 12:01:36,0.05265000,0.87200000
2018-03-01 12:01:37,0.05265000,2.88000000
2018-03-01 12:01:37,0.05263000,2.50300000
2018-03-01 12:01:38,0.05263000,0.59700000
2018-03-01 12:01:38,0.05262600,0.09600000
2018-03-01 12:01:38,0.05262500,0.04400000
2018-03-01 12:01:38,0.05260400,0.26300000
2018-03-01 12:01:38,0.05260400,4.01500000
2018-03-01 12:01:43,0.05264800,0.07700000
2018-03-01 12:01:48,0.05260400,1.69400000
2018-03-01 12:01:48,0.05260200,3.09300000
2018-03-01 12:01:48,0.05260000,12.90200000
2018-03-01 12:01:49,0.05259800,0.05100000
2018-03-01 12:01:51,0.05259800,0.09000000
2018-03-01 12:01:51,0.05259800,0.08700000
2018-03-01 12:01:51,0.05259800,0.48800000
2018-03-01 12:01:52,0.05259100,0.26700000
2018-03-01 12:01:53,0.05256600,0.15100000
2018-03-01 12:01:53,0.05255000,0.25900000
2018-03-01 12:01:53,0.05254700,4.70500000
2018-03-01 12:01:53,0.05250000,4.26300000
2018-03-01 12:01:53,0.05248900,0.19200000
2018-03-01 12:01:53,0.05248400,0.02700000
2018-03-01 12:01:53,0.05247800,0.21300000
2018-03-01 12:01:53,0.05247000,0.51500000
2018-03-01 12:01:53,0.05244200,0.55200000
2018-03-01 12:01:53,0.05244000,0.47700000
2018-03-01 12:01:54,0.05259100,0.09500000
2018-03-01 12:01:54,0.05256900,0.34200000
2018-03-01 12:01:54,0.05250000,2.29800000
2018-03-01 12:01:55,0.05259100,0.15200000
2018-03-01 12:01:56,0.05259100,0.19000000
2018-03-01 12:01:56,0.05242800,0.07200000
2018-03-01 12:01:56,0.05242700,1.50000000
2018-03-01 12:01:57,0.05244500,0.57200000
2018-03-01 12:01:57,0.05244400,0.15200000
2018-03-01 12:01:57,0.05242800,0.21700000
2018-03-01 12:01:58,0.05243300,0.19000000
2018-03-01 12:02:00,0.05258900,0.20000000
2018-03-01 12:02:02,0.05258600,0.10800000
2018-03-01 12:02:03,0.05258300,0.24700000
2018-03-01 12:02:03,0.05258400,0.05000000
2018-03-01 12:02:06,0.05248100,0.14000000
2018-03-01 12:02:06,0.05247100,0.88700000
2018-03-01 12:02:06,0.05246500,0.03200000
2018-03-01 12:02:06,0.05245900,0.09500000
2018-03-01 12:02:06,0.05240000,0.94500000
2018-03-01 12:02:06,0.05240000,0.21200000
2018-03-01 12:02:06,0.05258200,0.52200000
2018-03-01 12:02:06,0.05258900,0.42300000
2018-03-01 12:02:10,0.05240800,0.54800000
2018-03-01 12:02:16,0.05247100,0.05400000
2018-03-01 12:02:23,0.05247200,0.41600000
2018-03-01 12:02:23,0.05247100,0.09700000
2018-03-01 12:02:23,0.05240900,0.57200000
2018-03-01 12:02:23,0.05240000,0.21000000
2018-03-01 12:02:23,0.05239500,0.50800000
2018-03-01 12:02:23,0.05239000,0.44300000
2018-03-01 12:02:26,0.05254000,0.10000000
2018-03-01 12:02:27,0.05238700,0.50000000
2018-03-01 12:02:27,0.05238600,0.17100000
2018-03-01 12:02:27,0.05237800,0.51900000
2018-03-01 12:02:27,0.05237700,0.02000000
2018-03-01 12:02:31,0.05251900,0.00200000
2018-03-01 12:02:32,0.05237300,0.09500000
2018-03-01 12:02:32,0.05235600,0.19100000
2018-03-01 12:02:32,0.05235600,0.85100000
2018-03-01 12:02:32,0.05235600,0.85100000
2018-03-01 12:02:32,0.05235600,0.18900000
2018-03-01 12:02:32,0.05235600,0.11400000
2018-03-01 12:02:32,0.05235800,0.44600000
2018-03-01 12:02:32,0.05238800,0.04200000
2018-03-01 12:02:32,0.05235800,0.29300000
2018-03-01 12:02:33,0.05230300,0.09600000
2018-03-01 12:02:33,0.05227300,0.02900000
2018-03-01 12:02:35,0.05227300,0.09300000
2018-03-01 12:02:35,0.05237100,0.04800000
2018-03-01 12:02:36,0.05228200,0.03700000
2018-03-01 12:02:36,0.05227300,0.06700000
2018-03-01 12:02:36,0.05226000,0.26600000
2018-03-01 12:02:37,0.05236900,0.07600000
2018-03-01 12:02:38,0.05226200,0.00300000
2018-03-01 12:02:41,0.05226200,1.90600000
2018-03-01 12:02:41,0.05226000,1.16500000
2018-03-01 12:02:41,0.05236700,0.22300000
2018-03-01 12:02:45,0.05226000,0.12900000
2018-03-01 12:02:47,0.05235600,1.90900000
2018-03-01 12:02:47,0.05235800,1.10400000
2018-03-01 12:02:47,0.05236400,0.34900000
2018-03-01 12:02:47,0.05236700,0.99100000
2018-03-01 12:02:53,0.05236700,0.36200000
2018-03-01 12:02:54,0.05236700,0.10400000
2018-03-01 12:02:56,0.05236700,0.06300000
2018-03-01 12:02:57,0.05236700,1.14000000
2018-03-01 12:03:00,0.05237700,7.01500000
2018-03-01 12:03:04,0.05258100,0.13500000
2018-03-01 12:03:14,0.05257800,0.06100000
2018-03-01 12:03:15,0.05243500,0.21100000
2018-03-01 12:03:20,0.05245100,0.57100000
2018-03-01 12:03:20,0.05245000,0.71200000
2018-03-01 12:03:23,0.05257900,0.04200000
2018-03-01 12:03:24,0.05245900,0.54000000
2018-03-01 12:03:34,0.05257400,0.04200000
2018-03-01 12:03:34,0.05246500,0.44400000
2018-03-01 12:03:34,0.05246000,0.04000000
2018-03-01 12:03:34,0.05239600,0.84900000
2018-03-01 12:03:34,0.05239500,0.08300000
2018-03-01 12:03:34,0.05236700,0.06100000
2018-03-01 12:03:34,0.05236000,1.30000000
2018-03-01 12:03:34,0.05235800,4.20600000
2018-03-01 12:03:35,0.05257200,0.04200000
2018-03-01 12:03:41,0.05235900,0.68100000
2018-03-01 12:03:41,0.05235800,11.58100000
2018-03-01 12:03:49,0.05235800,0.50000000
2018-03-01 12:03:49,0.05251400,0.07700000
2018-03-01 12:04:01,0.05247200,1.78800000
2018-03-01 12:04:01,0.05247700,0.52900000
2018-03-01 12:04:01,0.05248300,1.12300000
2018-03-01 12:04:01,0.05249900,0.18900000
2018-03-01 12:04:01,0.05250000,0.50000000
2018-03-01 12:04:01,0.05250000,0.09500000
2018-03-01 12:04:01,0.05250000,0.20300000
2018-03-01 12:04:01,0.05250400,0.07600000
2018-03-01 12:04:01,0.05252200,0.02500000
2018-03-01 12:04:01,0.05252800,0.34400000
2018-03-01 12:04:01,0.05256400,0.09500000
2018-03-01 12:04:01,0.05258000,1.50000000
2018-03-01 12:04:01,0.05258400,0.89200000
2018-03-01 12:04:01,0.05258600,0.14000000
2018-03-01 12:04:01,0.05260000,1.70400000
2018-03-01 12:04:01,0.05264600,3.18000000
2018-03-01 12:04:01,0.05264700,17.40700000
2018-03-01 12:04:01,0.05264700,4.31600000
2018-03-01 12:04:01,0.05268600,4.87700000
2018-03-01 12:04:01,0.05250000,0.07500000
2018-03-01 12:04:01,0.05250100,0.03500000
2018-03-01 12:04:02,0.05275200,0.50000000
2018-03-01 12:04:02,0.05275300,0.17100000
2018-03-01 12:04:06,0.05277300,0.03500000
2018-03-01 12:04:06,0.05277400,0.09600000
2018-03-01 12:04:06,0.05278900,0.04500000
2018-03-01 12:04:06,0.05257600,0.04400000
2018-03-01 12:04:06,0.05257600,0.04400000
2018-03-01 12:04:06,0.05257600,0.53300000
2018-03-01 12:04:07,0.05257700,0.13900000
2018-03-01 12:04:07,0.05280700,0.47700000
2018-03-01 12:04:07,0.05280900,0.06700000
2018-03-01 12:04:08,0.05258500,0.62100000
2018-03-01 12:04:09,0.05258800,0.05000000
2018-03-01 12:04:11,0.05259400,0.95200000
2018-03-01 12:04:17,0.05261600,0.70900000
2018-03-01 12:04:20,0.05262400,1.28100000
2018-03-01 12:04:20,0.05262200,0.77200000
2018-03-01 12:04:20,0.05261800,0.89100000
2018-03-01 12:04:21,0.05260000,0.34800000
2018-03-01 12:04:21,0.05261600,3.52500000
2018-03-01 12:04:21,0.05261700,0.89100000
2018-03-01 12:04:21,0.05261800,0.06700000
2018-03-01 12:04:36,0.05264100,0.34700000
2018-03-01 12:04:38,0.05277500,0.40600000
2018-03-01 12:04:46,0.05276900,0.16400000
2018-03-01 12:04:46,0.05278000,0.17700000
2018-03-01 12:04:46,0.05278100,0.04900000
2018-03-01 12:04:46,0.05280000,0.08800000
2018-03-01 12:04:46,0.05280000,0.26000000
2018-03-01 12:04:46,0.05280500,0.53500000
2018-03-01 12:04:52,0.05276800,0.16000000
2018-03-01 12:04:54,0.05276800,0.04200000
2018-03-01 12:04:54,0.05280500,0.46500000
2018-03-01 12:04:54,0.05280500,0.31500000
2018-03-01 12:04:54,0.05266300,0.31500000
2018-03-01 12:04:54,0.05266300,0.14000000
2018-03-01 12:04:55,0.05266100,0.18900000
2018-03-01 12:04:57,0.05262200,0.09800000
2018-03-01 12:05:00,0.05274500,0.04200000
2018-03-01 12:05:09,0.05273300,0.05000000
2018-03-01 12:05:09,0.05266100,0.07200000
2018-03-01 12:05:09,0.05264100,0.88700000
2018-03-01 12:05:11,0.05264100,3.49400000
2018-03-01 12:05:13,0.05272700,0.04200000
2018-03-01 12:05:18,0.05264100,0.40600000
2018-03-01 12:05:19,0.05271200,0.04200000
2018-03-01 12:05:20,0.05264100,0.20600000
2018-03-01 12:05:21,0.05270600,0.04200000
2018-03-01 12:05:42,0.05264100,1.44100000
2018-03-01 12:05:42,0.05267900,0.28300000
2018-03-01 12:05:42,0.05267900,0.30100000
2018-03-01 12:05:42,0.05268100,0.16800000
2018-03-01 12:05:42,0.05269600,0.47400000
2018-03-01 12:05:42,0.05270000,0.20000000
2018-03-01 12:05:43,0.05270600,0.03200000
2018-03-01 12:05:45,0.05270600,0.02100000
2018-03-01 12:05:47,0.05270600,0.37500000
2018-03-01 12:05:47,0.05270600,0.20800000
2018-03-01 12:05:51,0.05270600,0.46100000
2018-03-01 12:05:52,0.05270700,0.14000000
2018-03-01 12:05:53,0.05270700,0.30700000
2018-03-01 12:05:54,0.05270700,0.02500000
2018-03-01 12:06:00,0.05270700,0.00200000
2018-03-01 12:06:00,0.05270600,0.31900000
2018-03-01 12:06:16,0.05270600,0.02100000
2018-03-01 12:06:18,0.05270600,0.25800000
2018-03-01 12:06:20,0.05274000,0.31500000
2018-03-01 12:06:20,0.05274300,0.15200000
2018-03-01 12:06:20,0.05280500,0.59300000
2018-03-01 12:06:23,0.05270600,0.17300000
2018-03-01 12:06:25,0.05280400,0.10600000
2018-03-01 12:06:27,0.05280400,0.06000000
2018-03-01 12:06:35,0.05270700,0.05700000
2018-03-01 12:06:40,0.05280000,0.35900000
2018-03-01 12:06:42,0.05280000,0.39800000
2018-03-01 12:06:42,0.05280400,0.25400000
2018-03-01 12:06:42,0.05280500,0.40800000
2018-03-01 12:06:42,0.05280900,4.33600000
2018-03-01 12:06:47,0.05270700,0.01600000
2018-03-01 12:06:47,0.05270600,0.00200000
2018-03-01 12:06:47,0.05264400,0.17700000
2018-03-01 12:06:47,0.05263000,0.09900000
2018-03-01 12:06:48,0.05265000,0.04400000
2018-03-01 12:06:50,0.05265600,0.02200000
2018-03-01 12:07:01,0.05270800,1.38500000
2018-03-01 12:07:35,0.05270600,0.06600000
2018-03-01 12:07:35,0.05270800,1.59000000
2018-03-01 12:07:35,0.05270800,1.00000000
2018-03-01 12:07:39,0.05270200,1.20000000
2018-03-01 12:07:39,0.05265600,0.08500000
2018-03-01 12:07:39,0.05265000,2.86800000
2018-03-01 12:07:39,0.05263000,0.98000000
2018-03-01 12:07:44,0.05263000,8.34000000
2018-03-01 12:07:46,0.05270800,0.09700000
2018-03-01 12:07:49,0.05270800,0.04200000
2018-03-01 12:07:49,0.05263000,4.32300000
2018-03-01 12:07:53,0.05270800,2.96500000
2018-03-01 12:08:01,0.05280800,0.22100000
2018-03-01 12:08:01,0.05280900,3.22900000
2018-03-01 12:08:02,0.05280900,0.45600000
2018-03-01 12:08:02,0.05280900,0.69900000
2018-03-01 12:08:10,0.05282600,0.11000000
2018-03-01 12:08:19,0.05272000,2.10700000
2018-03-01 12:08:19,0.05270900,0.88600000
2018-03-01 12:08:19,0.05270800,0.24000000
2018-03-01 12:08:25,0.05269400,0.04800000
2018-03-01 12:08:31,0.05264200,0.10400000
2018-03-01 12:08:31,0.05268500,1.84500000
2018-03-01 12:08:31,0.05268700,0.53100000
2018-03-01 12:08:36,0.05264300,0.03900000
2018-03-01 12:08:36,0.05264200,1.89600000
2018-03-01 12:08:37,0.05264200,0.08300000
2018-03-01 12:08:37,0.05264100,0.35500000
2018-03-01 12:08:38,0.05264200,0.04200000
2018-03-01 12:08:39,0.05264200,0.05700000
2018-03-01 12:08:39,0.05264100,0.04200000
2018-03-01 12:08:39,0.05264200,1.00000000
2018-03-01 12:08:43,0.05264200,0.07400000
2018-03-01 12:08:46,0.05264200,0.39000000
2018-03-01 12:09:20,0.05264100,0.06600000
2018-03-01 12:09:20,0.05264200,3.15900000
2018-03-01 12:09:20,0.05269200,0.59400000
2018-03-01 12:09:20,0.05269300,0.06600000
2018-03-01 12:09:20,0.05270800,3.66900000
2018-03-01 12:09:20,0.05274700,0.21400000
2018-03-01 12:09:20,0.05275000,0.09100000
2018-03-01 12:09:21,0.05275000,0.63400000
2018-03-01 12:09:21,0.05282600,0.27000000
2018-03-01 12:09:21,0.05275000,0.02900000
2018-03-01 12:09:21,0.05275000,0.06800000
2018-03-01 12:09:31,0.05275100,0.08800000
2018-03-01 12:09:31,0.05275000,0.42800000
2018-03-01 12:09:32,0.05275000,3.08700000
2018-03-01 12:09:32,0.05272000,0.56900000
2018-03-01 12:09:39,0.05270000,0.15700000
2018-03-01 12:09:39,0.05263600,1.89900000
2018-03-01 12:09:39,0.05263400,0.20500000
2018-03-01 12:09:39,0.05263100,0.04100000
2018-03-01 12:09:39,0.05263000,0.22800000
2018-03-01 12:09:39,0.05263000,1.77200000
2018-03-01 12:09:39,0.05261800,0.04800000
2018-03-01 12:09:39,0.05260200,4.88000000
2018-03-01 12:09:39,0.05256700,0.19000000
2018-03-01 12:09:39,0.05256200,0.02300000
2018-03-01 12:09:39,0.05253600,0.02300000
2018-03-01 12:09:39,0.05253500,0.02300000
2018-03-01 12:09:39,0.05252800,1.50000000
2018-03-01 12:09:39,0.05250800,1.99400000
2018-03-01 12:09:42,0.05250900,0.50000000
2018-03-01 12:09:42,0.05250800,0.29400000
2018-03-01 12:09:44,0.05250800,16.08900000
2018-03-01 12:09:45,0.05250800,3.38100000
2018-03-01 12:09:45,0.05250700,0.20000000
2018-03-01 12:09:46,0.05248200,0.02300000
2018-03-01 12:09:47,0.05250800,1.44800000
2018-03-01 12:09:49,0.05260800,0.28800000
2018-03-01 12:09:51,0.05260000,0.56900000
2018-03-01 12:09:51,0.05259800,0.04100000
2018-03-01 12:09:51,0.05246900,0.02300000
2018-03-01 12:09:51,0.05244400,0.02300000
2018-03-01 12:09:51,0.05242200,0.02300000
2018-03-01 12:09:51,0.05240000,0.93700000
2018-03-01 12:09:51,0.05237900,0.02300000
2018-03-01 12:09:51,0.05237800,0.02300000
2018-03-01 12:09:51,0.05235800,3.62600000
2018-03-01 12:09:51,0.05231800,0.58700000
2018-03-01 12:09:51,0.05231700,0.02300000
2018-03-01 12:09:51,0.05231400,1.30500000
2018-03-01 12:09:55,0.05234400,0.57300000
2018-03-01 12:09:55,0.05234300,0.21000000
2018-03-01 12:09:55,0.05231500,0.09200000
2018-03-01 12:09:55,0.05231400,0.60600000
2018-03-01 12:09:55,0.05230000,0.62400000
2018-03-01 12:09:55,0.05228100,0.07100000
2018-03-01 12:09:55,0.05227900,0.03700000
2018-03-01 12:09:55,0.05227700,0.02800000
2018-03-01 12:09:55,0.05226000,1.36000000
2018-03-01 12:09:55,0.05225300,0.02400000
2018-03-01 12:09:55,0.05225000,1.75400000
2018-03-01 12:09:55,0.05221600,0.29800000
2018-03-01 12:09:55,0.05220900,0.05500000
2018-03-01 12:09:55,0.05220300,0.54100000
2018-03-01 12:09:55,0.05220000,0.32100000
2018-03-01 12:09:56,0.05258300,1.57000000
2018-03-01 12:09:56,0.05258500,1.00000000
2018-03-01 12:09:56,0.05258800,0.11600000
2018-03-01 12:09:56,0.05258900,0.07100000
2018-03-01 12:09:56,0.05263100,0.12900000
2018-03-01 12:09:56,0.05264100,1.16800000
2018-03-01 12:09:56,0.05242000,0.05500000
2018-03-01 12:10:04,0.05247600,0.09100000
2018-03-01 12:10:06,0.05248400,0.09700000
2018-03-01 12:10:06,0.05248500,1.00000000
2018-03-01 12:10:06,0.05248400,0.24400000
2018-03-01 12:10:07,0.05248400,1.56600000
2018-03-01 12:10:07,0.05247900,0.09100000
2018-03-01 12:10:10,0.05248100,0.09800000
2018-03-01 12:10:10,0.05244400,0.50000000
2018-03-01 12:10:16,0.05247900,1.90700000
2018-03-01 12:10:16,0.05247900,2.98900000
2018-03-01 12:10:19,0.05248100,2.10000000
2018-03-01 12:10:20,0.05258900,0.08200000
2018-03-01 12:10:46,0.05257700,0.19000000
2018-03-01 12:10:49,0.05257600,0.09000000
2018-03-01 12:10:49,0.05257800,0.38000000
2018-03-01 12:10:49,0.05258200,0.57300000
2018-03-01 12:10:49,0.05258900,1.92400000
2018-03-01 12:10:49,0.05260000,0.03700000
2018-03-01 12:10:49,0.05259100,0.01500000
2018-03-01 12:10:54,0.05260300,1.88200000
2018-03-01 12:10:54,0.05260100,0.57000000
2018-03-01 12:10:56,0.05271000,1.89700000
2018-03-01 12:10:56,0.05271100,0.57000000
2018-03-01 12:10:56,0.05271200,4.87500000
2018-03-01 12:10:56,0.05272400,0.03700000
2018-03-01 12:10:56,0.05272600,2.00000000
2018-03-01 12:10:56,0.05274900,0.04100000
2018-03-01 12:10:56,0.05275000,2.58000000
2018-03-01 12:10:58,0.05259800,0.13200000
2018-03-01 12:11:06,0.05262300,1.76700000
2018-03-01 12:11:06,0.05262100,0.20500000
2018-03-01 12:11:06,0.05261800,0.57000000
2018-03-01 12:11:07,0.05274700,0.57000000
2018-03-01 12:11:07,0.05274800,0.40000000
2018-03-01 12:11:10,0.05274400,0.10800000
2018-03-01 12:11:11,0.05274200,0.04200000
2018-03-01 12:11:14,0.05271700,0.05900000
2018-03-01 12:11:15,0.05271700,1.39800000
2018-03-01 12:11:15,0.05272200,0.02800000
2018-03-01 12:11:15,0.05275000,15.28100000
2018-03-01 12:11:15,0.05275000,0.41000000
2018-03-01 12:11:15,0.05275000,0.41400000
2018-03-01 12:11:15,0.05275000,0.09100000
2018-03-01 12:11:15,0.05275000,0.04200000
2018-03-01 12:11:19,0.05275100,0.10800000
2018-03-01 12:11:19,0.05260500,0.57000000
2018-03-01 12:11:19,0.05260000,0.24300000
2018-03-01 12:11:19,0.05257700,0.37900000
2018-03-01 12:11:23,0.05260500,0.31500000
2018-03-01 12:11:32,0.05264000,0.31500000
2018-03-01 12:11:32,0.05264200,0.26700000
2018-03-01 12:11:45,0.05271600,0.57000000
2018-03-01 12:11:45,0.05275000,2.34900000
2018-03-01 12:11:45,0.05275000,0.20500000
2018-03-01 12:11:50,0.05275000,0.47800000
2018-03-01 12:11:55,0.05262000,0.58200000
2018-03-01 12:12:02,0.05263800,0.66300000
2018-03-01 12:12:02,0.05263800,0.65200000
2018-03-01 12:12:02,0.05263600,0.56900000
2018-03-01 12:12:03,0.05260300,1.89700000
2018-03-01 12:12:03,0.05260500,0.34100000
2018-03-01 12:12:12,0.05262900,0.03600000
2018-03-01 12:12:12,0.05262900,0.46400000
2018-03-01 12:12:12,0.05262800,1.35300000
2018-03-01 12:12:28,0.05262800,0.07500000
2018-03-01 12:12:30,0.05273200,0.02300000
2018-03-01 12:12:40,0.05262000,0.00500000
2018-03-01 12:12:41,0.05262000,0.18900000
2018-03-01 12:12:41,0.05262000,0.31500000
2018-03-01 12:12:45,0.05260200,0.19300000
2018-03-01 12:12:47,0.05262000,0.91900000
2018-03-01 12:12:47,0.05262200,0.47700000
2018-03-01 12:12:47,0.05262800,5.09900000
2018-03-01 12:12:49,0.05274800,0.19000000
2018-03-01 12:12:56,0.05263800,0.54400000
2018-03-01 12:12:56,0.05263800,1.35100000
2018-03-01 12:13:06,0.05263600,1.89500000
2018-03-01 12:13:06,0.05263800,2.10500000
2018-03-01 12:13:23,0.05260600,0.29100000
2018-03-01 12:13:27,0.05263600,0.35500000
2018-03-01 12:13:30,0.05260600,0.70000000
2018-03-01 12:13:31,0.05262800,0.10000000
2018-03-01 12:13:39,0.05262800,0.27500000
2018-03-01 12:13:41,0.05260600,0.01900000
2018-03-01 12:13:41,0.05260300,0.48000000
2018-03-01 12:13:42,0.05262500,0.06100000
2018-03-01 12:13:54,0.05262500,0.07000000
2018-03-01 12:14:00,0.05262500,0.58100000
2018-03-01 12:14:14,0.05260600,0.04200000
2018-03-01 12:14:14,0.05260300,0.71000000
2018-03-01 12:14:17,0.05260300,0.23500000
2018-03-01 12:14:17,0.05260200,0.48100000
2018-03-01 12:14:30,0.05260200,1.32600000
2018-03-01 12:14:36,0.05260200,1.00000000
2018-03-01 12:14:40,0.05260200,2.80000000
2018-03-01 12:14:44,0.05260000,0.04800000
2018-03-01 12:14:56,0.05260000,0.68800000
2018-03-01 12:14:58,0.05257700,4.50400000
2018-03-01 12:15:17,0.05253000,0.07600000
2018-03-01 12:15:17,0.05252300,0.15200000
2018-03-01 12:15:17,0.05250000,0.62200000
2018-03-01 12:15:31,0.05250000,1.04000000
2018-03-01 12:15:36,0.05250000,8.36800000
2018-03-01 12:15:36,0.05250000,0.30700000
2018-03-01 12:15:37,0.05250000,0.32700000
2018-03-01 12:15:40,0.05259600,0.37900000
2018-03-01 12:15:40,0.05259700,0.50300000
2018-03-01 12:15:40,0.05259800,0.07100000
2018-03-01 12:15:41,0.05259800,0.80700000
2018-03-01 12:15:41,0.05260200,2.05800000
2018-03-01 12:15:41,0.05262500,0.48300000
2018-03-01 12:15:43,0.05251600,0.19400000
2018-03-01 12:15:49,0.05252500,0.45800000
2018-03-01 12:15:49,0.05252600,0.32200000
2018-03-01 12:15:56,0.05253100,0.35800000
2018-03-01 12:16:02,0.05259800,0.11400000
2018-03-01 12:16:04,0.05259800,0.89600000
2018-03-01 12:16:04,0.05260000,1.77700000
2018-03-01 12:16:04,0.05263500,0.32200000
2018-03-01 12:16:04,0.05263600,0.47400000
2018-03-01 12:16:04,0.05263800,0.40700000
2018-03-01 12:16:04,0.05268800,4.87800000
2018-03-01 12:16:05,0.05269000,0.16000000
2018-03-01 12:16:06,0.05269000,0.15000000
2018-03-01 12:16:10,0.05274700,0.69800000
2018-03-01 12:16:10,0.05274800,3.76700000
2018-03-01 12:16:10,0.05274900,0.55900000
2018-03-01 12:16:10,0.05275000,4.77200000
2018-03-01 12:16:17,0.05277700,0.06800000
2018-03-01 12:16:22,0.05277700,1.72100000
2018-03-01 12:16:24,0.05277700,0.11100000
2018-03-01 12:16:40,0.05277600,0.96000000
2018-03-01 12:16:41,0.05277600,0.07800000
2018-03-01 12:16:41,0.05277700,2.22600000
2018-03-01 12:16:52,0.05277700,0.34000000
2018-03-01 12:16:55,0.05277700,2.87800000
2018-03-01 12:16:57,0.05279300,0.22400000
2018-03-01 12:17:02,0.05279300,0.02100000
2018-03-01 12:17:13,0.05279200,0.15800000
2018-03-01 12:17:13,0.05277700,4.40900000
2018-03-01 12:17:28,0.05277700,0.00100000
2018-03-01 12:17:28,0.05268600,0.04100000
2018-03-01 12:17:28,0.05279200,0.52200000
2018-03-01 12:17:34,0.05279100,0.93400000
2018-03-01 12:17:34,0.05279200,0.19600000
2018-03-01 12:17:42,0.05277500,0.04100000
2018-03-01 12:17:42,0.05277700,0.02800000
2018-03-01 12:17:43,0.05268900,0.52000000
2018-03-01 12:17:44,0.05268900,0.00300000
2018-03-01 12:17:44,0.05268700,0.59700000
2018-03-01 12:17:45,0.05268700,0.05800000
2018-03-01 12:17:45,0.05267100,0.56900000
2018-03-01 12:17:45,0.05262500,0.38600000
2018-03-01 12:17:45,0.05259800,4.88100000
2018-03-01 12:17:45,0.05257800,1.50000000
2018-03-01 12:17:45,0.05251800,0.19000000
2018-03-01 12:17:45,0.05250600,0.29000000
2018-03-01 12:17:45,0.05250500,7.13200000
2018-03-01 12:17:50,0.05272300,0.56900000
2018-03-01 12:17:50,0.05272400,4.87600000
2018-03-01 12:17:50,0.05277700,0.01600000
2018-03-01 12:17:50,0.05279100,1.03900000
2018-03-01 12:17:51,0.05259800,0.16800000
2018-03-01 12:17:55,0.05279000,6.60000000
2018-03-01 12:18:01,0.05270500,0.16800000
2018-03-01 12:18:01,0.05270700,0.30000000
2018-03-01 12:18:02,0.05263100,0.02400000
2018-03-01 12:18:04,0.05277900,0.19000000
2018-03-01 12:18:04,0.05278000,0.18000000
2018-03-01 12:18:23,0.05277700,0.02400000
2018-03-01 12:18:23,0.05277800,0.29000000
2018-03-01 12:18:23,0.05277900,0.99500000
2018-03-01 12:18:23,0.05278000,1.42400000
2018-03-01 12:18:23,0.05279000,2.59100000
2018-03-01 12:18:25,0.05279000,1.77300000
2018-03-01 12:18:36,0.05278000,0.10000000
2018-03-01 12:18:48,0.05277700,0.08000000
2018-03-01 12:18:48,0.05278000,0.76000000
2018-03-01 12:18:50,0.05277600,0.96100000
2018-03-01 12:18:53,0.05277600,0.04200000
2018-03-01 12:18:58,0.05264800,1.30000000
2018-03-01 12:19:06,0.05266600,0.04900000
2018-03-01 12:19:13,0.05266400,0.63100000
2018-03-01 12:19:20,0.05264600,3.67100000
2018-03-01 12:19:20,0.05261800,3.32900000
2018-03-01 12:19:28,0.05261800,1.55200000
2018-03-01 12:19:29,0.05261600,0.66900000
2018-03-01 12:19:29,0.05261800,0.03900000
2018-03-01 12:19:42,0.05257300,0.05400000
2018-03-01 12:19:42,0.05256600,0.50000000
2018-03-01 12:19:42,0.05256600,0.15500000
2018-03-01 12:19:42,0.05256600,0.17200000
2018-03-01 12:19:46,0.05264300,0.55900000
2018-03-01 12:19:48,0.05264300,0.66800000
2018-03-01 12:19:48,0.05253700,0.56700000
2018-03-01 12:19:51,0.05254100,0.20300000
2018-03-01 12:19:51,0.05251000,0.07600000
2018-03-01 12:19:52,0.05266400,0.13800000
2018-03-01 12:20:03,0.05266400,0.06500000
2018-03-01 12:20:03,0.05266500,0.56700000
2018-03-01 12:20:03,0.05270400,0.18400000
2018-03-01 12:20:03,0.05273900,1.50000000
2018-03-01 12:20:03,0.05274100,2.16300000
2018-03-01 12:20:03,0.05274200,4.87600000
2018-03-01 12:20:03,0.05276700,0.14100000
2018-03-01 12:20:03,0.05277600,0.00100000
2018-03-01 12:20:03,0.05278000,10.76700000
2018-03-01 12:20:04,0.05278000,0.13300000
2018-03-01 12:20:04,0.05278000,1.50000000
2018-03-01 12:20:04,0.05278000,0.12400000
2018-03-01 12:20:04,0.05278000,7.63500000
2018-03-01 12:20:04,0.05278000,2.61000000
2018-03-01 12:20:11,0.05278900,1.03800000
2018-03-01 12:20:11,0.05279000,1.91500000
2018-03-01 12:20:47,0.05277900,0.18900000
2018-03-01 12:20:54,0.05277800,0.07700000
2018-03-01 12:20:55,0.05277800,0.87100000
2018-03-01 12:20:55,0.05277900,0.23000000
2018-03-01 12:20:56,0.05277900,0.37800000
2018-03-01 12:20:57,0.05267400,0.03700000
2018-03-01 12:21:12,0.05267400,0.08000000
2018-03-01 12:21:14,0.05277800,0.17300000
2018-03-01 12:21:18,0.05277800,1.91300000
2018-03-01 12:21:22,0.05267400,0.82800000
2018-03-01 12:21:26,0.05277800,0.18900000
2018-03-01 12:21:27,0.05267400,1.14500000
2018-03-01 12:21:33,0.05267600,0.05300000
2018-03-01 12:21:35,0.05267600,1.85000000
2018-03-01 12:21:35,0.05267800,0.06100000
2018-03-01 12:21:43,0.05277500,5.06900000
2018-03-01 12:21:47,0.05277400,0.05700000
2018-03-01 12:21:47,0.05277500,0.37100000
2018-03-01 12:21:54,0.05277300,0.10300000
2018-03-01 12:21:58,0.05267800,0.08600000
2018-03-01 12:22:34,0.05276100,0.09500000
2018-03-01 12:22:34,0.05276900,0.20100000
2018-03-01 12:22:34,0.05277000,3.18600000
2018-03-01 12:22:36,0.05277000,0.11100000
2018-03-01 12:22:36,0.05277200,0.27800000
2018-03-01 12:22:52,0.05268100,0.05700000
2018-03-01 12:22:52,0.05268000,0.00800000
2018-03-01 12:23:13,0.05268100,1.42100000
2018-03-01 12:23:23,0.05268100,3.99600000
2018-03-01 12:23:24,0.05276900,0.13300000
2018-03-01 12:23:27,0.05268100,0.48800000
2018-03-01 12:23:30,0.05276900,0.05400000
2018-03-01 12:23:36,0.05276900,0.05600000
2018-03-01 12:23:36,0.05277000,0.84500000
2018-03-01 12:23:39,0.05268100,0.26300000
2018-03-01 12:23:44,0.05268100,0.10500000
2018-03-01 12:24:08,0.05268200,0.23200000
2018-03-01 12:24:08,0.05268100,0.63800000
2018-03-01 12:24:08,0.05270100,0.22000000
2018-03-01 12:24:15,0.05270000,0.16600000
2018-03-01 12:24:15,0.05270000,1.01500000
2018-03-01 12:24:24,0.05270000,0.96900000
2018-03-01 12:24:27,0.05270000,1.83100000
2018-03-01 12:24:31,0.05270000,0.42500000
2018-03-01 12:24:32,0.05270000,0.77700000
2018-03-01 12:24:32,0.05268100,0.25300000
2018-03-01 12:24:41,0.05268200,0.13000000
2018-03-01 12:24:41,0.05268100,1.89500000
2018-03-01 12:24:41,0.05268100,2.25200000
2018-03-01 12:24:50,0.05268100,0.03900000
2018-03-01 12:24:50,0.05268100,2.24400000
2018-03-01 12:24:50,0.05268100,0.65700000
2018-03-01 12:25:10,0.05268100,1.58400000
2018-03-01 12:25:10,0.05268000,0.05600000
2018-03-01 12:25:10,0.05267900,0.10300000
2018-03-01 12:25:10,0.05267800,0.59400000
2018-03-01 12:25:10,0.05267800,0.54300000
2018-03-01 12:25:10,0.05267600,0.16100000
2018-03-01 12:25:26,0.05267600,0.03600000
2018-03-01 12:25:27,0.05267900,0.98100000
2018-03-01 12:25:27,0.05268000,6.01900000
2018-03-01 12:25:35,0.05268000,1.19900000
2018-03-01 12:25:35,0.05269900,0.11800000
2018-03-01 12:25:35,0.05270000,8.21000000
2018-03-01 12:25:38,0.05267700,0.05100000
2018-03-01 12:25:38,0.05267600,0.90900000
2018-03-01 12:25:42,0.05270000,0.02100000
2018-03-01 12:25:42,0.05267600,0.40900000
2018-03-01 12:25:42,0.05266400,0.19500000
2018-03-01 12:25:42,0.05266100,0.03700000
2018-03-01 12:25:46,0.05266100,0.09800000
2018-03-01 12:25:46,0.05261800,0.04100000
2018-03-01 12:25:46,0.05261800,1.07100000
2018-03-01 12:25:50,0.05267500,0.17100000
2018-03-01 12:25:50,0.05267600,1.05200000
2018-03-01 12:25:51,0.05266200,0.45400000
2018-03-01 12:25:52,0.05266200,0.73700000
2018-03-01 12:25:52,0.05270000,4.16200000
2018-03-01 12:25:53,0.05270100,4.21700000
2018-03-01 12:25:53,0.05270500,0.19500000
2018-03-01 12:25:55,0.05270000,0.05700000
2018-03-01 12:25:56,0.05270000,1.16600000
2018-03-01 12:25:56,0.05266400,0.19500000
2018-03-01 12:25:56,0.05266200,0.12000000
2018-03-01 12:25:56,0.05260000,12.53600000
2018-03-01 12:25:56,0.05260000,0.19700000
2018-03-01 12:25:56,0.05260000,0.57700000
2018-03-01 12:25:56,0.05260000,10.49700000
2018-03-01 12:26:02,0.05276900,0.38200000
2018-03-01 12:26:02,0.05277000,7.92500000
2018-03-01 12:26:02,0.05277000,1.23000000
2018-03-01 12:26:13,0.05262600,0.66000000
2018-03-01 12:26:27,0.05266900,1.27900000
2018-03-01 12:26:27,0.05264300,0.05700000
2018-03-01 12:26:27,0.05263900,0.56900000
2018-03-01 12:26:27,0.05263800,1.62500000
2018-03-01 12:26:27,0.05261600,0.40200000
2018-03-01 12:26:27,0.05260500,0.11900000
2018-03-01 12:26:27,0.05260100,0.85300000
2018-03-01 12:26:27,0.05260000,0.20400000
2018-03-01 12:26:27,0.05257000,0.04700000
2018-03-01 12:26:27,0.05257000,0.04700000
2018-03-01 12:26:27,0.05256800,0.18900000
2018-03-01 12:26:27,0.05256800,0.47100000
2018-03-01 12:26:27,0.05257000,0.18900000
2018-03-01 12:26:27,0.05257000,0.20300000
2018-03-01 12:26:27,0.05257000,0.91200000
2018-03-01 12:26:27,0.05257000,6.95500000
2018-03-01 12:26:43,0.05256200,0.43500000
2018-03-01 12:26:43,0.05254000,1.00000000
2018-03-01 12:26:43,0.05250800,2.03600000
2018-03-01 12:26:43,0.05250500,4.00000000
2018-03-01 12:26:50,0.05255000,0.89900000
2018-03-01 12:26:50,0.05255000,0.03500000
2018-03-01 12:26:51,0.05255100,0.33900000
2018-03-01 12:26:53,0.05251200,0.17600000
2018-03-01 12:26:57,0.05251500,0.19000000
2018-03-01 12:26:57,0.05251200,0.45600000
2018-03-01 12:26:57,0.05251200,0.55500000
2018-03-01 12:27:01,0.05251200,1.05500000
2018-03-01 12:27:05,0.05251000,0.17500000
2018-03-01 12:27:05,0.05250500,3.52100000
2018-03-01 12:27:06,0.05251000,0.05800000
2018-03-01 12:27:06,0.05251000,0.05800000
2018-03-01 12:27:06,0.05251000,0.06000000
2018-03-01 12:27:11,0.05251000,0.60600000
2018-03-01 12:27:11,0.05251100,1.61300000
2018-03-01 12:27:11,0.05251200,2.83300000
2018-03-01 12:27:12,0.05251100,0.15200000
2018-03-01 12:27:20,0.05251100,0.27600000
2018-03-01 12:27:35,0.05251200,1.06400000
2018-03-01 12:27:35,0.05251100,0.39400000
2018-03-01 12:27:35,0.05251100,1.91700000
2018-03-01 12:27:40,0.05250500,6.86200000
2018-03-01 12:27:46,0.05250500,7.19800000
2018-03-01 12:27:55,0.05250600,0.09400000
2018-03-01 12:28:07,0.05250700,0.15400000
2018-03-01 12:28:08,0.05250700,0.48700000
2018-03-01 12:28:08,0.05250600,0.14400000
2018-03-01 12:28:08,0.05250500,0.89900000
2018-03-01 12:28:28,0.05250600,0.02500000
2018-03-01 12:28:28,0.05250500,0.47800000
2018-03-01 12:28:32,0.05250600,0.01900000
2018-03-01 12:28:37,0.05250600,0.09100000
2018-03-01 12:28:44,0.05256000,0.04800000
2018-03-01 12:28:45,0.05256000,0.04600000
2018-03-01 12:28:57,0.05255000,0.14200000
2018-03-01 12:28:59,0.05250800,0.09800000
2018-03-01 12:28:59,0.05250700,0.45600000
2018-03-01 12:28:59,0.05250600,0.48700000
2018-03-01 12:29:04,0.05250600,1.27200000
2018-03-01 12:29:05,0.05250600,0.34800000
2018-03-01 12:29:10,0.05250600,0.15600000
2018-03-01 12:29:10,0.05250500,0.27400000
2018-03-01 12:29:23,0.05254900,0.09500000
2018-03-01 12:29:23,0.05255000,0.24000000
2018-03-01 12:29:33,0.05255000,0.09400000
2018-03-01 12:29:33,0.05255000,0.03100000
2018-03-01 12:29:35,0.05255000,0.23600000
2018-03-01 12:29:48,0.05250800,0.13000000
2018-03-01 12:29:51,0.05256000,0.03200000
2018-03-01 12:29:51,0.05256100,0.08100000
2018-03-01 12:29:51,0.05256800,0.51200000
2018-03-01 12:29:51,0.05256900,0.67500000
2018-03-01 12:29:58,0.05260200,1.00000000
2018-03-01 12:30:00,0.05257100,1.00000000
2018-03-01 12:30:00,0.05257100,0.90100000
2018-03-01 12:30:00,0.05256900,0.09900000
2018-03-01 12:30:00,0.05256900,0.60100000
2018-03-01 12:30:02,0.05250900,0.22800000
2018-03-01 12:30:02,0.05250800,0.39800000
2018-03-01 12:30:02,0.05250700,0.04200000
2018-03-01 12:30:03,0.05250500,1.90100000
2018-03-01 12:30:09,0.05250600,0.13200000
2018-03-01 12:30:13,0.05250700,1.90300000
2018-03-01 12:30:13,0.05250600,0.47600000
2018-03-01 12:30:22,0.05250600,0.04500000
2018-03-01 12:30:24,0.05259100,1.90300000
2018-03-01 12:30:24,0.05260200,0.02500000
2018-03-01 12:30:31,0.05262200,0.22800000
2018-03-01 12:30:33,0.05262300,0.00100000
2018-03-01 12:30:37,0.05262200,0.20900000
2018-03-01 12:30:47,0.05262200,1.98300000
2018-03-01 12:30:59,0.05262200,0.03900000
2018-03-01 12:31:00,0.05251800,0.27300000
2018-03-01 12:31:01,0.05262200,0.08900000
2018-03-01 12:31:03,0.05251100,1.90200000
2018-03-01 12:31:03,0.05250600,0.83500000
2018-03-01 12:31:03,0.05250500,1.86200000
2018-03-01 12:31:03,0.05250500,8.71200000
2018-03-01 12:31:03,0.05250500,12.62900000
2018-03-01 12:31:03,0.05250000,0.19800000
2018-03-01 12:31:03,0.05247900,0.28100000
2018-03-01 12:31:03,0.05262100,0.56800000
2018-03-01 12:31:03,0.05262200,0.76300000
2018-03-01 12:31:03,0.05262800,0.89000000
2018-03-01 12:31:04,0.05250600,0.20500000
2018-03-01 12:31:21,0.05240100,0.61500000
2018-03-01 12:31:21,0.05240000,0.60700000
2018-03-01 12:31:21,0.05237900,0.43900000
2018-03-01 12:31:21,0.05237000,1.50000000
2018-03-01 12:31:21,0.05236100,0.19000000
2018-03-01 12:31:21,0.05231900,0.45800000
2018-03-01 12:31:21,0.05230000,5.80000000
2018-03-01 12:31:21,0.05230000,0.00500000
2018-03-01 12:31:23,0.05240100,0.15800000
2018-03-01 12:31:28,0.05257200,0.04800000
2018-03-01 12:31:30,0.05240100,1.26300000
2018-03-01 12:31:30,0.05230100,0.38500000
2018-03-01 12:31:30,0.05230000,0.62400000
2018-03-01 12:31:31,0.05240200,0.26400000
2018-03-01 12:31:37,0.05240000,0.09100000
2018-03-01 12:31:37,0.05240000,0.09100000
2018-03-01 12:31:38,0.05240000,0.07500000
2018-03-01 12:31:43,0.05230000,3.06300000
2018-03-01 12:31:44,0.05230000,0.98300000
2018-03-01 12:31:44,0.05226000,0.21300000
2018-03-01 12:31:44,0.05222000,0.05700000
2018-03-01 12:31:44,0.05221000,0.19800000
2018-03-01 12:31:44,0.05220600,0.57500000
2018-03-01 12:31:44,0.05220500,7.15100000
2018-03-01 12:31:47,0.05220500,0.14000000
2018-03-01 12:31:50,0.05238100,0.15700000
2018-03-01 12:31:50,0.05220500,2.00000000
2018-03-01 12:31:51,0.05237600,0.05000000
2018-03-01 12:32:02,0.05235200,0.04700000
2018-03-01 12:32:03,0.05235200,0.26800000
2018-03-01 12:32:04,0.05235200,0.06400000
2018-03-01 12:32:07,0.05234600,0.17100000
2018-03-01 12:32:10,0.05234000,0.10500000
2018-03-01 12:32:12,0.05234000,0.40000000
2018-03-01 12:32:13,0.05233700,0.54000000
2018-03-01 12:32:13,0.05233900,0.42500000
2018-03-01 12:32:14,0.05223400,1.91000000
2018-03-01 12:32:14,0.05223200,0.11600000
2018-03-01 12:32:14,0.05222000,0.09500000
2018-03-01 12:32:14,0.05221900,0.06500000
2018-03-01 12:32:16,0.05233400,0.01100000
2018-03-01 12:32:18,0.05228000,0.67300000
2018-03-01 12:32:18,0.05228000,1.22600000
2018-03-01 12:32:18,0.05228200,0.74100000
2018-03-01 12:32:20,0.05228200,1.15800000
2018-03-01 12:32:20,0.05220800,0.28000000
2018-03-01 12:32:20,0.05220700,0.18200000
2018-03-01 12:32:20,0.05220500,0.11600000
2018-03-01 12:32:20,0.05220100,0.24500000
2018-03-01 12:32:23,0.05220600,1.44300000
2018-03-01 12:32:24,0.05220700,0.22600000
2018-03-01 12:32:24,0.05220600,0.16300000
2018-03-01 12:32:26,0.05220900,0.47200000
2018-03-01 12:32:26,0.05220100,0.52800000
2018-03-01 12:32:26,0.05220100,0.37600000
2018-03-01 12:32:26,0.05220000,0.80100000
2018-03-01 12:32:27,0.05220000,1.00000000
2018-03-01 12:32:29,0.05220000,1.00000000
2018-03-01 12:32:30,0.05220000,0.20400000
2018-03-01 12:32:31,0.05220000,1.00000000
2018-03-01 12:32:32,0.05221000,0.22300000
2018-03-01 12:32:32,0.05220000,0.70400000
2018-03-01 12:32:32,0.05220000,2.25700000
2018-03-01 12:32:32,0.05219500,0.03400000
2018-03-01 12:32:32,0.05219300,0.32600000
2018-03-01 12:32:32,0.05219000,0.17200000
2018-03-01 12:32:32,0.05218100,0.03800000
2018-03-01 12:32:32,0.05213600,0.17000000
2018-03-01 12:32:33,0.05219800,1.00000000
2018-03-01 12:32:33,0.05219800,1.00000000
2018-03-01 12:32:33,0.05219800,0.07800000
2018-03-01 12:32:33,0.05220000,0.09100000
2018-03-01 12:32:35,0.05230100,0.05200000
2018-03-01 12:32:35,0.05220000,0.04800000
2018-03-01 12:32:39,0.05231100,0.23500000
2018-03-01 12:32:48,0.05230500,0.04800000
2018-03-01 12:32:59,0.05220400,0.22100000
2018-03-01 12:32:59,0.05219900,0.18900000
2018-03-01 12:32:59,0.05219800,0.50000000
2018-03-01 12:32:59,0.05213600,1.02000000
2018-03-01 12:32:59,0.05212200,0.07700000
2018-03-01 12:32:59,0.05211500,0.12500000
2018-03-01 12:33:00,0.05220500,0.28700000
2018-03-01 12:33:00,0.05211500,0.28800000
2018-03-01 12:33:00,0.05210200,4.15000000
2018-03-01 12:33:00,0.05210100,1.31800000
2018-03-01 12:33:00,0.05210000,4.98600000
2018-03-01 12:33:00,0.05209700,0.09600000
2018-03-01 12:33:00,0.05205700,0.81100000
2018-03-01 12:33:04,0.05206800,0.80700000
2018-03-01 12:33:05,0.05220000,1.00000000
2018-03-01 12:33:05,0.05207400,1.91800000
2018-03-01 12:33:05,0.05207200,0.50000000
2018-03-01 12:33:05,0.05205700,3.43900000
2018-03-01 12:33:05,0.05205500,0.02100000
2018-03-01 12:33:05,0.05205400,0.02100000
2018-03-01 12:33:05,0.05205000,0.59000000
2018-03-01 12:33:10,0.05205000,0.88300000
2018-03-01 12:33:12,0.05226300,1.00000000
2018-03-01 12:33:12,0.05226400,2.72500000
2018-03-01 12:33:12,0.05226600,0.22600000
2018-03-01 12:33:12,0.05226800,0.38100000
2018-03-01 12:33:12,0.05227500,4.25000000
2018-03-01 12:33:12,0.05229100,1.41800000
2018-03-01 12:33:14,0.05205700,0.24700000
2018-03-01 12:33:14,0.05206100,0.18300000
2018-03-01 12:33:22,0.05208200,0.22900000
2018-03-01 12:33:32,0.05211700,1.00000000
2018-03-01 12:33:32,0.05211600,1.26200000
2018-03-01 12:33:32,0.05211400,0.57500000
2018-03-01 12:33:32,0.05211300,0.22700000
2018-03-01 12:33:32,0.05210400,1.41800000
2018-03-01 12:33:32,0.05209800,1.41800000
2018-03-01 12:33:32,0.05209100,1.00000000
2018-03-01 12:33:32,0.05208200,0.19000000
2018-03-01 12:33:32,0.05208200,6.49800000
2018-03-01 12:33:32,0.05208000,0.02400000
2018-03-01 12:33:32,0.05208000,0.02400000
2018-03-01 12:33:32,0.05208000,0.02400000
2018-03-01 12:33:32,0.05208000,0.34400000
2018-03-01 12:33:32,0.05208000,14.27200000
2018-03-01 12:33:33,0.05207800,0.38100000
2018-03-01 12:33:33,0.05206100,0.50000000
2018-03-01 12:33:33,0.05207800,0.09100000
2018-03-01 12:33:33,0.05206100,0.02400000
2018-03-01 12:33:33,0.05207800,1.44900000
2018-03-01 12:33:33,0.05208200,3.04700000
2018-03-01 12:33:36,0.05207300,0.97600000
2018-03-01 12:33:39,0.05210500,1.91700000
2018-03-01 12:33:39,0.05210300,0.50000000
2018-03-01 12:33:39,0.05209400,0.92600000
2018-03-01 12:33:39,0.05208200,0.23600000
2018-03-01 12:33:39,0.05206100,3.91000000
2018-03-01 12:33:39,0.05228800,0.57500000
2018-03-01 12:33:39,0.05228900,0.30900000
2018-03-01 12:33:40,0.05228400,0.06000000
2018-03-01 12:33:41,0.05206300,0.57600000
2018-03-01 12:33:41,0.05206200,0.04600000
2018-03-01 12:33:44,0.05227000,0.73700000
2018-03-01 12:33:44,0.05227100,1.35300000
2018-03-01 12:33:45,0.05227100,0.19900000
2018-03-01 12:33:45,0.05208200,0.42800000
2018-03-01 12:33:45,0.05206200,0.26300000
2018-03-01 12:33:46,0.05206100,0.31400000
2018-03-01 12:33:46,0.05205700,0.96700000
2018-03-01 12:33:46,0.05205900,0.19100000
2018-03-01 12:33:46,0.05206200,0.39200000
2018-03-01 12:33:52,0.05226100,0.06200000
2018-03-01 12:33:53,0.05226000,0.09600000
2018-03-01 12:33:53,0.05226000,0.03100000
2018-03-01 12:33:54,0.05226000,0.09600000
2018-03-01 12:33:54,0.05208300,0.72300000
2018-03-01 12:33:54,0.05208200,0.27400000
2018-03-01 12:33:54,0.05225900,0.15300000
2018-03-01 12:33:54,0.05225900,0.04800000
2018-03-01 12:34:05,0.05208500,0.80500000
2018-03-01 12:34:14,0.05208800,0.83900000
2018-03-01 12:34:14,0.05208600,0.25800000
2018-03-01 12:34:14,0.05208500,0.53200000
2018-03-01 12:34:14,0.05208500,0.53300000
2018-03-01 12:34:14,0.05208300,0.19200000
2018-03-01 12:34:14,0.05208200,1.00000000
2018-03-01 12:34:14,0.05208200,0.16800000
2018-03-01 12:34:15,0.05208200,0.02900000
2018-03-01 12:34:15,0.05208200,0.07000000
2018-03-01 12:34:16,0.05207900,0.07700000
2018-03-01 12:34:16,0.05207800,0.50000000
2018-03-01 12:34:16,0.05208500,5.74000000
2018-03-01 12:34:16,0.05219100,0.22700000
2018-03-01 12:34:16,0.05219200,0.27300000
2018-03-01 12:34:20,0.05218400,0.04000000
2018-03-01 12:34:22,0.05208000,0.47100000
2018-03-01 12:34:22,0.05207900,0.26800000
2018-03-01 12:34:23,0.05218400,0.06700000
2018-03-01 12:34:25,0.05217800,0.04800000
2018-03-01 12:34:26,0.05217800,0.22700000
2018-03-01 12:34:26,0.05218000,0.06500000
2018-03-01 12:34:27,0.05207900,0.45800000
2018-03-01 12:34:27,0.05218000,0.01500000
2018-03-01 12:34:27,0.05218300,0.00700000
2018-03-01 12:34:27,0.05218300,0.38900000
2018-03-01 12:34:28,0.05208100,0.11700000
2018-03-01 12:34:35,0.05208200,0.05000000
2018-03-01 12:34:35,0.05208100,0.01900000
2018-03-01 12:34:38,0.05218100,0.05600000
2018-03-01 12:34:39,0.05218100,0.06100000
2018-03-01 12:34:39,0.05218300,0.07000000
2018-03-01 12:34:39,0.05218400,0.19200000
2018-03-01 12:34:44,0.05218000,0.21200000
2018-03-01 12:34:44,0.05218400,0.17000000
2018-03-01 12:34:44,0.05220000,0.50000000
2018-03-01 12:34:44,0.05225200,1.11800000
2018-03-01 12:34:47,0.05225800,0.04800000
2018-03-01 12:34:48,0.05209500,1.91600000
2018-03-01 12:34:48,0.05209300,0.71100000
2018-03-01 12:34:48,0.05209000,0.57500000
2018-03-01 12:34:48,0.05208900,0.10000000
2018-03-01 12:34:48,0.05208700,0.38300000
2018-03-01 12:34:48,0.05208100,0.22600000
2018-03-01 12:34:48,0.05208000,0.10000000
2018-03-01 12:34:48,0.05206300,0.25100000
2018-03-01 12:34:48,0.05206200,7.17300000
2018-03-01 12:34:48,0.05209000,0.38000000
2018-03-01 12:34:50,0.05218100,0.04800000
2018-03-01 12:35:00,0.05215200,0.41700000
2018-03-01 12:35:05,0.05213400,0.10000000
2018-03-01 12:35:06,0.05213300,0.09600000
2018-03-01 12:35:07,0.05213100,0.24400000
2018-03-01 12:35:17,0.05210100,0.00200000
2018-03-01 12:35:20,0.05209500,1.15300000
2018-03-01 12:35:20,0.05209300,0.18800000
2018-03-01 12:35:21,0.05225200,0.05500000
2018-03-01 12:35:22,0.05225100,0.03300000
2018-03-01 12:35:23,0.05220000,0.02300000
2018-03-01 12:35:23,0.05220000,0.03100000
2018-03-01 12:35:25,0.05219900,0.09600000
2018-03-01 12:35:26,0.05218100,0.15700000
2018-03-01 12:35:26,0.05218100,0.17000000
2018-03-01 12:35:27,0.05218100,0.20000000
2018-03-01 12:35:32,0.05219500,0.21100000
2018-03-01 12:35:32,0.05219600,0.74700000
2018-03-01 12:35:37,0.05219600,0.01600000
2018-03-01 12:35:46,0.05218100,0.57500000
2018-03-01 12:35:50,0.05218200,2.77600000
2018-03-01 12:35:50,0.05218100,1.11000000
2018-03-01 12:35:50,0.05218100,0.09600000
2018-03-01 12:35:52,0.05218100,0.09700000
2018-03-01 12:35:53,0.05218100,0.20600000
2018-03-01 12:36:02,0.05210000,0.11800000
2018-03-01 12:36:11,0.05210200,0.50000000
2018-03-01 12:36:11,0.05210100,0.99600000
2018-03-01 12:36:18,0.05210100,0.92700000
2018-03-01 12:36:21,0.05210100,0.21000000
2018-03-01 12:36:21,0.05210100,0.98400000
2018-03-01 12:36:22,0.05210100,3.00000000
2018-03-01 12:36:35,0.05217900,0.34500000
2018-03-01 12:36:43,0.05217000,0.29400000
2018-03-01 12:36:43,0.05217900,0.15500000
2018-03-01 12:36:44,0.05217900,0.11400000
2018-03-01 12:36:46,0.05218000,0.30700000
2018-03-01 12:36:49,0.05218000,0.09200000
2018-03-01 12:36:49,0.05218000,0.67100000
2018-03-01 12:36:51,0.05217900,0.33000000
2018-03-01 12:36:53,0.05218000,0.13200000
2018-03-01 12:36:53,0.05218000,2.12700000
2018-03-01 12:36:54,0.05218000,0.23600000
2018-03-01 12:36:55,0.05218000,0.38000000
2018-03-01 12:36:56,0.05217900,0.13700000
2018-03-01 12:36:56,0.05217900,0.25800000
2018-03-01 12:36:58,0.05218100,1.44200000
2018-03-01 12:36:58,0.05218100,6.12900000
2018-03-01 12:36:58,0.05220500,0.54200000
2018-03-01 12:37:00,0.05217900,0.06800000
2018-03-01 12:37:00,0.05225900,0.13900000
2018-03-01 12:37:00,0.05229600,0.02000000
2018-03-01 12:37:00,0.05230000,0.21300000
2018-03-01 12:37:03,0.05229900,0.04800000
2018-03-01 12:37:04,0.05229900,0.04700000
2018-03-01 12:37:08,0.05229800,0.01000000
2018-03-01 12:37:08,0.05229800,0.05200000
2018-03-01 12:37:10,0.05229700,0.06800000
2018-03-01 12:37:21,0.05220300,0.16300000
2018-03-01 12:37:23,0.05220300,0.28000000
2018-03-01 12:37:24,0.05220300,1.00000000
2018-03-01 12:37:32,0.05220300,0.06300000
2018-03-01 12:37:35,0.05220200,0.10000000
2018-03-01 12:37:35,0.05219100,0.57400000
2018-03-01 12:37:35,0.05210300,0.42900000
2018-03-01 12:37:35,0.05220300,0.01900000
2018-03-01 12:37:35,0.05220300,1.33200000
2018-03-01 12:37:36,0.05220300,0.30000000
2018-03-01 12:37:48,0.05219600,0.09700000
2018-03-01 12:37:49,0.05220200,0.04500000
2018-03-01 12:37:49,0.05220300,9.95500000
2018-03-01 12:37:49,0.05220300,9.92900000
2018-03-01 12:37:49,0.05220700,0.57400000
2018-03-01 12:37:52,0.05229600,0.01400000
2018-03-01 12:37:58,0.05229700,0.08300000
2018-03-01 12:38:01,0.05229700,0.23000000
2018-03-01 12:38:06,0.05229700,0.17300000
2018-03-01 12:38:08,0.05229700,0.82700000
2018-03-01 12:38:08,0.05220700,0.50000000
2018-03-01 12:38:13,0.05220700,0.03600000
2018-03-01 12:38:15,0.05219700,0.12100000
2018-03-01 12:38:22,0.05220700,0.02900000
2018-03-01 12:38:29,0.05220700,0.22600000
2018-03-01 12:38:31,0.05220700,0.02100000
2018-03-01 12:38:31,0.05220700,3.01500000
2018-03-01 12:38:32,0.05220100,0.03900000
2018-03-01 12:38:37,0.05220700,0.44700000
2018-03-01 12:38:42,0.05220100,0.00600000
2018-03-01 12:38:42,0.05220000,0.06000000
2018-03-01 12:38:42,0.05219700,0.00200000
2018-03-01 12:38:42,0.05212300,0.08200000
2018-03-01 12:38:42,0.05220700,0.51900000
2018-03-01 12:38:42,0.05229800,0.15200000
2018-03-01 12:38:45,0.05229700,0.50000000
2018-03-01 12:38:45,0.05229800,0.31200000
2018-03-01 12:38:49,0.05229800,0.33400000
2018-03-01 12:38:54,0.05229800,0.33500000
2018-03-01 12:39:31,0.05229800,0.41500000
2018-03-01 12:39:45,0.05224900,0.09100000
2018-03-01 12:39:45,0.05224400,0.17700000
2018-03-01 12:39:45,0.05223900,0.17700000
2018-03-01 12:39:45,0.05223300,0.17700000
2018-03-01 12:39:46,0.05224900,0.17700000
2018-03-01 12:39:50,0.05225000,0.32200000
2018-03-01 12:39:50,0.05223300,0.17700000
2018-03-01 12:39:51,0.05224500,0.52300000
2018-03-01 12:39:51,0.05223900,0.02800000
2018-03-01 12:40:06,0.05223900,0.02300000
2018-03-01 12:40:09,0.05221300,0.24500000
2018-03-01 12:40:16,0.05224000,0.08900000
2018-03-01 12:40:17,0.05224000,0.19100000
2018-03-01 12:40:17,0.05221300,0.05900000
2018-03-01 12:40:20,0.05221300,0.19600000
2018-03-01 12:40:20,0.05221300,0.19900000
2018-03-01 12:40:20,0.05221300,0.80300000
2018-03-01 12:40:21,0.05221500,0.09500000
2018-03-01 12:40:24,0.05221300,0.33400000
2018-03-01 12:40:24,0.05228900,0.17700000
2018-03-01 12:40:24,0.05229800,0.05100000
2018-03-01 12:40:30,0.05221500,2.88700000
2018-03-01 12:40:30,0.05221300,0.14800000
2018-03-01 12:40:33,0.05221500,0.07500000
2018-03-01 12:40:33,0.05221400,0.30100000
2018-03-01 12:40:33,0.05221300,0.04200000
2018-03-01 12:40:34,0.05220200,0.09700000
2018-03-01 12:40:34,0.05220000,0.44000000
2018-03-01 12:40:34,0.05219900,0.11000000
2018-03-01 12:40:34,0.05221300,0.10000000
2018-03-01 12:40:34,0.05221500,0.24400000
2018-03-01 12:40:34,0.05221500,10.77200000
2018-03-01 12:40:34,0.05221500,19.33300000
2018-03-01 12:40:35,0.05223900,0.02900000
2018-03-01 12:40:48,0.05223900,1.91500000
2018-03-01 12:40:48,0.05223900,0.64300000
2018-03-01 12:40:48,0.05223900,3.08400000
2018-03-01 12:40:49,0.05223900,0.52000000
2018-03-01 12:40:52,0.05221300,0.01500000
2018-03-01 12:41:00,0.05221400,0.05000000
2018-03-01 12:41:19,0.05221400,0.75000000
2018-03-01 12:41:21,0.05229800,5.48500000
2018-03-01 12:41:22,0.05229800,2.14800000
2018-03-01 12:41:22,0.05230000,0.17600000
2018-03-01 12:41:22,0.05230000,2.63800000
2018-03-01 12:41:22,0.05230500,0.25000000
2018-03-01 12:41:29,0.05221400,0.43200000
2018-03-01 12:41:29,0.05221300,0.30100000
2018-03-01 12:41:31,0.05231000,5.10500000
2018-03-01 12:41:31,0.05231000,3.71700000
2018-03-01 12:41:31,0.05234900,0.70800000
2018-03-01 12:41:31,0.05235300,0.09100000
2018-03-01 12:41:31,0.05235400,0.05300000
2018-03-01 12:41:40,0.05230500,0.03800000
2018-03-01 12:42:00,0.05235400,2.35300000
2018-03-01 12:42:04,0.05235400,1.12300000
2018-03-01 12:42:04,0.05236200,0.04100000
2018-03-01 12:42:04,0.05236500,0.04100000
2018-03-01 12:42:04,0.05239300,1.17100000
2018-03-01 12:42:05,0.05235400,0.44600000
2018-03-01 12:42:05,0.05230500,1.83200000
2018-03-01 12:42:10,0.05230500,1.23100000
2018-03-01 12:42:13,0.05224600,0.65700000
2018-03-01 12:42:24,0.05224700,0.04100000
2018-03-01 12:42:49,0.05230500,0.27500000
2018-03-01 12:43:03,0.05224800,0.52400000
2018-03-01 12:43:03,0.05224700,0.56700000
2018-03-01 12:43:17,0.05224700,0.50000000
2018-03-01 12:43:20,0.05230500,0.71200000
2018-03-01 12:43:31,0.05224800,0.38900000
2018-03-01 12:43:34,0.05230500,2.00900000
2018-03-01 12:43:44,0.05230500,0.70700000
2018-03-01 12:43:50,0.05230500,1.00000000
2018-03-01 12:43:53,0.05230500,0.00100000
2018-03-01 12:43:56,0.05224900,0.45700000
2018-03-01 12:44:04,0.05230500,0.62800000
2018-03-01 12:44:09,0.05224800,17.58500000
2018-03-01 12:44:09,0.05224800,5.18100000
2018-03-01 12:44:11,0.05224900,0.52900000
2018-03-01 12:44:16,0.05224900,0.21100000
2018-03-01 12:44:17,0.05224900,0.67500000
2018-03-01 12:44:29,0.05224800,0.58700000
2018-03-01 12:44:59,0.05224800,5.00000000
2018-03-01 12:44:59,0.05222100,0.07600000
2018-03-01 12:44:59,0.05222000,1.07000000
2018-03-01 12:44:59,0.05221900,1.21100000
2018-03-01 12:44:59,0.05221800,3.58300000
2018-03-01 12:44:59,0.05221500,15.57000000
2018-03-01 12:45:00,0.05221500,3.51200000
2018-03-01 12:45:00,0.05221300,3.08600000
2018-03-01 12:45:21,0.05221500,0.40500000
2018-03-01 12:45:21,0.05221400,0.05800000
2018-03-01 12:45:21,0.05221300,11.08100000
2018-03-01 12:45:38,0.05224800,5.68200000
2018-03-01 12:45:38,0.05224800,7.66600000
2018-03-01 12:45:38,0.05224900,0.13100000
2018-03-01 12:45:38,0.05229800,1.26800000
2018-03-01 12:45:40,0.05230400,0.38900000
2018-03-01 12:46:05,0.05221500,0.04400000
2018-03-01 12:46:06,0.05229700,0.40500000
2018-03-01 12:46:06,0.05230400,0.04000000
2018-03-01 12:46:06,0.05230500,11.07900000
2018-03-01 12:46:06,0.05230500,23.35700000
2018-03-01 12:46:19,0.05239000,0.50000000
2018-03-01 12:46:19,0.05239100,0.32000000
2018-03-01 12:46:21,0.05239100,0.00400000
2018-03-01 12:46:22,0.05237600,0.04800000
2018-03-01 12:46:26,0.05237600,0.03300000
2018-03-01 12:46:26,0.05239100,0.64100000
2018-03-01 12:46:26,0.05239300,0.44300000
2018-03-01 12:46:26,0.05240000,0.54100000
2018-03-01 12:46:26,0.05242000,0.02100000
2018-03-01 12:46:26,0.05246200,0.09600000
2018-03-01 12:46:26,0.05248000,0.05800000
2018-03-01 12:46:26,0.05248300,1.50000000
2018-03-01 12:46:26,0.05248700,0.07700000
2018-03-01 12:46:26,0.05250000,3.60600000
2018-03-01 12:46:27,0.05227700,1.11400000
2018-03-01 12:46:28,0.05250000,0.30000000
2018-03-01 12:46:30,0.05247800,0.25100000
2018-03-01 12:46:30,0.05250000,9.31700000
2018-03-01 12:46:34,0.05250000,3.54900000
2018-03-01 12:46:34,0.05250000,0.07700000
2018-03-01 12:46:34,0.05250000,1.11400000
2018-03-01 12:46:35,0.05250000,0.41000000
2018-03-01 12:46:35,0.05250000,0.40000000
2018-03-01 12:46:36,0.05250100,0.48000000
2018-03-01 12:46:36,0.05250500,2.21600000
2018-03-01 12:46:36,0.05250500,0.48000000
2018-03-01 12:46:36,0.05252000,0.50000000
2018-03-01 12:46:38,0.05252200,0.02100000
2018-03-01 12:46:39,0.05250500,0.04000000
2018-03-01 12:46:41,0.05250500,0.03200000
2018-03-01 12:46:41,0.05253400,0.36800000
2018-03-01 12:46:41,0.05253400,1.13200000
2018-03-01 12:46:41,0.05250500,0.04300000
2018-03-01 12:46:43,0.05250500,0.44100000
2018-03-01 12:46:43,0.05250000,0.29400000
2018-03-01 12:46:43,0.05250000,1.00000000
2018-03-01 12:46:43,0.05250000,0.56000000
2018-03-01 12:46:43,0.05255500,0.17200000
2018-03-01 12:46:43,0.05255800,0.26800000
2018-03-01 12:46:43,0.05255800,0.05800000
2018-03-01 12:46:46,0.05258800,0.02300000
2018-03-01 12:46:48,0.05258800,4.05400000
2018-03-01 12:46:48,0.05258800,3.08800000
2018-03-01 12:46:48,0.05259900,0.03800000
2018-03-01 12:46:48,0.05260000,0.19200000
2018-03-01 12:46:51,0.05265000,0.13000000
2018-03-01 12:46:51,0.05265300,0.16400000
2018-03-01 12:46:51,0.05266100,0.51000000
2018-03-01 12:46:51,0.05267700,0.89600000
2018-03-01 12:46:52,0.05251100,0.08800000
2018-03-01 12:46:55,0.05263600,0.15200000
2018-03-01 12:46:55,0.05267700,1.01600000
2018-03-01 12:46:57,0.05251800,0.71400000
2018-03-01 12:46:57,0.05251800,1.10200000
2018-03-01 12:46:57,0.05251600,0.02300000
2018-03-01 12:47:00,0.05251800,0.54800000
2018-03-01 12:47:00,0.05251700,0.22200000
2018-03-01 12:47:00,0.05237800,0.19200000
2018-03-01 12:47:00,0.05227500,3.79000000
2018-03-01 12:47:00,0.05227400,4.01900000
2018-03-01 12:47:00,0.05225000,1.40600000
2018-03-01 12:47:00,0.05224900,7.03100000
2018-03-01 12:47:00,0.05222000,1.50000000
2018-03-01 12:47:00,0.05221600,0.07000000
2018-03-01 12:47:00,0.05221500,0.37800000
2018-03-01 12:47:00,0.05221400,4.52800000
2018-03-01 12:47:03,0.05259100,2.56200000
2018-03-01 12:47:05,0.05237800,0.00100000
2018-03-01 12:47:05,0.05258600,0.04800000
2018-03-01 12:47:09,0.05249200,1.60000000
2018-03-01 12:47:10,0.05248900,0.25600000
2018-03-01 12:47:10,0.05249100,0.57100000
2018-03-01 12:47:10,0.05250000,0.92100000
2018-03-01 12:47:11,0.05258300,0.05100000
2018-03-01 12:47:14,0.05258000,3.21400000
2018-03-01 12:47:15,0.05257800,0.38700000
2018-03-01 12:47:21,0.05257200,0.22200000
2018-03-01 12:47:21,0.05257300,0.06200000
2018-03-01 12:47:21,0.05257600,0.19200000
2018-03-01 12:47:21,0.05257700,0.64600000
2018-03-01 12:47:26,0.05257000,1.40600000
2018-03-01 12:47:28,0.05259700,0.19000000
2018-03-01 12:47:30,0.05255500,0.05000000
2018-03-01 12:47:32,0.05259700,0.02500000
2018-03-01 12:47:35,0.05259700,1.39200000
2018-03-01 12:47:35,0.05259800,1.54400000
2018-03-01 12:47:35,0.05267200,0.56900000
2018-03-01 12:47:35,0.05267700,0.12200000
2018-03-01 12:47:35,0.05268900,0.06100000
2018-03-01 12:47:35,0.05269900,0.50600000
2018-03-01 12:47:35,0.05270000,1.06900000
2018-03-01 12:47:38,0.05247300,0.13000000
2018-03-01 12:47:43,0.05270000,0.66900000
2018-03-01 12:47:43,0.05273700,0.68800000
2018-03-01 12:47:44,0.05273700,0.87700000
2018-03-01 12:47:48,0.05274000,0.86800000
2018-03-01 12:47:49,0.05273600,0.57000000
2018-03-01 12:47:49,0.05273700,0.05300000
2018-03-01 12:47:50,0.05274000,0.50000000
2018-03-01 12:47:50,0.05273700,0.02100000
2018-03-01 12:47:50,0.05254300,0.05200000
2018-03-01 12:47:55,0.05272800,0.13000000
2018-03-01 12:47:55,0.05273000,0.05200000
2018-03-01 12:47:55,0.05273600,0.07500000
2018-03-01 12:47:55,0.05273700,0.09100000
2018-03-01 12:47:57,0.05255400,0.06700000
2018-03-01 12:47:57,0.05255400,0.03100000
2018-03-01 12:47:57,0.05255400,1.80200000
2018-03-01 12:47:57,0.05255200,0.79200000
2018-03-01 12:47:57,0.05254300,0.94000000
2018-03-01 12:47:59,0.05273500,0.19900000
2018-03-01 12:47:59,0.05273200,1.70100000
2018-03-01 12:47:59,0.05273400,0.57000000
2018-03-01 12:47:59,0.05273700,0.55000000
2018-03-01 12:48:00,0.05273700,1.06000000
2018-03-01 12:48:00,0.05257900,0.02500000
2018-03-01 12:48:05,0.05273600,0.72200000
2018-03-01 12:48:05,0.05273700,0.33500000
2018-03-01 12:48:06,0.05273700,9.38000000
2018-03-01 12:48:06,0.05257100,0.06000000
2018-03-01 12:48:08,0.05273700,0.09500000
2018-03-01 12:48:09,0.05273700,0.03200000
2018-03-01 12:48:12,0.05258900,0.09600000
2018-03-01 12:48:12,0.05273600,0.08600000
2018-03-01 12:48:12,0.05273700,0.72000000
2018-03-01 12:48:16,0.05273500,0.07800000
2018-03-01 12:48:17,0.05273500,0.07800000
2018-03-01 12:48:17,0.05273700,1.22100000
2018-03-01 12:48:17,0.05273700,1.03800000
2018-03-01 12:48:24,0.05270100,0.50000000
2018-03-01 12:48:24,0.05270000,3.14500000
2018-03-01 12:48:24,0.05269100,0.10500000
2018-03-01 12:48:29,0.05273500,0.33800000
2018-03-01 12:48:29,0.05273600,1.15700000
2018-03-01 12:48:30,0.05273600,0.21700000
2018-03-01 12:48:31,0.05273600,2.22100000
2018-03-01 12:48:31,0.05273600,0.92000000
2018-03-01 12:48:31,0.05273700,1.23200000
2018-03-01 12:48:31,0.05274000,1.00300000
2018-03-01 12:48:31,0.05275000,0.16100000
2018-03-01 12:48:32,0.05277000,0.18900000
2018-03-01 12:48:33,0.05273600,0.01100000
2018-03-01 12:48:33,0.05273600,1.62200000
2018-03-01 12:48:33,0.05277000,0.04700000
2018-03-01 12:48:34,0.05277000,0.74000000
2018-03-01 12:48:38,0.05277000,0.56900000
2018-03-01 12:48:40,0.05277200,0.07200000
2018-03-01 12:48:40,0.05277200,0.07700000
2018-03-01 12:48:46,0.05277800,0.05500000
2018-03-01 12:48:47,0.05277800,0.07600000
2018-03-01 12:48:50,0.05277800,0.58200000
2018-03-01 12:48:52,0.05277000,3.76800000
2018-03-01 12:48:52,0.05275000,3.56800000
2018-03-01 12:48:52,0.05269300,0.99400000
2018-03-01 12:48:52,0.05269200,0.09700000
2018-03-01 12:48:52,0.05269100,0.11300000
2018-03-01 12:48:52,0.05269100,0.93900000
2018-03-01 12:48:53,0.05277600,0.14900000
2018-03-01 12:48:53,0.05277700,0.01400000
2018-03-01 12:48:54,0.05277700,0.12100000
2018-03-01 12:48:54,0.05277800,0.93800000
2018-03-01 12:48:54,0.05277900,0.28700000
2018-03-01 12:48:54,0.05278000,1.70000000
2018-03-01 12:48:54,0.05279200,0.49900000
2018-03-01 12:48:54,0.05279300,1.14900000
2018-03-01 12:48:54,0.05279400,4.55600000
2018-03-01 12:48:54,0.05282600,2.77000000
2018-03-01 12:48:54,0.05282700,0.19100000
2018-03-01 12:48:54,0.05283700,0.51500000
2018-03-01 12:48:54,0.05285000,1.50000000
2018-03-01 12:48:54,0.05269100,0.19200000
2018-03-01 12:48:55,0.05269100,0.36500000
2018-03-01 12:48:56,0.05269100,0.30700000
2018-03-01 12:48:58,0.05269100,0.06000000
2018-03-01 12:49:00,0.05269100,0.67500000
2018-03-01 12:49:00,0.05258700,0.57000000
2018-03-01 12:49:00,0.05257900,0.20100000
2018-03-01 12:49:00,0.05257100,0.48600000
2018-03-01 12:49:00,0.05255500,0.20100000
2018-03-01 12:49:00,0.05254300,1.02800000
2018-03-01 12:49:00,0.05251800,0.19000000
2018-03-01 12:49:00,0.05245700,1.17500000
2018-03-01 12:49:00,0.05245500,1.90600000
2018-03-01 12:49:00,0.05244800,1.90600000
2018-03-01 12:49:00,0.05238000,1.00000000
2018-03-01 12:49:00,0.05237900,0.12700000
2018-03-01 12:49:00,0.05235900,0.05500000
2018-03-01 12:49:00,0.05234500,3.07500000
2018-03-01 12:49:00,0.05234400,1.27400000
2018-03-01 12:49:02,0.05257000,0.02900000
2018-03-01 12:49:03,0.05257000,0.02600000
2018-03-01 12:49:07,0.05262000,0.40300000
2018-03-01 12:49:08,0.05258700,0.07500000
2018-03-01 12:49:10,0.05258500,0.02900000
2018-03-01 12:49:10,0.05258500,0.04800000
2018-03-01 12:49:11,0.05237700,0.05000000
2018-03-01 12:49:16,0.05257800,1.64000000
2018-03-01 12:49:18,0.05244000,0.79400000
2018-03-01 12:49:21,0.05256400,0.56800000
2018-03-01 12:49:21,0.05256400,0.00100000
2018-03-01 12:49:23,0.05256300,1.37900000
2018-03-01 12:49:24,0.05256300,0.52600000
2018-03-01 12:49:24,0.05256400,0.81200000
2018-03-01 12:49:30,0.05246100,1.32900000
2018-03-01 12:49:33,0.05246100,0.67100000
2018-03-01 12:49:33,0.05245900,0.05200000
2018-03-01 12:49:33,0.05245600,0.56900000
2018-03-01 12:49:33,0.05244100,0.20200000
2018-03-01 12:49:33,0.05242000,0.04800000
2018-03-01 12:49:33,0.05237700,0.36300000
2018-03-01 12:49:36,0.05245900,0.19000000
2018-03-01 12:49:36,0.05245900,0.65400000
2018-03-01 12:49:36,0.05246100,0.40300000
2018-03-01 12:49:37,0.05251400,0.12100000
2018-03-01 12:49:39,0.05251400,0.06900000
2018-03-01 12:49:39,0.05251700,0.56700000
2018-03-01 12:49:44,0.05250000,0.15300000
2018-03-01 12:49:47,0.05246100,0.00100000
2018-03-01 12:49:51,0.05248000,0.84700000
2018-03-01 12:49:57,0.05246000,0.58200000
2018-03-01 12:49:57,0.05256400,0.00100000
2018-03-01 12:49:57,0.05258700,0.27500000
2018-03-01 12:49:57,0.05273300,1.04200000
2018-03-01 12:50:14,0.05250700,1.00000000
2018-03-01 12:50:15,0.05250900,2.04900000
2018-03-01 12:50:15,0.05250900,1.06800000
2018-03-01 12:50:15,0.05250800,0.41200000
2018-03-01 12:50:15,0.05251100,1.06800000
2018-03-01 12:50:15,0.05251100,0.83500000
2018-03-01 12:50:15,0.05250800,0.16500000
2018-03-01 12:50:15,0.05250500,0.22300000
2018-03-01 12:50:15,0.05250200,0.56900000
2018-03-01 12:50:36,0.05250800,0.04800000
2018-03-01 12:50:37,0.05250700,0.24300000
2018-03-01 12:50:37,0.05250600,0.15100000
2018-03-01 12:50:37,0.05250600,0.03500000
2018-03-01 12:50:37,0.05250200,0.50000000
2018-03-01 12:50:41,0.05250200,0.46500000
2018-03-01 12:50:43,0.05250200,5.50700000
2018-03-01 12:50:43,0.05237800,1.69600000
2018-03-01 12:50:43,0.05237700,2.37400000
2018-03-01 12:50:44,0.05237500,2.47400000
2018-03-01 12:50:44,0.05237700,6.11900000
2018-03-01 12:50:50,0.05249900,0.19000000
2018-03-01 12:50:56,0.05249900,0.04800000
2018-03-01 12:51:00,0.05237700,1.90700000
2018-03-01 12:51:00,0.05237500,0.40300000
2018-03-01 12:51:00,0.05236300,0.03800000
2018-03-01 12:51:00,0.05236000,0.15900000
2018-03-01 12:51:00,0.05231300,0.57300000
2018-03-01 12:51:00,0.05231200,2.78100000
2018-03-01 12:51:02,0.05249400,0.02900000
2018-03-01 12:51:09,0.05242700,0.02400000
2018-03-01 12:51:10,0.05242500,0.05600000
2018-03-01 12:51:10,0.05242500,0.05500000
2018-03-01 12:51:11,0.05242500,0.17200000
2018-03-01 12:51:11,0.05242300,0.10200000
2018-03-01 12:51:15,0.05241500,1.59500000
2018-03-01 12:51:15,0.05241700,0.20700000
2018-03-01 12:51:15,0.05249700,0.22300000
2018-03-01 12:51:15,0.05249800,7.91500000
2018-03-01 12:51:15,0.05249900,1.01800000
2018-03-01 12:51:22,0.05249900,0.23600000
2018-03-01 12:51:23,0.05249900,0.40300000
2018-03-01 12:51:26,0.05249900,0.15300000
2018-03-01 12:51:29,0.05250000,0.50000000
2018-03-01 12:51:33,0.05250000,1.07500000
2018-03-01 12:51:51,0.05252200,1.02700000
2018-03-01 12:51:58,0.05262300,0.03400000
2018-03-01 12:52:13,0.05262000,0.05000000
2018-03-01 12:52:36,0.05251600,0.45400000
2018-03-01 12:52:36,0.05251500,0.20100000
2018-03-01 12:52:36,0.05250100,0.57100000
2018-03-01 12:52:36,0.05250000,0.00400000
2018-03-01 12:52:46,0.05250100,0.55000000
2018-03-01 12:52:46,0.05250000,0.12400000
2018-03-01 12:52:47,0.05249900,0.37600000
2018-03-01 12:52:48,0.05249900,1.64900000
2018-03-01 12:52:50,0.05249900,3.51700000
2018-03-01 12:53:01,0.05240000,1.22100000
2018-03-01 12:53:02,0.05249800,2.00000000
2018-03-01 12:53:05,0.05240000,0.19100000
2018-03-01 12:53:07,0.05240000,0.21700000
2018-03-01 12:53:09,0.05249600,1.99000000
2018-03-01 12:53:09,0.05249900,0.50800000
2018-03-01 12:53:09,0.05240000,1.34000000
2018-03-01 12:53:12,0.05240000,0.09000000
2018-03-01 12:53:14,0.05240000,0.05000000
2018-03-01 12:53:51,0.05237900,0.50000000
2018-03-01 12:53:54,0.05236900,1.29800000
2018-03-01 12:54:03,0.05236900,0.13100000
2018-03-01 12:54:28,0.05237300,0.46300000
2018-03-01 12:54:28,0.05236900,0.28200000
2018-03-01 12:54:31,0.05237300,0.07100000
2018-03-01 12:54:36,0.05237300,0.15400000
2018-03-01 12:54:47,0.05237300,1.00400000
2018-03-01 12:54:47,0.05237300,3.32500000
2018-03-01 12:54:47,0.05237900,0.52700000
2018-03-01 12:55:04,0.05237000,0.64200000
2018-03-01 12:55:05,0.05240200,0.04600000
2018-03-01 12:55:13,0.05240700,0.10500000
2018-03-01 12:55:15,0.05259100,0.57100000
2018-03-01 12:55:15,0.05259200,0.57800000
2018-03-01 12:55:15,0.05259400,0.13200000
2018-03-01 12:55:15,0.05259500,1.76900000
2018-03-01 12:55:18,0.05259500,0.22600000
2018-03-01 12:55:20,0.05259500,0.08600000
2018-03-01 12:55:21,0.05259500,0.87600000
2018-03-01 12:55:23,0.05259500,0.19600000
2018-03-01 12:55:26,0.05242200,1.31300000
2018-03-01 12:55:26,0.05259400,0.21100000
2018-03-01 12:55:26,0.05259500,2.11800000
2018-03-01 12:55:41,0.05259400,0.98300000
2018-03-01 12:55:41,0.05259500,0.01700000
2018-03-01 12:55:59,0.05247900,0.02300000
2018-03-01 12:55:59,0.05259400,2.45100000
2018-03-01 12:56:00,0.05259400,0.06800000
2018-03-01 12:56:10,0.05258800,0.09700000
2018-03-01 12:56:11,0.05249800,1.61400000
2018-03-01 12:56:11,0.05248200,0.54800000
2018-03-01 12:56:16,0.05257900,0.10000000
2018-03-01 12:56:22,0.05257000,0.09500000
2018-03-01 12:56:26,0.05240800,0.01000000
2018-03-01 12:56:29,0.05240800,0.81600000
2018-03-01 12:56:29,0.05240600,0.15000000
2018-03-01 12:56:29,0.05240500,0.11200000
2018-03-01 12:56:29,0.05240300,0.28600000
2018-03-01 12:56:29,0.05237400,0.96300000
2018-03-01 12:56:32,0.05255500,1.12600000
2018-03-01 12:56:32,0.05255600,0.57100000
2018-03-01 12:56:33,0.05255800,1.27400000
2018-03-01 12:56:41,0.05255700,0.39200000
2018-03-01 12:56:41,0.05255800,0.10800000
2018-03-01 12:56:49,0.05255800,0.13800000
2018-03-01 12:57:01,0.05238100,1.90800000
2018-03-01 12:57:01,0.05237900,0.57200000
2018-03-01 12:57:01,0.05237400,1.04900000
2018-03-01 12:57:13,0.05237500,0.68800000
2018-03-01 12:57:16,0.05248400,0.21200000
2018-03-01 12:57:22,0.05247800,0.76100000
2018-03-01 12:57:34,0.05247500,0.04700000
2018-03-01 12:57:36,0.05247500,0.04700000
2018-03-01 12:57:39,0.05247500,0.04700000
2018-03-01 12:57:41,0.05247500,0.04700000
2018-03-01 12:57:42,0.05237500,0.10000000
2018-03-01 12:57:44,0.05247500,0.04700000
2018-03-01 12:57:46,0.05237500,11.00900000
2018-03-01 12:57:47,0.05247500,0.04700000
2018-03-01 12:57:49,0.05247500,0.04700000
2018-03-01 12:57:51,0.05247200,0.04700000
2018-03-01 12:57:53,0.05247200,0.04700000
2018-03-01 12:57:56,0.05247200,0.04700000
2018-03-01 12:57:56,0.05247200,0.08900000
2018-03-01 12:57:58,0.05247200,0.04700000
2018-03-01 12:58:00,0.05247200,0.04700000
2018-03-01 12:58:03,0.05247200,0.04700000
2018-03-01 12:58:05,0.05247200,0.04700000
2018-03-01 12:58:07,0.05247200,0.04700000
2018-03-01 12:58:07,0.05237600,0.05900000
2018-03-01 12:58:09,0.05247200,0.04700000
2018-03-01 12:58:12,0.05247200,0.04700000
2018-03-01 12:58:14,0.05247200,0.04700000
2018-03-01 12:58:16,0.05247200,0.04700000
2018-03-01 12:58:19,0.05247200,0.04700000
2018-03-01 12:58:21,0.05247200,0.04700000
2018-03-01 12:58:24,0.05247200,0.15200000
2018-03-01 12:58:24,0.05247300,3.70900000
2018-03-01 12:58:24,0.05247300,0.04700000
2018-03-01 12:58:26,0.05247300,0.04700000
2018-03-01 12:58:28,0.05247300,0.04700000
2018-03-01 12:58:31,0.05247200,0.04700000
2018-03-01 12:58:33,0.05247200,0.04700000
2018-03-01 12:58:36,0.05237600,0.22700000
2018-03-01 12:58:36,0.05237500,0.68900000
2018-03-01 12:58:36,0.05247200,0.04700000
2018-03-01 12:58:38,0.05247200,0.04700000
2018-03-01 12:58:41,0.05247200,0.04700000
2018-03-01 12:58:41,0.05237500,12.85000000
2018-03-01 12:58:41,0.05237400,13.09700000
2018-03-01 12:58:41,0.05237300,1.96200000
2018-03-01 12:58:41,0.05236900,1.72900000
2018-03-01 12:58:41,0.05235300,1.57900000
2018-03-01 12:58:41,0.05232500,0.50000000
2018-03-01 12:58:41,0.05231300,6.54500000
2018-03-01 12:58:43,0.05247100,0.04700000
2018-03-01 12:58:45,0.05247100,0.04700000
2018-03-01 12:58:48,0.05247100,0.04700000
2018-03-01 12:58:50,0.05247100,0.04700000
2018-03-01 12:58:52,0.05246900,0.04700000
2018-03-01 12:58:54,0.05231500,0.17100000
2018-03-01 12:58:55,0.05246900,0.04700000
2018-03-01 12:58:57,0.05246900,0.04700000
2018-03-01 12:58:59,0.05246800,0.04700000
2018-03-01 12:59:01,0.05231500,0.99900000
2018-03-01 12:59:02,0.05246800,0.04700000
2018-03-01 12:59:04,0.05246800,0.04700000
2018-03-01 12:59:06,0.05246700,0.04700000
2018-03-01 12:59:09,0.05246700,0.04700000
2018-03-01 12:59:10,0.05232400,0.73800000
2018-03-01 12:59:10,0.05232200,0.18000000
2018-03-01 12:59:10,0.05231300,2.96200000
2018-03-01 12:59:10,0.05230000,0.02400000
2018-03-01 12:59:11,0.05246400,0.04700000
2018-03-01 12:59:13,0.05246000,0.04700000
2018-03-01 12:59:15,0.05245500,0.04700000
2018-03-01 12:59:17,0.05245200,0.28000000
2018-03-01 12:59:18,0.05245200,0.04700000
2018-03-01 12:59:20,0.05244900,0.04700000
2018-03-01 12:59:21,0.05244600,1.17000000
2018-03-01 12:59:23,0.05244300,0.04700000
2018-03-01 12:59:25,0.05244000,0.04700000
2018-03-01 12:59:25,0.05244000,0.17600000
2018-03-01 12:59:26,0.05244000,0.04700000
2018-03-01 12:59:27,0.05244800,0.04700000
2018-03-01 12:59:30,0.05244100,0.19000000
2018-03-01 12:59:30,0.05243900,0.04700000
2018-03-01 12:59:33,0.05243800,0.04700000
2018-03-01 12:59:35,0.05243800,0.04700000
2018-03-01 12:59:36,0.05243800,0.19000000
2018-03-01 12:59:37,0.05243800,0.04700000
2018-03-01 12:59:40,0.05243800,0.04700000
2018-03-01 12:59:41,0.05243800,0.00200000
2018-03-01 12:59:42,0.05243800,0.85300000
2018-03-01 12:59:42,0.05243900,0.00100000
2018-03-01 12:59:42,0.05243900,0.04700000
2018-03-01 12:59:44,0.05243900,0.04700000
2018-03-01 12:59:46,0.05243900,0.04700000
2018-03-01 12:59:49,0.05243900,0.04700000
2018-03-01 12:59:51,0.05243900,0.04700000
2018-03-01 12:59:54,0.05243900,0.04700000
2018-03-01 12:59:56,0.05243900,0.04700000
2018-03-01 12:59:58,0.05243900,0.04700000
