DATE,PRICE,VOLUME
2018-02-23 10:00:01,0.03194100,2.94800000
2018-02-23 10:00:01,0.03194900,0.50000000
2018-02-23 10:00:01,0.03195000,3.22400000
2018-02-23 10:00:01,0.03198000,4.96700000
2018-02-23 10:00:01,0.03198800,0.50000000
2018-02-23 10:00:01,0.03198900,18.99600000
2018-02-23 10:00:01,0.03199000,2.64000000
2018-02-23 10:00:05,0.03194300,0.98600000
2018-02-23 10:00:06,0.03198900,0.99000000
2018-02-23 10:00:06,0.03199000,0.16500000
2018-02-23 10:00:08,0.03198800,0.15600000
2018-02-23 10:00:13,0.03198800,0.09400000
2018-02-23 10:00:17,0.03198800,0.18800000
2018-02-23 10:00:22,0.03197800,0.26300000
2018-02-23 10:00:22,0.03197800,0.03400000
2018-02-23 10:00:23,0.03197800,0.18800000
2018-02-23 10:00:27,0.03195200,0.12800000
2018-02-23 10:00:27,0.03195000,1.67100000
2018-02-23 10:00:27,0.03195000,0.12800000
2018-02-23 10:00:27,0.03194900,0.06300000
2018-02-23 10:00:33,0.03195000,1.82100000
2018-02-23 10:00:33,0.03197600,0.25600000
2018-02-23 10:00:33,0.03198000,0.51400000
2018-02-23 10:00:39,0.03195200,2.92300000
2018-02-23 10:00:48,0.03195200,1.62600000
2018-02-23 10:00:48,0.03194900,0.06500000
2018-02-23 10:00:48,0.03194600,0.00900000
2018-02-23 10:00:49,0.03198000,6.70000000
2018-02-23 10:00:53,0.03198000,0.37500000
2018-02-23 10:00:53,0.03198000,0.48300000
2018-02-23 10:00:53,0.03198600,0.12800000
2018-02-23 10:00:53,0.03199000,6.18900000
2018-02-23 10:00:54,0.03194900,0.12800000
2018-02-23 10:00:54,0.03194600,0.11900000
2018-02-23 10:00:54,0.03194300,0.47700000
2018-02-23 10:00:55,0.03194000,0.04200000
2018-02-23 10:00:57,0.03195100,0.04200000
2018-02-23 10:00:57,0.03195200,0.11800000
2018-02-23 10:00:57,0.03195200,0.36300000
2018-02-23 10:00:57,0.03197800,0.12800000
2018-02-23 10:00:57,0.03198600,0.12800000
2018-02-23 10:00:57,0.03199000,10.43800000
2018-02-23 10:00:57,0.03199800,31.81200000
2018-02-23 10:00:57,0.03199900,0.90300000
2018-02-23 10:00:57,0.03200000,29.31100000
2018-02-23 10:00:57,0.03200000,19.33300000
2018-02-23 10:00:57,0.03200000,9.80400000
2018-02-23 10:01:00,0.03200000,1.91400000
2018-02-23 10:01:00,0.03200000,0.06300000
2018-02-23 10:01:03,0.03200000,9.86400000
2018-02-23 10:01:03,0.03200100,0.93700000
2018-02-23 10:01:03,0.03200100,0.71600000
2018-02-23 10:01:04,0.03200200,0.93700000
2018-02-23 10:01:04,0.03200200,2.19400000
2018-02-23 10:01:04,0.03200100,0.00800000
2018-02-23 10:01:04,0.03200100,3.13600000
2018-02-23 10:01:04,0.03200100,0.93800000
2018-02-23 10:01:05,0.03200100,0.43300000
2018-02-23 10:01:05,0.03200000,0.19300000
2018-02-23 10:01:05,0.03200100,0.15600000
2018-02-23 10:01:05,0.03204500,0.24200000
2018-02-23 10:01:05,0.03204500,0.24200000
2018-02-23 10:01:05,0.03204500,0.24100000
2018-02-23 10:01:06,0.03204500,0.24200000
2018-02-23 10:01:06,0.03204500,0.24200000
2018-02-23 10:01:06,0.03200200,0.24200000
2018-02-23 10:01:08,0.03203600,1.92200000
2018-02-23 10:01:08,0.03203800,1.37100000
2018-02-23 10:01:08,0.03205000,0.03700000
2018-02-23 10:01:08,0.03207000,0.06100000
2018-02-23 10:01:08,0.03209000,0.13300000
2018-02-23 10:01:08,0.03210000,0.10000000
2018-02-23 10:01:08,0.03213300,0.15600000
2018-02-23 10:01:08,0.03216700,1.19900000
2018-02-23 10:01:09,0.03203800,0.24200000
2018-02-23 10:01:09,0.03216800,0.17700000
2018-02-23 10:01:09,0.03216900,0.23100000
2018-02-23 10:01:11,0.03204300,0.16000000
2018-02-23 10:01:11,0.03204300,0.06000000
2018-02-23 10:01:11,0.03216600,0.09500000
2018-02-23 10:01:11,0.03216600,1.64000000
2018-02-23 10:01:12,0.03216500,0.07800000
2018-02-23 10:01:13,0.03216500,0.05400000
2018-02-23 10:01:15,0.03216500,0.09300000
2018-02-23 10:01:16,0.03216500,0.07800000
2018-02-23 10:01:16,0.03216500,0.09000000
2018-02-23 10:01:16,0.03216500,0.31000000
2018-02-23 10:01:16,0.03216500,0.18700000
2018-02-23 10:01:17,0.03216500,0.07800000
2018-02-23 10:01:17,0.03216500,0.03700000
2018-02-23 10:01:19,0.03216400,0.03700000
2018-02-23 10:01:19,0.03216400,0.07200000
2018-02-23 10:01:19,0.03216400,0.90200000
2018-02-23 10:01:20,0.03216400,0.30400000
2018-02-23 10:01:21,0.03216400,0.06200000
2018-02-23 10:01:21,0.03216400,0.37300000
2018-02-23 10:01:22,0.03216400,0.10000000
2018-02-23 10:01:22,0.03216400,0.07800000
2018-02-23 10:01:23,0.03216400,2.55300000
2018-02-23 10:01:24,0.03216400,0.25800000
2018-02-23 10:01:24,0.03216400,0.39900000
2018-02-23 10:01:24,0.03216900,1.58400000
2018-02-23 10:01:24,0.03220000,1.73000000
2018-02-23 10:01:28,0.03220000,0.04000000
2018-02-23 10:01:28,0.03220000,1.38600000
2018-02-23 10:01:28,0.03209500,0.24100000
2018-02-23 10:01:28,0.03220000,0.07500000
2018-02-23 10:01:29,0.03220000,0.11200000
2018-02-23 10:01:30,0.03210100,0.04000000
2018-02-23 10:01:30,0.03220000,0.07800000
2018-02-23 10:01:30,0.03216400,0.18800000
2018-02-23 10:01:32,0.03216400,0.18600000
2018-02-23 10:01:33,0.03216400,0.06200000
2018-02-23 10:01:34,0.03216400,0.15500000
2018-02-23 10:01:35,0.03216400,2.90600000
2018-02-23 10:01:35,0.03216400,0.15500000
2018-02-23 10:01:36,0.03216400,0.13700000
2018-02-23 10:01:36,0.03216400,0.04100000
2018-02-23 10:01:36,0.03216200,0.28100000
2018-02-23 10:01:36,0.03216400,0.51400000
2018-02-23 10:01:37,0.03216400,0.42400000
2018-02-23 10:01:38,0.03216400,0.11100000
2018-02-23 10:01:39,0.03216500,0.34600000
2018-02-23 10:01:40,0.03216600,0.12800000
2018-02-23 10:01:42,0.03216400,0.26100000
2018-02-23 10:01:44,0.03216300,0.12100000
2018-02-23 10:01:45,0.03216300,0.09300000
2018-02-23 10:01:45,0.03212200,0.07700000
2018-02-23 10:01:45,0.03216300,0.13200000
2018-02-23 10:01:45,0.03216400,4.94300000
2018-02-23 10:01:46,0.03216500,0.04400000
2018-02-23 10:01:46,0.03216600,0.44200000
2018-02-23 10:01:48,0.03216500,0.07700000
2018-02-23 10:01:50,0.03216600,0.07800000
2018-02-23 10:01:50,0.03216500,0.73400000
2018-02-23 10:01:55,0.03218200,0.10000000
2018-02-23 10:01:55,0.03216600,2.78300000
2018-02-23 10:01:55,0.03216500,24.92100000
2018-02-23 10:01:57,0.03216500,1.15400000
2018-02-23 10:02:00,0.03219800,0.12700000
2018-02-23 10:02:04,0.03216700,0.12800000
2018-02-23 10:02:04,0.03216500,8.59200000
2018-02-23 10:02:05,0.03216900,0.12800000
2018-02-23 10:02:05,0.03216500,0.00700000
2018-02-23 10:02:05,0.03216400,0.18800000
2018-02-23 10:02:06,0.03218000,0.06800000
2018-02-23 10:02:08,0.03218000,0.06000000
2018-02-23 10:02:09,0.03218000,0.03400000
2018-02-23 10:02:09,0.03218000,3.25600000
2018-02-23 10:02:11,0.03218100,0.07700000
2018-02-23 10:02:11,0.03218200,0.10000000
2018-02-23 10:02:11,0.03213300,0.34400000
2018-02-23 10:02:11,0.03213200,0.77900000
2018-02-23 10:02:11,0.03213000,0.12800000
2018-02-23 10:02:11,0.03210000,2.93400000
2018-02-23 10:02:11,0.03217800,0.12800000
2018-02-23 10:02:11,0.03218000,1.09400000
2018-02-23 10:02:12,0.03213500,0.12800000
2018-02-23 10:02:12,0.03213000,0.15300000
2018-02-23 10:02:15,0.03205500,1.62900000
2018-02-23 10:02:18,0.03217300,0.24900000
2018-02-23 10:02:21,0.03217100,0.68300000
2018-02-23 10:02:21,0.03217800,0.12800000
2018-02-23 10:02:21,0.03219600,0.12800000
2018-02-23 10:02:21,0.03219800,0.00100000
2018-02-23 10:02:21,0.03219900,0.19500000
2018-02-23 10:02:22,0.03217000,0.34400000
2018-02-23 10:02:22,0.03219900,2.58800000
2018-02-23 10:02:22,0.03220000,3.47500000
2018-02-23 10:02:23,0.03220000,3.97700000
2018-02-23 10:02:32,0.03219400,3.01100000
2018-02-23 10:02:35,0.03216000,0.03700000
2018-02-23 10:02:38,0.03219200,0.07800000
2018-02-23 10:02:39,0.03219200,2.01100000
2018-02-23 10:02:39,0.03219400,2.78900000
2018-02-23 10:02:41,0.03219400,3.35100000
2018-02-23 10:02:42,0.03219400,5.23600000
2018-02-23 10:02:42,0.03220000,14.76400000
2018-02-23 10:02:45,0.03218000,0.10000000
2018-02-23 10:02:45,0.03219100,0.08900000
2018-02-23 10:02:46,0.03219100,0.50000000
2018-02-23 10:02:47,0.03219100,0.04800000
2018-02-23 10:02:48,0.03219100,0.01200000
2018-02-23 10:02:50,0.03219100,0.00300000
2018-02-23 10:02:51,0.03217100,0.03700000
2018-02-23 10:02:51,0.03219100,0.00100000
2018-02-23 10:02:53,0.03217100,0.09100000
2018-02-23 10:02:53,0.03217000,1.58000000
2018-02-23 10:02:54,0.03218900,0.07800000
2018-02-23 10:02:56,0.03217300,0.12800000
2018-02-23 10:02:56,0.03217000,2.05400000
2018-02-23 10:02:57,0.03218100,0.08200000
2018-02-23 10:02:59,0.03216900,0.70100000
2018-02-23 10:03:00,0.03217300,0.34300000
2018-02-23 10:03:00,0.03218000,0.17700000
2018-02-23 10:03:02,0.03218000,1.55300000
2018-02-23 10:03:05,0.03218000,0.09300000
2018-02-23 10:03:05,0.03218000,3.47300000
2018-02-23 10:03:06,0.03217500,0.06200000
2018-02-23 10:03:06,0.03217500,0.05500000
2018-02-23 10:03:07,0.03217500,0.62500000
2018-02-23 10:03:09,0.03217500,0.33400000
2018-02-23 10:03:09,0.03217500,0.33400000
2018-02-23 10:03:09,0.03217000,0.07100000
2018-02-23 10:03:10,0.03217500,0.04700000
2018-02-23 10:03:15,0.03217500,3.01000000
2018-02-23 10:03:18,0.03217500,1.59500000
2018-02-23 10:03:19,0.03217500,0.18500000
2018-02-23 10:03:19,0.03218900,0.17800000
2018-02-23 10:03:19,0.03220000,4.57000000
2018-02-23 10:03:21,0.03217500,0.06700000
2018-02-23 10:03:21,0.03220000,0.30500000
2018-02-23 10:03:22,0.03217700,0.12800000
2018-02-23 10:03:22,0.03217500,1.49900000
2018-02-23 10:03:22,0.03217500,0.56200000
2018-02-23 10:03:22,0.03217100,2.85000000
2018-02-23 10:03:22,0.03217000,0.10600000
2018-02-23 10:03:22,0.03216900,3.69800000
2018-02-23 10:03:22,0.03216900,1.29800000
2018-02-23 10:03:22,0.03215000,1.75500000
2018-02-23 10:03:22,0.03215000,9.30100000
2018-02-23 10:03:22,0.03214400,1.39400000
2018-02-23 10:03:22,0.03213000,2.41600000
2018-02-23 10:03:22,0.03214600,1.00000000
2018-02-23 10:03:22,0.03214600,1.00000000
2018-02-23 10:03:22,0.03214600,1.00000000
2018-02-23 10:03:22,0.03214600,0.10900000
2018-02-23 10:03:22,0.03213000,0.69600000
2018-02-23 10:03:23,0.03214500,0.34600000
2018-02-23 10:03:27,0.03210200,1.96000000
2018-02-23 10:03:28,0.03210500,0.73500000
2018-02-23 10:03:28,0.03210500,1.14900000
2018-02-23 10:03:29,0.03210500,1.15500000
2018-02-23 10:03:29,0.03217500,0.04700000
2018-02-23 10:03:30,0.03210500,0.29600000
2018-02-23 10:03:34,0.03216300,2.49400000
2018-02-23 10:03:36,0.03215000,0.95100000
2018-02-23 10:03:37,0.03215600,0.31100000
2018-02-23 10:03:37,0.03210500,4.02400000
2018-02-23 10:03:37,0.03210500,0.24200000
2018-02-23 10:03:38,0.03210400,0.12800000
2018-02-23 10:03:38,0.03210300,0.25000000
2018-02-23 10:03:38,0.03210000,0.03800000
2018-02-23 10:03:40,0.03209700,0.07800000
2018-02-23 10:03:41,0.03209400,0.09800000
2018-02-23 10:03:44,0.03206200,0.09400000
2018-02-23 10:03:46,0.03206100,0.04100000
2018-02-23 10:03:49,0.03205900,0.09400000
2018-02-23 10:03:49,0.03205000,0.31200000
2018-02-23 10:03:49,0.03203300,0.09300000
2018-02-23 10:03:49,0.03201400,0.22700000
2018-02-23 10:03:49,0.03200500,0.80100000
2018-02-23 10:03:52,0.03200700,3.12300000
2018-02-23 10:03:52,0.03200500,2.81900000
2018-02-23 10:03:53,0.03200100,3.98700000
2018-02-23 10:03:54,0.03200500,0.31800000
2018-02-23 10:03:54,0.03200700,0.22600000
2018-02-23 10:03:55,0.03200900,0.31500000
2018-02-23 10:03:56,0.03200700,0.73200000
2018-02-23 10:03:56,0.03200100,4.03600000
2018-02-23 10:03:59,0.03200100,0.13200000
2018-02-23 10:04:00,0.03200000,0.31500000
2018-02-23 10:04:02,0.03200000,1.99400000
2018-02-23 10:04:07,0.03200100,0.27800000
2018-02-23 10:04:08,0.03200100,0.44300000
2018-02-23 10:04:09,0.03200100,0.02800000
2018-02-23 10:04:14,0.03200100,0.62400000
2018-02-23 10:04:14,0.03200100,0.20000000
2018-02-23 10:04:15,0.03200000,3.12800000
2018-02-23 10:04:16,0.03200100,2.17300000
2018-02-23 10:04:17,0.03205000,0.31200000
2018-02-23 10:04:19,0.03204900,0.04700000
2018-02-23 10:04:27,0.03204900,0.29900000
2018-02-23 10:04:27,0.03205000,0.31000000
2018-02-23 10:04:27,0.03206000,0.25600000
2018-02-23 10:04:27,0.03206200,0.23800000
2018-02-23 10:04:27,0.03210500,5.09700000
2018-02-23 10:04:27,0.03200600,2.59000000
2018-02-23 10:04:30,0.03201500,0.07100000
2018-02-23 10:04:31,0.03210000,0.03400000
2018-02-23 10:04:33,0.03202200,0.53200000
2018-02-23 10:04:33,0.03202000,1.46800000
2018-02-23 10:04:33,0.03202000,2.60700000
2018-02-23 10:04:33,0.03201700,2.41300000
2018-02-23 10:04:33,0.03201600,0.93700000
2018-02-23 10:04:33,0.03201400,0.12800000
2018-02-23 10:04:33,0.03201000,1.54800000
2018-02-23 10:04:33,0.03200400,0.12800000
2018-02-23 10:04:33,0.03200100,0.06700000
2018-02-23 10:04:33,0.03200000,3.53100000
2018-02-23 10:04:33,0.03194700,0.39300000
2018-02-23 10:04:33,0.03194800,0.08000000
2018-02-23 10:04:34,0.03199700,0.93700000
2018-02-23 10:04:34,0.03199800,3.19300000
2018-02-23 10:04:34,0.03200000,43.58800000
2018-02-23 10:04:34,0.03200600,0.74300000
2018-02-23 10:04:34,0.03204600,0.40000000
2018-02-23 10:04:34,0.03204700,0.12800000
2018-02-23 10:04:34,0.03209800,3.95000000
2018-02-23 10:04:34,0.03209900,6.08800000
2018-02-23 10:04:34,0.03210000,0.91700000
2018-02-23 10:04:34,0.03210300,0.12800000
2018-02-23 10:04:34,0.03210500,1.84600000
2018-02-23 10:04:34,0.03215000,0.03800000
2018-02-23 10:04:34,0.03217000,2.90000000
2018-02-23 10:04:34,0.03217900,0.99500000
2018-02-23 10:04:34,0.03218100,0.78000000
2018-02-23 10:04:34,0.03219800,0.15500000
2018-02-23 10:04:34,0.03219900,1.38000000
2018-02-23 10:04:34,0.03220000,1.44300000
2018-02-23 10:04:34,0.03221700,0.04700000
2018-02-23 10:04:34,0.03221900,3.03100000
2018-02-23 10:04:34,0.03223900,7.50000000
2018-02-23 10:04:34,0.03224000,1.92500000
2018-02-23 10:04:34,0.03226200,1.18800000
2018-02-23 10:04:34,0.03226500,9.28900000
2018-02-23 10:04:34,0.03226600,0.48800000
2018-02-23 10:04:34,0.03229500,0.28100000
2018-02-23 10:04:34,0.03230000,0.15900000
2018-02-23 10:04:34,0.03233100,1.49800000
2018-02-23 10:04:34,0.03233300,0.21800000
2018-02-23 10:04:34,0.03233500,1.40000000
2018-02-23 10:04:34,0.03235000,0.78900000
2018-02-23 10:04:34,0.03235600,0.69700000
2018-02-23 10:04:34,0.03240000,1.59900000
2018-02-23 10:04:34,0.03241800,3.58100000
2018-02-23 10:04:34,0.03243200,0.69700000
2018-02-23 10:04:34,0.03244800,0.19100000
2018-02-23 10:04:34,0.03244900,10.20100000
2018-02-23 10:04:34,0.03245000,2.14600000
2018-02-23 10:04:34,0.03245400,7.01100000
2018-02-23 10:04:34,0.03245800,1.59500000
2018-02-23 10:04:34,0.03245900,1.57800000
2018-02-23 10:04:34,0.03247400,0.34800000
2018-02-23 10:04:34,0.03248400,1.01200000
2018-02-23 10:04:34,0.03248900,4.38700000
2018-02-23 10:04:34,0.03249500,1.75700000
2018-02-23 10:04:34,0.03250000,2.52100000
2018-02-23 10:04:34,0.03250300,0.17900000
2018-02-23 10:04:34,0.03251200,0.21900000
2018-02-23 10:04:34,0.03251400,0.99200000
2018-02-23 10:04:34,0.03251600,1.74000000
2018-02-23 10:04:34,0.03254400,2.44500000
2018-02-23 10:04:34,0.03255000,6.10400000
2018-02-23 10:04:34,0.03255400,1.36100000
2018-02-23 10:04:34,0.03255500,2.42500000
2018-02-23 10:04:34,0.03259100,0.11000000
2018-02-23 10:04:34,0.03260000,0.05600000
2018-02-23 10:04:34,0.03199900,0.24800000
2018-02-23 10:04:34,0.03195100,1.61900000
2018-02-23 10:04:36,0.03197700,0.46900000
2018-02-23 10:04:36,0.03197200,0.93800000
2018-02-23 10:04:36,0.03197100,0.62600000
2018-02-23 10:04:36,0.03196900,1.50800000
2018-02-23 10:04:36,0.03196800,3.37100000
2018-02-23 10:04:36,0.03196700,4.24300000
2018-02-23 10:04:37,0.03199600,0.30000000
2018-02-23 10:04:40,0.03197100,2.48900000
2018-02-23 10:04:40,0.03197100,1.18900000
2018-02-23 10:04:40,0.03197000,0.24800000
2018-02-23 10:04:41,0.03197100,3.95000000
2018-02-23 10:04:41,0.03197700,0.07800000
2018-02-23 10:04:43,0.03196800,0.55800000
2018-02-23 10:04:44,0.03196800,0.31200000
2018-02-23 10:04:45,0.03196500,1.16000000
2018-02-23 10:04:48,0.03195300,0.12800000
2018-02-23 10:04:48,0.03195100,0.46900000
2018-02-23 10:04:48,0.03195300,0.53300000
2018-02-23 10:04:48,0.03195300,0.32600000
2018-02-23 10:04:49,0.03195100,0.03200000
2018-02-23 10:04:50,0.03195100,0.28100000
2018-02-23 10:04:51,0.03195000,0.08000000
2018-02-23 10:04:51,0.03195000,0.39300000
2018-02-23 10:04:53,0.03195000,0.46100000
2018-02-23 10:04:53,0.03195100,5.64900000
2018-02-23 10:04:53,0.03195200,0.26100000
2018-02-23 10:04:53,0.03196700,0.12800000
2018-02-23 10:04:53,0.03197600,0.16000000
2018-02-23 10:04:53,0.03200000,33.76500000
2018-02-23 10:04:53,0.03201800,0.93800000
2018-02-23 10:04:53,0.03209600,0.30000000
2018-02-23 10:04:53,0.03210100,4.80000000
2018-02-23 10:04:53,0.03220500,0.10900000
2018-02-23 10:04:53,0.03229600,0.56300000
2018-02-23 10:04:53,0.03235400,0.12800000
2018-02-23 10:04:53,0.03236000,5.12600000
2018-02-23 10:04:53,0.03236700,0.24800000
2018-02-23 10:04:53,0.03247000,0.48800000
2018-02-23 10:04:53,0.03260000,8.09700000
2018-02-23 10:04:53,0.03260700,10.78800000
2018-02-23 10:04:53,0.03262200,1.23900000
2018-02-23 10:04:53,0.03262800,0.33600000
2018-02-23 10:04:53,0.03262900,1.55000000
2018-02-23 10:04:53,0.03263000,2.96900000
2018-02-23 10:04:53,0.03263800,0.26600000
2018-02-23 10:04:53,0.03264300,0.86100000
2018-02-23 10:04:53,0.03264800,0.49600000
2018-02-23 10:04:53,0.03264900,0.03100000
2018-02-23 10:04:53,0.03265000,1.36700000
2018-02-23 10:04:53,0.03265500,0.37400000
2018-02-23 10:04:53,0.03265900,0.64300000
2018-02-23 10:04:53,0.03266500,1.33900000
2018-02-23 10:04:53,0.03268800,0.04600000
2018-02-23 10:04:53,0.03270000,2.49900000
2018-02-23 10:04:53,0.03270900,5.41000000
2018-02-23 10:04:53,0.03271100,0.29100000
2018-02-23 10:04:53,0.03271500,0.54200000
2018-02-23 10:04:53,0.03272100,0.39400000
2018-02-23 10:04:53,0.03272200,4.10700000
2018-02-23 10:04:53,0.03273000,0.48100000
2018-02-23 10:04:53,0.03273100,2.62400000
2018-02-23 10:04:53,0.03273300,0.39600000
2018-02-23 10:04:53,0.03274000,6.97100000
2018-02-23 10:04:53,0.03274100,0.74000000
2018-02-23 10:04:53,0.03274900,0.49900000
2018-02-23 10:04:53,0.03275000,1.13500000
2018-02-23 10:04:53,0.03276300,0.49500000
2018-02-23 10:04:53,0.03278100,1.11600000
2018-02-23 10:04:53,0.03278300,0.18200000
2018-02-23 10:04:53,0.03278800,0.98200000
2018-02-23 10:04:53,0.03279000,0.20000000
2018-02-23 10:04:53,0.03279500,0.07700000
2018-02-23 10:04:53,0.03279900,0.17600000
2018-02-23 10:04:53,0.03280000,0.61500000
2018-02-23 10:04:53,0.03280400,1.32500000
2018-02-23 10:04:53,0.03195300,0.46000000
2018-02-23 10:04:54,0.03243400,0.05200000
2018-02-23 10:04:54,0.03208400,0.05200000
2018-02-23 10:04:56,0.03209700,1.49100000
2018-02-23 10:05:00,0.03219800,0.32600000
2018-02-23 10:05:00,0.03220000,0.27600000
2018-02-23 10:05:01,0.03211900,0.10200000
2018-02-23 10:05:01,0.03219900,0.34500000
2018-02-23 10:05:01,0.03242200,0.69800000
2018-02-23 10:05:01,0.03242400,0.05200000
2018-02-23 10:05:01,0.03242500,0.05200000
2018-02-23 10:05:01,0.03242800,0.05200000
2018-02-23 10:05:01,0.03243100,0.05000000
2018-02-23 10:05:01,0.03243300,0.05200000
2018-02-23 10:05:01,0.03246200,0.63000000
2018-02-23 10:05:01,0.03261900,0.10000000
2018-02-23 10:05:01,0.03275800,0.05200000
2018-02-23 10:05:01,0.03280400,0.21500000
2018-02-23 10:05:01,0.03280500,0.52700000
2018-02-23 10:05:01,0.03282400,0.25400000
2018-02-23 10:05:01,0.03283600,2.75600000
2018-02-23 10:05:01,0.03283900,1.04600000
2018-02-23 10:05:01,0.03284200,0.12500000
2018-02-23 10:05:01,0.03284900,0.21800000
2018-02-23 10:05:01,0.03285400,0.75300000
2018-02-23 10:05:01,0.03286200,0.61800000
2018-02-23 10:05:01,0.03287400,1.23400000
2018-02-23 10:05:01,0.03288300,0.03500000
2018-02-23 10:05:01,0.03289500,0.21300000
2018-02-23 10:05:01,0.03290000,7.45200000
2018-02-23 10:05:01,0.03290200,1.79100000
2018-02-23 10:05:01,0.03290800,1.95500000
2018-02-23 10:05:01,0.03291600,0.18300000
2018-02-23 10:05:01,0.03291700,0.15300000
2018-02-23 10:05:01,0.03295000,0.50000000
2018-02-23 10:05:01,0.03295500,2.14800000
2018-02-23 10:05:01,0.03295600,1.70100000
2018-02-23 10:05:01,0.03296400,1.31800000
2018-02-23 10:05:01,0.03219800,0.03700000
2018-02-23 10:05:02,0.03219800,0.01300000
2018-02-23 10:05:03,0.03220000,0.21900000
2018-02-23 10:05:05,0.03222300,0.31000000
2018-02-23 10:05:05,0.03217000,0.04000000
2018-02-23 10:05:06,0.03222300,0.47200000
2018-02-23 10:05:06,0.03226400,1.58000000
2018-02-23 10:05:07,0.03215500,0.92900000
2018-02-23 10:05:07,0.03215500,0.92900000
2018-02-23 10:05:07,0.03217800,0.03300000
2018-02-23 10:05:08,0.03217500,0.56200000
2018-02-23 10:05:08,0.03217700,0.92600000
2018-02-23 10:05:09,0.03246700,0.05200000
2018-02-23 10:05:10,0.03231400,0.10000000
2018-02-23 10:05:10,0.03246700,0.88000000
2018-02-23 10:05:10,0.03246800,1.14500000
2018-02-23 10:05:10,0.03246900,0.63000000
2018-02-23 10:05:10,0.03258700,1.58000000
2018-02-23 10:05:10,0.03259900,1.98200000
2018-02-23 10:05:11,0.03259900,0.06900000
2018-02-23 10:05:12,0.03222300,3.10600000
2018-02-23 10:05:12,0.03222200,0.00100000
2018-02-23 10:05:12,0.03253100,0.04100000
2018-02-23 10:05:12,0.03222400,0.62100000
2018-02-23 10:05:12,0.03222300,0.61800000
2018-02-23 10:05:12,0.03253100,0.41100000
2018-02-23 10:05:13,0.03222300,0.59100000
2018-02-23 10:05:13,0.03223000,0.05600000
2018-02-23 10:05:13,0.03252800,1.52500000
2018-02-23 10:05:13,0.03223200,0.35200000
2018-02-23 10:05:14,0.03252800,0.07100000
2018-02-23 10:05:14,0.03252500,0.06800000
2018-02-23 10:05:15,0.03251800,0.36700000
2018-02-23 10:05:16,0.03251800,0.06900000
2018-02-23 10:05:16,0.03227300,0.13500000
2018-02-23 10:05:16,0.03227300,0.06500000
2018-02-23 10:05:16,0.03227300,1.34900000
2018-02-23 10:05:16,0.03223600,0.12800000
2018-02-23 10:05:16,0.03223500,0.07400000
2018-02-23 10:05:16,0.03223600,1.55000000
2018-02-23 10:05:16,0.03223600,1.34900000
2018-02-23 10:05:16,0.03227800,1.34700000
2018-02-23 10:05:16,0.03227800,0.05100000
2018-02-23 10:05:17,0.03227900,0.30400000
2018-02-23 10:05:17,0.03251100,0.07700000
2018-02-23 10:05:17,0.03250900,0.21200000
2018-02-23 10:05:17,0.03250800,0.06900000
2018-02-23 10:05:17,0.03228000,0.07400000
2018-02-23 10:05:18,0.03250600,0.34200000
2018-02-23 10:05:18,0.03250800,1.82300000
2018-02-23 10:05:18,0.03228100,0.05300000
2018-02-23 10:05:18,0.03239400,0.09200000
2018-02-23 10:05:19,0.03230200,0.35100000
2018-02-23 10:05:19,0.03239300,0.13000000
2018-02-23 10:05:19,0.03239400,0.00800000
2018-02-23 10:05:20,0.03230200,0.33400000
2018-02-23 10:05:20,0.03238900,1.00000000
2018-02-23 10:05:20,0.03238900,0.06300000
2018-02-23 10:05:20,0.03239100,0.62100000
2018-02-23 10:05:20,0.03238800,0.02300000
2018-02-23 10:05:20,0.03230500,0.11600000
2018-02-23 10:05:21,0.03238800,0.28100000
2018-02-23 10:05:22,0.03231100,0.74600000
2018-02-23 10:05:22,0.03238400,0.15400000
2018-02-23 10:05:22,0.03240200,1.54900000
2018-02-23 10:05:22,0.03231200,0.18700000
2018-02-23 10:05:22,0.03231400,0.10500000
2018-02-23 10:05:23,0.03231400,0.92800000
2018-02-23 10:05:23,0.03238300,0.00600000
2018-02-23 10:05:23,0.03238300,0.38600000
2018-02-23 10:05:24,0.03235000,1.64800000
2018-02-23 10:05:24,0.03235200,0.66100000
2018-02-23 10:05:24,0.03235200,0.18900000
2018-02-23 10:05:24,0.03235000,0.47200000
2018-02-23 10:05:24,0.03235100,0.14300000
2018-02-23 10:05:24,0.03235100,0.04000000
2018-02-23 10:05:24,0.03251800,0.05300000
2018-02-23 10:05:24,0.03251900,0.12800000
2018-02-23 10:05:24,0.03253300,0.68400000
2018-02-23 10:05:25,0.03251500,0.00100000
2018-02-23 10:05:25,0.03235600,0.89200000
2018-02-23 10:05:25,0.03251500,3.42900000
2018-02-23 10:05:25,0.03251700,0.18700000
2018-02-23 10:05:26,0.03251400,0.07400000
2018-02-23 10:05:28,0.03240900,1.18400000
2018-02-23 10:05:28,0.03250000,4.19900000
2018-02-23 10:05:28,0.03250000,6.85700000
2018-02-23 10:05:29,0.03241100,0.07800000
2018-02-23 10:05:29,0.03250100,0.10000000
2018-02-23 10:05:29,0.03250800,0.20400000
2018-02-23 10:05:29,0.03251000,0.24400000
2018-02-23 10:05:29,0.03251000,0.24400000
2018-02-23 10:05:29,0.03251000,0.20300000
2018-02-23 10:05:29,0.03251100,0.20900000
2018-02-23 10:05:30,0.03251300,0.43000000
2018-02-23 10:05:30,0.03251300,0.77900000
2018-02-23 10:05:30,0.03251100,0.34500000
2018-02-23 10:05:30,0.03241700,0.43000000
2018-02-23 10:05:31,0.03259500,3.08400000
2018-02-23 10:05:31,0.03259700,1.15400000
2018-02-23 10:05:31,0.03259700,0.07300000
2018-02-23 10:05:31,0.03259700,0.07300000
2018-02-23 10:05:31,0.03259700,0.07300000
2018-02-23 10:05:31,0.03259700,1.42500000
2018-02-23 10:05:31,0.03259700,0.06600000
2018-02-23 10:05:33,0.03242600,0.63100000
2018-02-23 10:05:33,0.03259500,0.08400000
2018-02-23 10:05:33,0.03259500,0.15300000
2018-02-23 10:05:34,0.03251300,0.07400000
2018-02-23 10:05:35,0.03251300,0.06700000
2018-02-23 10:05:35,0.03243400,3.08100000
2018-02-23 10:05:35,0.03243200,6.70900000
2018-02-23 10:05:36,0.03243500,3.15400000
2018-02-23 10:05:36,0.03243100,10.51200000
2018-02-23 10:05:36,0.03242800,0.61700000
2018-02-23 10:05:36,0.03242200,0.73400000
2018-02-23 10:05:36,0.03251200,0.17800000
2018-02-23 10:05:36,0.03242200,0.33000000
2018-02-23 10:05:36,0.03242200,0.15300000
2018-02-23 10:05:36,0.03242100,0.12400000
2018-02-23 10:05:37,0.03241700,0.19300000
2018-02-23 10:05:37,0.03242100,0.15500000
2018-02-23 10:05:38,0.03242000,0.28000000
2018-02-23 10:05:38,0.03242100,2.40800000
2018-02-23 10:05:38,0.03242100,0.87200000
2018-02-23 10:05:38,0.03242300,0.95700000
2018-02-23 10:05:38,0.03241500,0.07800000
2018-02-23 10:05:38,0.03241500,0.10000000
2018-02-23 10:05:39,0.03242000,0.92300000
2018-02-23 10:05:39,0.03241500,0.06900000
2018-02-23 10:05:39,0.03242000,0.26100000
2018-02-23 10:05:39,0.03242100,0.07800000
2018-02-23 10:05:39,0.03242300,0.03700000
2018-02-23 10:05:39,0.03242300,0.11900000
2018-02-23 10:05:39,0.03242300,0.07800000
2018-02-23 10:05:39,0.03245000,0.09100000
2018-02-23 10:05:39,0.03242300,0.22200000
2018-02-23 10:05:40,0.03245200,0.41100000
2018-02-23 10:05:40,0.03245200,0.07800000
2018-02-23 10:05:40,0.03245200,2.43500000
2018-02-23 10:05:40,0.03242300,0.12400000
2018-02-23 10:05:40,0.03242100,3.64100000
2018-02-23 10:05:40,0.03242100,18.25800000
2018-02-23 10:05:41,0.03250100,0.03700000
2018-02-23 10:05:41,0.03242100,0.26800000
2018-02-23 10:05:41,0.03242100,0.07700000
2018-02-23 10:05:42,0.03245300,0.42000000
2018-02-23 10:05:42,0.03245100,3.34300000
2018-02-23 10:05:42,0.03245300,0.17500000
2018-02-23 10:05:42,0.03242200,0.40000000
2018-02-23 10:05:42,0.03242100,6.15900000
2018-02-23 10:05:42,0.03241500,0.92400000
2018-02-23 10:05:42,0.03241100,1.95000000
2018-02-23 10:05:42,0.03241000,2.51700000
2018-02-23 10:05:42,0.03241000,3.96600000
2018-02-23 10:05:42,0.03240000,2.19100000
2018-02-23 10:05:43,0.03236000,3.09000000
2018-02-23 10:05:43,0.03235800,0.03400000
2018-02-23 10:05:43,0.03235600,0.08100000
2018-02-23 10:05:43,0.03235300,0.38700000
2018-02-23 10:05:43,0.03230100,0.95100000
2018-02-23 10:05:43,0.03229200,0.18600000
2018-02-23 10:05:43,0.03225700,0.15500000
2018-02-23 10:05:43,0.03225300,0.03400000
2018-02-23 10:05:43,0.03223000,0.79900000
2018-02-23 10:05:43,0.03241400,0.12400000
2018-02-23 10:05:43,0.03241200,0.45400000
2018-02-23 10:05:45,0.03229100,0.07800000
2018-02-23 10:05:45,0.03229100,0.01500000
2018-02-23 10:05:45,0.03226400,0.12600000
2018-02-23 10:05:45,0.03240000,0.48800000
2018-02-23 10:05:45,0.03240900,2.63600000
2018-02-23 10:05:45,0.03241100,0.70700000
2018-02-23 10:05:45,0.03226500,0.13800000
2018-02-23 10:05:45,0.03226500,0.09100000
2018-02-23 10:05:45,0.03226500,0.06200000
2018-02-23 10:05:46,0.03226500,0.06300000
2018-02-23 10:05:46,0.03226700,0.31300000
2018-02-23 10:05:46,0.03226700,0.18800000
2018-02-23 10:05:46,0.03226700,0.37500000
2018-02-23 10:05:46,0.03226700,1.56500000
2018-02-23 10:05:46,0.03226700,0.09400000
2018-02-23 10:05:47,0.03227200,0.50500000
2018-02-23 10:05:47,0.03227200,0.16600000
2018-02-23 10:05:47,0.03227200,0.28200000
2018-02-23 10:05:47,0.03227200,0.08800000
2018-02-23 10:05:48,0.03227200,0.05600000
2018-02-23 10:05:48,0.03227200,0.12400000
2018-02-23 10:05:48,0.03227200,0.05000000
2018-02-23 10:05:49,0.03227200,0.09400000
2018-02-23 10:05:49,0.03227200,0.06900000
2018-02-23 10:05:49,0.03227200,0.04700000
2018-02-23 10:05:49,0.03227200,0.12600000
2018-02-23 10:05:49,0.03227200,0.15700000
2018-02-23 10:05:49,0.03227200,0.15600000
2018-02-23 10:05:49,0.03227200,0.12500000
2018-02-23 10:05:49,0.03239900,0.30800000
2018-02-23 10:05:50,0.03227500,0.03800000
2018-02-23 10:05:50,0.03227500,0.08600000
2018-02-23 10:05:50,0.03239700,0.09000000
2018-02-23 10:05:50,0.03227700,0.06600000
2018-02-23 10:05:50,0.03227700,0.07800000
2018-02-23 10:05:50,0.03230000,0.06000000
2018-02-23 10:05:50,0.03230000,0.05300000
2018-02-23 10:05:51,0.03230000,0.55600000
2018-02-23 10:05:51,0.03230000,0.09400000
2018-02-23 10:05:51,0.03230000,0.06900000
2018-02-23 10:05:51,0.03239500,4.06100000
2018-02-23 10:05:51,0.03239600,6.14900000
2018-02-23 10:05:51,0.03239700,0.90700000
2018-02-23 10:05:51,0.03239200,0.12600000
2018-02-23 10:05:51,0.03239700,3.58300000
2018-02-23 10:05:51,0.03239900,0.12400000
2018-02-23 10:05:51,0.03240000,0.35400000
2018-02-23 10:05:51,0.03240100,0.55400000
2018-02-23 10:05:51,0.03241000,0.12800000
2018-02-23 10:05:51,0.03241500,0.12700000
2018-02-23 10:05:51,0.03242200,0.29800000
2018-02-23 10:05:52,0.03230000,0.21900000
2018-02-23 10:05:52,0.03239300,0.14400000
2018-02-23 10:05:52,0.03239500,0.40000000
2018-02-23 10:05:52,0.03239600,0.34800000
2018-02-23 10:05:52,0.03240700,5.00000000
2018-02-23 10:05:52,0.03230100,0.09400000
2018-02-23 10:05:53,0.03230400,0.31400000
2018-02-23 10:05:53,0.03230400,0.10700000
2018-02-23 10:05:54,0.03230900,0.07800000
2018-02-23 10:05:54,0.03237800,0.10000000
2018-02-23 10:05:54,0.03240100,1.51000000
2018-02-23 10:05:56,0.03231300,0.19700000
2018-02-23 10:05:56,0.03243300,0.73900000
2018-02-23 10:05:56,0.03243400,4.27800000
2018-02-23 10:05:56,0.03243400,2.19100000
2018-02-23 10:05:56,0.03244900,1.74800000
2018-02-23 10:05:56,0.03244900,2.29800000
2018-02-23 10:05:56,0.03244900,1.06500000
2018-02-23 10:05:56,0.03245200,0.09400000
2018-02-23 10:05:56,0.03245300,0.18600000
2018-02-23 10:05:57,0.03231600,0.23800000
2018-02-23 10:05:57,0.03231600,0.07800000
2018-02-23 10:05:57,0.03244500,0.61700000
2018-02-23 10:05:57,0.03244700,2.12500000
2018-02-23 10:05:57,0.03244700,0.61700000
2018-02-23 10:05:57,0.03231900,0.18100000
2018-02-23 10:05:57,0.03231900,0.09700000
2018-02-23 10:05:57,0.03231900,0.13400000
2018-02-23 10:05:57,0.03231900,0.34400000
2018-02-23 10:05:58,0.03232100,0.09400000
2018-02-23 10:05:58,0.03232100,0.07800000
2018-02-23 10:05:58,0.03232200,0.76900000
2018-02-23 10:05:58,0.03232200,0.12400000
2018-02-23 10:05:58,0.03232200,0.05000000
2018-02-23 10:05:58,0.03233500,0.06300000
2018-02-23 10:05:58,0.03233500,1.16200000
2018-02-23 10:05:59,0.03233500,0.61300000
2018-02-23 10:05:59,0.03233500,0.07500000
2018-02-23 10:05:59,0.03233600,0.07800000
2018-02-23 10:06:01,0.03234100,0.07800000
2018-02-23 10:06:01,0.03246800,0.31600000
2018-02-23 10:06:01,0.03246900,1.06300000
2018-02-23 10:06:01,0.03246900,0.37900000
2018-02-23 10:06:01,0.03247100,0.03400000
2018-02-23 10:06:02,0.03234200,0.06300000
2018-02-23 10:06:02,0.03242000,0.10000000
2018-02-23 10:06:03,0.03246700,0.75600000
2018-02-23 10:06:03,0.03235000,0.07800000
2018-02-23 10:06:04,0.03235300,1.40700000
2018-02-23 10:06:04,0.03235300,0.09400000
2018-02-23 10:06:05,0.03236000,0.07800000
2018-02-23 10:06:06,0.03236200,0.74000000
2018-02-23 10:06:07,0.03246500,0.07800000
2018-02-23 10:06:07,0.03246600,0.06300000
2018-02-23 10:06:07,0.03249800,0.00600000
2018-02-23 10:06:08,0.03246700,0.15700000
2018-02-23 10:06:09,0.03246300,0.67100000
2018-02-23 10:06:10,0.03246300,0.06200000
2018-02-23 10:06:11,0.03246300,1.82600000
2018-02-23 10:06:13,0.03240000,0.08800000
2018-02-23 10:06:14,0.03240200,0.22500000
2018-02-23 10:06:14,0.03246200,0.04000000
2018-02-23 10:06:15,0.03246300,0.26000000
2018-02-23 10:06:15,0.03246600,0.25500000
2018-02-23 10:06:15,0.03246600,0.08600000
2018-02-23 10:06:16,0.03246400,0.39000000
2018-02-23 10:06:17,0.03246400,0.18100000
2018-02-23 10:06:17,0.03246400,0.12700000
2018-02-23 10:06:17,0.03246400,0.48600000
2018-02-23 10:06:18,0.03246400,0.92100000
2018-02-23 10:06:18,0.03246600,0.07700000
2018-02-23 10:06:18,0.03246400,0.64800000
2018-02-23 10:06:18,0.03246300,1.09900000
2018-02-23 10:06:18,0.03246600,0.06500000
2018-02-23 10:06:19,0.03246300,0.07700000
2018-02-23 10:06:19,0.03246600,0.00400000
2018-02-23 10:06:19,0.03246300,5.25500000
2018-02-23 10:06:20,0.03246600,0.10000000
2018-02-23 10:06:20,0.03246600,0.10000000
2018-02-23 10:06:20,0.03249800,1.01700000
2018-02-23 10:06:20,0.03250000,0.61400000
2018-02-23 10:06:21,0.03246600,0.07800000
2018-02-23 10:06:21,0.03246600,0.07700000
2018-02-23 10:06:21,0.03246600,0.12400000
2018-02-23 10:06:21,0.03246600,1.00000000
2018-02-23 10:06:22,0.03246600,0.23100000
2018-02-23 10:06:22,0.03239400,0.12400000
2018-02-23 10:06:22,0.03239300,0.50900000
2018-02-23 10:06:22,0.03239500,0.15600000
2018-02-23 10:06:22,0.03239800,0.62900000
2018-02-23 10:06:23,0.03239900,0.06300000
2018-02-23 10:06:23,0.03240100,1.83600000
2018-02-23 10:06:23,0.03240100,0.10900000
2018-02-23 10:06:24,0.03246400,0.06200000
2018-02-23 10:06:24,0.03240100,0.07800000
2018-02-23 10:06:24,0.03240200,0.33500000
2018-02-23 10:06:24,0.03240100,0.55500000
2018-02-23 10:06:24,0.03239900,0.06300000
2018-02-23 10:06:25,0.03239900,0.07700000
2018-02-23 10:06:25,0.03240000,0.92500000
2018-02-23 10:06:25,0.03239900,3.55700000
2018-02-23 10:06:25,0.03238600,2.06500000
2018-02-23 10:06:25,0.03238500,1.91400000
2018-02-23 10:06:26,0.03240100,0.40000000
2018-02-23 10:06:26,0.03245700,1.21600000
2018-02-23 10:06:26,0.03234200,0.03400000
2018-02-23 10:06:26,0.03232200,2.41500000
2018-02-23 10:06:26,0.03231000,0.09100000
2018-02-23 10:06:26,0.03230600,0.38600000
2018-02-23 10:06:26,0.03230400,0.07700000
2018-02-23 10:06:26,0.03245600,0.40000000
2018-02-23 10:06:26,0.03245900,3.76000000
2018-02-23 10:06:26,0.03246200,0.12400000
2018-02-23 10:06:26,0.03246400,0.66700000
2018-02-23 10:06:27,0.03234300,0.10800000
2018-02-23 10:06:27,0.03227800,0.03900000
2018-02-23 10:06:27,0.03235300,0.15100000
2018-02-23 10:06:28,0.03235500,1.00000000
2018-02-23 10:06:28,0.03235500,1.00000000
2018-02-23 10:06:28,0.03235500,1.00000000
2018-02-23 10:06:28,0.03235500,0.62500000
2018-02-23 10:06:28,0.03235500,0.10600000
2018-02-23 10:06:28,0.03235400,0.40000000
2018-02-23 10:06:28,0.03234400,0.12400000
2018-02-23 10:06:29,0.03239900,0.20000000
2018-02-23 10:06:29,0.03228000,0.07800000
2018-02-23 10:06:29,0.03227900,0.11800000
2018-02-23 10:06:30,0.03235300,0.17100000
2018-02-23 10:06:30,0.03239500,0.07800000
2018-02-23 10:06:30,0.03239600,0.21300000
2018-02-23 10:06:31,0.03235300,0.03800000
2018-02-23 10:06:31,0.03235300,1.00200000
2018-02-23 10:06:31,0.03228000,1.44300000
2018-02-23 10:06:31,0.03227900,2.12600000
2018-02-23 10:06:31,0.03227900,0.71900000
2018-02-23 10:06:32,0.03228100,0.34100000
2018-02-23 10:06:32,0.03221200,0.42000000
2018-02-23 10:06:32,0.03235000,1.23600000
2018-02-23 10:06:33,0.03234400,1.03100000
2018-02-23 10:06:35,0.03233900,0.36400000
2018-02-23 10:06:35,0.03224400,0.19000000
2018-02-23 10:06:36,0.03231300,0.18200000
2018-02-23 10:06:36,0.03231300,0.30700000
2018-02-23 10:06:37,0.03231000,0.03700000
2018-02-23 10:06:38,0.03231000,0.10800000
2018-02-23 10:06:38,0.03231100,0.17000000
2018-02-23 10:06:38,0.03231100,0.23000000
2018-02-23 10:06:38,0.03231200,1.90100000
2018-02-23 10:06:38,0.03231500,3.00400000
2018-02-23 10:06:38,0.03231800,1.39800000
2018-02-23 10:06:38,0.03233500,0.92500000
2018-02-23 10:06:38,0.03235300,0.41800000
2018-02-23 10:06:38,0.03237000,0.06500000
2018-02-23 10:06:38,0.03239900,0.33500000
2018-02-23 10:06:38,0.03239900,0.38600000
2018-02-23 10:06:39,0.03239900,11.64200000
2018-02-23 10:06:42,0.03240000,0.06200000
2018-02-23 10:06:42,0.03240000,2.12400000
2018-02-23 10:06:42,0.03240100,0.09100000
2018-02-23 10:06:42,0.03245500,0.03400000
2018-02-23 10:06:42,0.03246300,0.10800000
2018-02-23 10:06:42,0.03246400,0.37000000
2018-02-23 10:06:42,0.03249100,0.15300000
2018-02-23 10:06:42,0.03249200,0.21500000
2018-02-23 10:06:44,0.03231300,0.05000000
2018-02-23 10:06:46,0.03239100,0.30800000
2018-02-23 10:06:46,0.03240000,0.30800000
2018-02-23 10:06:46,0.03240000,0.07700000
2018-02-23 10:06:47,0.03232300,0.07800000
2018-02-23 10:06:50,0.03239600,0.04700000
2018-02-23 10:06:50,0.03233300,0.09400000
2018-02-23 10:06:52,0.03239900,0.07800000
2018-02-23 10:06:52,0.03240000,0.18900000
2018-02-23 10:06:52,0.03249100,0.50700000
2018-02-23 10:06:54,0.03240000,0.10000000
2018-02-23 10:06:55,0.03249000,0.25300000
2018-02-23 10:06:56,0.03240200,0.36300000
2018-02-23 10:06:57,0.03235700,0.09900000
2018-02-23 10:06:58,0.03240200,0.08700000
2018-02-23 10:07:00,0.03236600,0.04700000
2018-02-23 10:07:00,0.03236900,0.92600000
2018-02-23 10:07:00,0.03237100,0.09300000
2018-02-23 10:07:00,0.03249700,0.26700000
2018-02-23 10:07:00,0.03249900,0.09600000
2018-02-23 10:07:03,0.03249300,0.04700000
2018-02-23 10:07:03,0.03249500,0.15300000
2018-02-23 10:07:03,0.03249500,0.07700000
2018-02-23 10:07:04,0.03237800,1.52100000
2018-02-23 10:07:04,0.03237500,3.72400000
2018-02-23 10:07:04,0.03237300,0.12000000
2018-02-23 10:07:04,0.03237300,0.00400000
2018-02-23 10:07:04,0.03236200,0.12200000
2018-02-23 10:07:04,0.03235500,3.50700000
2018-02-23 10:07:05,0.03233700,0.07700000
2018-02-23 10:07:05,0.03233700,0.15600000
2018-02-23 10:07:05,0.03232500,0.57500000
2018-02-23 10:07:05,0.03231600,0.58600000
2018-02-23 10:07:05,0.03231300,1.06900000
2018-02-23 10:07:06,0.03239600,0.06200000
2018-02-23 10:07:06,0.03232600,0.74600000
2018-02-23 10:07:06,0.03230100,0.31000000
2018-02-23 10:07:06,0.03230000,1.24800000
2018-02-23 10:07:06,0.03229500,0.03400000
2018-02-23 10:07:06,0.03239400,0.05200000
2018-02-23 10:07:07,0.03233900,0.12400000
2018-02-23 10:07:08,0.03230000,2.37400000
2018-02-23 10:07:11,0.03238200,0.09100000
2018-02-23 10:07:11,0.03238400,0.34600000
2018-02-23 10:07:11,0.03238700,0.31600000
2018-02-23 10:07:16,0.03230500,1.74300000
2018-02-23 10:07:17,0.03236800,0.30500000
2018-02-23 10:07:18,0.03236700,0.04700000
2018-02-23 10:07:18,0.03230800,1.16000000
2018-02-23 10:07:21,0.03231400,0.26800000
2018-02-23 10:07:21,0.03230900,0.29100000
2018-02-23 10:07:21,0.03230900,0.26800000
2018-02-23 10:07:22,0.03230600,0.15400000
2018-02-23 10:07:26,0.03230000,2.19000000
2018-02-23 10:07:27,0.03230100,0.11900000
2018-02-23 10:07:28,0.03230000,0.09100000
2018-02-23 10:07:28,0.03226300,0.03400000
2018-02-23 10:07:28,0.03221000,0.38000000
2018-02-23 10:07:28,0.03220900,0.18600000
2018-02-23 10:07:28,0.03220200,0.03600000
2018-02-23 10:07:29,0.03230000,0.05000000
2018-02-23 10:07:29,0.03230000,0.11300000
2018-02-23 10:07:29,0.03230000,0.40000000
2018-02-23 10:07:30,0.03230000,0.01700000
2018-02-23 10:07:31,0.03220700,0.29100000
2018-02-23 10:07:32,0.03221200,0.86400000
2018-02-23 10:07:32,0.03229900,0.06800000
2018-02-23 10:07:36,0.03222100,1.70900000
2018-02-23 10:07:38,0.03229600,0.07400000
2018-02-23 10:07:40,0.03222700,0.25400000
2018-02-23 10:07:43,0.03229300,0.23300000
2018-02-23 10:07:43,0.03229400,1.69000000
2018-02-23 10:07:44,0.03223300,0.27700000
2018-02-23 10:07:44,0.03222100,0.34100000
2018-02-23 10:07:44,0.03221500,1.16400000
2018-02-23 10:07:44,0.03221000,0.13100000
2018-02-23 10:07:48,0.03228200,0.06800000
2018-02-23 10:07:48,0.03223600,0.34900000
2018-02-23 10:07:48,0.03223500,0.60700000
2018-02-23 10:07:50,0.03227600,0.04500000
2018-02-23 10:07:50,0.03223700,0.12800000
2018-02-23 10:07:50,0.03223500,0.32300000
2018-02-23 10:07:50,0.03221000,0.54300000
2018-02-23 10:07:55,0.03226400,0.03700000
2018-02-23 10:07:57,0.03225800,3.24500000
2018-02-23 10:07:57,0.03226000,0.50200000
2018-02-23 10:07:57,0.03226300,0.89800000
2018-02-23 10:07:57,0.03225000,1.13800000
2018-02-23 10:07:59,0.03221500,0.16200000
2018-02-23 10:07:59,0.03221500,0.12800000
2018-02-23 10:08:03,0.03221000,0.35300000
2018-02-23 10:08:03,0.03220900,0.60000000
2018-02-23 10:08:03,0.03220700,0.06500000
2018-02-23 10:08:04,0.03221300,1.69800000
2018-02-23 10:08:06,0.03220700,0.32400000
2018-02-23 10:08:06,0.03220700,1.09600000
2018-02-23 10:08:06,0.03221200,0.34900000
2018-02-23 10:08:06,0.03221300,0.63600000
2018-02-23 10:08:06,0.03221500,4.67600000
2018-02-23 10:08:06,0.03221500,1.09600000
2018-02-23 10:08:07,0.03220200,10.35700000
2018-02-23 10:08:10,0.03224700,0.09300000
2018-02-23 10:08:10,0.03224700,0.03500000
2018-02-23 10:08:12,0.03224600,0.31000000
2018-02-23 10:08:19,0.03224800,0.07800000
2018-02-23 10:08:19,0.03224600,0.01700000
2018-02-23 10:08:20,0.03224800,0.03400000
2018-02-23 10:08:21,0.03224800,0.28700000
2018-02-23 10:08:21,0.03224600,0.08500000
2018-02-23 10:08:21,0.03220200,27.43100000
2018-02-23 10:08:22,0.03220300,0.34400000
2018-02-23 10:08:22,0.03220200,2.56400000
2018-02-23 10:08:30,0.03220400,0.12800000
2018-02-23 10:08:30,0.03220200,6.62200000
2018-02-23 10:08:31,0.03221000,3.17100000
2018-02-23 10:08:32,0.03221000,1.97800000
2018-02-23 10:08:32,0.03220200,9.88000000
2018-02-23 10:08:32,0.03220100,0.38000000
2018-02-23 10:08:32,0.03220000,1.72400000
2018-02-23 10:08:32,0.03219000,0.22100000
2018-02-23 10:08:33,0.03215300,3.10700000
2018-02-23 10:08:33,0.03215100,0.03400000
2018-02-23 10:08:33,0.03213900,0.06300000
2018-02-23 10:08:33,0.03213800,0.06200000
2018-02-23 10:08:33,0.03212700,0.21800000
2018-02-23 10:08:33,0.03212000,0.15600000
2018-02-23 10:08:33,0.03211900,0.18600000
2018-02-23 10:08:33,0.03211400,0.09100000
2018-02-23 10:08:33,0.03210300,1.69200000
2018-02-23 10:08:33,0.03210000,0.10000000
2018-02-23 10:08:33,0.03209000,0.23500000
2018-02-23 10:08:33,0.03207900,0.03400000
2018-02-23 10:08:33,0.03207700,0.09400000
2018-02-23 10:08:33,0.03207100,0.67800000
2018-02-23 10:08:36,0.03216000,0.05200000
2018-02-23 10:08:37,0.03216000,0.04200000
2018-02-23 10:08:44,0.03213600,0.33600000
2018-02-23 10:08:44,0.03213600,0.33600000
2018-02-23 10:08:44,0.03213300,0.09300000
2018-02-23 10:08:45,0.03207900,0.12200000
2018-02-23 10:08:46,0.03207900,1.65900000
2018-02-23 10:08:46,0.03207700,4.83300000
2018-02-23 10:08:50,0.03212400,0.13700000
2018-02-23 10:08:51,0.03207700,3.62200000
2018-02-23 10:08:52,0.03208100,0.09600000
2018-02-23 10:08:52,0.03208000,0.06000000
2018-02-23 10:08:56,0.03208100,0.09600000
2018-02-23 10:08:56,0.03208000,0.35800000
2018-02-23 10:08:57,0.03209200,0.07800000
2018-02-23 10:08:57,0.03209100,0.23500000
2018-02-23 10:08:57,0.03209400,0.12200000
2018-02-23 10:08:57,0.03209700,0.15400000
2018-02-23 10:08:57,0.03210000,2.16700000
2018-02-23 10:08:57,0.03209300,1.21700000
2018-02-23 10:08:58,0.03209000,0.34400000
2018-02-23 10:08:58,0.03212700,0.65600000
2018-02-23 10:08:58,0.03212900,0.93000000
2018-02-23 10:09:00,0.03213600,1.47100000
2018-02-23 10:09:00,0.03213800,0.36600000
2018-02-23 10:09:03,0.03219000,0.07100000
2018-02-23 10:09:03,0.03219000,0.14000000
2018-02-23 10:09:06,0.03210300,3.11500000
2018-02-23 10:09:06,0.03210100,0.40000000
2018-02-23 10:09:06,0.03209800,0.09600000
2018-02-23 10:09:06,0.03209400,0.93400000
2018-02-23 10:09:06,0.03209000,0.12800000
2018-02-23 10:09:06,0.03208400,0.12800000
2018-02-23 10:09:06,0.03208100,0.15700000
2018-02-23 10:09:06,0.03208000,1.58900000
2018-02-23 10:09:06,0.03213200,1.00000000
2018-02-23 10:09:06,0.03213200,1.00000000
2018-02-23 10:09:06,0.03213200,1.00000000
2018-02-23 10:09:06,0.03213200,0.11500000
2018-02-23 10:09:06,0.03213400,0.12800000
2018-02-23 10:09:07,0.03213300,0.40000000
2018-02-23 10:09:07,0.03218900,0.12800000
2018-02-23 10:09:07,0.03219000,0.15900000
2018-02-23 10:09:07,0.03219100,0.15600000
2018-02-23 10:09:07,0.03220200,1.05100000
2018-02-23 10:09:08,0.03210200,0.17600000
2018-02-23 10:09:11,0.03220000,0.05300000
2018-02-23 10:09:12,0.03219900,0.93400000
2018-02-23 10:09:12,0.03220000,0.46300000
2018-02-23 10:09:12,0.03211200,0.90000000
2018-02-23 10:09:12,0.03211100,3.11400000
2018-02-23 10:09:12,0.03211000,0.12800000
2018-02-23 10:09:12,0.03210000,0.14600000
2018-02-23 10:09:13,0.03219700,1.82900000
2018-02-23 10:09:14,0.03211200,0.04300000
2018-02-23 10:09:17,0.03211600,0.40000000
2018-02-23 10:09:17,0.03211500,0.93400000
2018-02-23 10:09:17,0.03211400,0.12800000
2018-02-23 10:09:17,0.03210000,0.40500000
2018-02-23 10:09:17,0.03208200,0.54100000
2018-02-23 10:09:18,0.03219100,0.12200000
2018-02-23 10:09:18,0.03219000,0.54100000
2018-02-23 10:09:18,0.03219300,0.93400000
2018-02-23 10:09:18,0.03219600,0.12800000
2018-02-23 10:09:18,0.03219700,0.12000000
2018-02-23 10:09:19,0.03219700,0.16200000
2018-02-23 10:09:19,0.03219700,1.33900000
2018-02-23 10:09:19,0.03219700,0.04700000
2018-02-23 10:09:19,0.03219700,0.09600000
2018-02-23 10:09:19,0.03219700,0.05300000
2018-02-23 10:09:19,0.03219700,0.21800000
2018-02-23 10:09:19,0.03219700,0.09300000
2018-02-23 10:09:19,0.03219700,0.09600000
2018-02-23 10:09:19,0.03219700,4.21400000
2018-02-23 10:09:19,0.03208600,0.09600000
2018-02-23 10:09:23,0.03218700,0.08700000
2018-02-23 10:09:32,0.03210700,3.01600000
2018-02-23 10:09:32,0.03210500,0.93400000
2018-02-23 10:09:32,0.03209600,1.75400000
2018-02-23 10:09:32,0.03208600,7.00700000
2018-02-23 10:09:32,0.03208400,6.34800000
2018-02-23 10:09:32,0.03208300,0.15500000
2018-02-23 10:09:32,0.03208200,3.24400000
2018-02-23 10:09:41,0.03216300,0.07700000
2018-02-23 10:09:43,0.03216000,3.03500000
2018-02-23 10:09:43,0.03216100,0.81300000
2018-02-23 10:09:43,0.03216200,1.53200000
2018-02-23 10:09:43,0.03216900,0.24500000
2018-02-23 10:09:43,0.03216900,2.76600000
2018-02-23 10:09:43,0.03216900,1.92900000
2018-02-23 10:09:53,0.03215400,0.06700000
2018-02-23 10:09:55,0.03215400,0.07800000
2018-02-23 10:10:09,0.03215300,0.15100000
2018-02-23 10:10:09,0.03215300,0.06600000
2018-02-23 10:10:10,0.03215300,0.09100000
2018-02-23 10:10:11,0.03215400,0.07800000
2018-02-23 10:10:11,0.03215400,0.01800000
2018-02-23 10:10:11,0.03215500,0.49000000
2018-02-23 10:10:13,0.03215400,0.36700000
2018-02-23 10:10:14,0.03215300,0.09100000
2018-02-23 10:10:16,0.03215300,0.15600000
2018-02-23 10:10:17,0.03215300,0.03700000
2018-02-23 10:10:18,0.03215300,0.14500000
2018-02-23 10:10:22,0.03215300,0.31100000
2018-02-23 10:10:24,0.03212300,0.12800000
2018-02-23 10:10:24,0.03212100,0.44300000
2018-02-23 10:10:24,0.03210700,1.43500000
2018-02-23 10:10:26,0.03215100,0.08200000
2018-02-23 10:10:31,0.03215000,0.11600000
2018-02-23 10:10:33,0.03215000,0.68300000
2018-02-23 10:10:33,0.03215100,0.04600000
2018-02-23 10:10:33,0.03215200,0.34900000
2018-02-23 10:10:33,0.03215300,1.30400000
2018-02-23 10:10:33,0.03215400,2.61800000
2018-02-23 10:10:34,0.03214900,0.12800000
2018-02-23 10:10:37,0.03215400,0.36900000
2018-02-23 10:10:41,0.03215400,0.11900000
2018-02-23 10:10:41,0.03215500,0.96400000
2018-02-23 10:10:43,0.03212800,0.26400000
2018-02-23 10:10:46,0.03215400,0.04600000
2018-02-23 10:10:46,0.03212400,0.85600000
2018-02-23 10:10:47,0.03215600,0.12800000
2018-02-23 10:10:47,0.03215300,0.26400000
2018-02-23 10:10:47,0.03215500,1.72800000
2018-02-23 10:10:48,0.03215400,0.09300000
2018-02-23 10:10:53,0.03212400,0.06000000
2018-02-23 10:10:54,0.03215400,0.24400000
2018-02-23 10:11:01,0.03215400,6.37700000
2018-02-23 10:11:04,0.03215500,1.49400000
2018-02-23 10:11:04,0.03217200,0.91600000
2018-02-23 10:11:04,0.03218200,0.12800000
2018-02-23 10:11:04,0.03218500,0.12800000
2018-02-23 10:11:04,0.03219200,0.12800000
2018-02-23 10:11:04,0.03220000,0.91400000
2018-02-23 10:11:05,0.03225000,0.39300000
2018-02-23 10:11:05,0.03225800,0.15500000
2018-02-23 10:11:05,0.03226000,1.72500000
2018-02-23 10:11:05,0.03226000,3.42200000
2018-02-23 10:11:09,0.03226000,0.15500000
2018-02-23 10:11:09,0.03226000,0.06800000
2018-02-23 10:11:10,0.03226000,0.07700000
2018-02-23 10:11:11,0.03217800,0.07800000
2018-02-23 10:11:11,0.03218000,0.33700000
2018-02-23 10:11:12,0.03218100,0.34300000
2018-02-23 10:11:12,0.03218000,2.43000000
2018-02-23 10:11:12,0.03226000,0.13300000
2018-02-23 10:11:12,0.03226000,2.86100000
2018-02-23 10:11:12,0.03219000,0.30400000
2018-02-23 10:11:12,0.03218400,0.93200000
2018-02-23 10:11:12,0.03218300,1.62500000
2018-02-23 10:11:13,0.03218200,0.07800000
2018-02-23 10:11:16,0.03218200,0.05000000
2018-02-23 10:11:16,0.03217700,0.02800000
2018-02-23 10:11:17,0.03218900,5.76400000
2018-02-23 10:11:17,0.03218900,0.21000000
2018-02-23 10:11:17,0.03218900,0.58600000
2018-02-23 10:11:17,0.03218900,0.34100000
2018-02-23 10:11:17,0.03217700,0.21100000
2018-02-23 10:11:18,0.03217700,0.12800000
2018-02-23 10:11:18,0.03217700,0.25200000
2018-02-23 10:11:18,0.03217300,0.07800000
2018-02-23 10:11:19,0.03217700,0.50000000
2018-02-23 10:11:21,0.03217600,0.34300000
2018-02-23 10:11:21,0.03217700,1.77000000
2018-02-23 10:11:21,0.03219000,0.12800000
2018-02-23 10:11:21,0.03219100,2.77400000
2018-02-23 10:11:21,0.03219700,0.07800000
2018-02-23 10:11:21,0.03219800,1.40700000
2018-02-23 10:11:26,0.03219800,0.02800000
2018-02-23 10:11:27,0.03218800,0.38200000
2018-02-23 10:11:27,0.03219700,0.31300000
2018-02-23 10:11:30,0.03219700,2.09500000
2018-02-23 10:11:30,0.03219800,1.42600000
2018-02-23 10:11:37,0.03225700,0.93200000
2018-02-23 10:11:48,0.03225800,0.12800000
2018-02-23 10:11:51,0.03229100,0.07700000
2018-02-23 10:11:51,0.03226000,0.12400000
2018-02-23 10:11:51,0.03225800,0.03200000
2018-02-23 10:11:57,0.03228900,0.12400000
2018-02-23 10:11:57,0.03229100,1.39600000
2018-02-23 10:11:57,0.03229500,0.23000000
2018-02-23 10:11:58,0.03226000,0.09000000
2018-02-23 10:11:59,0.03226000,0.03400000
2018-02-23 10:11:59,0.03225800,0.06600000
2018-02-23 10:12:06,0.03225800,0.12300000
2018-02-23 10:12:06,0.03225700,2.05900000
2018-02-23 10:12:06,0.03224200,0.93000000
2018-02-23 10:12:09,0.03225900,0.93000000
2018-02-23 10:12:09,0.03226000,0.97800000
2018-02-23 10:12:15,0.03225800,0.93000000
2018-02-23 10:12:16,0.03225800,0.31100000
2018-02-23 10:12:16,0.03225800,3.63400000
2018-02-23 10:12:16,0.03225800,0.59300000
2018-02-23 10:12:22,0.03222500,0.34200000
2018-02-23 10:12:22,0.03222000,0.63600000
2018-02-23 10:12:22,0.03220400,0.93100000
2018-02-23 10:12:22,0.03220300,0.20300000
2018-02-23 10:12:22,0.03220000,5.31100000
2018-02-23 10:12:22,0.03220100,0.15400000
2018-02-23 10:12:22,0.03220000,4.30400000
2018-02-23 10:12:23,0.03225800,0.34200000
2018-02-23 10:12:23,0.03225800,0.21700000
2018-02-23 10:12:26,0.03222700,0.12800000
2018-02-23 10:12:26,0.03220000,0.14700000
2018-02-23 10:12:31,0.03222900,0.12800000
2018-02-23 10:12:31,0.03220000,2.59000000
2018-02-23 10:12:33,0.03225600,0.93100000
2018-02-23 10:12:33,0.03225700,0.12800000
2018-02-23 10:12:33,0.03225800,0.12800000
2018-02-23 10:12:33,0.03225900,0.20600000
2018-02-23 10:12:33,0.03226000,9.60700000
2018-02-23 10:12:56,0.03221500,0.34300000
2018-02-23 10:12:56,0.03221100,0.93100000
2018-02-23 10:12:56,0.03220100,1.27600000
2018-02-23 10:12:56,0.03220000,3.66800000
2018-02-23 10:13:09,0.03225300,0.08000000
2018-02-23 10:13:11,0.03225300,0.10000000
2018-02-23 10:13:11,0.03225300,0.16300000
2018-02-23 10:13:11,0.03225400,0.16800000
2018-02-23 10:13:13,0.03225300,2.00000000
2018-02-23 10:13:13,0.03225900,0.76300000
2018-02-23 10:13:13,0.03226000,1.83900000
2018-02-23 10:13:13,0.03226000,0.39900000
2018-02-23 10:13:14,0.03226000,2.65800000
2018-02-23 10:13:15,0.03226000,1.15000000
2018-02-23 10:13:22,0.03220700,0.31100000
2018-02-23 10:13:29,0.03225200,0.07400000
2018-02-23 10:13:29,0.03225200,0.07800000
2018-02-23 10:13:35,0.03220300,4.03400000
2018-02-23 10:13:36,0.03220100,1.00000000
2018-02-23 10:13:36,0.03220100,1.00000000
2018-02-23 10:13:36,0.03220100,1.00000000
2018-02-23 10:13:36,0.03220100,0.10300000
2018-02-23 10:13:36,0.03220300,0.25800000
2018-02-23 10:13:37,0.03220200,0.07800000
2018-02-23 10:13:40,0.03220200,0.07800000
2018-02-23 10:13:40,0.03225000,0.15900000
2018-02-23 10:13:40,0.03225100,0.84100000
2018-02-23 10:13:40,0.03225100,0.09000000
2018-02-23 10:13:40,0.03225300,0.23900000
2018-02-23 10:13:43,0.03220500,0.07800000
2018-02-23 10:13:45,0.03221100,0.07800000
2018-02-23 10:13:47,0.03228700,0.12400000
2018-02-23 10:13:47,0.03229500,0.18600000
2018-02-23 10:13:48,0.03221700,0.07800000
2018-02-23 10:13:50,0.03222600,0.07800000
2018-02-23 10:13:52,0.03225000,0.07800000
2018-02-23 10:13:54,0.03225100,0.07800000
2018-02-23 10:13:55,0.03225000,1.91100000
2018-02-23 10:13:57,0.03222400,0.07800000
2018-02-23 10:13:59,0.03220100,0.07800000
2018-02-23 10:14:00,0.03224200,0.46800000
2018-02-23 10:14:00,0.03224400,0.07800000
2018-02-23 10:14:01,0.03222400,2.07700000
2018-02-23 10:14:01,0.03222400,1.00000000
2018-02-23 10:14:01,0.03222400,1.00000000
2018-02-23 10:14:01,0.03222400,2.50900000
2018-02-23 10:14:01,0.03224900,0.07800000
2018-02-23 10:14:02,0.03222400,5.00000000
2018-02-23 10:14:02,0.03225000,2.88100000
2018-02-23 10:14:02,0.03225000,6.03800000
2018-02-23 10:14:02,0.03220200,0.07800000
2018-02-23 10:14:04,0.03228900,0.15500000
2018-02-23 10:14:05,0.03222600,0.07800000
2018-02-23 10:14:07,0.03224400,0.08000000
2018-02-23 10:14:09,0.03228600,0.15600000
2018-02-23 10:14:09,0.03228800,0.07800000
2018-02-23 10:14:09,0.03229500,1.11200000
2018-02-23 10:14:10,0.03230000,0.83300000
2018-02-23 10:14:10,0.03230400,0.03400000
2018-02-23 10:14:12,0.03231300,0.15600000
2018-02-23 10:14:12,0.03232000,0.21800000
2018-02-23 10:14:12,0.03232500,2.65700000
2018-02-23 10:14:12,0.03234400,0.13600000
2018-02-23 10:14:12,0.03235000,0.50000000
2018-02-23 10:14:12,0.03235500,0.38900000
2018-02-23 10:14:12,0.03236600,1.68200000
2018-02-23 10:14:14,0.03231500,0.31900000
2018-02-23 10:14:14,0.03231500,0.27100000
2018-02-23 10:14:14,0.03231500,0.12400000
2018-02-23 10:14:14,0.03237500,0.06800000
2018-02-23 10:14:15,0.03237500,0.07700000
2018-02-23 10:14:15,0.03237500,0.06800000
2018-02-23 10:14:15,0.03231500,0.26200000
2018-02-23 10:14:15,0.03231500,0.26100000
2018-02-23 10:14:16,0.03237400,0.12400000
2018-02-23 10:14:22,0.03236400,0.12700000
2018-02-23 10:14:24,0.03236400,1.11000000
2018-02-23 10:14:24,0.03236600,1.00300000
2018-02-23 10:14:24,0.03237400,0.01200000
2018-02-23 10:14:24,0.03237800,0.06200000
2018-02-23 10:14:24,0.03236600,4.60200000
2018-02-23 10:14:25,0.03236600,0.42300000
2018-02-23 10:14:26,0.03236700,0.07700000
2018-02-23 10:14:27,0.03239400,0.15600000
2018-02-23 10:14:27,0.03239800,0.60000000
2018-02-23 10:14:27,0.03240000,1.88600000
2018-02-23 10:14:27,0.03241300,1.27600000
2018-02-23 10:14:27,0.03241400,0.15400000
2018-02-23 10:14:27,0.03241500,1.74200000
2018-02-23 10:14:27,0.03241500,2.08600000
2018-02-23 10:14:27,0.03241500,2.35300000
2018-02-23 10:14:27,0.03241500,1.81900000
2018-02-23 10:14:28,0.03237200,1.96200000
2018-02-23 10:14:28,0.03237200,0.07700000
2018-02-23 10:14:31,0.03237800,0.07700000
2018-02-23 10:14:33,0.03238200,0.07700000
2018-02-23 10:14:34,0.03238200,2.11600000
2018-02-23 10:14:35,0.03238200,0.07700000
2018-02-23 10:14:37,0.03238200,0.07700000
2018-02-23 10:14:38,0.03236600,0.07700000
2018-02-23 10:14:40,0.03237200,0.07700000
2018-02-23 10:14:41,0.03237500,0.48800000
2018-02-23 10:14:41,0.03237500,1.00000000
2018-02-23 10:14:41,0.03237500,1.00000000
2018-02-23 10:14:42,0.03237800,0.52000000
2018-02-23 10:14:42,0.03237600,0.74100000
2018-02-23 10:14:42,0.03237600,0.92000000
2018-02-23 10:14:42,0.03236400,0.07700000
2018-02-23 10:14:45,0.03236400,0.07700000
2018-02-23 10:14:46,0.03236400,0.96100000
2018-02-23 10:14:47,0.03236100,0.16400000
2018-02-23 10:14:48,0.03235900,0.54300000
2018-02-23 10:14:49,0.03235900,2.39100000
2018-02-23 10:14:50,0.03232500,0.06700000
2018-02-23 10:14:50,0.03235600,0.09300000
2018-02-23 10:14:50,0.03235600,0.13500000
2018-02-23 10:14:50,0.03235800,0.40000000
2018-02-23 10:14:50,0.03236100,1.74300000
2018-02-23 10:14:51,0.03231800,0.03400000
2018-02-23 10:14:52,0.03235900,0.31200000
2018-02-23 10:14:54,0.03235900,1.20000000
2018-02-23 10:14:55,0.03235800,0.04900000
2018-02-23 10:15:02,0.03235300,0.30900000
2018-02-23 10:15:03,0.03229900,1.00000000
2018-02-23 10:15:03,0.03229900,0.08900000
2018-02-23 10:15:04,0.03229900,0.15600000
2018-02-23 10:15:05,0.03229900,0.02600000
2018-02-23 10:15:05,0.03235100,0.14500000
2018-02-23 10:15:08,0.03230300,0.33600000
2018-02-23 10:15:08,0.03229400,1.44700000
2018-02-23 10:15:10,0.03226500,0.40000000
2018-02-23 10:15:10,0.03226400,0.50000000
2018-02-23 10:15:10,0.03225700,0.18600000
2018-02-23 10:15:10,0.03225000,1.52200000
2018-02-23 10:15:10,0.03224200,0.30300000
2018-02-23 10:15:10,0.03234100,0.01700000
2018-02-23 10:15:11,0.03234100,0.04400000
2018-02-23 10:15:13,0.03229900,0.04200000
2018-02-23 10:15:14,0.03233200,1.21000000
2018-02-23 10:15:15,0.03228600,0.03400000
2018-02-23 10:15:15,0.03233200,0.01800000
2018-02-23 10:15:16,0.03227600,1.83300000
2018-02-23 10:15:16,0.03227600,0.00300000
2018-02-23 10:15:16,0.03227500,0.40000000
2018-02-23 10:15:17,0.03233200,0.10000000
2018-02-23 10:15:18,0.03226900,3.09600000
2018-02-23 10:15:18,0.03226400,0.04600000
2018-02-23 10:15:19,0.03227500,0.13700000
2018-02-23 10:15:19,0.03224300,0.40000000
2018-02-23 10:15:19,0.03224200,0.74100000
2018-02-23 10:15:19,0.03224200,0.53700000
2018-02-23 10:15:20,0.03232600,0.88500000
2018-02-23 10:15:21,0.03232300,0.32000000
2018-02-23 10:15:21,0.03227600,1.68000000
2018-02-23 10:15:21,0.03227600,0.00300000
2018-02-23 10:15:24,0.03231100,0.92700000
2018-02-23 10:15:25,0.03231100,0.96400000
2018-02-23 10:15:25,0.03231300,0.73600000
2018-02-23 10:15:25,0.03231600,0.35200000
2018-02-23 10:15:25,0.03222800,1.09100000
2018-02-23 10:15:25,0.03231600,0.27900000
2018-02-23 10:15:28,0.03223100,0.79600000
2018-02-23 10:15:28,0.03231500,0.11900000
2018-02-23 10:15:29,0.03231600,0.06500000
2018-02-23 10:15:30,0.03231500,0.50000000
2018-02-23 10:15:31,0.03231400,0.15500000
2018-02-23 10:15:33,0.03231400,1.23200000
2018-02-23 10:15:34,0.03231600,0.06200000
2018-02-23 10:15:34,0.03231500,6.17700000
2018-02-23 10:15:38,0.03231500,0.11600000
2018-02-23 10:15:39,0.03231600,1.50300000
2018-02-23 10:15:44,0.03231500,0.09400000
2018-02-23 10:15:47,0.03231600,2.41700000
2018-02-23 10:15:55,0.03235200,0.16100000
2018-02-23 10:15:58,0.03235200,0.09500000
2018-02-23 10:15:59,0.03235300,1.50000000
2018-02-23 10:16:02,0.03235200,0.26700000
2018-02-23 10:16:03,0.03235900,3.00200000
2018-02-23 10:16:03,0.03235900,2.19500000
2018-02-23 10:16:03,0.03235900,1.52900000
2018-02-23 10:16:04,0.03235200,0.26100000
2018-02-23 10:16:06,0.03235900,0.03100000
2018-02-23 10:16:07,0.03235900,0.96700000
2018-02-23 10:16:08,0.03235300,0.56000000
2018-02-23 10:16:08,0.03235200,1.85700000
2018-02-23 10:16:11,0.03235900,0.24100000
2018-02-23 10:16:13,0.03235900,3.22700000
2018-02-23 10:16:13,0.03231700,0.04700000
2018-02-23 10:16:18,0.03235800,0.04700000
2018-02-23 10:16:24,0.03235200,1.62300000
2018-02-23 10:16:24,0.03235900,1.42500000
2018-02-23 10:16:28,0.03231600,0.05500000
2018-02-23 10:16:34,0.03231600,2.00000000
2018-02-23 10:16:34,0.03235800,0.05500000
2018-02-23 10:16:34,0.03235900,0.04500000
2018-02-23 10:16:34,0.03231600,0.39600000
2018-02-23 10:16:42,0.03235900,0.06800000
2018-02-23 10:16:44,0.03235900,0.37700000
2018-02-23 10:16:44,0.03235900,0.34600000
2018-02-23 10:16:54,0.03231700,0.77100000
2018-02-23 10:16:57,0.03235800,0.34800000
2018-02-23 10:17:01,0.03235900,0.81000000
2018-02-23 10:17:03,0.03235900,0.08000000
2018-02-23 10:17:04,0.03235900,2.65000000
2018-02-23 10:17:04,0.03235800,2.19200000
2018-02-23 10:17:06,0.03235700,0.30900000
2018-02-23 10:17:30,0.03235600,0.97900000
2018-02-23 10:17:30,0.03235700,2.68200000
2018-02-23 10:17:35,0.03235900,3.14100000
2018-02-23 10:17:35,0.03235900,0.81600000
2018-02-23 10:17:35,0.03236300,0.27800000
2018-02-23 10:17:42,0.03236300,0.06200000
2018-02-23 10:17:45,0.03231800,1.20400000
2018-02-23 10:17:45,0.03231700,3.02300000
2018-02-23 10:17:45,0.03231500,6.70500000
2018-02-23 10:17:45,0.03230800,0.08500000
2018-02-23 10:17:45,0.03230400,0.75800000
2018-02-23 10:17:45,0.03230000,0.52700000
2018-02-23 10:17:48,0.03225300,1.50000000
2018-02-23 10:17:49,0.03230200,3.09800000
2018-02-23 10:17:49,0.03230000,0.35500000
2018-02-23 10:17:50,0.03225500,0.33400000
2018-02-23 10:17:50,0.03225500,0.27800000
2018-02-23 10:17:50,0.03225500,0.29000000
2018-02-23 10:17:50,0.03225300,0.27800000
2018-02-23 10:17:50,0.03225300,0.40000000
2018-02-23 10:17:50,0.03225300,0.33400000
2018-02-23 10:17:50,0.03225300,0.24100000
2018-02-23 10:17:50,0.03225300,0.24100000
2018-02-23 10:17:50,0.03225000,0.05000000
2018-02-23 10:17:50,0.03225300,0.33400000
2018-02-23 10:17:50,0.03225300,0.33100000
2018-02-23 10:17:50,0.03223800,0.03400000
2018-02-23 10:17:50,0.03225300,0.27700000
2018-02-23 10:17:51,0.03222800,0.22700000
2018-02-23 10:17:51,0.03222800,0.07200000
2018-02-23 10:17:51,0.03225300,0.34000000
2018-02-23 10:17:52,0.03225300,0.07100000
2018-02-23 10:17:53,0.03225300,0.19600000
2018-02-23 10:18:00,0.03222800,0.00100000
2018-02-23 10:18:00,0.03220600,0.15400000
2018-02-23 10:18:00,0.03220400,0.39300000
2018-02-23 10:18:00,0.03220300,3.22900000
2018-02-23 10:18:01,0.03223800,0.05500000
2018-02-23 10:18:08,0.03220200,0.14500000
2018-02-23 10:18:09,0.03220200,0.45500000
2018-02-23 10:18:09,0.03220100,0.54500000
2018-02-23 10:18:11,0.03220100,9.45500000
2018-02-23 10:18:11,0.03220000,0.23700000
2018-02-23 10:18:11,0.03223400,0.02000000
2018-02-23 10:18:19,0.03223000,1.09700000
2018-02-23 10:18:24,0.03222800,0.30900000
2018-02-23 10:18:25,0.03220000,4.12100000
2018-02-23 10:18:31,0.03222200,0.40000000
2018-02-23 10:18:31,0.03222300,0.41400000
2018-02-23 10:18:31,0.03222500,0.27800000
2018-02-23 10:18:31,0.03222600,2.14800000
2018-02-23 10:18:32,0.03220000,2.43500000
2018-02-23 10:18:44,0.03222600,1.48300000
2018-02-23 10:18:46,0.03220000,0.07900000
2018-02-23 10:18:49,0.03220000,0.04700000
2018-02-23 10:18:51,0.03220000,0.15200000
2018-02-23 10:18:55,0.03219900,0.09100000
2018-02-23 10:18:55,0.03220000,1.10300000
2018-02-23 10:18:55,0.03219700,0.08400000
2018-02-23 10:19:04,0.03220000,0.06200000
2018-02-23 10:19:09,0.03220000,0.12100000
2018-02-23 10:19:12,0.03217400,0.03400000
2018-02-23 10:19:12,0.03216700,0.18600000
2018-02-23 10:19:12,0.03216500,0.53100000
2018-02-23 10:19:24,0.03220000,0.82800000
2018-02-23 10:19:32,0.03216500,0.77300000
2018-02-23 10:19:36,0.03216500,2.12700000
2018-02-23 10:19:44,0.03216500,0.65200000
2018-02-23 10:19:54,0.03215000,0.16400000
2018-02-23 10:19:55,0.03216400,0.09300000
2018-02-23 10:20:01,0.03216300,0.46600000
2018-02-23 10:20:08,0.03216200,0.10000000
2018-02-23 10:20:11,0.03216200,0.03400000
2018-02-23 10:20:12,0.03216200,0.32200000
2018-02-23 10:20:12,0.03215000,0.12100000
2018-02-23 10:20:19,0.03216100,10.05200000
2018-02-23 10:20:19,0.03216100,3.12500000
2018-02-23 10:20:19,0.03216500,0.06100000
2018-02-23 10:20:19,0.03216600,0.70000000
2018-02-23 10:20:20,0.03216300,0.36700000
2018-02-23 10:20:24,0.03219800,0.88800000
2018-02-23 10:20:25,0.03219800,3.00400000
2018-02-23 10:20:25,0.03220000,0.65600000
2018-02-23 10:20:25,0.03220000,1.24000000
2018-02-23 10:20:31,0.03221000,0.07700000
2018-02-23 10:20:33,0.03221100,0.69900000
2018-02-23 10:20:36,0.03222500,16.02000000
2018-02-23 10:20:36,0.03223300,4.04200000
2018-02-23 10:20:37,0.03222700,3.09800000
2018-02-23 10:20:37,0.03222600,5.76200000
2018-02-23 10:20:41,0.03231700,2.31900000
2018-02-23 10:20:41,0.03231700,0.03100000
2018-02-23 10:20:41,0.03231700,0.06200000
2018-02-23 10:20:42,0.03222900,0.40000000
2018-02-23 10:20:42,0.03222800,4.11100000
2018-02-23 10:20:42,0.03222700,0.70100000
2018-02-23 10:20:42,0.03222600,6.48900000
2018-02-23 10:20:42,0.03231600,0.57900000
2018-02-23 10:20:44,0.03231300,0.22900000
2018-02-23 10:20:44,0.03231400,0.68600000
2018-02-23 10:20:44,0.03231600,6.29100000
2018-02-23 10:20:47,0.03231400,0.10200000
2018-02-23 10:20:52,0.03231000,0.15800000
2018-02-23 10:20:53,0.03224100,1.00000000
2018-02-23 10:20:54,0.03230800,0.03700000
2018-02-23 10:20:56,0.03230700,0.72600000
2018-02-23 10:20:56,0.03230800,0.44100000
2018-02-23 10:20:56,0.03230900,0.19500000
2018-02-23 10:21:02,0.03230800,1.74000000
2018-02-23 10:21:02,0.03230600,1.00000000
2018-02-23 10:21:02,0.03230800,3.64500000
2018-02-23 10:21:02,0.03230900,4.63600000
2018-02-23 10:21:04,0.03230000,10.40500000
2018-02-23 10:21:04,0.03230000,2.64900000
2018-02-23 10:21:04,0.03225200,0.93000000
2018-02-23 10:21:04,0.03223000,0.04700000
2018-02-23 10:21:04,0.03222500,1.67200000
2018-02-23 10:21:04,0.03230900,0.73600000
2018-02-23 10:21:05,0.03230800,5.38500000
2018-02-23 10:21:06,0.03228100,0.84900000
2018-02-23 10:21:06,0.03228200,3.68100000
2018-02-23 10:21:06,0.03230600,0.50900000
2018-02-23 10:21:09,0.03230000,1.26200000
2018-02-23 10:21:09,0.03230000,0.34000000
2018-02-23 10:21:12,0.03229900,0.93000000
2018-02-23 10:21:12,0.03230000,0.17300000
2018-02-23 10:21:12,0.03229900,1.73800000
2018-02-23 10:21:12,0.03229900,0.75900000
2018-02-23 10:21:12,0.03229900,3.56200000
2018-02-23 10:21:13,0.03229900,0.75200000
2018-02-23 10:21:14,0.03229900,0.29000000
2018-02-23 10:21:14,0.03225200,0.29200000
2018-02-23 10:21:14,0.03225200,0.07000000
2018-02-23 10:21:20,0.03225500,0.13800000
2018-02-23 10:21:20,0.03225500,0.19900000
2018-02-23 10:21:21,0.03225300,0.36100000
2018-02-23 10:21:21,0.03229900,0.22000000
2018-02-23 10:21:26,0.03229900,0.11700000
2018-02-23 10:21:26,0.03230000,3.03800000
2018-02-23 10:21:26,0.03230000,0.08700000
2018-02-23 10:21:26,0.03230600,3.97800000
2018-02-23 10:21:26,0.03230900,3.23500000
2018-02-23 10:21:28,0.03229900,0.26200000
2018-02-23 10:21:28,0.03229900,0.19400000
2018-02-23 10:21:30,0.03230000,0.06200000
2018-02-23 10:21:30,0.03230000,1.87800000
2018-02-23 10:21:30,0.03230900,7.12200000
2018-02-23 10:21:35,0.03230000,0.04500000
2018-02-23 10:21:35,0.03227100,0.24900000
2018-02-23 10:21:35,0.03227100,0.10400000
2018-02-23 10:21:35,0.03227000,0.24900000
2018-02-23 10:21:35,0.03227000,1.22100000
2018-02-23 10:21:35,0.03225200,0.35300000
2018-02-23 10:21:35,0.03225200,0.39900000
2018-02-23 10:21:35,0.03227100,0.15500000
2018-02-23 10:21:37,0.03227000,0.18600000
2018-02-23 10:21:44,0.03227000,0.07700000
2018-02-23 10:21:48,0.03227000,0.09000000
2018-02-23 10:21:48,0.03227100,0.19700000
2018-02-23 10:21:48,0.03229200,0.07600000
2018-02-23 10:21:48,0.03230000,2.26700000
2018-02-23 10:21:48,0.03230400,0.60800000
2018-02-23 10:21:48,0.03230700,0.15400000
2018-02-23 10:21:48,0.03230900,3.30800000
2018-02-23 10:21:51,0.03230900,0.03100000
2018-02-23 10:21:56,0.03230900,6.00000000
2018-02-23 10:21:59,0.03230900,1.47000000
2018-02-23 10:22:03,0.03230900,0.77400000
2018-02-23 10:22:05,0.03230900,0.30900000
2018-02-23 10:22:09,0.03230900,0.03300000
2018-02-23 10:22:10,0.03230900,0.35300000
2018-02-23 10:22:10,0.03230900,15.81500000
2018-02-23 10:22:10,0.03230900,0.12800000
2018-02-23 10:22:10,0.03230900,0.25800000
2018-02-23 10:22:10,0.03228000,0.18400000
2018-02-23 10:22:11,0.03227000,0.07300000
2018-02-23 10:22:13,0.03228000,0.04500000
2018-02-23 10:22:15,0.03230800,0.12800000
2018-02-23 10:22:17,0.03232500,0.30000000
2018-02-23 10:22:17,0.03235000,3.40000000
2018-02-23 10:22:19,0.03228600,2.37300000
2018-02-23 10:22:19,0.03231000,0.32200000
2018-02-23 10:22:20,0.03231000,0.44800000
2018-02-23 10:22:20,0.03234800,0.03900000
2018-02-23 10:22:20,0.03231000,3.08700000
2018-02-23 10:22:20,0.03231000,4.43900000
2018-02-23 10:22:20,0.03231000,3.47700000
2018-02-23 10:22:21,0.03231100,0.33700000
2018-02-23 10:22:21,0.03231000,3.05500000
2018-02-23 10:22:21,0.03231000,0.60700000
2018-02-23 10:22:21,0.03234800,2.33400000
2018-02-23 10:22:21,0.03235000,15.09700000
2018-02-23 10:22:21,0.03235000,15.54800000
2018-02-23 10:22:21,0.03235000,0.99800000
2018-02-23 10:22:21,0.03235000,0.71800000
2018-02-23 10:22:21,0.03235000,0.92400000
2018-02-23 10:22:21,0.03235000,0.47000000
2018-02-23 10:22:21,0.03231000,1.73500000
2018-02-23 10:22:21,0.03228400,0.92900000
2018-02-23 10:22:21,0.03228000,0.04400000
2018-02-23 10:22:21,0.03227000,3.90700000
2018-02-23 10:22:21,0.03225200,1.81700000
2018-02-23 10:22:21,0.03225100,0.49900000
2018-02-23 10:22:21,0.03222600,2.76400000
2018-02-23 10:22:21,0.03222500,6.49300000
2018-02-23 10:22:26,0.03234700,1.71100000
2018-02-23 10:22:28,0.03223700,0.02800000
2018-02-23 10:22:30,0.03224300,1.98200000
2018-02-23 10:22:30,0.03234800,0.33700000
2018-02-23 10:22:30,0.03234900,0.05300000
2018-02-23 10:22:30,0.03235600,0.56200000
2018-02-23 10:22:33,0.03232100,15.54800000
2018-02-23 10:22:33,0.03232200,0.13900000
2018-02-23 10:22:34,0.03232200,1.00000000
2018-02-23 10:22:39,0.03232200,0.44200000
2018-02-23 10:22:39,0.03235600,0.29800000
2018-02-23 10:22:45,0.03235600,3.99300000
2018-02-23 10:22:46,0.03228600,3.10000000
2018-02-23 10:22:47,0.03228500,0.00200000
2018-02-23 10:22:47,0.03235400,2.99100000
2018-02-23 10:22:49,0.03228900,0.95100000
2018-02-23 10:22:49,0.03229000,0.40000000
2018-02-23 10:22:49,0.03228900,0.40000000
2018-02-23 10:22:49,0.03228900,2.51500000
2018-02-23 10:22:50,0.03228800,0.90100000
2018-02-23 10:23:00,0.03226400,0.10900000
2018-02-23 10:23:00,0.03226600,0.73700000
2018-02-23 10:23:00,0.03227200,0.66900000
2018-02-23 10:23:02,0.03228600,0.22300000
2018-02-23 10:23:03,0.03228600,2.57100000
2018-02-23 10:23:07,0.03228600,0.06600000
2018-02-23 10:23:11,0.03228800,0.11000000
2018-02-23 10:23:12,0.03229000,0.23600000
2018-02-23 10:23:12,0.03229100,0.34800000
2018-02-23 10:23:12,0.03229000,1.33700000
2018-02-23 10:23:12,0.03229300,0.35400000
2018-02-23 10:23:13,0.03229300,0.54400000
2018-02-23 10:23:13,0.03235500,0.92900000
2018-02-23 10:23:13,0.03235600,3.55700000
2018-02-23 10:23:13,0.03229300,0.62300000
2018-02-23 10:23:13,0.03228800,0.14900000
2018-02-23 10:23:13,0.03228600,0.35800000
2018-02-23 10:23:16,0.03227700,0.57800000
2018-02-23 10:23:19,0.03227700,2.36700000
2018-02-23 10:23:19,0.03227900,3.75200000
2018-02-23 10:23:22,0.03228000,0.04500000
2018-02-23 10:23:27,0.03229000,0.40000000
2018-02-23 10:23:27,0.03234500,0.34800000
2018-02-23 10:23:27,0.03234600,0.07600000
2018-02-23 10:23:27,0.03235000,3.91500000
2018-02-23 10:23:27,0.03235000,0.09400000
2018-02-23 10:23:27,0.03227000,0.00300000
2018-02-23 10:23:27,0.03223800,0.69300000
2018-02-23 10:23:27,0.03223800,2.40600000
2018-02-23 10:23:27,0.03223600,0.93000000
2018-02-23 10:23:27,0.03222900,0.30800000
2018-02-23 10:23:27,0.03222800,0.36500000
2018-02-23 10:23:27,0.03234800,4.26400000
2018-02-23 10:23:27,0.03222700,0.92700000
2018-02-23 10:23:32,0.03226600,1.06100000
2018-02-23 10:23:33,0.03226300,0.35200000
2018-02-23 10:23:37,0.03222700,6.19300000
2018-02-23 10:23:37,0.03222600,0.15500000
2018-02-23 10:23:37,0.03222500,1.53100000
2018-02-23 10:23:41,0.03222700,4.87400000
2018-02-23 10:23:42,0.03222700,0.03500000
2018-02-23 10:23:45,0.03222500,3.11900000
2018-02-23 10:23:47,0.03222700,0.20000000
2018-02-23 10:23:50,0.03222700,0.13500000
2018-02-23 10:23:51,0.03222500,0.16500000
2018-02-23 10:23:59,0.03222500,6.36000000
2018-02-23 10:24:02,0.03220700,1.28400000
2018-02-23 10:24:02,0.03220000,0.53000000
2018-02-23 10:24:02,0.03220000,1.68900000
2018-02-23 10:24:05,0.03222500,0.07800000
2018-02-23 10:24:08,0.03217600,1.79800000
2018-02-23 10:24:09,0.03217800,0.08700000
2018-02-23 10:24:10,0.03217900,0.34600000
2018-02-23 10:24:10,0.03216600,0.40000000
2018-02-23 10:24:10,0.03216500,3.10800000
2018-02-23 10:24:10,0.03216300,0.21800000
2018-02-23 10:24:15,0.03221400,1.12400000
2018-02-23 10:24:15,0.03221400,0.67400000
2018-02-23 10:24:15,0.03221600,0.45200000
2018-02-23 10:24:19,0.03221100,0.56400000
2018-02-23 10:24:21,0.03220900,0.28800000
2018-02-23 10:24:21,0.03221000,0.13500000
2018-02-23 10:24:26,0.03222500,0.15900000
2018-02-23 10:24:26,0.03222600,0.99700000
2018-02-23 10:24:29,0.03220400,0.12800000
2018-02-23 10:24:53,0.03220400,0.03900000
2018-02-23 10:24:54,0.03220400,4.12700000
2018-02-23 10:25:01,0.03222500,0.31000000
2018-02-23 10:25:08,0.03220000,1.62600000
2018-02-23 10:25:14,0.03220000,0.26700000
2018-02-23 10:25:15,0.03220200,0.12800000
2018-02-23 10:25:15,0.03220000,3.10700000
2018-02-23 10:25:17,0.03217600,0.49600000
2018-02-23 10:25:17,0.03220000,0.12800000
2018-02-23 10:25:19,0.03220000,2.19600000
2018-02-23 10:25:23,0.03220000,0.11800000
2018-02-23 10:25:26,0.03220000,0.17400000
2018-02-23 10:25:29,0.03220000,6.19300000
2018-02-23 10:25:29,0.03222400,1.06900000
2018-02-23 10:25:36,0.03222400,0.60800000
2018-02-23 10:25:36,0.03222500,2.65300000
2018-02-23 10:25:36,0.03222700,1.03800000
2018-02-23 10:25:36,0.03225000,2.74700000
2018-02-23 10:25:40,0.03227900,0.15500000
2018-02-23 10:25:47,0.03225000,0.20300000
2018-02-23 10:25:49,0.03226500,2.55200000
2018-02-23 10:25:49,0.03226600,0.13200000
2018-02-23 10:25:50,0.03225000,0.60700000
2018-02-23 10:25:50,0.03220900,0.93100000
2018-02-23 10:25:50,0.03220000,0.46200000
2018-02-23 10:25:52,0.03226500,0.25000000
2018-02-23 10:25:52,0.03220500,2.00000000
2018-02-23 10:25:53,0.03226500,0.03000000
2018-02-23 10:26:01,0.03224500,1.82000000
2018-02-23 10:26:04,0.03224500,0.18000000
2018-02-23 10:26:04,0.03224700,0.13900000
2018-02-23 10:26:04,0.03225700,0.28700000
2018-02-23 10:26:05,0.03221000,0.15200000
2018-02-23 10:26:12,0.03221000,0.08000000
2018-02-23 10:26:12,0.03225200,0.12800000
2018-02-23 10:26:21,0.03221000,0.93000000
2018-02-23 10:26:21,0.03221000,0.92900000
2018-02-23 10:26:21,0.03221000,0.15200000
2018-02-23 10:26:21,0.03220900,0.15200000
2018-02-23 10:26:22,0.03221000,0.36300000
2018-02-23 10:26:30,0.03220000,0.00900000
2018-02-23 10:26:36,0.03220800,0.43000000
2018-02-23 10:26:48,0.03220500,0.15200000
2018-02-23 10:26:49,0.03220000,0.04100000
2018-02-23 10:26:49,0.03220600,0.17900000
2018-02-23 10:26:55,0.03220600,1.50200000
2018-02-23 10:26:55,0.03220000,4.18900000
2018-02-23 10:26:58,0.03217800,0.06500000
2018-02-23 10:26:58,0.03216500,0.30300000
2018-02-23 10:27:00,0.03216600,0.35700000
2018-02-23 10:27:00,0.03216500,2.69700000
2018-02-23 10:27:00,0.03212100,0.17200000
2018-02-23 10:27:03,0.03216500,2.31100000
2018-02-23 10:27:04,0.03216500,0.42300000
2018-02-23 10:27:04,0.03216500,0.42300000
2018-02-23 10:27:04,0.03216500,0.63800000
2018-02-23 10:27:06,0.03216500,1.52400000
2018-02-23 10:27:11,0.03220700,0.15500000
2018-02-23 10:27:19,0.03214600,0.99000000
2018-02-23 10:27:24,0.03219700,0.10000000
2018-02-23 10:27:24,0.03214600,0.12700000
2018-02-23 10:27:25,0.03219700,0.07800000
2018-02-23 10:27:27,0.03219700,0.31800000
2018-02-23 10:27:27,0.03219800,0.35700000
2018-02-23 10:27:27,0.03220100,0.46600000
2018-02-23 10:27:27,0.03221000,0.08500000
2018-02-23 10:27:27,0.03226500,0.12800000
2018-02-23 10:27:27,0.03230000,0.05000000
2018-02-23 10:27:27,0.03232500,6.15100000
2018-02-23 10:27:27,0.03232600,6.10900000
2018-02-23 10:27:27,0.03233000,2.05300000
2018-02-23 10:27:27,0.03234500,0.15500000
2018-02-23 10:27:27,0.03234700,1.28400000
2018-02-23 10:27:27,0.03235600,1.62500000
2018-02-23 10:27:27,0.03235600,1.77100000
2018-02-23 10:27:27,0.03235600,0.07000000
2018-02-23 10:27:27,0.03235600,1.11800000
2018-02-23 10:27:27,0.03214900,1.11800000
2018-02-23 10:27:27,0.03220500,0.20200000
2018-02-23 10:27:31,0.03235600,0.28100000
2018-02-23 10:27:41,0.03235000,0.07700000
2018-02-23 10:27:44,0.03233000,3.55200000
2018-02-23 10:27:44,0.03223300,0.87500000
2018-02-23 10:27:44,0.03223100,0.31000000
2018-02-23 10:27:44,0.03223100,0.62000000
2018-02-23 10:27:44,0.03223100,0.30700000
2018-02-23 10:27:45,0.03232500,0.30700000
2018-02-23 10:27:45,0.03232600,3.11000000
2018-02-23 10:27:45,0.03232800,2.96000000
2018-02-23 10:27:45,0.03235000,6.25100000
2018-02-23 10:27:56,0.03226100,3.10200000
2018-02-23 10:27:56,0.03225600,4.94200000
2018-02-23 10:27:56,0.03224800,7.50000000
2018-02-23 10:27:56,0.03219200,0.51200000
2018-02-23 10:27:56,0.03216400,0.38000000
2018-02-23 10:27:56,0.03216300,1.58500000
2018-02-23 10:27:56,0.03215800,0.09100000
2018-02-23 10:27:56,0.03215700,0.09300000
2018-02-23 10:27:56,0.03214000,0.12800000
2018-02-23 10:27:56,0.03213400,0.12800000
2018-02-23 10:27:56,0.03212400,0.12800000
2018-02-23 10:27:56,0.03212100,0.20000000
2018-02-23 10:27:56,0.03210200,1.73800000
2018-02-23 10:27:56,0.03219600,0.12800000
2018-02-23 10:27:57,0.03220300,0.12800000
2018-02-23 10:27:57,0.03220500,0.12800000
2018-02-23 10:28:06,0.03224000,0.12800000
2018-02-23 10:28:06,0.03224100,2.52500000
2018-02-23 10:28:08,0.03223500,0.37800000
2018-02-23 10:28:13,0.03222900,0.19900000
2018-02-23 10:28:13,0.03223000,1.10100000
2018-02-23 10:28:16,0.03222800,1.02300000
2018-02-23 10:28:16,0.03222700,1.00000000
2018-02-23 10:28:17,0.03222600,0.12800000
2018-02-23 10:28:17,0.03222600,0.08100000
2018-02-23 10:28:18,0.03222600,0.30700000
2018-02-23 10:28:19,0.03220300,2.77300000
2018-02-23 10:28:19,0.03220200,0.71700000
2018-02-23 10:28:19,0.03220000,0.80400000
2018-02-23 10:28:21,0.03222400,0.72300000
2018-02-23 10:28:28,0.03222200,0.04300000
2018-02-23 10:28:28,0.03222100,0.50000000
2018-02-23 10:28:28,0.03220000,0.06000000
2018-02-23 10:28:34,0.03220000,0.99300000
2018-02-23 10:28:34,0.03221800,0.12400000
2018-02-23 10:28:37,0.03221600,0.31700000
2018-02-23 10:28:41,0.03221400,1.56600000
2018-02-23 10:28:41,0.03221500,1.90300000
2018-02-23 10:28:41,0.03222400,0.15500000
2018-02-23 10:28:41,0.03224000,0.71800000
2018-02-23 10:28:51,0.03221300,2.24200000
2018-02-23 10:28:51,0.03221400,0.81400000
2018-02-23 10:28:52,0.03223900,0.15400000
2018-02-23 10:28:52,0.03224900,0.15600000
2018-02-23 10:29:00,0.03229700,0.77400000
2018-02-23 10:29:00,0.03229800,0.07600000
2018-02-23 10:29:01,0.03229800,1.71700000
2018-02-23 10:29:01,0.03230000,0.09800000
2018-02-23 10:29:01,0.03234200,0.17600000
2018-02-23 10:29:04,0.03225100,0.15000000
2018-02-23 10:29:06,0.03234100,0.06200000
2018-02-23 10:29:06,0.03234100,0.49400000
2018-02-23 10:29:07,0.03234100,0.43500000
2018-02-23 10:29:07,0.03234300,0.12400000
2018-02-23 10:29:07,0.03234600,2.12000000
2018-02-23 10:29:07,0.03234800,0.12800000
2018-02-23 10:29:07,0.03235000,2.25200000
2018-02-23 10:29:07,0.03226000,0.33800000
2018-02-23 10:29:07,0.03226100,0.26300000
2018-02-23 10:29:08,0.03226500,0.92900000
2018-02-23 10:29:08,0.03226300,0.88100000
2018-02-23 10:29:10,0.03235000,0.02300000
2018-02-23 10:29:10,0.03235500,1.23000000
2018-02-23 10:29:18,0.03227900,2.21900000
2018-02-23 10:29:18,0.03227700,0.40000000
2018-02-23 10:29:18,0.03225000,0.07700000
2018-02-23 10:29:19,0.03234200,0.11200000
2018-02-23 10:29:20,0.03225100,0.34700000
2018-02-23 10:29:20,0.03220700,0.29300000
2018-02-23 10:29:20,0.03220600,1.46400000
2018-02-23 10:29:20,0.03220500,6.25000000
2018-02-23 10:29:20,0.03220300,0.25600000
2018-02-23 10:29:20,0.03220100,2.92700000
2018-02-23 10:29:20,0.03220000,4.13900000
2018-02-23 10:29:20,0.03220000,5.19600000
2018-02-23 10:29:20,0.03218500,0.38900000
2018-02-23 10:29:20,0.03218200,0.09100000
2018-02-23 10:29:21,0.03221600,0.12800000
2018-02-23 10:29:21,0.03221500,0.33700000
2018-02-23 10:29:21,0.03221500,0.46500000
2018-02-23 10:29:21,0.03220800,0.46500000
2018-02-23 10:29:21,0.03221500,0.33800000
2018-02-23 10:29:21,0.03221300,0.33800000
2018-02-23 10:29:21,0.03220800,0.33800000
2018-02-23 10:29:21,0.03221300,0.24100000
2018-02-23 10:29:21,0.03221300,0.24100000
2018-02-23 10:29:21,0.03221300,0.11400000
2018-02-23 10:29:21,0.03220800,0.66100000
2018-02-23 10:29:21,0.03217000,4.60200000
2018-02-23 10:29:22,0.03211400,0.38000000
2018-02-23 10:29:22,0.03210100,2.17300000
2018-02-23 10:29:22,0.03210000,3.75700000
2018-02-23 10:29:25,0.03211000,0.14000000
2018-02-23 10:29:25,0.03210000,0.44300000
2018-02-23 10:29:33,0.03217500,0.05100000
2018-02-23 10:29:33,0.03217500,0.18800000
2018-02-23 10:29:33,0.03217500,0.18800000
2018-02-23 10:29:33,0.03212200,0.18800000
2018-02-23 10:29:34,0.03217200,1.87700000
2018-02-23 10:29:34,0.03217200,0.11000000
2018-02-23 10:29:34,0.03217100,0.10000000
2018-02-23 10:29:35,0.03217000,0.29300000
2018-02-23 10:29:35,0.03217100,5.19700000
2018-02-23 10:29:35,0.03217600,0.92900000
2018-02-23 10:29:35,0.03217700,3.00500000
2018-02-23 10:29:35,0.03221200,2.77200000
2018-02-23 10:29:35,0.03221800,0.12800000
2018-02-23 10:29:35,0.03221900,0.25600000
2018-02-23 10:29:36,0.03216900,0.40000000
2018-02-23 10:29:37,0.03216900,0.34700000
2018-02-23 10:29:38,0.03227300,0.07300000
2018-02-23 10:29:56,0.03226800,0.24100000
2018-02-23 10:29:56,0.03226900,0.38900000
2018-02-23 10:29:56,0.03227000,0.22800000
2018-02-23 10:29:56,0.03227100,0.83400000
2018-02-23 10:29:56,0.03227300,0.01800000
2018-02-23 10:29:56,0.03228000,0.14000000
2018-02-23 10:29:56,0.03228000,0.14000000
2018-02-23 10:29:56,0.03228100,0.15500000
2018-02-23 10:29:56,0.03229700,0.30000000
2018-02-23 10:29:57,0.03228200,0.06200000
2018-02-23 10:29:57,0.03228200,0.48300000
2018-02-23 10:29:58,0.03228200,0.54300000
2018-02-23 10:29:59,0.03228300,0.34700000
2018-02-23 10:29:59,0.03228000,0.34700000
2018-02-23 10:29:59,0.03228000,0.58200000
2018-02-23 10:30:00,0.03228000,0.30800000
2018-02-23 10:30:02,0.03232000,0.15200000
2018-02-23 10:30:06,0.03231400,0.05200000
2018-02-23 10:30:11,0.03228000,0.92900000
2018-02-23 10:30:11,0.03228000,0.78100000
2018-02-23 10:30:12,0.03230500,0.88400000
2018-02-23 10:30:12,0.03230700,0.34700000
2018-02-23 10:30:12,0.03235000,11.74200000
2018-02-23 10:30:15,0.03228500,3.09700000
2018-02-23 10:30:18,0.03228300,0.17600000
2018-02-23 10:30:19,0.03228400,0.00100000
2018-02-23 10:30:19,0.03228500,0.33700000
2018-02-23 10:30:21,0.03228800,0.24900000
2018-02-23 10:30:23,0.03228700,0.12200000
2018-02-23 10:30:23,0.03228700,0.63100000
2018-02-23 10:30:23,0.03228500,0.63100000
2018-02-23 10:30:23,0.03228500,7.76700000
2018-02-23 10:30:28,0.03233300,0.03100000
2018-02-23 10:30:29,0.03228600,0.83600000
2018-02-23 10:30:29,0.03228500,0.83600000
2018-02-23 10:30:30,0.03228600,1.08100000
2018-02-23 10:30:30,0.03228600,0.92900000
2018-02-23 10:30:30,0.03233000,0.46400000
2018-02-23 10:30:32,0.03232700,1.62700000
2018-02-23 10:30:32,0.03232700,0.97500000
2018-02-23 10:30:33,0.03230000,0.16000000
2018-02-23 10:30:33,0.03230000,0.92800000
2018-02-23 10:30:33,0.03230000,0.92800000
2018-02-23 10:30:33,0.03230000,0.92800000
2018-02-23 10:30:33,0.03230000,2.68500000
2018-02-23 10:30:34,0.03230000,0.58100000
2018-02-23 10:30:34,0.03233700,0.24900000
2018-02-23 10:30:34,0.03233800,0.75100000
2018-02-23 10:30:35,0.03230000,0.41200000
2018-02-23 10:30:35,0.03230000,2.04000000
2018-02-23 10:30:35,0.03229900,0.00100000
2018-02-23 10:30:35,0.03233800,0.17800000
2018-02-23 10:30:35,0.03233900,0.32200000
2018-02-23 10:30:38,0.03229100,1.79400000
2018-02-23 10:30:39,0.03233900,0.74600000
2018-02-23 10:30:40,0.03235000,0.06100000
2018-02-23 10:30:42,0.03229700,1.19500000
2018-02-23 10:30:42,0.03229700,0.10800000
2018-02-23 10:30:42,0.03229500,1.27000000
2018-02-23 10:30:44,0.03234800,0.01000000
2018-02-23 10:30:46,0.03231900,1.00000000
2018-02-23 10:30:46,0.03231900,1.00000000
2018-02-23 10:30:46,0.03231900,1.00000000
2018-02-23 10:30:46,0.03231900,0.08700000
2018-02-23 10:30:46,0.03232100,0.19500000
2018-02-23 10:30:49,0.03231800,0.01000000
2018-02-23 10:30:50,0.03231800,0.33200000
2018-02-23 10:30:52,0.03229100,0.78400000
2018-02-23 10:30:52,0.03229100,0.92900000
2018-02-23 10:30:52,0.03229100,0.67700000
2018-02-23 10:30:54,0.03229400,0.70400000
2018-02-23 10:30:56,0.03229500,0.34200000
2018-02-23 10:30:56,0.03234400,0.01000000
2018-02-23 10:30:59,0.03228700,0.05000000
2018-02-23 10:30:59,0.03231500,3.08400000
2018-02-23 10:30:59,0.03232000,1.46500000
2018-02-23 10:30:59,0.03234600,0.92800000
2018-02-23 10:30:59,0.03235000,1.75400000
2018-02-23 10:30:59,0.03235400,0.15400000
2018-02-23 10:30:59,0.03235500,16.06600000
2018-02-23 10:30:59,0.03235600,14.26300000
2018-02-23 10:30:59,0.03235700,0.58700000
2018-02-23 10:30:59,0.03228800,0.92800000
2018-02-23 10:30:59,0.03229000,0.92900000
2018-02-23 10:31:00,0.03229000,0.92900000
2018-02-23 10:31:00,0.03229000,0.92900000
2018-02-23 10:31:00,0.03229000,0.30900000
2018-02-23 10:31:00,0.03228800,0.92900000
2018-02-23 10:31:00,0.03228800,2.31000000
2018-02-23 10:31:00,0.03228700,0.78600000
2018-02-23 10:31:00,0.03228700,0.77400000
2018-02-23 10:31:01,0.03228700,1.58700000
2018-02-23 10:31:01,0.03228600,3.64200000
2018-02-23 10:31:01,0.03228600,2.39900000
2018-02-23 10:31:01,0.03228500,0.51100000
2018-02-23 10:31:04,0.03228500,4.32400000
2018-02-23 10:31:07,0.03228500,3.76700000
2018-02-23 10:31:08,0.03228500,0.34200000
2018-02-23 10:31:10,0.03228600,0.40000000
2018-02-23 10:31:11,0.03228500,0.92900000
2018-02-23 10:31:11,0.03228500,0.92900000
2018-02-23 10:31:11,0.03228500,0.92900000
2018-02-23 10:31:13,0.03228900,0.92900000
2018-02-23 10:31:14,0.03228500,0.92900000
2018-02-23 10:31:14,0.03228500,0.92900000
2018-02-23 10:31:14,0.03228500,0.92900000
2018-02-23 10:31:14,0.03228500,0.73500000
2018-02-23 10:31:14,0.03228500,24.50800000
2018-02-23 10:31:14,0.03228500,11.87400000
2018-02-23 10:31:14,0.03228500,0.92900000
2018-02-23 10:31:15,0.03228500,0.92900000
2018-02-23 10:31:15,0.03228500,0.51400000
2018-02-23 10:31:15,0.03228500,0.92900000
2018-02-23 10:31:15,0.03228500,0.92700000
2018-02-23 10:31:15,0.03228500,0.92900000
2018-02-23 10:31:15,0.03228500,0.20400000
2018-02-23 10:31:15,0.03228500,5.11900000
2018-02-23 10:31:16,0.03228500,12.98900000
2018-02-23 10:31:20,0.03228500,2.61400000
2018-02-23 10:31:28,0.03228500,2.80200000
2018-02-23 10:31:28,0.03228000,10.49900000
2018-02-23 10:31:29,0.03229000,0.05900000
2018-02-23 10:31:29,0.03228000,6.75200000
2018-02-23 10:31:31,0.03229000,0.09600000
2018-02-23 10:31:31,0.03229100,0.59200000
2018-02-23 10:31:32,0.03228000,3.09300000
2018-02-23 10:31:32,0.03228000,0.92900000
2018-02-23 10:31:32,0.03228000,0.92900000
2018-02-23 10:31:33,0.03228000,0.50600000
2018-02-23 10:31:33,0.03228000,0.32600000
2018-02-23 10:31:33,0.03228000,2.77500000
2018-02-23 10:31:34,0.03228000,0.03400000
2018-02-23 10:31:34,0.03220400,0.21500000
2018-02-23 10:31:36,0.03229100,0.94900000
2018-02-23 10:31:37,0.03228900,0.21500000
2018-02-23 10:31:37,0.03229000,0.15500000
2018-02-23 10:31:37,0.03229100,1.98600000
2018-02-23 10:31:40,0.03235000,0.71100000
2018-02-23 10:31:43,0.03223600,0.28300000
2018-02-23 10:31:45,0.03223900,0.68700000
2018-02-23 10:31:45,0.03235000,0.81200000
2018-02-23 10:31:45,0.03235700,0.78600000
2018-02-23 10:31:50,0.03235700,0.53200000
2018-02-23 10:31:54,0.03235700,0.26000000
2018-02-23 10:31:55,0.03235700,0.07700000
2018-02-23 10:31:57,0.03235600,0.04600000
2018-02-23 10:32:02,0.03228200,0.33000000
2018-02-23 10:32:02,0.03228400,2.13300000
2018-02-23 10:32:03,0.03228300,0.00100000
2018-02-23 10:32:03,0.03230000,11.92800000
2018-02-23 10:32:03,0.03228200,0.30600000
2018-02-23 10:32:05,0.03228400,0.22800000
2018-02-23 10:32:06,0.03228500,0.45100000
2018-02-23 10:32:10,0.03234000,0.06800000
2018-02-23 10:32:10,0.03234000,0.06800000
2018-02-23 10:32:15,0.03232400,0.06800000
2018-02-23 10:32:16,0.03232100,2.89900000
2018-02-23 10:32:16,0.03232300,0.86400000
2018-02-23 10:32:16,0.03232900,1.24300000
2018-02-23 10:32:16,0.03232000,0.06800000
2018-02-23 10:32:20,0.03231500,0.06800000
2018-02-23 10:32:21,0.03231500,0.27500000
2018-02-23 10:32:21,0.03231600,0.31200000
2018-02-23 10:32:21,0.03234000,0.66700000
2018-02-23 10:32:27,0.03225100,0.00600000
2018-02-23 10:32:36,0.03227400,0.14200000
2018-02-23 10:32:36,0.03226900,2.42800000
2018-02-23 10:32:41,0.03227300,0.34400000
2018-02-23 10:32:41,0.03226800,0.92900000
2018-02-23 10:32:41,0.03226700,0.14300000
2018-02-23 10:32:41,0.03220700,1.46400000
2018-02-23 10:32:41,0.03220600,0.27500000
2018-02-23 10:32:52,0.03223400,0.40000000
2018-02-23 10:32:52,0.03223300,0.09700000
2018-02-23 10:32:52,0.03222600,0.09700000
2018-02-23 10:32:52,0.03221700,0.09700000
2018-02-23 10:32:52,0.03220600,0.12300000
2018-02-23 10:32:52,0.03220600,0.17700000
2018-02-23 10:32:53,0.03220600,0.08800000
2018-02-23 10:32:59,0.03222900,0.05300000
2018-02-23 10:33:00,0.03220700,0.08800000
2018-02-23 10:33:02,0.03220300,0.12800000
2018-02-23 10:33:04,0.03220000,0.21600000
2018-02-23 10:33:04,0.03220000,0.07300000
2018-02-23 10:33:04,0.03220000,0.40000000
2018-02-23 10:33:04,0.03220000,1.43100000
2018-02-23 10:33:09,0.03218900,2.38100000
2018-02-23 10:33:09,0.03219100,0.10100000
2018-02-23 10:33:10,0.03220600,0.09600000
2018-02-23 10:33:12,0.03221800,0.12800000
2018-02-23 10:33:13,0.03223400,0.07700000
2018-02-23 10:33:13,0.03223300,0.92900000
2018-02-23 10:33:13,0.03223400,0.75800000
2018-02-23 10:33:16,0.03223900,0.03700000
2018-02-23 10:33:20,0.03220600,0.04000000
2018-02-23 10:33:21,0.03230000,2.58800000
2018-02-23 10:33:21,0.03231400,0.06800000
2018-02-23 10:33:21,0.03230000,0.14200000
2018-02-23 10:33:21,0.03230000,0.14200000
2018-02-23 10:33:22,0.03230000,1.04900000
2018-02-23 10:33:22,0.03230000,0.05400000
2018-02-23 10:33:22,0.03231400,0.20700000
2018-02-23 10:33:22,0.03230000,0.02700000
2018-02-23 10:33:22,0.03220900,1.46500000
2018-02-23 10:33:22,0.03220300,0.12800000
2018-02-23 10:33:22,0.03220000,0.09100000
2018-02-23 10:33:22,0.03218600,0.93200000
2018-02-23 10:33:22,0.03216900,0.56700000
2018-02-23 10:33:23,0.03221800,0.12800000
2018-02-23 10:33:24,0.03221700,0.03700000
2018-02-23 10:33:24,0.03221700,1.49600000
2018-02-23 10:33:24,0.03222100,0.93200000
2018-02-23 10:33:24,0.03230000,0.09100000
2018-02-23 10:33:25,0.03234000,0.20400000
2018-02-23 10:33:26,0.03234000,0.50700000
2018-02-23 10:33:30,0.03235000,2.13500000
2018-02-23 10:33:31,0.03234000,3.35900000
2018-02-23 10:33:33,0.03235500,0.18800000
2018-02-23 10:33:41,0.03235500,0.10800000
2018-02-23 10:33:46,0.03229700,0.05000000
2018-02-23 10:33:46,0.03235500,1.96100000
2018-02-23 10:33:46,0.03235700,0.28000000
2018-02-23 10:33:46,0.03235700,3.87300000
2018-02-23 10:33:46,0.03235700,5.92300000
2018-02-23 10:33:46,0.03235700,5.36900000
2018-02-23 10:33:46,0.03236700,0.13600000
2018-02-23 10:33:47,0.03237000,2.75300000
2018-02-23 10:33:47,0.03237000,4.01900000
2018-02-23 10:33:47,0.03237000,0.13300000
2018-02-23 10:33:47,0.03237300,0.37200000
2018-02-23 10:33:51,0.03235600,4.96900000
2018-02-23 10:33:57,0.03235600,6.09200000
2018-02-23 10:33:57,0.03235600,3.59700000
2018-02-23 10:33:59,0.03239000,0.46300000
2018-02-23 10:34:01,0.03231900,3.09300000
2018-02-23 10:34:01,0.03231700,3.63300000
2018-02-23 10:34:01,0.03231400,0.92800000
2018-02-23 10:34:01,0.03230400,1.91100000
2018-02-23 10:34:01,0.03230400,1.44700000
2018-02-23 10:34:02,0.03238900,0.06800000
2018-02-23 10:34:02,0.03232000,0.35000000
2018-02-23 10:34:05,0.03231400,0.08500000
2018-02-23 10:34:16,0.03229900,0.01400000
2018-02-23 10:34:23,0.03225900,0.40000000
2018-02-23 10:34:32,0.03223900,1.98000000
2018-02-23 10:34:32,0.03223900,1.06400000
2018-02-23 10:34:32,0.03224100,0.40000000
2018-02-23 10:34:32,0.03224700,1.39500000
2018-02-23 10:34:32,0.03224700,2.23800000
2018-02-23 10:34:38,0.03225100,9.90300000
2018-02-23 10:34:38,0.03225900,1.65400000
2018-02-23 10:35:02,0.03225100,0.06500000
2018-02-23 10:35:03,0.03230500,0.16400000
2018-02-23 10:35:07,0.03230500,0.06800000
2018-02-23 10:35:10,0.03230500,0.35600000
2018-02-23 10:35:10,0.03230500,0.07700000
2018-02-23 10:35:10,0.03230300,0.06500000
2018-02-23 10:35:10,0.03230500,0.21400000
2018-02-23 10:35:11,0.03230500,0.04900000
2018-02-23 10:35:14,0.03230600,0.04600000
2018-02-23 10:35:16,0.03230600,0.06200000
2018-02-23 10:35:18,0.03230600,0.18600000
2018-02-23 10:35:30,0.03230600,0.05600000
2018-02-23 10:35:32,0.03231400,0.13900000
2018-02-23 10:35:34,0.03231400,0.07700000
2018-02-23 10:35:35,0.03231400,0.04600000
2018-02-23 10:35:36,0.03231400,0.07700000
2018-02-23 10:35:36,0.03231400,0.41700000
2018-02-23 10:35:36,0.03238800,3.70800000
2018-02-23 10:35:36,0.03238900,2.87500000
2018-02-23 10:35:37,0.03227400,0.40000000
2018-02-23 10:35:37,0.03227300,0.35100000
2018-02-23 10:35:37,0.03227300,0.06200000
2018-02-23 10:35:37,0.03227300,1.46400000
2018-02-23 10:35:37,0.03227300,0.08100000
2018-02-23 10:35:37,0.03227300,3.77500000
2018-02-23 10:35:39,0.03227300,1.00000000
2018-02-23 10:35:41,0.03227300,0.02100000
2018-02-23 10:35:42,0.03227300,0.12400000
2018-02-23 10:35:44,0.03227300,1.38100000
2018-02-23 10:35:45,0.03227600,0.07700000
2018-02-23 10:35:46,0.03238400,1.14300000
2018-02-23 10:35:59,0.03229100,0.92900000
2018-02-23 10:35:59,0.03228000,2.92600000
2018-02-23 10:35:59,0.03227300,0.10100000
2018-02-23 10:35:59,0.03227300,1.04200000
2018-02-23 10:36:15,0.03235900,0.37200000
2018-02-23 10:36:20,0.03235300,1.53200000
2018-02-23 10:36:20,0.03235400,0.35100000
2018-02-23 10:36:20,0.03235500,0.92900000
2018-02-23 10:36:20,0.03235600,0.38800000
2018-02-23 10:36:34,0.03234500,1.00000000
2018-02-23 10:36:35,0.03234500,0.04200000
2018-02-23 10:36:35,0.03234700,0.19600000
2018-02-23 10:36:37,0.03234400,0.08100000
2018-02-23 10:36:37,0.03234700,0.61400000
2018-02-23 10:36:40,0.03234700,0.13000000
2018-02-23 10:36:44,0.03234300,0.00900000
2018-02-23 10:37:01,0.03234300,0.30900000
2018-02-23 10:37:08,0.03234300,0.50500000
2018-02-23 10:37:12,0.03233600,0.07800000
2018-02-23 10:37:14,0.03233700,0.03100000
2018-02-23 10:37:14,0.03233600,0.04700000
2018-02-23 10:37:17,0.03233800,0.07800000
2018-02-23 10:37:19,0.03233800,0.07800000
2018-02-23 10:37:21,0.03233800,0.07800000
2018-02-23 10:37:23,0.03233800,0.07800000
2018-02-23 10:37:25,0.03233800,0.07800000
2018-02-23 10:37:25,0.03233800,0.07700000
2018-02-23 10:37:30,0.03234300,0.20900000
2018-02-23 10:37:36,0.03234300,0.27200000
2018-02-23 10:37:49,0.03234500,0.18500000
2018-02-23 10:37:50,0.03235600,0.55900000
2018-02-23 10:37:51,0.03234300,1.00000000
2018-02-23 10:38:00,0.03234500,0.35200000
2018-02-23 10:38:00,0.03234400,0.94500000
2018-02-23 10:38:02,0.03234500,1.48100000
2018-02-23 10:38:03,0.03238200,0.30000000
2018-02-23 10:38:07,0.03234500,1.27200000
2018-02-23 10:38:09,0.03238200,0.05200000
2018-02-23 10:38:09,0.03238300,0.21000000
2018-02-23 10:38:10,0.03238800,1.67900000
2018-02-23 10:38:10,0.03238900,7.75300000
2018-02-23 10:38:10,0.03238900,8.14900000
2018-02-23 10:38:10,0.03238900,6.14100000
2018-02-23 10:38:10,0.03238900,4.12100000
2018-02-23 10:38:11,0.03238900,2.61300000
2018-02-23 10:38:11,0.03238900,1.60600000
2018-02-23 10:38:11,0.03238900,0.02300000
2018-02-23 10:38:12,0.03234800,0.02000000
2018-02-23 10:38:13,0.03238900,0.06200000
2018-02-23 10:38:14,0.03234700,0.02000000
2018-02-23 10:38:15,0.03238900,0.04600000
2018-02-23 10:38:16,0.03238900,2.63200000
2018-02-23 10:38:16,0.03240000,0.07300000
2018-02-23 10:38:21,0.03240000,7.64500000
2018-02-23 10:38:22,0.03240000,0.09300000
2018-02-23 10:38:23,0.03240000,1.85400000
2018-02-23 10:38:24,0.03240200,0.07800000
2018-02-23 10:38:26,0.03240600,0.07800000
2018-02-23 10:38:28,0.03240100,0.07800000
2018-02-23 10:38:31,0.03240100,0.07800000
2018-02-23 10:38:33,0.03240100,0.71200000
2018-02-23 10:38:33,0.03240100,0.05700000
2018-02-23 10:38:33,0.03240000,0.02100000
2018-02-23 10:38:35,0.03240000,0.07700000
2018-02-23 10:38:35,0.03244600,0.07800000
2018-02-23 10:38:35,0.03244900,0.07800000
2018-02-23 10:38:35,0.03245000,0.07800000
2018-02-23 10:38:35,0.03245200,0.07800000
2018-02-23 10:38:35,0.03245400,0.07700000
2018-02-23 10:38:35,0.03246300,0.61100000
2018-02-23 10:38:36,0.03240300,0.07800000
2018-02-23 10:38:37,0.03240800,0.07700000
2018-02-23 10:38:38,0.03240200,0.07800000
2018-02-23 10:38:40,0.03240300,0.07700000
2018-02-23 10:38:41,0.03240300,0.07800000
2018-02-23 10:38:42,0.03240300,0.07700000
2018-02-23 10:38:52,0.03241500,0.15500000
2018-02-23 10:38:52,0.03241700,0.07800000
2018-02-23 10:38:52,0.03244900,0.23200000
2018-02-23 10:38:52,0.03245000,1.64900000
2018-02-23 10:38:52,0.03240500,0.09700000
2018-02-23 10:38:59,0.03245000,0.11300000
2018-02-23 10:39:08,0.03245000,1.73800000
2018-02-23 10:39:08,0.03245000,0.92400000
2018-02-23 10:39:08,0.03245000,1.14100000
2018-02-23 10:39:08,0.03245000,0.92300000
2018-02-23 10:39:09,0.03245000,0.92400000
2018-02-23 10:39:09,0.03245000,2.06400000
2018-02-23 10:39:09,0.03245000,0.92400000
2018-02-23 10:39:09,0.03245000,0.92400000
2018-02-23 10:39:09,0.03245000,0.91200000
2018-02-23 10:39:11,0.03245000,3.22000000
2018-02-23 10:39:15,0.03245000,0.07800000
2018-02-23 10:39:18,0.03245200,0.53200000
2018-02-23 10:39:21,0.03245200,0.14800000
2018-02-23 10:39:25,0.03246200,0.76900000
2018-02-23 10:39:31,0.03246300,0.18700000
2018-02-23 10:39:33,0.03246200,0.87300000
2018-02-23 10:39:35,0.03245200,0.83600000
2018-02-23 10:39:39,0.03245000,1.43800000
2018-02-23 10:39:41,0.03241100,0.05500000
2018-02-23 10:39:41,0.03241100,0.38000000
2018-02-23 10:39:41,0.03245300,0.23000000
2018-02-23 10:39:42,0.03241200,0.06900000
2018-02-23 10:39:43,0.03241200,0.08700000
2018-02-23 10:39:43,0.03241200,0.16000000
2018-02-23 10:39:43,0.03241200,0.12800000
2018-02-23 10:39:43,0.03241200,0.15600000
2018-02-23 10:39:44,0.03241200,0.09200000
2018-02-23 10:39:44,0.03241200,0.06900000
2018-02-23 10:39:47,0.03240700,0.07800000
2018-02-23 10:39:48,0.03240700,0.07800000
2018-02-23 10:39:48,0.03240700,0.03700000
2018-02-23 10:39:48,0.03240700,0.10900000
2018-02-23 10:39:49,0.03240700,0.33300000
2018-02-23 10:39:49,0.03240600,0.43500000
2018-02-23 10:39:51,0.03240700,1.51000000
2018-02-23 10:39:52,0.03241200,0.15700000
2018-02-23 10:39:53,0.03241200,0.05800000
2018-02-23 10:39:57,0.03245100,0.06900000
2018-02-23 10:39:58,0.03245100,2.81600000
2018-02-23 10:39:58,0.03241200,0.24600000
2018-02-23 10:39:58,0.03241200,0.09400000
2018-02-23 10:39:59,0.03241200,0.04300000
2018-02-23 10:39:59,0.03241200,0.06800000
2018-02-23 10:40:00,0.03241200,0.01400000
2018-02-23 10:40:01,0.03241200,0.07200000
2018-02-23 10:40:01,0.03241200,1.04900000
2018-02-23 10:40:06,0.03240600,1.09400000
2018-02-23 10:40:06,0.03240600,0.56600000
2018-02-23 10:40:09,0.03241500,0.01400000
2018-02-23 10:40:10,0.03241500,0.01600000
2018-02-23 10:40:10,0.03240600,1.33300000
2018-02-23 10:40:10,0.03239300,0.03400000
2018-02-23 10:40:10,0.03234400,0.07300000
2018-02-23 10:40:12,0.03235000,0.42400000
2018-02-23 10:40:12,0.03235400,0.07800000
2018-02-23 10:40:13,0.03235600,0.83100000
2018-02-23 10:40:13,0.03235700,0.25000000
2018-02-23 10:40:14,0.03235600,0.15700000
2018-02-23 10:40:14,0.03235600,0.07800000
2018-02-23 10:40:14,0.03244400,0.07100000
2018-02-23 10:40:14,0.03235900,0.15600000
2018-02-23 10:40:14,0.03235900,0.07800000
2018-02-23 10:40:15,0.03235900,0.15600000
2018-02-23 10:40:15,0.03235800,0.07700000
2018-02-23 10:40:15,0.03235400,0.02700000
2018-02-23 10:40:15,0.03235800,1.37900000
2018-02-23 10:40:15,0.03236000,0.07300000
2018-02-23 10:40:16,0.03236000,0.12500000
2018-02-23 10:40:16,0.03236200,0.07800000
2018-02-23 10:40:16,0.03236200,0.10300000
2018-02-23 10:40:16,0.03236200,0.03800000
2018-02-23 10:40:18,0.03236200,0.62600000
2018-02-23 10:40:19,0.03244400,0.09600000
2018-02-23 10:40:19,0.03236200,0.07800000
2018-02-23 10:40:22,0.03236200,2.16800000
2018-02-23 10:40:22,0.03234500,0.02900000
2018-02-23 10:40:23,0.03243900,1.07800000
2018-02-23 10:40:24,0.03236300,0.07800000
2018-02-23 10:40:25,0.03236300,0.10800000
2018-02-23 10:40:25,0.03243500,0.15400000
2018-02-23 10:40:28,0.03243000,0.35500000
2018-02-23 10:40:28,0.03242900,0.03700000
2018-02-23 10:40:29,0.03235700,1.49100000
2018-02-23 10:40:31,0.03242100,0.13300000
2018-02-23 10:40:32,0.03241800,1.52500000
2018-02-23 10:40:32,0.03242000,1.49100000
2018-02-23 10:40:32,0.03242600,0.99400000
2018-02-23 10:40:32,0.03243800,0.36000000
2018-02-23 10:40:32,0.03245000,2.92600000
2018-02-23 10:40:33,0.03245000,0.14900000
2018-02-23 10:40:34,0.03246300,0.14300000
2018-02-23 10:40:34,0.03245000,0.07800000
2018-02-23 10:40:37,0.03245400,0.05100000
2018-02-23 10:40:46,0.03245400,1.58100000
2018-02-23 10:40:47,0.03245400,0.07700000
2018-02-23 10:40:50,0.03245400,1.66500000
2018-02-23 10:41:00,0.03245000,1.50300000
2018-02-23 10:41:05,0.03245300,0.11700000
2018-02-23 10:41:07,0.03245300,0.18700000
2018-02-23 10:41:07,0.03245400,0.12100000
2018-02-23 10:41:09,0.03245000,1.59800000
2018-02-23 10:41:09,0.03240500,3.32700000
2018-02-23 10:41:09,0.03236800,0.37000000
2018-02-23 10:41:09,0.03236300,0.09100000
2018-02-23 10:41:09,0.03236200,0.09300000
2018-02-23 10:41:09,0.03236100,0.03400000
2018-02-23 10:41:09,0.03235600,0.15400000
2018-02-23 10:41:09,0.03235500,2.38100000
2018-02-23 10:41:12,0.03236300,0.23200000
2018-02-23 10:41:14,0.03245300,2.38100000
2018-02-23 10:41:14,0.03245400,2.38100000
2018-02-23 10:41:14,0.03245400,0.05100000
2018-02-23 10:41:14,0.03245400,0.30500000
2018-02-23 10:41:14,0.03245400,0.36900000
2018-02-23 10:41:14,0.03245400,0.36900000
2018-02-23 10:41:16,0.03236700,0.34900000
2018-02-23 10:41:17,0.03245400,0.05600000
2018-02-23 10:41:17,0.03237200,0.26300000
2018-02-23 10:41:19,0.03238000,0.07800000
2018-02-23 10:41:20,0.03245300,0.04300000
2018-02-23 10:41:20,0.03238200,2.00000000
2018-02-23 10:41:22,0.03238500,0.59500000
2018-02-23 10:41:22,0.03238300,0.40000000
2018-02-23 10:41:22,0.03238000,0.84800000
2018-02-23 10:41:22,0.03237700,0.15400000
2018-02-23 10:41:22,0.03237500,0.03300000
2018-02-23 10:41:22,0.03237300,1.70200000
2018-02-23 10:41:22,0.03237200,0.47200000
