DATE,PRICE,VOLUME
2018-02-27 20:00:04,0.04599200,1.78500000
2018-02-27 20:00:06,0.04600000,2.31500000
2018-02-27 20:00:06,0.04600300,3.48600000
2018-02-27 20:00:06,0.04617000,0.09900000
2018-02-27 20:00:09,0.04616500,0.11100000
2018-02-27 20:00:09,0.04616600,0.54800000
2018-02-27 20:00:10,0.04600300,0.08600000
2018-02-27 20:00:10,0.04616600,0.05700000
2018-02-27 20:00:10,0.04616600,0.05600000
2018-02-27 20:00:12,0.04600900,0.16200000
2018-02-27 20:00:13,0.04600900,0.22500000
2018-02-27 20:00:22,0.04602700,0.21500000
2018-02-27 20:00:25,0.04603000,0.17000000
2018-02-27 20:00:27,0.04603900,0.09300000
2018-02-27 20:00:28,0.04604200,0.09300000
2018-02-27 20:00:30,0.04604800,1.01500000
2018-02-27 20:00:30,0.04605100,0.43400000
2018-02-27 20:00:30,0.04605100,1.01300000
2018-02-27 20:00:30,0.04604900,0.43300000
2018-02-27 20:00:30,0.04604900,0.00100000
2018-02-27 20:00:31,0.04603000,0.17500000
2018-02-27 20:00:31,0.04603000,0.00200000
2018-02-27 20:00:31,0.04600900,0.15000000
2018-02-27 20:00:31,0.04604900,0.23800000
2018-02-27 20:00:32,0.04600900,0.04400000
2018-02-27 20:00:38,0.04600900,0.00200000
2018-02-27 20:00:38,0.04600100,0.16800000
2018-02-27 20:00:44,0.04600100,0.20000000
2018-02-27 20:00:46,0.04600100,0.02500000
2018-02-27 20:00:51,0.04600200,0.61700000
2018-02-27 20:00:51,0.04600100,4.12900000
2018-02-27 20:00:51,0.04600000,0.23200000
2018-02-27 20:00:59,0.04599600,3.27400000
2018-02-27 20:00:59,0.04600000,0.24900000
2018-02-27 20:00:59,0.04600000,0.07000000
2018-02-27 20:01:01,0.04599100,0.62400000
2018-02-27 20:01:01,0.04600100,0.22200000
2018-02-27 20:01:02,0.04599100,0.02500000
2018-02-27 20:01:14,0.04599100,0.39500000
2018-02-27 20:01:28,0.04600000,0.37900000
2018-02-27 20:01:28,0.04600100,1.12000000
2018-02-27 20:01:32,0.04601700,0.05000000
2018-02-27 20:01:39,0.04601700,0.74000000
2018-02-27 20:01:48,0.04600000,1.04800000
2018-02-27 20:01:56,0.04601700,0.51200000
2018-02-27 20:01:57,0.04600000,0.12300000
2018-02-27 20:02:00,0.04600100,1.31700000
2018-02-27 20:02:03,0.04601700,0.38000000
2018-02-27 20:02:04,0.04600100,0.09900000
2018-02-27 20:02:12,0.04601700,0.25300000
2018-02-27 20:02:17,0.04601700,0.58600000
2018-02-27 20:02:17,0.04600200,0.41800000
2018-02-27 20:02:17,0.04600100,3.19400000
2018-02-27 20:02:17,0.04600000,0.80200000
2018-02-27 20:02:34,0.04603000,0.49400000
2018-02-27 20:02:45,0.04603000,0.48100000
2018-02-27 20:02:50,0.04603000,1.18400000
2018-02-27 20:02:52,0.04603000,1.48900000
2018-02-27 20:02:52,0.04602000,0.55000000
2018-02-27 20:03:22,0.04602000,0.16800000
2018-02-27 20:03:26,0.04602000,0.47300000
2018-02-27 20:03:27,0.04602000,0.21200000
2018-02-27 20:03:32,0.04602000,0.06800000
2018-02-27 20:03:32,0.04602000,0.06800000
2018-02-27 20:03:45,0.04609900,0.16800000
2018-02-27 20:03:46,0.04609900,0.76400000
2018-02-27 20:03:57,0.04602100,0.79800000
2018-02-27 20:04:01,0.04602100,0.02800000
2018-02-27 20:04:04,0.04609900,0.39400000
2018-02-27 20:04:05,0.04602000,0.57300000
2018-02-27 20:04:21,0.04602200,4.38900000
2018-02-27 20:04:22,0.04602200,0.22400000
2018-02-27 20:04:27,0.04602100,0.10500000
2018-02-27 20:04:27,0.04602000,3.60600000
2018-02-27 20:04:31,0.04602000,0.28200000
2018-02-27 20:04:31,0.04600100,3.89600000
2018-02-27 20:04:32,0.04602200,0.38700000
2018-02-27 20:04:36,0.04610000,0.43900000
2018-02-27 20:04:38,0.04610000,0.07300000
2018-02-27 20:04:49,0.04610000,0.10400000
2018-02-27 20:04:49,0.04612200,0.13000000
2018-02-27 20:05:09,0.04610000,0.23100000
2018-02-27 20:05:09,0.04612100,0.25000000
2018-02-27 20:05:09,0.04612200,0.15100000
2018-02-27 20:05:09,0.04612900,0.22400000
2018-02-27 20:05:18,0.04603800,1.02500000
2018-02-27 20:05:39,0.04612700,0.03300000
2018-02-27 20:05:39,0.04612700,0.85800000
2018-02-27 20:05:40,0.04612700,0.13400000
2018-02-27 20:05:40,0.04612900,0.04700000
2018-02-27 20:06:02,0.04612900,0.28100000
2018-02-27 20:06:05,0.04610000,16.08600000
2018-02-27 20:06:05,0.04610000,2.86300000
2018-02-27 20:06:15,0.04607000,0.14700000
2018-02-27 20:06:16,0.04607000,1.66800000
2018-02-27 20:06:16,0.04606800,0.72300000
2018-02-27 20:06:19,0.04612900,0.57600000
2018-02-27 20:06:19,0.04613500,2.43100000
2018-02-27 20:06:20,0.04612200,0.85900000
2018-02-27 20:06:22,0.04612200,0.42200000
2018-02-27 20:06:30,0.04606800,0.43800000
2018-02-27 20:06:39,0.04612100,0.13200000
2018-02-27 20:06:39,0.04612200,1.08200000
2018-02-27 20:06:46,0.04612100,0.21800000
2018-02-27 20:06:47,0.04612100,1.01200000
2018-02-27 20:06:53,0.04606800,2.58100000
2018-02-27 20:06:53,0.04606100,6.19600000
2018-02-27 20:06:53,0.04606100,9.20200000
2018-02-27 20:06:53,0.04612100,0.00700000
2018-02-27 20:06:54,0.04603600,0.27400000
2018-02-27 20:06:54,0.04602700,1.25500000
2018-02-27 20:06:54,0.04602200,1.22600000
2018-02-27 20:06:55,0.04605000,1.01900000
2018-02-27 20:06:55,0.04604400,0.10800000
2018-02-27 20:06:55,0.04602800,0.27400000
2018-02-27 20:06:55,0.04612100,0.50400000
2018-02-27 20:07:02,0.04602800,0.10000000
2018-02-27 20:07:02,0.04602800,0.10100000
2018-02-27 20:07:02,0.04602800,1.04200000
2018-02-27 20:07:12,0.04602800,1.94900000
2018-02-27 20:07:14,0.04603000,0.00700000
2018-02-27 20:07:15,0.04603000,0.34000000
2018-02-27 20:07:19,0.04603000,0.64700000
2018-02-27 20:07:20,0.04603000,0.10600000
2018-02-27 20:07:21,0.04603000,1.07200000
2018-02-27 20:07:21,0.04602800,5.61400000
2018-02-27 20:07:28,0.04603000,2.17800000
2018-02-27 20:07:28,0.04602800,2.24200000
2018-02-27 20:07:33,0.04604000,0.40000000
2018-02-27 20:07:33,0.04602800,0.08700000
2018-02-27 20:07:36,0.04602800,8.38800000
2018-02-27 20:07:37,0.04611800,2.17200000
2018-02-27 20:07:37,0.04612100,1.41700000
2018-02-27 20:07:37,0.04613000,10.97100000
2018-02-27 20:07:37,0.04613500,4.88800000
2018-02-27 20:07:37,0.04613600,5.05100000
2018-02-27 20:07:37,0.04616300,4.78900000
2018-02-27 20:07:37,0.04616400,0.09800000
2018-02-27 20:07:37,0.04616500,1.73800000
2018-02-27 20:07:37,0.04617000,20.14300000
2018-02-27 20:07:37,0.04620000,0.88700000
2018-02-27 20:07:37,0.04620300,0.06200000
2018-02-27 20:07:37,0.04622000,3.36500000
2018-02-27 20:07:37,0.04624800,0.33400000
2018-02-27 20:07:37,0.04624900,1.22700000
2018-02-27 20:07:37,0.04625000,1.89000000
2018-02-27 20:07:37,0.04625500,0.10000000
2018-02-27 20:07:37,0.04627100,0.03100000
2018-02-27 20:07:37,0.04633300,0.21500000
2018-02-27 20:07:37,0.04634700,0.09900000
2018-02-27 20:07:37,0.04639800,1.04700000
2018-02-27 20:07:37,0.04640000,2.05400000
2018-02-27 20:07:37,0.04642100,0.84200000
2018-02-27 20:07:37,0.04642800,0.16900000
2018-02-27 20:07:37,0.04643000,0.02800000
2018-02-27 20:07:37,0.04650000,0.99300000
2018-02-27 20:07:37,0.04650200,0.04400000
2018-02-27 20:07:37,0.04651900,0.11700000
2018-02-27 20:07:37,0.04652300,0.30800000
2018-02-27 20:07:37,0.04655700,0.14500000
2018-02-27 20:07:37,0.04657200,0.02400000
2018-02-27 20:07:37,0.04658100,0.06500000
2018-02-27 20:07:37,0.04659400,0.28400000
2018-02-27 20:07:37,0.04659500,0.04500000
2018-02-27 20:07:37,0.04665100,0.09700000
2018-02-27 20:07:37,0.04666800,3.84300000
2018-02-27 20:07:37,0.04668400,0.03200000
2018-02-27 20:07:37,0.04670100,0.21700000
2018-02-27 20:07:37,0.04677600,4.64300000
2018-02-27 20:07:37,0.04678000,0.24200000
2018-02-27 20:07:37,0.04678500,2.01400000
2018-02-27 20:07:37,0.04679100,0.48400000
2018-02-27 20:07:37,0.04679700,0.71400000
2018-02-27 20:07:37,0.04679900,2.63400000
2018-02-27 20:07:37,0.04680000,26.47600000
2018-02-27 20:07:37,0.04680000,0.49400000
2018-02-27 20:07:37,0.04680000,1.94600000
2018-02-27 20:07:37,0.04680000,13.09300000
2018-02-27 20:07:37,0.04680000,3.56500000
2018-02-27 20:07:37,0.04680000,13.84000000
2018-02-27 20:07:37,0.04680000,215.02400000
2018-02-27 20:07:37,0.04602800,1.08400000
2018-02-27 20:07:37,0.04600200,1.62900000
2018-02-27 20:07:37,0.04600100,2.90400000
2018-02-27 20:07:37,0.04600000,10.39200000
2018-02-27 20:07:37,0.04599100,1.39600000
2018-02-27 20:07:37,0.04599100,2.55700000
2018-02-27 20:07:37,0.04598000,1.36000000
2018-02-27 20:07:37,0.04598000,0.03700000
2018-02-27 20:07:37,0.04597900,0.10900000
2018-02-27 20:07:37,0.04597200,1.72100000
2018-02-27 20:07:37,0.04596200,0.13100000
2018-02-27 20:07:37,0.04595000,0.53100000
2018-02-27 20:07:37,0.04594200,0.38000000
2018-02-27 20:07:37,0.04590700,0.71200000
2018-02-27 20:07:37,0.04590700,4.40100000
2018-02-27 20:07:37,0.04602900,3.56300000
2018-02-27 20:07:37,0.04603100,0.21200000
2018-02-27 20:07:38,0.04612900,0.02500000
2018-02-27 20:07:38,0.04612900,0.10700000
2018-02-27 20:07:38,0.04612900,0.10700000
2018-02-27 20:07:39,0.04612900,0.44700000
2018-02-27 20:07:47,0.04667800,0.81100000
2018-02-27 20:07:47,0.04668300,0.02500000
2018-02-27 20:07:47,0.04672400,0.59100000
2018-02-27 20:07:47,0.04675300,0.10700000
2018-02-27 20:07:47,0.04677400,0.37900000
2018-02-27 20:07:47,0.04677500,3.63500000
2018-02-27 20:07:47,0.04680000,144.65400000
2018-02-27 20:07:47,0.04680000,0.48100000
2018-02-27 20:07:47,0.04680000,8.88000000
2018-02-27 20:07:47,0.04680000,13.09300000
2018-02-27 20:07:47,0.04680000,9.17000000
2018-02-27 20:07:47,0.04680000,4.85200000
2018-02-27 20:07:47,0.04680000,6.33700000
2018-02-27 20:07:47,0.04680000,1.42000000
2018-02-27 20:07:47,0.04680000,1.72400000
2018-02-27 20:07:47,0.04680000,9.49900000
2018-02-27 20:07:47,0.04680000,1.33500000
2018-02-27 20:07:47,0.04680000,0.21200000
2018-02-27 20:07:47,0.04680000,1.00000000
2018-02-27 20:07:47,0.04680000,1.33400000
2018-02-27 20:07:47,0.04680000,1.00000000
2018-02-27 20:07:47,0.04680000,1.33400000
2018-02-27 20:07:47,0.04680000,2.47000000
2018-02-27 20:07:47,0.04680000,3.88500000
2018-02-27 20:07:47,0.04680000,0.21300000
2018-02-27 20:07:47,0.04680000,17.94000000
2018-02-27 20:07:47,0.04680000,1.57600000
2018-02-27 20:07:47,0.04680000,0.21300000
2018-02-27 20:07:48,0.04680000,1.72000000
2018-02-27 20:07:48,0.04680000,27.44000000
2018-02-27 20:07:48,0.04680000,0.13100000
2018-02-27 20:07:48,0.04680000,7.08700000
2018-02-27 20:07:48,0.04680000,0.34400000
2018-02-27 20:07:48,0.04680000,27.43000000
2018-02-27 20:07:48,0.04680000,52.67800000
2018-02-27 20:07:48,0.04630000,2.15500000
2018-02-27 20:07:48,0.04629800,6.39400000
2018-02-27 20:07:48,0.04629700,0.10800000
2018-02-27 20:07:48,0.04627700,0.08600000
2018-02-27 20:07:48,0.04627200,1.01300000
2018-02-27 20:07:48,0.04627100,0.08500000
2018-02-27 20:07:48,0.04625000,0.51100000
2018-02-27 20:07:48,0.04621700,0.10800000
2018-02-27 20:07:48,0.04621400,0.24100000
2018-02-27 20:07:48,0.04621100,0.14900000
2018-02-27 20:07:48,0.04613000,0.15000000
2018-02-27 20:07:48,0.04611800,0.42900000
2018-02-27 20:07:48,0.04611500,0.73500000
2018-02-27 20:07:48,0.04609900,0.75100000
2018-02-27 20:07:48,0.04608500,0.16000000
2018-02-27 20:07:48,0.04607800,3.56300000
2018-02-27 20:07:48,0.04607700,0.88000000
2018-02-27 20:07:48,0.04606200,1.98500000
2018-02-27 20:07:48,0.04604300,1.02500000
2018-02-27 20:07:48,0.04604200,14.33300000
2018-02-27 20:07:48,0.04604200,1.74400000
2018-02-27 20:07:48,0.04640000,0.06800000
2018-02-27 20:07:48,0.04610900,0.14300000
2018-02-27 20:07:48,0.04610900,0.02500000
2018-02-27 20:07:48,0.04610900,0.06800000
2018-02-27 20:07:48,0.04640000,0.06800000
2018-02-27 20:07:49,0.04640000,0.00100000
2018-02-27 20:07:54,0.04614500,0.36300000
2018-02-27 20:07:56,0.04614600,0.06900000
2018-02-27 20:08:07,0.04625700,0.10000000
2018-02-27 20:08:07,0.04625700,0.33100000
2018-02-27 20:08:07,0.04625800,1.66100000
2018-02-27 20:08:07,0.04625800,0.04800000
2018-02-27 20:08:08,0.04625100,0.10000000
2018-02-27 20:08:08,0.04625100,0.13800000
2018-02-27 20:08:10,0.04616500,0.11300000
2018-02-27 20:08:11,0.04617300,0.08800000
2018-02-27 20:08:11,0.04624100,0.05400000
2018-02-27 20:08:11,0.04623900,0.40700000
2018-02-27 20:08:11,0.04624100,0.02900000
2018-02-27 20:08:12,0.04623800,0.04800000
2018-02-27 20:08:16,0.04619600,0.10000000
2018-02-27 20:08:16,0.04623500,0.24800000
2018-02-27 20:08:21,0.04615600,0.19800000
2018-02-27 20:08:29,0.04623300,1.02000000
2018-02-27 20:08:29,0.04623400,0.10800000
2018-02-27 20:08:29,0.04623800,0.02100000
2018-02-27 20:08:29,0.04628100,0.42900000
2018-02-27 20:08:29,0.04632200,0.08600000
2018-02-27 20:08:29,0.04639300,0.10900000
2018-02-27 20:08:29,0.04645500,8.39100000
2018-02-27 20:08:29,0.04645600,1.98500000
2018-02-27 20:08:29,0.04645800,2.27100000
2018-02-27 20:08:29,0.04650000,1.77700000
2018-02-27 20:08:29,0.04650000,0.19800000
2018-02-27 20:08:29,0.04650000,0.29000000
2018-02-27 20:08:29,0.04650000,0.21500000
2018-02-27 20:08:29,0.04650000,1.00400000
2018-02-27 20:08:29,0.04650000,1.00300000
2018-02-27 20:08:29,0.04650000,0.10800000
2018-02-27 20:08:29,0.04650000,0.11400000
2018-02-27 20:08:29,0.04650000,0.09500000
2018-02-27 20:08:29,0.04650000,0.21500000
2018-02-27 20:08:29,0.04650000,0.02600000
2018-02-27 20:08:29,0.04650000,0.21400000
2018-02-27 20:08:29,0.04650000,0.69000000
2018-02-27 20:08:29,0.04650000,0.21500000
2018-02-27 20:08:29,0.04650000,0.21400000
2018-02-27 20:08:29,0.04650000,0.21500000
2018-02-27 20:08:30,0.04652800,0.38000000
2018-02-27 20:08:30,0.04652900,0.51400000
2018-02-27 20:08:30,0.04653000,0.08500000
2018-02-27 20:08:30,0.04656900,3.56300000
2018-02-27 20:08:30,0.04660000,0.95600000
2018-02-27 20:08:30,0.04660800,0.79500000
2018-02-27 20:08:30,0.04650000,0.21500000
2018-02-27 20:08:30,0.04650000,1.07500000
2018-02-27 20:08:30,0.04650000,2.55900000
2018-02-27 20:08:30,0.04662400,5.36700000
2018-02-27 20:08:30,0.04650200,0.21500000
2018-02-27 20:08:30,0.04650200,1.06000000
2018-02-27 20:08:30,0.04650200,0.21400000
2018-02-27 20:08:30,0.04650200,0.13800000
2018-02-27 20:08:30,0.04650200,0.21500000
2018-02-27 20:08:30,0.04650300,0.21500000
2018-02-27 20:08:30,0.04650400,0.21500000
2018-02-27 20:08:30,0.04650400,0.21500000
2018-02-27 20:08:30,0.04650400,6.19300000
2018-02-27 20:08:30,0.04650400,0.21500000
2018-02-27 20:08:30,0.04650600,0.21400000
2018-02-27 20:08:30,0.04650600,0.21500000
2018-02-27 20:08:30,0.04650600,0.21500000
2018-02-27 20:08:30,0.04650700,0.02700000
2018-02-27 20:08:30,0.04650700,0.21500000
2018-02-27 20:08:30,0.04650900,0.18800000
2018-02-27 20:08:30,0.04650900,0.21400000
2018-02-27 20:08:30,0.04650900,0.66400000
2018-02-27 20:08:30,0.04650900,0.21500000
2018-02-27 20:08:30,0.04650900,0.21500000
2018-02-27 20:08:31,0.04650900,0.21500000
2018-02-27 20:08:31,0.04650900,0.00600000
2018-02-27 20:08:31,0.04650700,0.18800000
2018-02-27 20:08:31,0.04650400,1.04700000
2018-02-27 20:08:31,0.04650300,4.09800000
2018-02-27 20:08:31,0.04650300,0.22100000
2018-02-27 20:08:31,0.04650300,1.55400000
2018-02-27 20:08:31,0.04650300,0.21400000
2018-02-27 20:08:31,0.04650300,0.68700000
2018-02-27 20:08:31,0.04650300,0.21500000
2018-02-27 20:08:31,0.04650300,0.21400000
2018-02-27 20:08:31,0.04650300,0.56800000
2018-02-27 20:08:31,0.04650300,0.21500000
2018-02-27 20:08:31,0.04650300,0.13300000
2018-02-27 20:08:31,0.04650300,0.05700000
2018-02-27 20:08:31,0.04650000,17.00000000
2018-02-27 20:08:31,0.04650000,0.21500000
2018-02-27 20:08:31,0.04650000,0.21500000
2018-02-27 20:08:31,0.04650000,0.21500000
2018-02-27 20:08:31,0.04650000,0.21500000
2018-02-27 20:08:31,0.04650000,0.21500000
2018-02-27 20:08:31,0.04650000,0.21500000
2018-02-27 20:08:32,0.04650000,2.14900000
2018-02-27 20:08:32,0.04650000,0.52300000
2018-02-27 20:08:32,0.04650000,0.83300000
2018-02-27 20:08:32,0.04650000,1.04300000
2018-02-27 20:08:32,0.04650000,0.02600000
2018-02-27 20:08:32,0.04650000,0.21500000
2018-02-27 20:08:32,0.04650000,0.21500000
2018-02-27 20:08:32,0.04650000,0.21500000
2018-02-27 20:08:32,0.04650000,0.21500000
2018-02-27 20:08:32,0.04650000,0.21500000
2018-02-27 20:08:32,0.04650000,0.21500000
2018-02-27 20:08:32,0.04650000,0.21500000
2018-02-27 20:08:33,0.04653400,0.08000000
2018-02-27 20:08:33,0.04650000,0.21500000
2018-02-27 20:08:33,0.04650000,0.21500000
2018-02-27 20:08:33,0.04650000,0.25000000
2018-02-27 20:08:33,0.04650000,0.21500000
2018-02-27 20:08:33,0.04650000,1.24100000
2018-02-27 20:08:33,0.04650000,0.21500000
2018-02-27 20:08:33,0.04650000,0.21500000
2018-02-27 20:08:33,0.04650000,0.21500000
2018-02-27 20:08:33,0.04650000,0.21500000
2018-02-27 20:08:33,0.04650000,1.06100000
2018-02-27 20:08:34,0.04650000,0.25000000
2018-02-27 20:08:34,0.04650000,0.21500000
2018-02-27 20:08:34,0.04650000,0.42200000
2018-02-27 20:08:34,0.04650000,0.14600000
2018-02-27 20:08:34,0.04650000,0.21500000
2018-02-27 20:08:34,0.04650000,0.21500000
2018-02-27 20:08:34,0.04650000,17.00000000
2018-02-27 20:08:34,0.04650000,0.21500000
2018-02-27 20:08:34,0.04650000,0.21500000
2018-02-27 20:08:35,0.04650000,0.21500000
2018-02-27 20:08:35,0.04650000,0.21200000
2018-02-27 20:08:35,0.04650000,0.21500000
2018-02-27 20:08:35,0.04650000,0.21500000
2018-02-27 20:08:35,0.04650000,0.21500000
2018-02-27 20:08:35,0.04650000,0.21500000
2018-02-27 20:08:35,0.04650000,0.21500000
2018-02-27 20:08:35,0.04650000,0.21500000
2018-02-27 20:08:35,0.04650000,0.21500000
2018-02-27 20:08:35,0.04650000,0.21500000
2018-02-27 20:08:35,0.04650000,0.21500000
2018-02-27 20:08:35,0.04650000,0.41000000
2018-02-27 20:08:35,0.04650000,0.21500000
2018-02-27 20:08:35,0.04650000,17.00000000
2018-02-27 20:08:36,0.04650000,0.02600000
2018-02-27 20:08:36,0.04650000,1.43900000
2018-02-27 20:08:36,0.04650000,0.65000000
2018-02-27 20:08:36,0.04650000,0.21500000
2018-02-27 20:08:36,0.04650000,0.21500000
2018-02-27 20:08:36,0.04666300,1.26100000
2018-02-27 20:08:36,0.04650000,0.06100000
2018-02-27 20:08:37,0.04650000,4.31900000
2018-02-27 20:08:37,0.04650000,0.27300000
2018-02-27 20:08:37,0.04650000,0.35500000
2018-02-27 20:08:37,0.04650100,1.07500000
2018-02-27 20:08:38,0.04650100,0.21100000
2018-02-27 20:08:38,0.04665700,2.94200000
2018-02-27 20:08:38,0.04665900,0.43000000
2018-02-27 20:08:38,0.04666200,0.23800000
2018-02-27 20:08:38,0.04667200,1.54200000
2018-02-27 20:08:38,0.04667700,1.28200000
2018-02-27 20:08:38,0.04650300,0.62900000
2018-02-27 20:08:39,0.04650300,0.46100000
2018-02-27 20:08:39,0.04650300,0.88000000
2018-02-27 20:08:40,0.04650600,0.14700000
2018-02-27 20:08:40,0.04666000,0.21500000
2018-02-27 20:08:40,0.04667700,1.89900000
2018-02-27 20:08:41,0.04650600,0.02900000
2018-02-27 20:08:41,0.04650400,0.35800000
2018-02-27 20:08:41,0.04650700,0.21500000
2018-02-27 20:08:41,0.04650800,0.02400000
2018-02-27 20:08:41,0.04650800,0.21500000
2018-02-27 20:08:41,0.04665700,0.35900000
2018-02-27 20:08:41,0.04650800,0.11900000
2018-02-27 20:08:42,0.04650700,0.02400000
2018-02-27 20:08:42,0.04650400,0.07000000
2018-02-27 20:08:42,0.04663500,0.41800000
2018-02-27 20:08:42,0.04650400,0.00200000
2018-02-27 20:08:42,0.04650100,0.41600000
2018-02-27 20:08:42,0.04650100,0.21500000
2018-02-27 20:08:42,0.04650100,1.27400000
2018-02-27 20:08:42,0.04650100,0.04000000
2018-02-27 20:08:42,0.04650000,0.02600000
2018-02-27 20:08:42,0.04650000,0.21500000
2018-02-27 20:08:43,0.04650000,0.04000000
2018-02-27 20:08:44,0.04650100,1.78700000
2018-02-27 20:08:44,0.04650300,1.00000000
2018-02-27 20:08:44,0.04650200,0.08500000
2018-02-27 20:08:45,0.04650200,0.06600000
2018-02-27 20:08:46,0.04650200,0.35800000
2018-02-27 20:08:49,0.04650200,0.83300000
2018-02-27 20:08:50,0.04650200,0.08000000
2018-02-27 20:08:54,0.04650200,0.43600000
2018-02-27 20:08:55,0.04650400,1.85800000
2018-02-27 20:08:55,0.04650600,3.53200000
2018-02-27 20:08:55,0.04650700,1.61100000
2018-02-27 20:09:04,0.04650200,0.45700000
2018-02-27 20:09:05,0.04657600,0.14600000
2018-02-27 20:09:06,0.04657600,4.22700000
2018-02-27 20:09:07,0.04657500,0.23900000
2018-02-27 20:09:07,0.04657600,0.63300000
2018-02-27 20:09:08,0.04657600,0.15600000
2018-02-27 20:09:08,0.04657600,2.00000000
2018-02-27 20:09:09,0.04657600,0.35900000
2018-02-27 20:09:10,0.04657600,0.29800000
2018-02-27 20:09:10,0.04657700,0.49900000
2018-02-27 20:09:10,0.04657800,0.17200000
2018-02-27 20:09:10,0.04658000,0.02900000
2018-02-27 20:09:11,0.04650300,0.45800000
2018-02-27 20:09:12,0.04650300,0.15000000
2018-02-27 20:09:13,0.04657600,0.45800000
2018-02-27 20:09:19,0.04657600,0.01600000
2018-02-27 20:09:21,0.04657600,0.15000000
2018-02-27 20:09:21,0.04657600,2.75300000
2018-02-27 20:09:21,0.04657700,4.37600000
2018-02-27 20:09:22,0.04657700,0.15000000
2018-02-27 20:09:23,0.04658000,0.17100000
2018-02-27 20:09:23,0.04659900,0.42900000
2018-02-27 20:09:27,0.04657600,0.03500000
2018-02-27 20:09:27,0.04660000,0.38600000
2018-02-27 20:09:28,0.04657600,0.03500000
2018-02-27 20:09:31,0.04663000,1.23900000
2018-02-27 20:09:31,0.04663500,0.13400000
2018-02-27 20:09:32,0.04663500,0.28600000
2018-02-27 20:09:33,0.04667800,0.45500000
2018-02-27 20:09:34,0.04667800,0.29600000
2018-02-27 20:09:34,0.04670000,4.21300000
2018-02-27 20:09:34,0.04676300,0.88000000
2018-02-27 20:09:34,0.04677600,0.48300000
2018-02-27 20:09:34,0.04680000,18.12800000
2018-02-27 20:09:38,0.04664400,0.35900000
2018-02-27 20:09:38,0.04664400,0.10000000
2018-02-27 20:09:40,0.04677000,0.11000000
2018-02-27 20:09:41,0.04665000,0.11800000
2018-02-27 20:09:41,0.04665000,0.72000000
2018-02-27 20:09:42,0.04665000,0.09600000
2018-02-27 20:09:43,0.04676900,0.35900000
2018-02-27 20:09:43,0.04677000,0.34800000
2018-02-27 20:09:43,0.04679900,1.39100000
2018-02-27 20:09:43,0.04665300,0.20000000
2018-02-27 20:09:47,0.04667600,0.38400000
2018-02-27 20:09:49,0.04667600,1.07300000
2018-02-27 20:09:51,0.04667600,0.13600000
2018-02-27 20:09:52,0.04667600,0.61300000
2018-02-27 20:09:52,0.04667600,1.07000000
2018-02-27 20:09:56,0.04665000,0.04000000
2018-02-27 20:10:05,0.04667800,0.03300000
2018-02-27 20:10:05,0.04667600,0.99800000
2018-02-27 20:10:06,0.04667600,0.71700000
2018-02-27 20:10:06,0.04665000,1.49500000
2018-02-27 20:10:06,0.04664900,0.21500000
2018-02-27 20:10:06,0.04664800,0.14100000
2018-02-27 20:10:07,0.04664800,2.12200000
2018-02-27 20:10:07,0.04664800,0.25800000
2018-02-27 20:10:07,0.04667800,0.96700000
2018-02-27 20:10:09,0.04668300,0.14200000
2018-02-27 20:10:09,0.04680000,2.00000000
2018-02-27 20:10:09,0.04668600,0.20300000
2018-02-27 20:10:10,0.04680000,0.67200000
2018-02-27 20:10:10,0.04680000,0.22400000
2018-02-27 20:10:16,0.04679900,0.12600000
2018-02-27 20:10:17,0.04679900,0.54800000
2018-02-27 20:10:17,0.04680000,1.06300000
2018-02-27 20:10:23,0.04670700,1.79700000
2018-02-27 20:10:23,0.04670500,0.42800000
2018-02-27 20:10:23,0.04667800,1.52100000
2018-02-27 20:10:31,0.04667800,0.67000000
2018-02-27 20:10:31,0.04678600,0.70000000
2018-02-27 20:10:33,0.04667800,0.18000000
2018-02-27 20:10:33,0.04678100,0.05000000
2018-02-27 20:10:33,0.04678100,0.73000000
2018-02-27 20:10:33,0.04667800,0.04800000
2018-02-27 20:10:35,0.04677700,0.35800000
2018-02-27 20:10:35,0.04677500,0.00600000
2018-02-27 20:10:36,0.04677500,0.64700000
2018-02-27 20:10:40,0.04668000,0.00900000
2018-02-27 20:10:44,0.04677500,0.00900000
2018-02-27 20:10:44,0.04677700,0.07000000
2018-02-27 20:10:44,0.04678400,0.21400000
2018-02-27 20:10:44,0.04678900,0.14400000
2018-02-27 20:10:44,0.04680000,0.46800000
2018-02-27 20:10:46,0.04670000,0.05300000
2018-02-27 20:10:47,0.04670000,0.82300000
2018-02-27 20:10:49,0.04670000,0.33300000
2018-02-27 20:10:50,0.04670000,0.22900000
2018-02-27 20:10:54,0.04670000,0.54800000
2018-02-27 20:10:54,0.04670000,0.27600000
2018-02-27 20:11:01,0.04668200,0.12000000
2018-02-27 20:11:02,0.04668200,0.12600000
2018-02-27 20:11:04,0.04668200,0.08400000
2018-02-27 20:11:05,0.04670000,0.13500000
2018-02-27 20:11:10,0.04668200,0.53600000
2018-02-27 20:11:16,0.04670000,0.05400000
2018-02-27 20:11:22,0.04670000,0.26300000
2018-02-27 20:11:24,0.04668200,1.22900000
2018-02-27 20:11:31,0.04668300,0.43900000
2018-02-27 20:11:31,0.04668200,1.38900000
2018-02-27 20:11:38,0.04668300,0.37200000
2018-02-27 20:11:38,0.04668200,0.19400000
2018-02-27 20:11:38,0.04668100,0.31300000
2018-02-27 20:11:38,0.04668000,1.22500000
2018-02-27 20:11:38,0.04667900,0.04300000
2018-02-27 20:11:38,0.04667800,4.90700000
2018-02-27 20:11:38,0.04665000,1.96900000
2018-02-27 20:11:38,0.04662900,0.03200000
2018-02-27 20:11:39,0.04662900,0.01300000
2018-02-27 20:11:45,0.04660000,0.04400000
2018-02-27 20:11:46,0.04670000,0.04800000
2018-02-27 20:11:48,0.04660200,2.14200000
2018-02-27 20:11:49,0.04660000,0.08700000
2018-02-27 20:11:50,0.04669400,0.05000000
2018-02-27 20:11:51,0.04662900,0.16100000
2018-02-27 20:11:52,0.04662900,1.50800000
2018-02-27 20:11:53,0.04662900,2.57100000
2018-02-27 20:11:53,0.04662700,0.03500000
2018-02-27 20:11:53,0.04662700,0.08200000
2018-02-27 20:11:55,0.04662700,0.21300000
2018-02-27 20:11:55,0.04662700,1.76200000
2018-02-27 20:11:55,0.04662900,0.00200000
2018-02-27 20:11:55,0.04660000,0.06500000
2018-02-27 20:11:55,0.04657600,0.06600000
2018-02-27 20:11:55,0.04655900,0.07900000
2018-02-27 20:11:56,0.04662900,0.02900000
2018-02-27 20:11:56,0.04660200,0.02600000
2018-02-27 20:11:56,0.04662900,0.11700000
2018-02-27 20:11:57,0.04662900,0.22700000
2018-02-27 20:11:59,0.04660400,0.11000000
2018-02-27 20:12:01,0.04662900,1.03200000
2018-02-27 20:12:01,0.04661300,0.17100000
2018-02-27 20:12:01,0.04660400,0.05800000
2018-02-27 20:12:08,0.04664100,0.05400000
2018-02-27 20:12:29,0.04669700,0.52800000
2018-02-27 20:12:30,0.04669700,0.61200000
2018-02-27 20:12:35,0.04664100,0.86000000
2018-02-27 20:12:35,0.04662900,2.30000000
2018-02-27 20:12:35,0.04660300,0.12400000
2018-02-27 20:12:36,0.04660500,1.39700000
2018-02-27 20:12:44,0.04660500,0.34400000
2018-02-27 20:12:45,0.04667800,1.74100000
2018-02-27 20:12:45,0.04668000,0.67100000
2018-02-27 20:12:45,0.04669600,1.82200000
2018-02-27 20:12:45,0.04669700,3.00500000
2018-02-27 20:12:53,0.04665100,0.04300000
2018-02-27 20:13:36,0.04665100,0.07900000
2018-02-27 20:13:54,0.04660500,6.27700000
2018-02-27 20:13:54,0.04660300,0.34800000
2018-02-27 20:13:54,0.04660000,2.37900000
2018-02-27 20:13:54,0.04659500,0.35000000
2018-02-27 20:13:57,0.04664000,0.25700000
2018-02-27 20:13:58,0.04655900,0.03700000
2018-02-27 20:14:00,0.04663900,0.15800000
2018-02-27 20:14:02,0.04654500,0.13100000
2018-02-27 20:14:03,0.04663900,0.14600000
2018-02-27 20:14:03,0.04664000,1.08600000
2018-02-27 20:14:03,0.04654500,0.06300000
2018-02-27 20:14:06,0.04654800,1.95000000
2018-02-27 20:14:06,0.04654600,0.04700000
2018-02-27 20:14:07,0.04653800,0.38200000
2018-02-27 20:14:07,0.04653700,0.30800000
2018-02-27 20:14:07,0.04651500,0.04500000
2018-02-27 20:14:13,0.04662900,0.28300000
2018-02-27 20:14:13,0.04651500,0.23300000
2018-02-27 20:14:14,0.04651600,0.13100000
2018-02-27 20:14:18,0.04652700,0.08800000
2018-02-27 20:14:18,0.04651600,0.01300000
2018-02-27 20:14:18,0.04651600,0.06900000
2018-02-27 20:14:23,0.04661400,0.04000000
2018-02-27 20:14:24,0.04651500,0.43600000
2018-02-27 20:14:27,0.04651500,0.63200000
2018-02-27 20:14:29,0.04651600,0.41000000
2018-02-27 20:14:29,0.04651500,0.29000000
2018-02-27 20:14:34,0.04652000,1.60900000
2018-02-27 20:14:39,0.04652000,0.18200000
2018-02-27 20:14:45,0.04652000,0.18600000
2018-02-27 20:14:46,0.04651800,1.82100000
2018-02-27 20:14:46,0.04652000,6.27500000
2018-02-27 20:14:49,0.04652000,1.73900000
2018-02-27 20:14:49,0.04652000,0.58800000
2018-02-27 20:14:49,0.04652000,1.07700000
2018-02-27 20:14:49,0.04652000,1.01400000
2018-02-27 20:14:49,0.04652000,2.26400000
2018-02-27 20:14:49,0.04652000,2.03200000
2018-02-27 20:14:49,0.04652000,1.79300000
2018-02-27 20:14:49,0.04652000,0.44500000
2018-02-27 20:14:51,0.04652000,1.14700000
2018-02-27 20:14:52,0.04652000,0.47700000
2018-02-27 20:14:57,0.04652000,0.37200000
2018-02-27 20:15:01,0.04653200,0.03300000
2018-02-27 20:15:03,0.04660000,2.36200000
2018-02-27 20:15:09,0.04653200,0.07400000
2018-02-27 20:15:09,0.04651600,0.71600000
2018-02-27 20:15:11,0.04653200,0.74600000
2018-02-27 20:15:15,0.04653200,0.06700000
2018-02-27 20:15:16,0.04653200,0.09300000
2018-02-27 20:15:26,0.04660000,8.59900000
2018-02-27 20:15:34,0.04660000,4.19700000
2018-02-27 20:15:35,0.04665000,0.28100000
2018-02-27 20:15:35,0.04665100,0.16400000
2018-02-27 20:15:36,0.04660000,0.16400000
2018-02-27 20:15:36,0.04669400,0.02500000
2018-02-27 20:15:58,0.04669400,0.52800000
2018-02-27 20:16:00,0.04669300,0.11500000
2018-02-27 20:16:00,0.04669400,2.25900000
2018-02-27 20:16:00,0.04669400,2.38000000
2018-02-27 20:16:00,0.04669400,2.37400000
2018-02-27 20:16:17,0.04669400,1.60100000
2018-02-27 20:16:23,0.04666000,0.02600000
2018-02-27 20:16:27,0.04665000,1.10000000
2018-02-27 20:16:37,0.04661600,0.17100000
2018-02-27 20:16:37,0.04661300,0.17100000
2018-02-27 20:16:37,0.04660900,0.17100000
2018-02-27 20:16:37,0.04660500,0.17100000
2018-02-27 20:16:37,0.04660000,3.64600000
2018-02-27 20:16:37,0.04660000,0.21400000
2018-02-27 20:16:37,0.04660000,0.17100000
2018-02-27 20:16:43,0.04660000,0.01100000
2018-02-27 20:16:49,0.04660000,1.08000000
2018-02-27 20:16:58,0.04660000,0.20000000
2018-02-27 20:17:04,0.04660000,0.06100000
2018-02-27 20:17:04,0.04660000,0.39000000
2018-02-27 20:17:09,0.04660000,0.39000000
2018-02-27 20:17:09,0.04665000,0.70100000
2018-02-27 20:17:09,0.04669300,0.02600000
2018-02-27 20:17:09,0.04669400,3.44400000
2018-02-27 20:17:09,0.04669500,1.33500000
2018-02-27 20:17:09,0.04669900,1.10400000
2018-02-27 20:17:20,0.04669900,0.55300000
2018-02-27 20:17:27,0.04669900,0.32000000
2018-02-27 20:17:27,0.04670000,0.29500000
2018-02-27 20:17:30,0.04661200,0.02200000
2018-02-27 20:17:41,0.04670000,0.03300000
2018-02-27 20:17:41,0.04670000,0.03300000
2018-02-27 20:17:41,0.04670000,0.03300000
2018-02-27 20:17:41,0.04662100,0.03300000
2018-02-27 20:17:44,0.04662000,0.13600000
2018-02-27 20:17:44,0.04661200,0.34800000
2018-02-27 20:17:44,0.04660500,0.21400000
2018-02-27 20:17:44,0.04660300,0.42900000
2018-02-27 20:17:44,0.04660000,1.50000000
2018-02-27 20:17:44,0.04658600,1.70500000
2018-02-27 20:17:46,0.04658600,0.66800000
2018-02-27 20:17:46,0.04660900,0.15800000
2018-02-27 20:17:53,0.04669800,0.21200000
2018-02-27 20:17:53,0.04669800,0.24300000
2018-02-27 20:18:01,0.04669800,0.06700000
2018-02-27 20:18:11,0.04662000,0.11500000
2018-02-27 20:18:14,0.04660200,2.14300000
2018-02-27 20:18:14,0.04660000,0.28100000
2018-02-27 20:18:15,0.04662100,0.35900000
2018-02-27 20:18:21,0.04663900,2.14300000
2018-02-27 20:18:21,0.04664100,0.27100000
2018-02-27 20:18:21,0.04665000,1.03200000
2018-02-27 20:18:21,0.04669300,4.51100000
2018-02-27 20:18:22,0.04662100,5.12900000
2018-02-27 20:18:22,0.04669300,0.68800000
2018-02-27 20:18:22,0.04669700,0.20000000
2018-02-27 20:18:22,0.04670000,1.09200000
2018-02-27 20:18:28,0.04662100,0.27600000
2018-02-27 20:18:29,0.04662100,0.06200000
2018-02-27 20:18:31,0.04665000,0.31800000
2018-02-27 20:18:31,0.04670000,0.04000000
2018-02-27 20:18:32,0.04670000,0.03500000
2018-02-27 20:18:32,0.04669900,0.03500000
2018-02-27 20:18:33,0.04669900,0.03500000
2018-02-27 20:18:33,0.04669900,0.30300000
2018-02-27 20:18:34,0.04669900,0.26500000
2018-02-27 20:18:34,0.04669900,0.59500000
2018-02-27 20:18:38,0.04658700,2.14800000
2018-02-27 20:18:39,0.04658600,0.42900000
2018-02-27 20:18:39,0.04658500,0.12500000
2018-02-27 20:18:40,0.04660000,0.80900000
2018-02-27 20:18:45,0.04659200,0.10700000
2018-02-27 20:18:50,0.04659500,0.08100000
2018-02-27 20:18:52,0.04653400,0.10700000
2018-02-27 20:18:52,0.04652900,5.03100000
2018-02-27 20:18:55,0.04654000,0.10700000
2018-02-27 20:18:55,0.04652800,0.22500000
2018-02-27 20:18:58,0.04652800,0.27600000
2018-02-27 20:19:00,0.04659500,2.06700000
2018-02-27 20:19:00,0.04660000,0.36000000
2018-02-27 20:19:00,0.04668500,0.42900000
2018-02-27 20:19:00,0.04669800,0.71600000
2018-02-27 20:19:00,0.04669800,0.21200000
2018-02-27 20:19:00,0.04669800,3.57600000
2018-02-27 20:19:00,0.04652800,1.04600000
2018-02-27 20:19:00,0.04651600,0.61100000
2018-02-27 20:19:00,0.04651500,0.10300000
2018-02-27 20:19:00,0.04651200,0.62700000
2018-02-27 20:19:00,0.04651000,5.23900000
2018-02-27 20:19:00,0.04650700,0.20700000
2018-02-27 20:19:00,0.04650100,2.75000000
2018-02-27 20:19:00,0.04650000,19.03600000
2018-02-27 20:19:00,0.04650000,2.09800000
2018-02-27 20:19:02,0.04653400,2.14700000
2018-02-27 20:19:02,0.04653200,1.24200000
2018-02-27 20:19:02,0.04652900,0.41500000
2018-02-27 20:19:02,0.04650000,1.86000000
2018-02-27 20:19:05,0.04651800,0.06600000
2018-02-27 20:19:05,0.04650100,0.43000000
2018-02-27 20:19:05,0.04650000,3.74800000
2018-02-27 20:19:08,0.04652900,1.00000000
2018-02-27 20:19:08,0.04650100,0.14500000
2018-02-27 20:19:08,0.04650000,0.51300000
2018-02-27 20:19:09,0.04650000,1.00000000
2018-02-27 20:19:12,0.04650000,10.00000000
2018-02-27 20:19:15,0.04659700,0.06300000
2018-02-27 20:19:17,0.04650100,0.20000000
2018-02-27 20:19:17,0.04650000,4.80000000
2018-02-27 20:19:24,0.04657000,0.24200000
2018-02-27 20:19:24,0.04657100,2.14700000
2018-02-27 20:19:24,0.04657600,0.06900000
2018-02-27 20:19:24,0.04659700,0.36700000
2018-02-27 20:19:24,0.04660000,1.47500000
2018-02-27 20:19:31,0.04652900,0.24800000
2018-02-27 20:19:53,0.04652900,0.07600000
2018-02-27 20:19:59,0.04652900,0.06300000
2018-02-27 20:20:01,0.04652900,0.20500000
2018-02-27 20:20:02,0.04652900,1.47100000
2018-02-27 20:20:09,0.04652900,0.39400000
2018-02-27 20:20:10,0.04652900,1.01800000
2018-02-27 20:20:33,0.04653000,1.23300000
2018-02-27 20:20:33,0.04652900,1.25600000
2018-02-27 20:20:37,0.04652900,0.80300000
2018-02-27 20:20:42,0.04654900,0.60700000
2018-02-27 20:20:45,0.04652900,1.34600000
2018-02-27 20:20:58,0.04652900,0.55900000
2018-02-27 20:20:59,0.04652900,0.34200000
2018-02-27 20:21:02,0.04652900,0.75700000
2018-02-27 20:21:02,0.04652900,3.47200000
2018-02-27 20:21:03,0.04654900,0.33000000
2018-02-27 20:21:09,0.04666200,1.00000000
2018-02-27 20:21:12,0.04666200,0.73000000
2018-02-27 20:21:14,0.04666200,0.09000000
2018-02-27 20:21:15,0.04666200,4.14800000
2018-02-27 20:21:15,0.04666300,0.15200000
2018-02-27 20:21:15,0.04669700,0.34400000
2018-02-27 20:21:15,0.04669800,5.78100000
2018-02-27 20:21:15,0.04669900,7.58600000
2018-02-27 20:21:15,0.04670000,8.98900000
2018-02-27 20:21:21,0.04670000,0.06800000
2018-02-27 20:21:23,0.04657600,0.49400000
2018-02-27 20:21:23,0.04670000,0.10000000
2018-02-27 20:21:31,0.04666100,0.10700000
2018-02-27 20:21:40,0.04665900,0.49400000
2018-02-27 20:21:40,0.04666100,0.26500000
2018-02-27 20:21:40,0.04668600,0.21500000
2018-02-27 20:21:40,0.04670000,0.57000000
2018-02-27 20:21:42,0.04666100,0.25500000
2018-02-27 20:21:54,0.04666100,1.21800000
2018-02-27 20:21:54,0.04666100,1.18100000
2018-02-27 20:22:07,0.04659800,0.42900000
2018-02-27 20:22:18,0.04656700,0.08000000
2018-02-27 20:22:34,0.04656700,0.91400000
2018-02-27 20:22:37,0.04656700,1.15000000
2018-02-27 20:22:44,0.04656500,0.55800000
2018-02-27 20:22:53,0.04656500,1.24500000
2018-02-27 20:23:01,0.04656500,0.34100000
2018-02-27 20:23:01,0.04653000,0.11400000
2018-02-27 20:23:01,0.04652900,0.66000000
2018-02-27 20:23:01,0.04650000,18.10700000
2018-02-27 20:23:07,0.04650000,0.01800000
2018-02-27 20:23:08,0.04650000,0.06300000
2018-02-27 20:23:11,0.04650000,16.58400000
2018-02-27 20:23:16,0.04657600,0.06600000
2018-02-27 20:23:16,0.04659300,0.15400000
2018-02-27 20:23:17,0.04650200,2.14600000
2018-02-27 20:23:17,0.04650000,16.75400000
2018-02-27 20:23:22,0.04650000,0.89100000
2018-02-27 20:23:25,0.04650000,0.12000000
2018-02-27 20:23:26,0.04659100,1.55300000
2018-02-27 20:23:27,0.04650000,5.00000000
2018-02-27 20:23:27,0.04650000,1.60000000
2018-02-27 20:23:28,0.04655800,0.59300000
2018-02-27 20:23:28,0.04656000,0.10000000
2018-02-27 20:23:28,0.04659100,0.10100000
2018-02-27 20:23:29,0.04659100,0.06600000
2018-02-27 20:23:30,0.04650200,2.14600000
2018-02-27 20:23:30,0.04650000,2.85400000
2018-02-27 20:23:55,0.04656000,0.17800000
2018-02-27 20:23:55,0.04655700,0.17800000
2018-02-27 20:23:55,0.04655400,0.08900000
2018-02-27 20:23:55,0.04655000,0.08900000
2018-02-27 20:23:55,0.04654600,0.08300000
2018-02-27 20:23:55,0.04654100,0.14900000
2018-02-27 20:23:55,0.04650100,3.43200000
2018-02-27 20:24:03,0.04659100,0.03400000
2018-02-27 20:24:04,0.04656700,0.06300000
2018-02-27 20:24:14,0.04656900,0.03500000
2018-02-27 20:24:14,0.04656700,0.10700000
2018-02-27 20:24:15,0.04656500,2.11200000
2018-02-27 20:24:21,0.04656700,0.03500000
2018-02-27 20:24:22,0.04656700,0.25600000
2018-02-27 20:24:25,0.04659100,1.93000000
2018-02-27 20:24:40,0.04659000,0.53600000
2018-02-27 20:24:42,0.04656900,0.04100000
2018-02-27 20:24:42,0.04656700,0.10700000
2018-02-27 20:24:44,0.04658900,0.13800000
2018-02-27 20:24:44,0.04658900,0.35300000
2018-02-27 20:25:09,0.04650100,1.00000000
2018-02-27 20:25:13,0.04650100,0.72100000
2018-02-27 20:25:14,0.04658900,0.02200000
2018-02-27 20:25:17,0.04658700,0.21600000
2018-02-27 20:25:17,0.04658900,0.34600000
2018-02-27 20:25:20,0.04650100,0.21500000
2018-02-27 20:25:21,0.04659000,1.01900000
2018-02-27 20:25:25,0.04650100,1.67500000
2018-02-27 20:25:25,0.04650100,1.51800000
2018-02-27 20:25:31,0.04658900,0.36100000
2018-02-27 20:25:34,0.04650800,0.10700000
2018-02-27 20:25:34,0.04650000,8.69100000
2018-02-27 20:25:45,0.04656000,0.32000000
2018-02-27 20:25:52,0.04656000,2.06800000
2018-02-27 20:25:59,0.04653300,0.10700000
2018-02-27 20:25:59,0.04651700,0.03300000
2018-02-27 20:25:59,0.04650100,0.90800000
2018-02-27 20:26:12,0.04655900,2.14900000
2018-02-27 20:26:12,0.04650100,8.07600000
2018-02-27 20:26:12,0.04655900,2.30900000
2018-02-27 20:26:15,0.04650100,0.40000000
2018-02-27 20:26:16,0.04650100,8.54800000
2018-02-27 20:26:18,0.04650100,17.93600000
2018-02-27 20:26:18,0.04650000,1.04500000
2018-02-27 20:26:19,0.04655800,0.66200000
2018-02-27 20:26:27,0.04650000,20.00000000
2018-02-27 20:26:28,0.04650000,0.16800000
2018-02-27 20:26:29,0.04650000,1.15600000
2018-02-27 20:26:30,0.04650000,2.67000000
2018-02-27 20:26:35,0.04650000,0.60000000
2018-02-27 20:26:36,0.04650000,1.24900000
2018-02-27 20:26:37,0.04649300,0.04800000
2018-02-27 20:26:37,0.04645300,0.11200000
2018-02-27 20:26:37,0.04643300,0.83500000
2018-02-27 20:26:37,0.04641500,0.04400000
2018-02-27 20:26:37,0.04636500,0.38000000
2018-02-27 20:26:37,0.04636300,0.58100000
2018-02-27 20:26:40,0.04636800,0.25000000
2018-02-27 20:26:41,0.04636800,0.02600000
2018-02-27 20:26:42,0.04637100,0.86600000
2018-02-27 20:26:43,0.04650100,0.14900000
2018-02-27 20:26:52,0.04649800,0.03500000
2018-02-27 20:26:53,0.04649600,0.06500000
2018-02-27 20:26:57,0.04648900,0.23800000
2018-02-27 20:27:01,0.04648700,0.10000000
2018-02-27 20:27:01,0.04648700,0.02900000
2018-02-27 20:27:04,0.04648400,0.04900000
2018-02-27 20:27:05,0.04648400,0.12700000
2018-02-27 20:27:06,0.04648400,0.51900000
2018-02-27 20:27:06,0.04640300,0.05200000
2018-02-27 20:27:06,0.04639500,0.94800000
2018-02-27 20:27:06,0.04639500,3.16700000
2018-02-27 20:27:06,0.04639100,0.42900000
2018-02-27 20:27:06,0.04638400,3.58300000
2018-02-27 20:27:06,0.04638300,3.27000000
2018-02-27 20:27:07,0.04648400,0.25300000
2018-02-27 20:27:09,0.04648500,0.43100000
2018-02-27 20:27:09,0.04648600,0.17000000
2018-02-27 20:27:09,0.04648900,0.04300000
2018-02-27 20:27:09,0.04655900,0.31500000
2018-02-27 20:27:09,0.04656000,0.04100000
2018-02-27 20:27:15,0.04640800,0.43900000
2018-02-27 20:27:16,0.04650000,0.02800000
2018-02-27 20:27:17,0.04648900,1.18500000
2018-02-27 20:27:21,0.04640600,0.60700000
2018-02-27 20:27:26,0.04649800,0.43900000
2018-02-27 20:27:27,0.04649800,0.06100000
2018-02-27 20:27:27,0.04640800,0.24100000
2018-02-27 20:27:27,0.04638700,0.43100000
2018-02-27 20:27:27,0.04638600,1.32100000
2018-02-27 20:27:27,0.04635000,0.00700000
2018-02-27 20:27:35,0.04639900,0.04300000
2018-02-27 20:27:35,0.04635100,0.14300000
2018-02-27 20:27:37,0.04640600,0.06600000
2018-02-27 20:27:37,0.04640600,0.45600000
2018-02-27 20:27:37,0.04635100,0.07600000
2018-02-27 20:27:37,0.04635000,1.39800000
2018-02-27 20:27:37,0.04634200,0.03300000
2018-02-27 20:27:37,0.04633400,0.21600000
2018-02-27 20:27:37,0.04632600,0.06500000
2018-02-27 20:27:37,0.04631700,1.02100000
2018-02-27 20:27:37,0.04631600,0.36200000
2018-02-27 20:27:37,0.04631400,0.06500000
2018-02-27 20:27:37,0.04630000,0.02200000
2018-02-27 20:27:38,0.04630000,0.05600000
2018-02-27 20:27:38,0.04630000,2.60800000
2018-02-27 20:27:38,0.04630000,3.19000000
2018-02-27 20:27:38,0.04630000,0.43200000
2018-02-27 20:27:41,0.04633800,0.10000000
2018-02-27 20:27:42,0.04633800,0.64600000
2018-02-27 20:27:43,0.04645000,0.92900000
2018-02-27 20:27:54,0.04631200,1.00000000
2018-02-27 20:27:54,0.04644900,0.04300000
2018-02-27 20:28:00,0.04644900,0.81800000
2018-02-27 20:28:01,0.04644900,0.03200000
2018-02-27 20:28:02,0.04644900,0.16300000
2018-02-27 20:28:15,0.04644800,0.10700000
2018-02-27 20:28:15,0.04644900,0.02600000
2018-02-27 20:28:15,0.04645000,0.66900000
2018-02-27 20:28:18,0.04645000,1.48400000
2018-02-27 20:28:49,0.04639800,0.45000000
2018-02-27 20:28:57,0.04639800,0.20000000
2018-02-27 20:29:08,0.04628000,0.43200000
2018-02-27 20:29:08,0.04627900,0.24000000
2018-02-27 20:29:08,0.04627500,0.00700000
2018-02-27 20:29:15,0.04627600,0.07500000
2018-02-27 20:29:22,0.04627500,0.35000000
2018-02-27 20:29:22,0.04627600,0.00500000
2018-02-27 20:29:22,0.04627600,0.15100000
2018-02-27 20:29:22,0.04636200,0.00300000
2018-02-27 20:29:22,0.04636200,0.23700000
2018-02-27 20:29:22,0.04636700,0.26300000
2018-02-27 20:29:24,0.04627700,1.77700000
2018-02-27 20:29:27,0.04637600,0.15300000
2018-02-27 20:29:29,0.04628300,0.40000000
2018-02-27 20:29:30,0.04627500,1.60900000
2018-02-27 20:29:30,0.04627400,0.03500000
2018-02-27 20:29:33,0.04627400,0.08600000
2018-02-27 20:29:33,0.04627400,0.04700000
2018-02-27 20:29:33,0.04627600,3.30600000
2018-02-27 20:29:33,0.04622200,0.23800000
2018-02-27 20:29:33,0.04621500,0.02400000
2018-02-27 20:29:33,0.04621300,0.58500000
2018-02-27 20:29:33,0.04621200,0.58400000
2018-02-27 20:29:33,0.04621100,1.31800000
2018-02-27 20:29:33,0.04620900,0.54100000
2018-02-27 20:29:34,0.04620000,0.28600000
2018-02-27 20:29:34,0.04620000,0.09900000
2018-02-27 20:29:34,0.04620000,0.08300000
2018-02-27 20:29:34,0.04620000,0.09900000
2018-02-27 20:29:34,0.04620000,0.15700000
2018-02-27 20:29:34,0.04618800,0.09900000
2018-02-27 20:29:35,0.04620000,0.06800000
2018-02-27 20:29:37,0.04618800,0.53500000
2018-02-27 20:29:39,0.04619900,0.02600000
2018-02-27 20:29:40,0.04619900,0.10000000
2018-02-27 20:29:40,0.04619900,0.10400000
2018-02-27 20:29:40,0.04620000,0.91800000
2018-02-27 20:29:40,0.04627400,1.57600000
2018-02-27 20:29:40,0.04627500,0.11000000
2018-02-27 20:29:40,0.04627600,3.52600000
2018-02-27 20:29:40,0.04631400,0.40000000
2018-02-27 20:29:40,0.04635200,6.10200000
2018-02-27 20:29:40,0.04637600,0.01600000
2018-02-27 20:29:40,0.04638000,15.39800000
2018-02-27 20:29:40,0.04639700,3.83900000
2018-02-27 20:29:42,0.04639600,0.82900000
2018-02-27 20:29:44,0.04639600,0.10100000
2018-02-27 20:29:45,0.04620500,2.16000000
2018-02-27 20:29:45,0.04620400,1.00000000
2018-02-27 20:29:45,0.04620300,1.84000000
2018-02-27 20:29:54,0.04637300,0.08400000
2018-02-27 20:29:59,0.04636400,0.08600000
2018-02-27 20:29:59,0.04636400,0.11000000
2018-02-27 20:30:04,0.04623000,0.43200000
2018-02-27 20:30:04,0.04622900,0.23100000
2018-02-27 20:30:04,0.04620100,0.41200000
2018-02-27 20:30:05,0.04634800,0.08600000
2018-02-27 20:30:10,0.04623000,1.00000000
2018-02-27 20:30:10,0.04620000,0.42700000
2018-02-27 20:30:18,0.04620000,0.04700000
2018-02-27 20:30:20,0.04620000,3.48000000
2018-02-27 20:30:25,0.04627500,1.00000000
2018-02-27 20:30:30,0.04626600,0.06200000
2018-02-27 20:30:41,0.04620000,3.04700000
2018-02-27 20:30:51,0.04623000,0.00200000
2018-02-27 20:30:52,0.04623000,0.11800000
2018-02-27 20:30:57,0.04620000,0.82200000
2018-02-27 20:31:05,0.04621500,0.04300000
2018-02-27 20:31:07,0.04621400,0.08200000
2018-02-27 20:31:08,0.04621100,0.03500000
2018-02-27 20:31:09,0.04620900,0.16000000
2018-02-27 20:31:10,0.04620600,0.03500000
2018-02-27 20:31:10,0.04620000,10.22700000
2018-02-27 20:31:11,0.04619800,0.03500000
2018-02-27 20:31:12,0.04619500,0.33900000
2018-02-27 20:31:12,0.04620000,1.24700000
2018-02-27 20:31:16,0.04619900,0.17200000
2018-02-27 20:31:19,0.04619900,0.12800000
2018-02-27 20:31:19,0.04619900,0.03200000
2018-02-27 20:31:28,0.04618800,1.06600000
2018-02-27 20:31:28,0.04618700,0.03700000
2018-02-27 20:31:28,0.04618300,0.32600000
2018-02-27 20:31:28,0.04618200,0.10900000
2018-02-27 20:31:42,0.04616200,0.33300000
2018-02-27 20:31:42,0.04615600,0.09800000
2018-02-27 20:31:42,0.04614500,0.68000000
2018-02-27 20:31:42,0.04608500,0.38300000
2018-02-27 20:31:42,0.04607100,0.44700000
2018-02-27 20:31:42,0.04606400,0.03300000
2018-02-27 20:31:42,0.04604100,0.04300000
2018-02-27 20:31:42,0.04604000,0.10000000
2018-02-27 20:31:42,0.04603700,0.19500000
2018-02-27 20:31:42,0.04603600,0.73900000
2018-02-27 20:31:42,0.04600700,0.38000000
2018-02-27 20:31:42,0.04600100,0.14700000
2018-02-27 20:31:42,0.04600000,0.11500000
2018-02-27 20:31:42,0.04599000,0.02300000
2018-02-27 20:31:42,0.04598000,0.17400000
2018-02-27 20:31:42,0.04597000,0.10700000
2018-02-27 20:31:42,0.04596800,0.16300000
2018-02-27 20:31:42,0.04596700,0.09100000
2018-02-27 20:31:42,0.04595400,5.00000000
2018-02-27 20:31:42,0.04595300,0.86900000
2018-02-27 20:31:42,0.04595200,0.04400000
2018-02-27 20:31:42,0.04594400,2.28500000
2018-02-27 20:31:42,0.04592000,2.56300000
2018-02-27 20:31:43,0.04605000,1.01800000
2018-02-27 20:31:43,0.04610000,0.05700000
2018-02-27 20:31:45,0.04605300,0.06900000
2018-02-27 20:31:56,0.04616000,0.06400000
2018-02-27 20:31:56,0.04615900,0.10000000
2018-02-27 20:31:59,0.04615500,0.05000000
2018-02-27 20:32:05,0.04614800,0.05000000
2018-02-27 20:32:13,0.04605900,1.68500000
2018-02-27 20:32:13,0.04605700,0.41500000
2018-02-27 20:32:15,0.04612500,0.06900000
2018-02-27 20:32:15,0.04612400,0.06500000
2018-02-27 20:32:16,0.04612200,0.08700000
2018-02-27 20:32:16,0.04612100,0.48600000
2018-02-27 20:32:17,0.04612200,0.34300000
2018-02-27 20:32:18,0.04612000,0.08700000
2018-02-27 20:32:18,0.04611900,0.43300000
2018-02-27 20:32:18,0.04611900,0.43300000
2018-02-27 20:32:19,0.04611800,0.76800000
2018-02-27 20:32:19,0.04611800,0.64200000
2018-02-27 20:32:20,0.04611700,0.03200000
2018-02-27 20:32:27,0.04611000,3.48500000
2018-02-27 20:32:30,0.04605700,1.25500000
2018-02-27 20:32:31,0.04600100,0.50200000
2018-02-27 20:32:31,0.04591600,0.06900000
2018-02-27 20:32:31,0.04590700,0.30000000
2018-02-27 20:32:32,0.04591200,0.01100000
2018-02-27 20:32:33,0.04605400,0.05100000
2018-02-27 20:32:34,0.04605200,0.19900000
2018-02-27 20:32:34,0.04605300,0.31800000
2018-02-27 20:32:34,0.04605400,0.27400000
2018-02-27 20:32:38,0.04605400,0.10700000
2018-02-27 20:32:38,0.04605500,0.30600000
2018-02-27 20:32:38,0.04605500,0.08700000
2018-02-27 20:32:39,0.04605500,0.14200000
2018-02-27 20:32:39,0.04605500,0.35800000
2018-02-27 20:32:43,0.04599700,0.10000000
2018-02-27 20:32:44,0.04605500,0.10000000
2018-02-27 20:32:44,0.04605500,0.61500000
2018-02-27 20:32:45,0.04605500,0.05400000
2018-02-27 20:32:46,0.04605500,0.51400000
2018-02-27 20:32:47,0.04605500,0.39700000
2018-02-27 20:32:51,0.04605700,0.10000000
2018-02-27 20:32:54,0.04605700,0.91100000
2018-02-27 20:32:54,0.04609400,0.06900000
2018-02-27 20:32:58,0.04605700,1.00000000
2018-02-27 20:32:58,0.04610000,0.06500000
2018-02-27 20:32:59,0.04605500,0.08500000
2018-02-27 20:32:59,0.04610000,0.06100000
2018-02-27 20:32:59,0.04610000,1.04000000
2018-02-27 20:33:00,0.04597300,0.42800000
2018-02-27 20:33:03,0.04610000,0.13000000
2018-02-27 20:33:03,0.04598500,2.17400000
2018-02-27 20:33:03,0.04598300,0.43400000
2018-02-27 20:33:03,0.04597300,0.03200000
2018-02-27 20:33:04,0.04609800,0.02200000
2018-02-27 20:33:04,0.04609500,2.59100000
2018-02-27 20:33:04,0.04609700,0.43400000
2018-02-27 20:33:04,0.04610000,4.26500000
2018-02-27 20:33:12,0.04609900,0.08700000
2018-02-27 20:33:23,0.04600700,0.62100000
2018-02-27 20:33:29,0.04609800,0.04300000
2018-02-27 20:33:30,0.04599900,0.43400000
2018-02-27 20:33:30,0.04599000,0.54300000
2018-02-27 20:33:30,0.04597000,0.42400000
2018-02-27 20:33:30,0.04596300,1.46300000
2018-02-27 20:33:30,0.04593200,0.09200000
2018-02-27 20:33:30,0.04592700,0.10800000
2018-02-27 20:33:30,0.04590700,0.30000000
2018-02-27 20:33:30,0.04590300,0.24800000
2018-02-27 20:33:30,0.04588100,3.74000000
2018-02-27 20:33:35,0.04609200,0.16700000
2018-02-27 20:33:42,0.04608000,0.12500000
2018-02-27 20:33:48,0.04593100,1.18500000
2018-02-27 20:33:50,0.04606200,0.02300000
2018-02-27 20:33:51,0.04605600,0.26300000
2018-02-27 20:33:51,0.04605800,0.16900000
2018-02-27 20:33:51,0.04605800,0.26500000
2018-02-27 20:33:52,0.04606100,1.18500000
2018-02-27 20:33:54,0.04591800,0.11200000
2018-02-27 20:33:58,0.04605000,0.03500000
2018-02-27 20:34:02,0.04604900,0.07400000
2018-02-27 20:34:03,0.04604900,0.03400000
2018-02-27 20:34:14,0.04595900,2.17800000
2018-02-27 20:34:14,0.04595700,2.13600000
2018-02-27 20:34:14,0.04595400,0.43500000
2018-02-27 20:34:14,0.04594100,0.36800000
2018-02-27 20:34:14,0.04593000,1.55500000
2018-02-27 20:34:14,0.04604900,0.43500000
2018-02-27 20:34:15,0.04597000,0.30000000
2018-02-27 20:34:15,0.04595600,7.69200000
2018-02-27 20:34:15,0.04605000,0.00200000
2018-02-27 20:34:17,0.04604600,1.60000000
2018-02-27 20:34:17,0.04604600,33.83600000
2018-02-27 20:34:22,0.04604400,0.30000000
2018-02-27 20:34:25,0.04595800,0.43500000
2018-02-27 20:34:25,0.04595700,0.87600000
2018-02-27 20:34:44,0.04596500,0.17400000
2018-02-27 20:34:44,0.04595800,0.03400000
2018-02-27 20:34:44,0.04595700,1.96200000
2018-02-27 20:35:03,0.04604100,0.62300000
2018-02-27 20:35:04,0.04600000,0.32200000
2018-02-27 20:35:04,0.04600000,0.15800000
2018-02-27 20:35:04,0.04600000,1.88400000
2018-02-27 20:35:06,0.04599800,0.17900000
2018-02-27 20:35:07,0.04599800,0.06100000
2018-02-27 20:35:10,0.04599800,0.06500000
2018-02-27 20:35:12,0.04599800,0.95000000
2018-02-27 20:35:12,0.04600000,5.23500000
2018-02-27 20:35:12,0.04604100,0.89200000
2018-02-27 20:35:12,0.04604300,0.43500000
2018-02-27 20:35:12,0.04604600,11.35300000
2018-02-27 20:35:15,0.04604600,0.34200000
2018-02-27 20:35:18,0.04605000,0.02500000
2018-02-27 20:35:19,0.04604600,0.06400000
2018-02-27 20:35:20,0.04609100,0.14100000
2018-02-27 20:35:20,0.04609100,0.31100000
2018-02-27 20:35:21,0.04609100,0.03500000
2018-02-27 20:35:23,0.04609100,0.84100000
2018-02-27 20:35:23,0.04610000,17.92700000
2018-02-27 20:35:23,0.04615300,0.23600000
2018-02-27 20:35:23,0.04615600,2.40900000
2018-02-27 20:35:27,0.04618100,3.92400000
2018-02-27 20:35:27,0.04618200,0.72000000
2018-02-27 20:35:27,0.04619000,0.80000000
2018-02-27 20:35:27,0.04620000,2.05600000
2018-02-27 20:35:28,0.04620000,0.00100000
2018-02-27 20:35:28,0.04630000,0.03500000
2018-02-27 20:35:32,0.04618200,0.31100000
2018-02-27 20:35:32,0.04630000,0.02100000
2018-02-27 20:35:32,0.04630900,0.38000000
2018-02-27 20:35:32,0.04631000,0.71400000
2018-02-27 20:35:32,0.04618200,0.09000000
2018-02-27 20:35:32,0.04618200,0.25000000
2018-02-27 20:35:32,0.04618200,0.19600000
2018-02-27 20:35:32,0.04618200,0.07100000
2018-02-27 20:35:32,0.04618200,0.03500000
2018-02-27 20:35:33,0.04631000,8.50000000
2018-02-27 20:35:35,0.04631000,0.05600000
2018-02-27 20:35:36,0.04631000,1.12200000
2018-02-27 20:35:36,0.04631000,1.43000000
2018-02-27 20:35:37,0.04630000,0.01900000
2018-02-27 20:35:41,0.04630000,0.94200000
2018-02-27 20:35:41,0.04631000,3.02300000
2018-02-27 20:35:45,0.04630000,0.54000000
2018-02-27 20:35:49,0.04630000,0.43200000
2018-02-27 20:35:58,0.04630000,0.11500000
2018-02-27 20:35:59,0.04630000,2.72000000
2018-02-27 20:35:59,0.04632000,0.71600000
2018-02-27 20:35:59,0.04635700,0.29300000
2018-02-27 20:36:07,0.04635800,0.40000000
2018-02-27 20:36:08,0.04635800,1.60800000
2018-02-27 20:36:08,0.04635900,0.15200000
2018-02-27 20:36:08,0.04639700,1.46100000
2018-02-27 20:36:08,0.04640000,5.08500000
2018-02-27 20:36:11,0.04640000,0.35800000
2018-02-27 20:36:16,0.04640000,0.04200000
2018-02-27 20:36:16,0.04631600,0.43100000
2018-02-27 20:36:16,0.04640900,0.04300000
2018-02-27 20:36:16,0.04642600,0.05300000
2018-02-27 20:36:16,0.04645000,0.94600000
2018-02-27 20:36:17,0.04645000,1.96600000
2018-02-27 20:36:19,0.04645000,0.00600000
2018-02-27 20:36:19,0.04645000,0.08700000
2018-02-27 20:36:21,0.04645000,7.42900000
2018-02-27 20:36:21,0.04645000,8.23800000
2018-02-27 20:36:21,0.04640900,0.33700000
2018-02-27 20:36:21,0.04640000,0.10100000
2018-02-27 20:36:22,0.04649800,0.43100000
2018-02-27 20:36:22,0.04649900,5.00000000
2018-02-27 20:36:22,0.04650000,3.90400000
2018-02-27 20:36:22,0.04650000,0.37900000
2018-02-27 20:36:22,0.04650000,11.50400000
2018-02-27 20:36:23,0.04653100,0.24500000
2018-02-27 20:36:24,0.04649900,4.25500000
2018-02-27 20:36:25,0.04653000,0.04800000
2018-02-27 20:36:26,0.04652900,0.04800000
2018-02-27 20:36:26,0.04653000,0.30900000
2018-02-27 20:36:28,0.04650200,0.21400000
2018-02-27 20:36:28,0.04653000,3.25100000
2018-02-27 20:36:29,0.04628300,0.19900000
2018-02-27 20:36:36,0.04639800,0.00700000
2018-02-27 20:36:38,0.04639800,0.19200000
2018-02-27 20:36:38,0.04640000,0.06600000
2018-02-27 20:36:42,0.04650200,0.01600000
2018-02-27 20:36:44,0.04650200,0.02500000
2018-02-27 20:36:44,0.04652800,1.22400000
2018-02-27 20:36:44,0.04640300,2.15600000
2018-02-27 20:36:44,0.04640100,0.43100000
2018-02-27 20:36:44,0.04639800,0.04100000
2018-02-27 20:36:48,0.04640100,1.00000000
2018-02-27 20:36:50,0.04650000,0.30600000
2018-02-27 20:36:52,0.04649200,0.07600000
2018-02-27 20:36:54,0.04648900,0.02600000
2018-02-27 20:36:57,0.04648300,0.06600000
2018-02-27 20:37:07,0.04646800,1.98800000
2018-02-27 20:37:07,0.04647000,1.54900000
2018-02-27 20:37:10,0.04647000,0.92200000
2018-02-27 20:37:10,0.04649200,0.07800000
2018-02-27 20:37:12,0.04649900,0.35300000
2018-02-27 20:37:12,0.04650000,0.11800000
2018-02-27 20:37:17,0.04648300,0.24000000
2018-02-27 20:37:17,0.04648300,0.46100000
2018-02-27 20:37:17,0.04650000,0.24000000
2018-02-27 20:37:27,0.04648000,0.06400000
2018-02-27 20:37:29,0.04640000,0.16000000
2018-02-27 20:37:37,0.04640100,0.03300000
2018-02-27 20:37:37,0.04640000,0.34200000
2018-02-27 20:37:37,0.04638700,0.43100000
2018-02-27 20:37:37,0.04638700,0.43000000
2018-02-27 20:37:41,0.04630800,0.24500000
2018-02-27 20:37:51,0.04638600,0.38900000
2018-02-27 20:37:51,0.04638700,0.48100000
2018-02-27 20:38:01,0.04630800,0.85500000
2018-02-27 20:38:11,0.04630800,2.06700000
2018-02-27 20:38:19,0.04630800,0.13600000
2018-02-27 20:38:24,0.04630800,0.21300000
2018-02-27 20:38:32,0.04630800,1.04000000
2018-02-27 20:38:33,0.04635000,0.09500000
2018-02-27 20:38:34,0.04630800,0.57200000
2018-02-27 20:38:34,0.04630000,0.28800000
2018-02-27 20:38:34,0.04625700,0.34000000
2018-02-27 20:38:38,0.04626000,1.10000000
2018-02-27 20:38:38,0.04621400,0.33000000
2018-02-27 20:38:46,0.04623200,1.81000000
2018-02-27 20:38:53,0.04623200,0.35100000
2018-02-27 20:38:53,0.04623000,0.09800000
2018-02-27 20:38:53,0.04621500,0.01200000
2018-02-27 20:38:59,0.04625200,0.04500000
2018-02-27 20:38:59,0.04623200,0.02200000
2018-02-27 20:38:59,0.04621500,1.95500000
2018-02-27 20:38:59,0.04621400,0.44000000
2018-02-27 20:38:59,0.04619000,3.00000000
2018-02-27 20:38:59,0.04613700,0.38300000
2018-02-27 20:38:59,0.04612000,0.10900000
2018-02-27 20:38:59,0.04611200,3.23800000
2018-02-27 20:38:59,0.04608400,3.96900000
2018-02-27 20:38:59,0.04605000,4.05200000
2018-02-27 20:38:59,0.04602200,5.78300000
2018-02-27 20:38:59,0.04602100,0.13000000
2018-02-27 20:38:59,0.04600100,0.38000000
2018-02-27 20:38:59,0.04600000,1.15100000
2018-02-27 20:38:59,0.04598200,2.17400000
2018-02-27 20:38:59,0.04596600,0.14200000
2018-02-27 20:39:01,0.04626100,0.11700000
2018-02-27 20:39:03,0.04625800,0.52500000
2018-02-27 20:39:03,0.04625800,0.14800000
2018-02-27 20:39:11,0.04612800,0.09900000
2018-02-27 20:39:11,0.04611700,0.11900000
2018-02-27 20:39:17,0.04620700,0.05400000
2018-02-27 20:39:21,0.04618400,0.17700000
2018-02-27 20:39:21,0.04618200,0.02200000
2018-02-27 20:39:23,0.04617900,1.02000000
2018-02-27 20:39:25,0.04613900,0.04400000
2018-02-27 20:39:25,0.04613700,0.27500000
2018-02-27 20:39:25,0.04613900,1.95200000
2018-02-27 20:39:25,0.04617800,0.10900000
2018-02-27 20:39:28,0.04621400,0.55000000
2018-02-27 20:39:28,0.04621500,2.76000000
2018-02-27 20:39:31,0.04621500,1.00000000
2018-02-27 20:39:31,0.04620700,0.54200000
2018-02-27 20:39:33,0.04620600,0.82500000
2018-02-27 20:39:34,0.04613600,0.17300000
2018-02-27 20:39:34,0.04612900,0.17300000
2018-02-27 20:39:36,0.04620600,0.19400000
2018-02-27 20:39:37,0.04611800,0.24100000
2018-02-27 20:39:38,0.04620000,0.20700000
2018-02-27 20:39:39,0.04620000,0.03800000
2018-02-27 20:39:39,0.04620700,0.59600000
2018-02-27 20:39:40,0.04610500,0.18900000
2018-02-27 20:39:41,0.04620700,0.06800000
2018-02-27 20:39:53,0.04611500,0.14900000
2018-02-27 20:40:01,0.04615600,0.10000000
2018-02-27 20:40:03,0.04619800,0.08300000
2018-02-27 20:40:19,0.04619800,0.10600000
2018-02-27 20:40:20,0.04619800,0.11000000
2018-02-27 20:40:20,0.04620000,0.01000000
2018-02-27 20:40:35,0.04619900,0.30700000
2018-02-27 20:40:46,0.04611600,0.42400000
2018-02-27 20:40:47,0.04619900,0.10000000
2018-02-27 20:40:50,0.04611600,1.79700000
2018-02-27 20:40:53,0.04611600,0.18500000
2018-02-27 20:40:53,0.04611500,0.05100000
2018-02-27 20:40:53,0.04610100,0.43300000
2018-02-27 20:40:58,0.04609900,0.24700000
2018-02-27 20:40:59,0.04610000,1.33100000
2018-02-27 20:41:05,0.04610200,0.07400000
2018-02-27 20:41:05,0.04610000,0.40400000
2018-02-27 20:41:05,0.04609900,0.59400000
2018-02-27 20:41:08,0.04609900,1.71100000
2018-02-27 20:41:10,0.04612700,0.04500000
2018-02-27 20:41:10,0.04612800,0.09900000
2018-02-27 20:41:10,0.04619900,0.14700000
2018-02-27 20:41:10,0.04620000,2.70900000
2018-02-27 20:41:15,0.04619900,1.35500000
2018-02-27 20:41:15,0.04620000,0.61800000
2018-02-27 20:41:17,0.04610400,2.16800000
2018-02-27 20:41:17,0.04610200,0.43300000
2018-02-27 20:41:17,0.04610100,0.25700000
2018-02-27 20:41:17,0.04609900,2.16800000
2018-02-27 20:41:26,0.04609900,0.04400000
2018-02-27 20:41:31,0.04609900,2.56200000
2018-02-27 20:41:33,0.04609900,0.09000000
2018-02-27 20:41:38,0.04609900,0.34600000
2018-02-27 20:41:39,0.04609900,0.11900000
2018-02-27 20:41:39,0.04605500,2.88100000
2018-02-27 20:41:40,0.04610000,2.14200000
2018-02-27 20:41:40,0.04620000,1.47400000
2018-02-27 20:41:40,0.04620700,2.38400000
2018-02-27 20:41:44,0.04620600,0.18400000
2018-02-27 20:41:44,0.04610200,0.04100000
2018-02-27 20:41:54,0.04620600,0.95000000
2018-02-27 20:41:54,0.04620700,42.04800000
2018-02-27 20:41:54,0.04621500,0.45400000
2018-02-27 20:41:54,0.04626300,0.06900000
2018-02-27 20:41:54,0.04629700,0.13000000
2018-02-27 20:41:54,0.04630000,2.21900000
2018-02-27 20:41:55,0.04620000,0.89400000
2018-02-27 20:42:00,0.04620000,0.52800000
2018-02-27 20:42:01,0.04615500,0.28400000
2018-02-27 20:42:13,0.04629100,0.48000000
2018-02-27 20:42:32,0.04629000,0.70000000
2018-02-27 20:42:43,0.04628800,0.45900000
2018-02-27 20:42:48,0.04621100,0.02500000
2018-02-27 20:42:48,0.04620800,0.01600000
2018-02-27 20:42:49,0.04628800,0.00200000
2018-02-27 20:42:56,0.04628600,0.28100000
2018-02-27 20:42:58,0.04628600,1.70300000
2018-02-27 20:43:01,0.04628700,0.28300000
2018-02-27 20:43:16,0.04628700,0.02000000
2018-02-27 20:43:16,0.04628700,2.13000000
2018-02-27 20:43:16,0.04629000,0.08000000
2018-02-27 20:43:25,0.04629300,1.61500000
2018-02-27 20:43:25,0.04629300,0.24900000
2018-02-27 20:43:28,0.04630000,1.64500000
2018-02-27 20:43:39,0.04632100,0.10000000
2018-02-27 20:43:42,0.04637200,0.08100000
2018-02-27 20:43:44,0.04637200,2.63400000
2018-02-27 20:43:45,0.04637200,1.30200000
2018-02-27 20:43:52,0.04639700,0.27900000
2018-02-27 20:43:54,0.04639700,0.35900000
2018-02-27 20:43:54,0.04639700,1.67000000
2018-02-27 20:43:54,0.04639800,1.82000000
2018-02-27 20:43:54,0.04640000,1.04200000
2018-02-27 20:43:56,0.04645000,0.54300000
2018-02-27 20:43:56,0.04649100,0.40000000
2018-02-27 20:43:56,0.04649300,1.93000000
2018-02-27 20:43:56,0.04650000,1.12700000
2018-02-27 20:43:56,0.04650000,0.18000000
2018-02-27 20:43:58,0.04640200,0.02600000
2018-02-27 20:44:00,0.04650000,1.40000000
2018-02-27 20:44:01,0.04640200,0.03500000
2018-02-27 20:44:02,0.04640200,0.48700000
2018-02-27 20:44:03,0.04640200,0.04300000
2018-02-27 20:44:03,0.04640200,0.32000000
2018-02-27 20:44:05,0.04649800,0.90100000
2018-02-27 20:44:15,0.04649800,0.65700000
2018-02-27 20:44:15,0.04649800,1.22600000
2018-02-27 20:44:15,0.04650000,6.17400000
2018-02-27 20:44:17,0.04650000,4.33900000
2018-02-27 20:44:18,0.04650000,0.22600000
2018-02-27 20:44:18,0.04641000,0.83200000
2018-02-27 20:44:18,0.04641000,0.03200000
2018-02-27 20:44:18,0.04641000,0.55500000
2018-02-27 20:44:18,0.04649800,0.61600000
2018-02-27 20:44:18,0.04649800,0.28000000
2018-02-27 20:44:18,0.04649800,1.02900000
2018-02-27 20:44:20,0.04649800,0.26800000
2018-02-27 20:44:22,0.04649800,1.85900000
2018-02-27 20:44:22,0.04649900,1.96100000
2018-02-27 20:44:22,0.04650000,2.41100000
2018-02-27 20:44:24,0.04632600,0.02600000
2018-02-27 20:44:34,0.04649800,0.72100000
2018-02-27 20:44:34,0.04650000,0.31900000
2018-02-27 20:44:36,0.04650000,5.28200000
2018-02-27 20:44:40,0.04635300,0.88300000
2018-02-27 20:44:40,0.04650000,1.06200000
2018-02-27 20:44:41,0.04635400,0.18400000
2018-02-27 20:44:46,0.04649900,0.18400000
2018-02-27 20:44:46,0.04650000,1.80300000
2018-02-27 20:44:51,0.04638200,0.24100000
2018-02-27 20:44:51,0.04638100,1.24900000
2018-02-27 20:44:51,0.04637500,0.25900000
2018-02-27 20:44:51,0.04637500,0.24100000
2018-02-27 20:44:53,0.04633900,1.00000000
2018-02-27 20:44:53,0.04633800,0.50000000
2018-02-27 20:44:53,0.04632100,0.14600000
2018-02-27 20:44:53,0.04629300,0.10000000
2018-02-27 20:44:53,0.04627100,0.10800000
2018-02-27 20:44:53,0.04622400,0.40100000
2018-02-27 20:44:53,0.04620700,0.18100000
2018-02-27 20:44:53,0.04616300,0.90800000
2018-02-27 20:44:53,0.04616200,0.91700000
2018-02-27 20:44:53,0.04615500,0.13500000
2018-02-27 20:44:53,0.04614700,0.38300000
2018-02-27 20:44:53,0.04613200,1.86100000
2018-02-27 20:44:55,0.04642200,1.69500000
2018-02-27 20:45:03,0.04636500,0.20100000
2018-02-27 20:45:06,0.04635600,0.22200000
2018-02-27 20:45:17,0.04632600,0.04000000
2018-02-27 20:45:17,0.04632800,0.07800000
2018-02-27 20:45:20,0.04632600,0.34900000
2018-02-27 20:45:20,0.04632600,0.92200000
2018-02-27 20:45:21,0.04632800,0.85200000
2018-02-27 20:45:21,0.04632600,0.72900000
2018-02-27 20:45:29,0.04624800,0.55500000
2018-02-27 20:45:29,0.04624800,0.02700000
2018-02-27 20:45:31,0.04624800,1.57700000
2018-02-27 20:45:31,0.04624600,0.10800000
2018-02-27 20:45:31,0.04623400,2.32000000
2018-02-27 20:45:31,0.04623300,0.33100000
2018-02-27 20:45:31,0.04620700,0.10200000
2018-02-27 20:45:31,0.04616900,1.56200000
2018-02-27 20:45:34,0.04633300,0.04400000
2018-02-27 20:45:38,0.04622400,0.03600000
2018-02-27 20:45:43,0.04622400,0.00600000
2018-02-27 20:45:43,0.04622000,0.92500000
2018-02-27 20:45:43,0.04621300,0.09400000
2018-02-27 20:45:43,0.04620100,0.03600000
2018-02-27 20:45:45,0.04633000,1.99200000
2018-02-27 20:45:48,0.04621400,0.09400000
2018-02-27 20:45:48,0.04620200,0.18200000
2018-02-27 20:45:55,0.04632000,0.14700000
2018-02-27 20:45:56,0.04631800,0.12100000
2018-02-27 20:46:11,0.04631800,1.15600000
2018-02-27 20:46:11,0.04633300,2.48200000
2018-02-27 20:46:17,0.04622400,0.34500000
2018-02-27 20:46:33,0.04622400,1.81700000
2018-02-27 20:46:33,0.04622200,0.10200000
2018-02-27 20:46:33,0.04617100,2.01600000
2018-02-27 20:46:33,0.04616000,0.30600000
2018-02-27 20:46:33,0.04611300,0.91900000
2018-02-27 20:46:33,0.04611200,0.03500000
2018-02-27 20:46:33,0.04611200,0.90900000
2018-02-27 20:46:33,0.04611200,0.85000000
2018-02-27 20:46:33,0.04611100,2.16200000
2018-02-27 20:46:34,0.04611100,0.83800000
2018-02-27 20:46:38,0.04611100,0.21500000
2018-02-27 20:46:39,0.04611200,0.07600000
2018-02-27 20:46:40,0.04611000,0.07400000
2018-02-27 20:46:40,0.04611000,0.68600000
2018-02-27 20:46:44,0.04622400,23.76200000
2018-02-27 20:46:45,0.04630800,0.38600000
2018-02-27 20:46:46,0.04622400,0.12800000
2018-02-27 20:46:53,0.04622400,0.10600000
2018-02-27 20:47:03,0.04623000,0.45700000
2018-02-27 20:47:09,0.04623100,0.01900000
2018-02-27 20:47:10,0.04623100,0.28100000
2018-02-27 20:47:10,0.04623000,6.71900000
2018-02-27 20:47:12,0.04623000,0.24100000
2018-02-27 20:47:20,0.04623100,0.09400000
2018-02-27 20:47:20,0.04623100,0.08000000
2018-02-27 20:47:21,0.04624500,0.09000000
2018-02-27 20:47:25,0.04630800,0.10800000
2018-02-27 20:47:25,0.04630800,0.36700000
2018-02-27 20:47:27,0.04630900,0.70200000
2018-02-27 20:47:28,0.04630900,1.39500000
2018-02-27 20:47:28,0.04630900,3.27900000
2018-02-27 20:47:28,0.04630900,7.16600000
2018-02-27 20:47:28,0.04630900,3.68100000
2018-02-27 20:47:33,0.04638000,0.26800000
2018-02-27 20:47:33,0.04638100,1.17600000
2018-02-27 20:47:34,0.04638100,0.10100000
2018-02-27 20:47:34,0.04638100,0.61100000
2018-02-27 20:47:39,0.04638100,30.06700000
2018-02-27 20:47:39,0.04638100,1.75700000
2018-02-27 20:47:47,0.04638100,0.02200000
2018-02-27 20:47:47,0.04638100,0.06600000
2018-02-27 20:47:49,0.04638100,0.02600000
2018-02-27 20:47:50,0.04638100,0.03000000
2018-02-27 20:47:52,0.04638100,0.10600000
2018-02-27 20:47:53,0.04630100,4.18900000
2018-02-27 20:47:55,0.04630000,0.78000000
2018-02-27 20:47:56,0.04630000,20.03100000
2018-02-27 20:47:56,0.04638000,0.30600000
2018-02-27 20:47:56,0.04638200,0.71500000
2018-02-27 20:47:56,0.04640400,0.06900000
2018-02-27 20:47:56,0.04641000,1.07400000
2018-02-27 20:47:56,0.04645500,1.21700000
2018-02-27 20:47:56,0.04647500,5.20000000
2018-02-27 20:47:56,0.04647800,0.08100000
2018-02-27 20:47:56,0.04648600,0.90800000
2018-02-27 20:47:56,0.04648700,1.00000000
2018-02-27 20:47:56,0.04649900,7.25100000
2018-02-27 20:47:56,0.04650000,6.42300000
2018-02-27 20:47:56,0.04650000,0.04100000
2018-02-27 20:48:06,0.04628600,2.16100000
2018-02-27 20:48:06,0.04628400,3.27400000
2018-02-27 20:48:22,0.04644800,0.13600000
2018-02-27 20:48:22,0.04644800,1.46700000
2018-02-27 20:48:28,0.04632300,0.14000000
2018-02-27 20:48:34,0.04632400,0.33600000
2018-02-27 20:48:44,0.04643300,0.03900000
2018-02-27 20:48:56,0.04641500,0.51900000
2018-02-27 20:48:56,0.04641700,0.09600000
2018-02-27 20:48:56,0.04644800,1.16800000
2018-02-27 20:48:57,0.04632500,4.86000000
2018-02-27 20:48:57,0.04632400,2.94800000
2018-02-27 20:48:57,0.04631800,0.76800000
2018-02-27 20:48:57,0.04630000,0.47000000
2018-02-27 20:48:59,0.04626200,0.21400000
2018-02-27 20:49:02,0.04629800,0.02200000
2018-02-27 20:49:07,0.04626200,0.10800000
2018-02-27 20:49:21,0.04626100,0.08100000
2018-02-27 20:49:24,0.04626100,2.07700000
2018-02-27 20:49:25,0.04626100,0.81100000
2018-02-27 20:49:25,0.04626100,0.21600000
2018-02-27 20:49:27,0.04626100,0.03500000
2018-02-27 20:49:29,0.04626100,0.19800000
2018-02-27 20:49:29,0.04626200,0.01800000
2018-02-27 20:49:30,0.04626200,0.40200000
2018-02-27 20:49:30,0.04629900,4.14400000
2018-02-27 20:49:33,0.04629900,1.51000000
2018-02-27 20:49:47,0.04626300,0.08600000
2018-02-27 20:49:47,0.04626000,1.44100000
2018-02-27 20:49:48,0.04625000,1.21300000
2018-02-27 20:49:48,0.04625000,2.16100000
2018-02-27 20:49:48,0.04625000,0.09900000
2018-02-27 20:49:50,0.04629900,0.05100000
2018-02-27 20:49:51,0.04629900,0.07600000
2018-02-27 20:49:58,0.04623500,2.30300000
2018-02-27 20:49:58,0.04623400,2.13600000
2018-02-27 20:49:58,0.04623300,1.04500000
2018-02-27 20:49:58,0.04622400,1.35800000
2018-02-27 20:50:21,0.04618600,2.16400000
2018-02-27 20:50:24,0.04628300,0.81000000
2018-02-27 20:50:26,0.04618600,0.05000000
2018-02-27 20:50:26,0.04618400,0.21600000
2018-02-27 20:50:26,0.04616300,0.05000000
2018-02-27 20:50:26,0.04618400,0.66200000
2018-02-27 20:50:26,0.04618400,0.21600000
2018-02-27 20:50:27,0.04618400,0.16900000
2018-02-27 20:50:27,0.04618400,0.03500000
2018-02-27 20:50:27,0.04616300,0.21600000
2018-02-27 20:50:31,0.04617800,0.05600000
2018-02-27 20:50:31,0.04627600,0.24000000
2018-02-27 20:50:31,0.04627700,0.16100000
2018-02-27 20:50:32,0.04629700,0.27200000
2018-02-27 20:50:32,0.04629800,8.52300000
2018-02-27 20:50:32,0.04629900,34.99900000
2018-02-27 20:50:46,0.04629400,0.26600000
2018-02-27 20:50:46,0.04629500,3.12800000
2018-02-27 20:50:53,0.04629700,1.06800000
2018-02-27 20:51:01,0.04620400,0.49500000
2018-02-27 20:51:03,0.04620400,2.10000000
2018-02-27 20:51:03,0.04616300,0.92600000
2018-02-27 20:51:03,0.04616000,0.30700000
2018-02-27 20:51:03,0.04613700,0.05700000
2018-02-27 20:51:43,0.04620200,2.16300000
2018-02-27 20:51:43,0.04620400,9.49700000
2018-02-27 20:51:43,0.04625700,0.43200000
2018-02-27 20:51:43,0.04629700,5.63100000
2018-02-27 20:51:43,0.04629900,15.27700000
2018-02-27 20:51:45,0.04620100,0.77000000
2018-02-27 20:51:48,0.04614300,0.04000000
2018-02-27 20:51:48,0.04613700,0.79200000
2018-02-27 20:51:49,0.04619000,0.00600000
2018-02-27 20:51:50,0.04614100,0.21600000
2018-02-27 20:51:50,0.04613700,0.27900000
2018-02-27 20:51:50,0.04613600,4.29600000
2018-02-27 20:51:50,0.04611100,0.20000000
2018-02-27 20:51:50,0.04610800,0.43300000
2018-02-27 20:51:50,0.04610600,9.64600000
2018-02-27 20:51:50,0.04610500,0.91400000
2018-02-27 20:51:50,0.04610000,14.01600000
2018-02-27 20:51:51,0.04610000,0.40500000
2018-02-27 20:51:53,0.04610000,0.27900000
2018-02-27 20:51:56,0.04613700,0.16100000
2018-02-27 20:51:57,0.04613700,0.37400000
2018-02-27 20:51:57,0.04610000,0.15600000
2018-02-27 20:52:01,0.04613700,8.69300000
2018-02-27 20:52:03,0.04613700,2.15200000
2018-02-27 20:52:10,0.04613700,0.16100000
2018-02-27 20:52:10,0.04613700,0.44900000
2018-02-27 20:52:10,0.04618700,0.21600000
2018-02-27 20:52:10,0.04618900,0.08600000
2018-02-27 20:52:10,0.04619200,0.43300000
2018-02-27 20:52:10,0.04620100,13.48600000
2018-02-27 20:52:12,0.04614200,2.16600000
2018-02-27 20:52:12,0.04614100,0.21600000
2018-02-27 20:52:12,0.04613700,3.73800000
2018-02-27 20:52:21,0.04614800,0.43300000
2018-02-27 20:52:21,0.04614700,1.24000000
2018-02-27 20:52:21,0.04613700,0.01800000
2018-02-27 20:52:21,0.04613700,0.03500000
2018-02-27 20:52:22,0.04613200,0.03500000
2018-02-27 20:52:23,0.04613200,0.32300000
2018-02-27 20:52:23,0.04613200,0.05100000
2018-02-27 20:52:23,0.04613100,1.00000000
2018-02-27 20:52:24,0.04613200,0.27100000
2018-02-27 20:52:24,0.04613200,0.52600000
2018-02-27 20:52:25,0.04613200,0.95800000
2018-02-27 20:52:27,0.04613200,0.00200000
2018-02-27 20:52:27,0.04613400,0.21600000
2018-02-27 20:52:27,0.04613700,0.05600000
2018-02-27 20:52:29,0.04610100,0.20000000
2018-02-27 20:52:29,0.04610000,0.20500000
2018-02-27 20:52:30,0.04613700,0.21600000
2018-02-27 20:52:31,0.04613700,0.11800000
2018-02-27 20:52:37,0.04613700,0.90600000
2018-02-27 20:52:48,0.04610300,0.17300000
2018-02-27 20:52:48,0.04610000,0.86600000
2018-02-27 20:52:48,0.04613700,0.10500000
2018-02-27 20:52:49,0.04610000,2.67300000
2018-02-27 20:52:50,0.04610000,0.15900000
2018-02-27 20:52:50,0.04610000,0.18100000
2018-02-27 20:52:51,0.04608800,1.70300000
2018-02-27 20:52:56,0.04610000,1.00400000
2018-02-27 20:52:57,0.04610000,0.03500000
2018-02-27 20:52:58,0.04610000,1.10600000
2018-02-27 20:52:59,0.04610000,0.22800000
2018-02-27 20:53:02,0.04613700,0.12100000
2018-02-27 20:53:17,0.04613700,0.00200000
2018-02-27 20:53:17,0.04620000,0.99800000
2018-02-27 20:53:21,0.04623600,0.10700000
2018-02-27 20:53:30,0.04612100,0.03500000
2018-02-27 20:53:35,0.04612100,0.01200000
2018-02-27 20:53:52,0.04620000,0.04700000
2018-02-27 20:53:53,0.04620100,0.24000000
2018-02-27 20:54:15,0.04620100,2.10200000
2018-02-27 20:54:23,0.04620100,0.30700000
2018-02-27 20:54:25,0.04620100,0.11800000
2018-02-27 20:54:25,0.04620100,1.09800000
2018-02-27 20:54:33,0.04620100,0.17300000
2018-02-27 20:54:39,0.04624000,0.10000000
2018-02-27 20:54:39,0.04624400,0.06600000
2018-02-27 20:54:39,0.04624500,0.91400000
2018-02-27 20:54:39,0.04625000,2.21600000
2018-02-27 20:54:39,0.04625000,1.53700000
2018-02-27 20:54:46,0.04629500,0.32600000
2018-02-27 20:54:46,0.04629600,0.55600000
2018-02-27 20:54:49,0.04629700,0.80000000
2018-02-27 20:54:49,0.04629900,26.70000000
2018-02-27 20:54:58,0.04629700,1.49000000
2018-02-27 20:55:00,0.04629600,0.03400000
2018-02-27 20:55:02,0.04629600,0.80000000
2018-02-27 20:55:10,0.04629700,0.12400000
2018-02-27 20:55:10,0.04629800,0.87600000
2018-02-27 20:55:12,0.04629800,2.20100000
2018-02-27 20:55:17,0.04629800,0.80700000
2018-02-27 20:55:17,0.04629800,0.66600000
2018-02-27 20:55:26,0.04629800,0.09100000
2018-02-27 20:55:26,0.04629800,0.45400000
2018-02-27 20:55:29,0.04620400,2.16400000
2018-02-27 20:55:29,0.04620200,0.43200000
2018-02-27 20:55:29,0.04620100,0.64000000
2018-02-27 20:55:29,0.04620000,16.76400000
2018-02-27 20:55:48,0.04621500,0.19400000
2018-02-27 20:55:48,0.04620200,1.32600000
2018-02-27 20:55:48,0.04620100,0.80800000
2018-02-27 20:55:48,0.04620000,0.06900000
2018-02-27 20:55:51,0.04628900,0.79500000
2018-02-27 20:56:03,0.04627700,1.36900000
2018-02-27 20:56:03,0.04627900,0.19400000
2018-02-27 20:56:05,0.04628900,0.33400000
2018-02-27 20:56:05,0.04628900,0.91100000
2018-02-27 20:56:06,0.04628900,0.01000000
2018-02-27 20:56:06,0.04620200,2.16100000
2018-02-27 20:56:06,0.04620000,11.13500000
2018-02-27 20:56:06,0.04610000,5.42100000
2018-02-27 20:56:06,0.04609900,7.52300000
2018-02-27 20:56:10,0.04612300,0.50000000
2018-02-27 20:56:10,0.04612200,0.56700000
2018-02-27 20:56:15,0.04612400,0.01000000
2018-02-27 20:56:16,0.04612400,0.01000000
2018-02-27 20:56:33,0.04612500,0.03400000
2018-02-27 20:56:46,0.04620700,0.29100000
2018-02-27 20:56:51,0.04620000,0.05700000
2018-02-27 20:56:52,0.04619800,1.87000000
2018-02-27 20:56:52,0.04621800,0.42100000
2018-02-27 20:56:54,0.04619700,0.31800000
2018-02-27 20:56:57,0.04612700,0.38000000
2018-02-27 20:57:09,0.04620000,0.16800000
2018-02-27 20:57:11,0.04620000,0.32400000
2018-02-27 20:57:11,0.04612500,0.97800000
2018-02-27 20:57:11,0.04612400,1.69800000
2018-02-27 20:57:19,0.04612400,0.28700000
2018-02-27 20:57:27,0.04612500,11.22500000
2018-02-27 20:57:27,0.04612400,0.34100000
2018-02-27 20:57:28,0.04610500,0.91700000
2018-02-27 20:57:28,0.04610400,0.41100000
2018-02-27 20:57:28,0.04609900,21.63700000
2018-02-27 20:57:28,0.04608700,0.07400000
2018-02-27 20:57:28,0.04606000,0.38400000
2018-02-27 20:57:29,0.04612200,0.25500000
2018-02-27 20:57:36,0.04605700,0.08300000
2018-02-27 20:57:36,0.04605000,0.17300000
2018-02-27 20:57:36,0.04604200,0.21700000
2018-02-27 20:57:36,0.04602500,0.10000000
2018-02-27 20:57:36,0.04600000,2.89300000
2018-02-27 20:57:37,0.04611800,0.12500000
2018-02-27 20:57:37,0.04612000,0.42200000
2018-02-27 20:57:37,0.04612100,0.12500000
2018-02-27 20:57:37,0.04612400,0.11200000
2018-02-27 20:57:38,0.04600300,2.17000000
2018-02-27 20:57:38,0.04600100,2.08500000
2018-02-27 20:57:39,0.04600200,0.24100000
2018-02-27 20:57:39,0.04600100,0.17700000
2018-02-27 20:57:41,0.04602000,0.06400000
2018-02-27 20:57:48,0.04602000,0.02700000
2018-02-27 20:57:48,0.04600200,0.43400000
2018-02-27 20:57:48,0.04600000,0.33900000
2018-02-27 20:57:52,0.04600000,2.00000000
2018-02-27 20:58:03,0.04608000,0.34200000
2018-02-27 20:58:05,0.04607700,0.03500000
2018-02-27 20:58:05,0.04607700,0.67900000
2018-02-27 20:58:06,0.04607700,0.03500000
2018-02-27 20:58:06,0.04602300,0.07700000
2018-02-27 20:58:06,0.04601600,0.09100000
2018-02-27 20:58:06,0.04600000,0.83200000
2018-02-27 20:58:07,0.04607400,0.30000000
2018-02-27 20:58:09,0.04607100,0.03500000
2018-02-27 20:58:09,0.04607100,0.49300000
2018-02-27 20:58:15,0.04606200,0.03500000
2018-02-27 20:58:15,0.04606200,0.21600000
2018-02-27 20:58:15,0.04606400,0.02400000
2018-02-27 20:58:16,0.04606400,0.21700000
2018-02-27 20:58:16,0.04607500,0.86900000
2018-02-27 20:58:21,0.04606700,0.04300000
2018-02-27 20:58:22,0.04606700,0.00100000
2018-02-27 20:58:22,0.04609900,0.06400000
2018-02-27 20:58:36,0.04609900,0.36800000
2018-02-27 20:58:37,0.04609900,0.00200000
2018-02-27 20:58:37,0.04610000,0.10000000
2018-02-27 20:58:37,0.04612300,0.48100000
2018-02-27 20:58:47,0.04602000,2.17100000
2018-02-27 20:58:47,0.04601800,0.43400000
2018-02-27 20:58:47,0.04600000,3.44500000
2018-02-27 20:59:00,0.04601700,0.05700000
2018-02-27 20:59:00,0.04600100,0.11700000
2018-02-27 20:59:00,0.04600000,4.22200000
2018-02-27 20:59:02,0.04600000,0.11300000
2018-02-27 20:59:13,0.04601000,0.36100000
2018-02-27 20:59:13,0.04600700,0.49100000
2018-02-27 20:59:13,0.04600000,3.40500000
2018-02-27 20:59:26,0.04600000,6.23100000
2018-02-27 20:59:29,0.04604800,2.17100000
2018-02-27 20:59:29,0.04605000,0.55000000
2018-02-27 20:59:34,0.04600900,1.07900000
2018-02-27 20:59:37,0.04600900,1.09300000
2018-02-27 20:59:37,0.04600700,0.95600000
2018-02-27 20:59:37,0.04605000,10.10200000
2018-02-27 20:59:57,0.04610300,2.17200000
