DATE,PRICE,VOLUME
2018-02-27 23:00:00,0.04560000,8.68100000
2018-02-27 23:00:02,0.04560000,0.03600000
2018-02-27 23:00:02,0.04560900,0.88400000
2018-02-27 23:00:09,0.04559000,1.90200000
2018-02-27 23:00:10,0.04559000,1.18800000
2018-02-27 23:00:12,0.04559000,0.03700000
2018-02-27 23:00:24,0.04559000,0.64100000
2018-02-27 23:00:26,0.04557200,0.82600000
2018-02-27 23:00:28,0.04559000,0.22500000
2018-02-27 23:00:29,0.04559000,0.04000000
2018-02-27 23:00:29,0.04569100,0.06900000
2018-02-27 23:00:41,0.04559000,0.26400000
2018-02-27 23:00:41,0.04559000,0.22000000
2018-02-27 23:00:50,0.04557200,0.01800000
2018-02-27 23:01:04,0.04559000,0.81000000
2018-02-27 23:01:08,0.04559000,0.00800000
2018-02-27 23:01:18,0.04559000,0.01800000
2018-02-27 23:01:24,0.04559000,0.28800000
2018-02-27 23:01:24,0.04557200,0.88500000
2018-02-27 23:01:36,0.04557200,2.49800000
2018-02-27 23:01:36,0.04557200,1.34000000
2018-02-27 23:01:37,0.04558900,0.60100000
2018-02-27 23:01:39,0.04559000,0.43800000
2018-02-27 23:01:54,0.04550100,0.10000000
2018-02-27 23:02:14,0.04550600,1.92300000
2018-02-27 23:02:14,0.04550100,0.89700000
2018-02-27 23:02:36,0.04558800,0.32900000
2018-02-27 23:02:36,0.04558900,0.28700000
2018-02-27 23:02:36,0.04559000,0.44000000
2018-02-27 23:02:38,0.04559000,0.26900000
2018-02-27 23:02:38,0.04559000,0.00200000
2018-02-27 23:02:40,0.04559000,0.34900000
2018-02-27 23:02:47,0.04559000,0.00100000
2018-02-27 23:02:51,0.04558900,0.58200000
2018-02-27 23:02:51,0.04559000,0.55700000
2018-02-27 23:02:57,0.04559000,0.21900000
2018-02-27 23:03:03,0.04550200,0.57200000
2018-02-27 23:03:03,0.04550100,5.71600000
2018-02-27 23:03:04,0.04559000,0.05500000
2018-02-27 23:03:04,0.04559000,0.04400000
2018-02-27 23:03:15,0.04559000,0.72500000
2018-02-27 23:03:28,0.04550200,0.08400000
2018-02-27 23:03:40,0.04554600,0.02900000
2018-02-27 23:03:40,0.04558900,1.92300000
2018-02-27 23:03:40,0.04559000,2.91000000
2018-02-27 23:03:44,0.04550200,1.67900000
2018-02-27 23:03:46,0.04559000,0.08800000
2018-02-27 23:03:49,0.04559000,2.00000000
2018-02-27 23:03:57,0.04550200,0.04500000
2018-02-27 23:03:59,0.04559000,1.22600000
2018-02-27 23:04:04,0.04559000,7.31800000
2018-02-27 23:04:17,0.04550300,0.02400000
2018-02-27 23:04:30,0.04559000,1.78300000
2018-02-27 23:04:48,0.04559000,3.40600000
2018-02-27 23:04:51,0.04559000,4.12700000
2018-02-27 23:05:17,0.04560000,0.05500000
2018-02-27 23:05:36,0.04560000,0.73500000
2018-02-27 23:05:36,0.04568900,0.59200000
2018-02-27 23:05:36,0.04569100,0.30000000
2018-02-27 23:05:42,0.04559000,0.32100000
2018-02-27 23:06:07,0.04566200,0.15400000
2018-02-27 23:06:07,0.04566900,0.00500000
2018-02-27 23:06:27,0.04566900,0.70800000
2018-02-27 23:06:27,0.04568900,0.79100000
2018-02-27 23:06:27,0.04569000,0.25500000
2018-02-27 23:06:27,0.04569100,8.12300000
2018-02-27 23:06:27,0.04569100,0.65500000
2018-02-27 23:06:27,0.04569100,0.65500000
2018-02-27 23:06:37,0.04569100,8.40000000
2018-02-27 23:06:37,0.04569100,1.65300000
2018-02-27 23:06:41,0.04569100,1.13800000
2018-02-27 23:06:43,0.04569100,0.32600000
2018-02-27 23:06:46,0.04570000,0.89200000
2018-02-27 23:06:47,0.04573000,0.27300000
2018-02-27 23:06:52,0.04573000,0.03500000
2018-02-27 23:07:02,0.04570000,0.13600000
2018-02-27 23:07:02,0.04572900,0.08400000
2018-02-27 23:07:02,0.04573000,0.92800000
2018-02-27 23:07:05,0.04570000,0.19200000
2018-02-27 23:07:05,0.04569100,0.26400000
2018-02-27 23:07:05,0.04572900,0.28500000
2018-02-27 23:07:05,0.04573000,0.03000000
2018-02-27 23:07:16,0.04570000,0.11700000
2018-02-27 23:07:17,0.04573000,0.10900000
2018-02-27 23:07:19,0.04570000,0.31900000
2018-02-27 23:07:19,0.04569100,0.06500000
2018-02-27 23:07:28,0.04563700,0.22200000
2018-02-27 23:07:43,0.04572900,0.45900000
2018-02-27 23:07:47,0.04570000,0.02500000
2018-02-27 23:07:47,0.04563700,0.90500000
2018-02-27 23:07:50,0.04572900,1.00000000
2018-02-27 23:07:58,0.04572900,0.17600000
2018-02-27 23:08:10,0.04563700,0.76900000
2018-02-27 23:08:20,0.04563700,1.94100000
2018-02-27 23:08:24,0.04563700,1.69100000
2018-02-27 23:08:25,0.04563700,0.07400000
2018-02-27 23:08:28,0.04563700,0.21500000
2018-02-27 23:08:44,0.04563700,9.42900000
2018-02-27 23:08:44,0.04563600,0.21800000
2018-02-27 23:08:44,0.04560000,0.02400000
2018-02-27 23:08:44,0.04559000,0.32900000
2018-02-27 23:08:48,0.04571300,0.05200000
2018-02-27 23:09:07,0.04559000,0.03500000
2018-02-27 23:09:08,0.04559000,1.16700000
2018-02-27 23:09:09,0.04555100,0.04300000
2018-02-27 23:09:11,0.04555100,0.38700000
2018-02-27 23:09:12,0.04555100,0.28300000
2018-02-27 23:09:12,0.04555100,0.61800000
2018-02-27 23:09:12,0.04555000,0.02300000
2018-02-27 23:09:21,0.04555000,2.21400000
2018-02-27 23:09:26,0.04567000,0.40700000
2018-02-27 23:09:26,0.04567100,0.29500000
2018-02-27 23:09:26,0.04551900,0.45000000
2018-02-27 23:09:27,0.04551900,0.02300000
2018-02-27 23:09:27,0.04567100,0.21800000
2018-02-27 23:09:34,0.04555100,0.12800000
2018-02-27 23:09:35,0.04566500,0.23200000
2018-02-27 23:09:38,0.04566400,0.12800000
2018-02-27 23:09:38,0.04566500,0.15400000
2018-02-27 23:09:38,0.04566600,0.13600000
2018-02-27 23:09:46,0.04555100,0.15300000
2018-02-27 23:09:46,0.04555100,0.00200000
2018-02-27 23:09:46,0.04555100,0.12800000
2018-02-27 23:09:47,0.04555000,0.03200000
2018-02-27 23:09:58,0.04555100,0.02200000
2018-02-27 23:10:00,0.04554900,0.34400000
2018-02-27 23:10:07,0.04554700,0.15300000
2018-02-27 23:10:07,0.04554800,0.60700000
2018-02-27 23:10:11,0.04554600,0.08200000
2018-02-27 23:10:19,0.04554500,0.07000000
2018-02-27 23:10:19,0.04554600,0.14600000
2018-02-27 23:10:21,0.04552700,0.09900000
2018-02-27 23:10:30,0.04554500,0.10900000
2018-02-27 23:10:30,0.04554600,0.23400000
2018-02-27 23:10:30,0.04554800,0.04000000
2018-02-27 23:10:40,0.04554400,0.55100000
2018-02-27 23:10:42,0.04554700,0.01100000
2018-02-27 23:10:45,0.04555000,0.74600000
2018-02-27 23:10:45,0.04554900,0.12800000
2018-02-27 23:10:54,0.04554800,3.85400000
2018-02-27 23:11:21,0.04554800,0.10000000
2018-02-27 23:11:39,0.04554900,0.82400000
2018-02-27 23:11:39,0.04554800,0.12800000
2018-02-27 23:11:39,0.04554700,0.20800000
2018-02-27 23:11:39,0.04550500,0.79400000
2018-02-27 23:11:39,0.04550400,6.76200000
2018-02-27 23:11:39,0.04550300,30.07600000
2018-02-27 23:11:39,0.04550100,29.79100000
2018-02-27 23:11:39,0.04550000,23.93800000
2018-02-27 23:11:45,0.04558700,0.02900000
2018-02-27 23:11:50,0.04558300,0.47100000
2018-02-27 23:11:50,0.04558400,0.52900000
2018-02-27 23:12:01,0.04558400,0.11100000
2018-02-27 23:12:07,0.04559000,0.21700000
2018-02-27 23:12:07,0.04559100,0.28300000
2018-02-27 23:12:08,0.04559200,0.21900000
2018-02-27 23:12:09,0.04559900,3.25000000
2018-02-27 23:12:09,0.04559900,1.38600000
2018-02-27 23:12:09,0.04567600,0.25700000
2018-02-27 23:12:13,0.04559200,0.80900000
2018-02-27 23:12:15,0.04558400,0.10100000
2018-02-27 23:12:23,0.04558400,0.05100000
2018-02-27 23:12:43,0.04558400,5.75900000
2018-02-27 23:12:43,0.04550000,8.07200000
2018-02-27 23:12:49,0.04558400,0.99000000
2018-02-27 23:13:01,0.04551500,0.18500000
2018-02-27 23:13:02,0.04566500,0.05900000
2018-02-27 23:13:04,0.04566300,0.02700000
2018-02-27 23:13:16,0.04565600,0.10000000
2018-02-27 23:13:50,0.04552500,0.34200000
2018-02-27 23:13:50,0.04552400,0.21900000
2018-02-27 23:13:50,0.04551500,0.04200000
2018-02-27 23:13:50,0.04550100,0.25800000
2018-02-27 23:13:50,0.04550000,0.13900000
2018-02-27 23:14:08,0.04562200,0.20000000
2018-02-27 23:14:15,0.04550600,0.20000000
2018-02-27 23:14:15,0.04550000,0.68900000
2018-02-27 23:14:23,0.04550000,0.02100000
2018-02-27 23:14:39,0.04560400,0.50000000
2018-02-27 23:14:39,0.04560500,0.55700000
2018-02-27 23:14:42,0.04561900,0.41700000
2018-02-27 23:14:43,0.04560500,1.62500000
2018-02-27 23:14:47,0.04561900,0.08300000
2018-02-27 23:14:47,0.04562000,0.04500000
2018-02-27 23:14:47,0.04563000,0.02700000
2018-02-27 23:14:55,0.04563000,0.08700000
2018-02-27 23:14:58,0.04562900,0.01500000
2018-02-27 23:15:22,0.04562900,0.32800000
2018-02-27 23:15:26,0.04562900,3.45500000
2018-02-27 23:15:28,0.04562900,0.25500000
2018-02-27 23:15:28,0.04555900,0.39600000
2018-02-27 23:15:28,0.04554100,0.50000000
2018-02-27 23:15:28,0.04554000,0.43900000
2018-02-27 23:15:28,0.04553800,0.07000000
2018-02-27 23:15:29,0.04562900,3.15400000
2018-02-27 23:15:33,0.04562900,2.26200000
2018-02-27 23:15:36,0.04562900,1.15700000
2018-02-27 23:15:38,0.04562900,0.52200000
2018-02-27 23:15:41,0.04562900,0.05500000
2018-02-27 23:15:47,0.04562900,0.91900000
2018-02-27 23:15:47,0.04563500,0.72400000
2018-02-27 23:16:14,0.04563400,0.02900000
2018-02-27 23:16:15,0.04562900,0.20000000
2018-02-27 23:16:16,0.04562900,1.50000000
2018-02-27 23:16:19,0.04563400,0.40900000
2018-02-27 23:16:19,0.04563500,0.15500000
2018-02-27 23:16:21,0.04563500,0.08700000
2018-02-27 23:16:22,0.04563500,3.66300000
2018-02-27 23:16:27,0.04567700,0.11500000
2018-02-27 23:17:20,0.04563500,1.34700000
2018-02-27 23:17:21,0.04567700,0.09500000
2018-02-27 23:17:23,0.04567700,0.02800000
2018-02-27 23:17:30,0.04563500,1.84900000
2018-02-27 23:17:30,0.04562900,0.28200000
2018-02-27 23:17:44,0.04567600,0.25800000
2018-02-27 23:17:44,0.04567700,0.74200000
2018-02-27 23:18:01,0.04562900,0.31500000
2018-02-27 23:18:22,0.04567000,0.48300000
2018-02-27 23:18:26,0.04567000,1.02600000
2018-02-27 23:18:26,0.04567600,0.04200000
2018-02-27 23:18:26,0.04567700,2.07800000
2018-02-27 23:18:35,0.04567700,0.15900000
2018-02-27 23:18:36,0.04567700,7.31000000
2018-02-27 23:18:43,0.04567800,0.82900000
2018-02-27 23:18:43,0.04569500,0.29600000
2018-02-27 23:18:43,0.04569600,0.33600000
2018-02-27 23:18:43,0.04569600,0.85700000
2018-02-27 23:18:45,0.04567700,7.08800000
2018-02-27 23:18:46,0.04569400,0.82300000
2018-02-27 23:18:47,0.04569800,1.16200000
2018-02-27 23:18:47,0.04569800,1.48500000
2018-02-27 23:18:47,0.04569800,1.87900000
2018-02-27 23:18:47,0.04569800,2.33500000
2018-02-27 23:18:47,0.04569800,2.83800000
2018-02-27 23:18:47,0.04569800,3.36100000
2018-02-27 23:18:47,0.04569800,3.86600000
2018-02-27 23:18:47,0.04569800,3.03500000
2018-02-27 23:18:48,0.04570300,0.02100000
2018-02-27 23:18:48,0.04570300,0.02000000
2018-02-27 23:18:57,0.04572800,0.20000000
2018-02-27 23:19:06,0.04572800,0.10000000
2018-02-27 23:19:09,0.04572800,0.47400000
2018-02-27 23:19:13,0.04572800,0.89800000
2018-02-27 23:19:13,0.04572800,0.16300000
2018-02-27 23:19:18,0.04572800,1.06800000
2018-02-27 23:19:21,0.04572900,1.78300000
2018-02-27 23:19:21,0.04573000,0.02300000
2018-02-27 23:19:21,0.04575000,3.28600000
2018-02-27 23:19:22,0.04572800,0.55300000
2018-02-27 23:19:23,0.04572800,1.69500000
2018-02-27 23:19:29,0.04572800,0.62600000
2018-02-27 23:19:30,0.04572800,0.20300000
2018-02-27 23:19:38,0.04572800,3.86200000
2018-02-27 23:19:42,0.04572800,0.22000000
2018-02-27 23:19:43,0.04570700,0.14800000
2018-02-27 23:19:48,0.04572800,0.07300000
2018-02-27 23:19:49,0.04572800,0.03500000
2018-02-27 23:19:50,0.04572800,0.44600000
2018-02-27 23:19:50,0.04572800,1.07000000
2018-02-27 23:19:51,0.04572800,0.23400000
2018-02-27 23:19:52,0.04572800,0.10000000
2018-02-27 23:19:56,0.04572800,0.41500000
2018-02-27 23:19:58,0.04571100,0.25700000
2018-02-27 23:20:10,0.04574900,0.11800000
2018-02-27 23:20:10,0.04575000,0.00200000
2018-02-27 23:20:16,0.04571800,0.03400000
2018-02-27 23:20:20,0.04575000,3.38100000
2018-02-27 23:20:22,0.04575000,1.12300000
2018-02-27 23:20:23,0.04575000,1.34400000
2018-02-27 23:20:24,0.04575000,0.59800000
2018-02-27 23:20:24,0.04575000,0.08800000
2018-02-27 23:20:26,0.04575000,0.08700000
2018-02-27 23:20:26,0.04575000,0.23500000
2018-02-27 23:20:27,0.04575000,0.60200000
2018-02-27 23:20:27,0.04575000,0.00200000
2018-02-27 23:20:27,0.04575200,0.21600000
2018-02-27 23:20:27,0.04578100,0.14900000
2018-02-27 23:20:27,0.04583400,0.34000000
2018-02-27 23:20:32,0.04575000,0.74600000
2018-02-27 23:20:36,0.04583400,0.09800000
2018-02-27 23:20:39,0.04583400,0.32800000
2018-02-27 23:20:39,0.04583500,0.53900000
2018-02-27 23:20:44,0.04583400,0.14700000
2018-02-27 23:20:44,0.04583500,8.45400000
2018-02-27 23:20:44,0.04583500,10.01100000
2018-02-27 23:20:48,0.04585800,0.39800000
2018-02-27 23:20:51,0.04573000,0.04900000
2018-02-27 23:20:54,0.04575300,0.05500000
2018-02-27 23:20:55,0.04585800,0.03000000
2018-02-27 23:20:58,0.04585800,0.12100000
2018-02-27 23:20:58,0.04585900,0.22000000
2018-02-27 23:20:58,0.04586000,0.90000000
2018-02-27 23:20:58,0.04586100,0.74700000
2018-02-27 23:20:58,0.04588900,0.65800000
2018-02-27 23:20:58,0.04588900,3.26900000
2018-02-27 23:20:58,0.04588900,2.23700000
2018-02-27 23:20:59,0.04590400,0.54800000
2018-02-27 23:20:59,0.04590800,0.04400000
2018-02-27 23:20:59,0.04591900,0.30800000
2018-02-27 23:21:03,0.04591900,0.04900000
2018-02-27 23:21:04,0.04591900,0.02600000
2018-02-27 23:21:04,0.04594000,0.22700000
2018-02-27 23:21:04,0.04595100,0.28600000
2018-02-27 23:21:04,0.04594100,0.15900000
2018-02-27 23:21:04,0.04594000,3.75600000
2018-02-27 23:21:10,0.04577100,0.05500000
2018-02-27 23:21:11,0.04577200,0.04800000
2018-02-27 23:21:11,0.04577200,0.10200000
2018-02-27 23:21:11,0.04577300,0.11100000
2018-02-27 23:21:14,0.04577400,0.04400000
2018-02-27 23:21:14,0.04594000,1.49800000
2018-02-27 23:21:15,0.04595000,3.03800000
2018-02-27 23:21:20,0.04594800,0.09900000
2018-02-27 23:21:20,0.04594900,0.22000000
2018-02-27 23:21:21,0.04583600,0.26600000
2018-02-27 23:21:24,0.04583700,0.02700000
2018-02-27 23:21:25,0.04583700,0.05900000
2018-02-27 23:21:30,0.04583700,0.81700000
2018-02-27 23:21:34,0.04583800,0.36000000
2018-02-27 23:21:50,0.04583800,1.07700000
2018-02-27 23:21:50,0.04583700,1.49800000
2018-02-27 23:22:05,0.04583700,0.03400000
2018-02-27 23:22:07,0.04593400,0.06100000
2018-02-27 23:22:10,0.04593400,0.68900000
2018-02-27 23:22:10,0.04593500,0.38600000
2018-02-27 23:22:12,0.04593500,0.29000000
2018-02-27 23:22:12,0.04594400,0.78600000
2018-02-27 23:22:30,0.04593000,0.40000000
2018-02-27 23:22:30,0.04593400,1.79900000
2018-02-27 23:22:32,0.04593000,3.50200000
2018-02-27 23:22:34,0.04593000,0.07900000
2018-02-27 23:22:37,0.04593300,0.08700000
2018-02-27 23:22:38,0.04593000,1.49700000
2018-02-27 23:22:40,0.04593000,8.62000000
2018-02-27 23:22:41,0.04585100,0.64300000
2018-02-27 23:22:41,0.04585000,0.68600000
2018-02-27 23:22:43,0.04584100,0.05500000
2018-02-27 23:22:44,0.04584100,0.04400000
2018-02-27 23:22:46,0.04584100,0.21900000
2018-02-27 23:22:46,0.04584100,0.07800000
2018-02-27 23:22:47,0.04584100,0.04000000
2018-02-27 23:22:48,0.04584000,0.06800000
2018-02-27 23:22:51,0.04584000,0.21000000
2018-02-27 23:22:52,0.04584000,0.43200000
2018-02-27 23:22:52,0.04584000,0.64400000
2018-02-27 23:22:52,0.04584000,0.21700000
2018-02-27 23:22:53,0.04584000,0.29800000
2018-02-27 23:22:53,0.04583900,0.21100000
2018-02-27 23:22:53,0.04584000,1.69700000
2018-02-27 23:22:54,0.04583900,0.64600000
2018-02-27 23:22:55,0.04583900,1.08800000
2018-02-27 23:22:56,0.04583700,0.05500000
2018-02-27 23:22:56,0.04583700,0.05500000
2018-02-27 23:22:58,0.04583700,0.04900000
2018-02-27 23:23:00,0.04583700,0.11000000
2018-02-27 23:23:00,0.04583700,0.06600000
2018-02-27 23:23:00,0.04583700,0.22200000
2018-02-27 23:23:00,0.04583700,0.11000000
2018-02-27 23:23:02,0.04593000,1.33600000
2018-02-27 23:23:02,0.04593300,0.15900000
2018-02-27 23:23:04,0.04583700,0.82600000
2018-02-27 23:23:07,0.04583800,0.13900000
2018-02-27 23:23:07,0.04583800,0.09900000
2018-02-27 23:23:07,0.04583800,0.17200000
2018-02-27 23:23:09,0.04583800,0.02600000
2018-02-27 23:23:11,0.04583700,0.05400000
2018-02-27 23:23:13,0.04583800,0.05500000
2018-02-27 23:23:13,0.04583800,0.13500000
2018-02-27 23:23:22,0.04583800,0.37800000
2018-02-27 23:23:23,0.04583800,0.38200000
2018-02-27 23:23:25,0.04593200,2.64600000
2018-02-27 23:23:25,0.04593300,7.70200000
2018-02-27 23:23:25,0.04594400,29.52000000
2018-02-27 23:23:25,0.04595400,0.02400000
2018-02-27 23:23:25,0.04597500,0.72100000
2018-02-27 23:23:25,0.04598900,0.31200000
2018-02-27 23:23:25,0.04599900,0.81000000
2018-02-27 23:23:25,0.04600000,4.24100000
2018-02-27 23:23:25,0.04598800,0.50000000
2018-02-27 23:23:25,0.04600000,1.38800000
2018-02-27 23:23:28,0.04584300,0.43600000
2018-02-27 23:23:28,0.04584200,0.09200000
2018-02-27 23:23:28,0.04599900,0.11100000
2018-02-27 23:23:28,0.04600000,5.67400000
2018-02-27 23:23:30,0.04593200,5.91700000
2018-02-27 23:23:36,0.04599800,0.09200000
2018-02-27 23:23:36,0.04599900,0.43600000
2018-02-27 23:23:36,0.04600000,0.27500000
2018-02-27 23:23:36,0.04602800,0.16700000
2018-02-27 23:23:36,0.04607700,0.04900000
2018-02-27 23:23:36,0.04608000,0.42600000
2018-02-27 23:23:38,0.04585200,0.93400000
2018-02-27 23:23:39,0.04607900,0.93400000
2018-02-27 23:23:39,0.04608000,0.34200000
2018-02-27 23:23:39,0.04608000,2.37800000
2018-02-27 23:23:39,0.04608000,1.67000000
2018-02-27 23:23:39,0.04608900,0.50000000
2018-02-27 23:23:43,0.04608900,0.10400000
2018-02-27 23:23:43,0.04609800,0.06500000
2018-02-27 23:23:43,0.04609900,0.14600000
2018-02-27 23:23:46,0.04611700,0.04400000
2018-02-27 23:23:46,0.04615000,0.02800000
2018-02-27 23:23:46,0.04616300,0.14300000
2018-02-27 23:23:47,0.04616300,0.01300000
2018-02-27 23:23:47,0.04616800,0.21900000
2018-02-27 23:23:47,0.04616900,0.26400000
2018-02-27 23:23:47,0.04619500,0.58300000
2018-02-27 23:23:49,0.04619500,0.08600000
2018-02-27 23:23:50,0.04619500,1.27200000
2018-02-27 23:23:50,0.04619600,0.15800000
2018-02-27 23:23:50,0.04620000,3.57000000
2018-02-27 23:23:51,0.04620000,2.57900000
2018-02-27 23:23:51,0.04620000,6.99600000
2018-02-27 23:23:52,0.04620000,8.40000000
2018-02-27 23:23:54,0.04620000,2.81100000
2018-02-27 23:23:54,0.04610100,0.06300000
2018-02-27 23:23:56,0.04619500,1.10000000
2018-02-27 23:23:56,0.04620000,1.27100000
2018-02-27 23:23:56,0.04620700,0.31700000
2018-02-27 23:23:56,0.04620900,1.15600000
2018-02-27 23:23:56,0.04622700,0.21200000
2018-02-27 23:23:56,0.04623300,0.11700000
2018-02-27 23:23:56,0.04625000,4.22700000
2018-02-27 23:23:58,0.04624900,0.06300000
2018-02-27 23:23:58,0.04625000,2.28800000
2018-02-27 23:23:58,0.04625400,0.07500000
2018-02-27 23:23:59,0.04610600,0.45800000
2018-02-27 23:24:01,0.04625300,0.45800000
2018-02-27 23:24:01,0.04625400,0.23300000
2018-02-27 23:24:01,0.04626000,0.06600000
2018-02-27 23:24:01,0.04627700,0.21400000
2018-02-27 23:24:01,0.04629000,4.99900000
2018-02-27 23:24:01,0.04630000,20.33100000
2018-02-27 23:24:01,0.04630400,0.43800000
2018-02-27 23:24:01,0.04633500,0.01300000
2018-02-27 23:24:01,0.04635000,1.42000000
2018-02-27 23:24:01,0.04620000,0.10000000
2018-02-27 23:24:01,0.04620000,0.10000000
2018-02-27 23:24:01,0.04635000,0.01000000
2018-02-27 23:24:04,0.04620100,0.02100000
2018-02-27 23:24:04,0.04620100,0.19000000
2018-02-27 23:24:05,0.04620000,0.05600000
2018-02-27 23:24:07,0.04634900,0.19000000
2018-02-27 23:24:07,0.04635000,0.13300000
2018-02-27 23:24:07,0.04620100,0.50000000
2018-02-27 23:24:07,0.04620000,0.57400000
2018-02-27 23:24:07,0.04612200,0.10900000
2018-02-27 23:24:07,0.04611100,0.31000000
2018-02-27 23:24:08,0.04634900,0.81000000
2018-02-27 23:24:08,0.04635000,0.12400000
2018-02-27 23:24:08,0.04611400,0.14200000
2018-02-27 23:24:08,0.04611400,0.01000000
2018-02-27 23:24:08,0.04611300,0.04500000
2018-02-27 23:24:09,0.04620000,0.05500000
2018-02-27 23:24:10,0.04620000,0.08600000
2018-02-27 23:24:10,0.04620000,0.02600000
2018-02-27 23:24:11,0.04620000,0.06600000
2018-02-27 23:24:11,0.04622400,0.04900000
2018-02-27 23:24:11,0.04631100,0.01400000
2018-02-27 23:24:11,0.04620100,0.21900000
2018-02-27 23:24:12,0.04620100,0.03300000
2018-02-27 23:24:12,0.04620100,0.03700000
2018-02-27 23:24:13,0.04631000,0.04500000
2018-02-27 23:24:13,0.04631100,0.05800000
2018-02-27 23:24:13,0.04631600,0.08000000
2018-02-27 23:24:13,0.04633500,0.41700000
2018-02-27 23:24:13,0.04620100,0.09800000
2018-02-27 23:24:13,0.04620000,0.01200000
2018-02-27 23:24:15,0.04620200,0.04500000
2018-02-27 23:24:15,0.04620000,0.05500000
2018-02-27 23:24:17,0.04620100,0.23600000
2018-02-27 23:24:27,0.04630400,0.10900000
2018-02-27 23:24:27,0.04630500,0.03900000
2018-02-27 23:24:28,0.04630000,1.09200000
2018-02-27 23:24:28,0.04630400,0.03900000
2018-02-27 23:24:29,0.04630400,0.04900000
2018-02-27 23:24:33,0.04620100,0.02900000
2018-02-27 23:24:36,0.04620100,9.02500000
2018-02-27 23:24:36,0.04620000,8.72800000
2018-02-27 23:24:38,0.04620000,0.06300000
2018-02-27 23:24:39,0.04620000,3.68200000
2018-02-27 23:24:40,0.04629200,0.08600000
2018-02-27 23:24:41,0.04629200,0.45500000
2018-02-27 23:24:41,0.04629400,0.10800000
2018-02-27 23:24:41,0.04631000,0.60000000
2018-02-27 23:24:41,0.04633500,0.11600000
2018-02-27 23:24:41,0.04635000,0.69300000
2018-02-27 23:24:42,0.04620100,0.57700000
2018-02-27 23:24:45,0.04620300,0.96000000
2018-02-27 23:24:45,0.04620100,0.57600000
2018-02-27 23:24:45,0.04620000,3.46400000
2018-02-27 23:24:45,0.04620000,0.27500000
2018-02-27 23:24:46,0.04624900,0.24300000
2018-02-27 23:24:50,0.04620100,0.19400000
2018-02-27 23:24:50,0.04620000,0.89800000
2018-02-27 23:24:51,0.04620100,0.65800000
2018-02-27 23:24:51,0.04620000,0.42400000
2018-02-27 23:24:51,0.04620000,0.91000000
2018-02-27 23:24:51,0.04615600,0.43300000
2018-02-27 23:24:51,0.04610800,0.15300000
2018-02-27 23:24:51,0.04610700,2.70400000
2018-02-27 23:24:53,0.04620100,0.37100000
2018-02-27 23:24:53,0.04620100,0.10800000
2018-02-27 23:24:53,0.04620100,0.02800000
2018-02-27 23:24:54,0.04620100,0.05500000
2018-02-27 23:24:54,0.04620100,0.05500000
2018-02-27 23:24:57,0.04624900,0.71700000
2018-02-27 23:24:57,0.04628300,0.10900000
2018-02-27 23:24:57,0.04620100,0.08800000
2018-02-27 23:24:58,0.04628300,0.16100000
2018-02-27 23:24:58,0.04629300,0.11300000
2018-02-27 23:24:59,0.04629300,0.32000000
2018-02-27 23:24:59,0.04634900,0.07100000
2018-02-27 23:24:59,0.04635000,3.68300000
2018-02-27 23:24:59,0.04635400,0.09200000
2018-02-27 23:24:59,0.04639900,3.53500000
2018-02-27 23:24:59,0.04640000,1.29900000
2018-02-27 23:25:02,0.04625000,0.62900000
2018-02-27 23:25:04,0.04625000,0.07200000
2018-02-27 23:25:07,0.04625000,0.00200000
2018-02-27 23:25:10,0.04620200,0.03300000
2018-02-27 23:25:12,0.04620200,0.39900000
2018-02-27 23:25:13,0.04629900,0.03300000
2018-02-27 23:25:13,0.04630000,0.96700000
2018-02-27 23:25:13,0.04630000,0.48400000
2018-02-27 23:25:14,0.04630000,0.22800000
2018-02-27 23:25:14,0.04630000,0.16100000
2018-02-27 23:25:14,0.04620200,0.03300000
2018-02-27 23:25:15,0.04629900,0.39900000
2018-02-27 23:25:15,0.04630000,2.38300000
2018-02-27 23:25:16,0.04630000,0.15600000
2018-02-27 23:25:17,0.04634900,0.06300000
2018-02-27 23:25:17,0.04630000,0.08800000
2018-02-27 23:25:23,0.04630000,0.43600000
2018-02-27 23:25:23,0.04634900,0.42500000
2018-02-27 23:25:24,0.04630000,0.03500000
2018-02-27 23:25:25,0.04630000,0.50300000
2018-02-27 23:25:25,0.04625600,0.39900000
2018-02-27 23:25:25,0.04625000,0.31900000
2018-02-27 23:25:25,0.04620300,0.97100000
2018-02-27 23:25:25,0.04631300,0.19800000
2018-02-27 23:25:26,0.04634900,1.26000000
2018-02-27 23:25:26,0.04634900,0.09000000
2018-02-27 23:25:27,0.04634900,0.44600000
2018-02-27 23:25:27,0.04639200,0.03300000
2018-02-27 23:25:27,0.04639800,0.97800000
2018-02-27 23:25:27,0.04639900,1.98100000
2018-02-27 23:25:27,0.04640000,9.98600000
2018-02-27 23:25:27,0.04644900,5.42800000
2018-02-27 23:25:27,0.04644900,10.51100000
2018-02-27 23:25:27,0.04644900,2.45200000
2018-02-27 23:25:29,0.04631400,0.21900000
2018-02-27 23:25:30,0.04634900,0.23600000
2018-02-27 23:25:31,0.04634900,0.26600000
2018-02-27 23:25:31,0.04634900,0.48000000
2018-02-27 23:25:31,0.04644600,0.11800000
2018-02-27 23:25:33,0.04644600,0.10100000
2018-02-27 23:25:33,0.04644700,0.39900000
2018-02-27 23:25:33,0.04644800,0.30800000
2018-02-27 23:25:34,0.04634900,0.10000000
2018-02-27 23:25:39,0.04635600,0.13000000
2018-02-27 23:25:39,0.04635000,0.10900000
2018-02-27 23:25:41,0.04635000,0.20900000
2018-02-27 23:25:41,0.04644700,0.10900000
2018-02-27 23:25:41,0.04644800,1.93900000
2018-02-27 23:25:43,0.04644800,0.21100000
2018-02-27 23:25:43,0.04644900,1.78900000
2018-02-27 23:25:43,0.04644900,0.38900000
2018-02-27 23:25:44,0.04644800,0.20900000
2018-02-27 23:25:44,0.04644900,1.35200000
2018-02-27 23:25:44,0.04645000,0.49100000
2018-02-27 23:25:44,0.04645000,0.20900000
2018-02-27 23:25:44,0.04645500,0.08300000
2018-02-27 23:25:46,0.04644500,0.60300000
2018-02-27 23:25:47,0.04644900,0.03300000
2018-02-27 23:25:48,0.04635400,0.16600000
2018-02-27 23:25:49,0.04645700,0.08200000
2018-02-27 23:25:49,0.04645600,2.12700000
2018-02-27 23:25:50,0.04645600,8.38300000
2018-02-27 23:25:50,0.04646800,0.71000000
2018-02-27 23:25:50,0.04649000,6.90700000
2018-02-27 23:25:52,0.04648900,0.16600000
2018-02-27 23:25:52,0.04649000,0.37900000
2018-02-27 23:25:52,0.04649000,5.45200000
2018-02-27 23:25:53,0.04640000,1.99800000
2018-02-27 23:25:54,0.04649000,1.84300000
2018-02-27 23:25:54,0.04649500,0.74600000
2018-02-27 23:25:56,0.04640000,0.17400000
2018-02-27 23:25:57,0.04640000,0.35800000
2018-02-27 23:26:01,0.04643900,0.09400000
2018-02-27 23:26:02,0.04649500,1.41100000
2018-02-27 23:26:02,0.04643900,0.02600000
2018-02-27 23:26:08,0.04649500,5.73600000
2018-02-27 23:26:08,0.04649900,12.00000000
2018-02-27 23:26:08,0.04649900,0.11100000
2018-02-27 23:26:08,0.04649900,0.07100000
2018-02-27 23:26:09,0.04649900,0.03500000
2018-02-27 23:26:09,0.04650000,0.86000000
2018-02-27 23:26:10,0.04649900,0.05000000
2018-02-27 23:26:10,0.04650000,2.00600000
2018-02-27 23:26:11,0.04650000,0.28600000
2018-02-27 23:26:14,0.04650000,4.83600000
2018-02-27 23:26:18,0.04650000,0.48400000
2018-02-27 23:26:19,0.04649900,0.15500000
2018-02-27 23:26:20,0.04649900,0.06300000
2018-02-27 23:26:21,0.04649900,0.53900000
2018-02-27 23:26:21,0.04650000,7.17300000
2018-02-27 23:26:22,0.04650000,2.15100000
2018-02-27 23:26:23,0.04649900,0.82700000
2018-02-27 23:26:25,0.04650000,2.16400000
2018-02-27 23:26:25,0.04649900,0.43500000
2018-02-27 23:26:26,0.04650000,2.62400000
2018-02-27 23:26:27,0.04650000,17.83800000
2018-02-27 23:26:28,0.04650100,0.04800000
2018-02-27 23:26:28,0.04650700,1.32300000
2018-02-27 23:26:28,0.04653500,0.10100000
2018-02-27 23:26:28,0.04655000,0.20700000
2018-02-27 23:26:28,0.04657000,0.32100000
2018-02-27 23:26:31,0.04650000,0.04000000
2018-02-27 23:26:31,0.04650000,2.00000000
2018-02-27 23:26:34,0.04655900,0.19800000
2018-02-27 23:26:34,0.04657000,1.43000000
2018-02-27 23:26:35,0.04657000,3.25100000
2018-02-27 23:26:36,0.04657000,2.98500000
2018-02-27 23:26:37,0.04657000,1.45500000
2018-02-27 23:26:41,0.04657000,4.22600000
2018-02-27 23:26:41,0.04657900,0.05100000
2018-02-27 23:26:44,0.04658000,0.02600000
2018-02-27 23:26:46,0.04659900,0.07800000
2018-02-27 23:26:49,0.04659900,1.13100000
2018-02-27 23:26:49,0.04660000,0.18900000
2018-02-27 23:26:50,0.04660000,0.77000000
2018-02-27 23:26:50,0.04660000,2.53200000
2018-02-27 23:26:52,0.04660000,2.72500000
2018-02-27 23:26:52,0.04660000,4.19100000
2018-02-27 23:26:53,0.04659900,0.03700000
2018-02-27 23:26:53,0.04659900,0.66300000
2018-02-27 23:26:53,0.04660000,2.99000000
2018-02-27 23:26:55,0.04660000,3.63300000
2018-02-27 23:26:56,0.04660000,0.67600000
2018-02-27 23:26:56,0.04658100,0.17200000
2018-02-27 23:26:56,0.04658000,0.62800000
2018-02-27 23:26:56,0.04657900,2.85900000
2018-02-27 23:26:56,0.04650200,3.23700000
2018-02-27 23:26:56,0.04650100,0.03400000
2018-02-27 23:26:56,0.04650000,1.99800000
2018-02-27 23:26:56,0.04649900,1.67800000
2018-02-27 23:26:56,0.04645600,0.43000000
2018-02-27 23:26:56,0.04645400,0.04500000
2018-02-27 23:26:56,0.04644000,0.07500000
2018-02-27 23:26:57,0.04660000,3.18000000
2018-02-27 23:26:57,0.04660000,0.30100000
2018-02-27 23:26:57,0.04660000,0.12000000
2018-02-27 23:26:58,0.04660000,0.05500000
2018-02-27 23:26:58,0.04660000,0.05900000
2018-02-27 23:26:58,0.04660000,5.82500000
2018-02-27 23:26:59,0.04660000,0.08600000
2018-02-27 23:26:59,0.04660000,0.22000000
2018-02-27 23:26:59,0.04660600,0.23200000
2018-02-27 23:27:00,0.04660600,1.80700000
2018-02-27 23:27:00,0.04660000,3.97200000
2018-02-27 23:27:00,0.04660000,0.10800000
2018-02-27 23:27:01,0.04660000,2.72300000
2018-02-27 23:27:01,0.04644000,0.13400000
2018-02-27 23:27:01,0.04660000,0.07800000
2018-02-27 23:27:02,0.04660000,0.23900000
2018-02-27 23:27:03,0.04644000,0.05300000
2018-02-27 23:27:03,0.04643900,0.21300000
2018-02-27 23:27:03,0.04640100,0.43100000
2018-02-27 23:27:03,0.04640000,0.10700000
2018-02-27 23:27:03,0.04640000,0.10600000
2018-02-27 23:27:03,0.04640000,0.08900000
2018-02-27 23:27:03,0.04640000,0.24100000
2018-02-27 23:27:03,0.04639400,0.06500000
2018-02-27 23:27:03,0.04640000,0.10700000
2018-02-27 23:27:03,0.04640000,0.10700000
2018-02-27 23:27:03,0.04637100,0.04100000
2018-02-27 23:27:03,0.04640000,0.50000000
2018-02-27 23:27:03,0.04637100,0.06700000
2018-02-27 23:27:03,0.04640000,0.25500000
2018-02-27 23:27:04,0.04635500,0.04600000
2018-02-27 23:27:04,0.04640000,0.05500000
2018-02-27 23:27:04,0.04640000,0.05500000
2018-02-27 23:27:05,0.04640000,0.07800000
2018-02-27 23:27:05,0.04640000,0.05500000
2018-02-27 23:27:05,0.04640000,0.21400000
2018-02-27 23:27:05,0.04640000,0.15700000
2018-02-27 23:27:05,0.04640000,7.17500000
2018-02-27 23:27:05,0.04635500,0.06200000
2018-02-27 23:27:05,0.04635000,0.04200000
2018-02-27 23:27:05,0.04634900,0.08800000
2018-02-27 23:27:05,0.04634900,0.05500000
2018-02-27 23:27:05,0.04635000,0.09100000
2018-02-27 23:27:05,0.04635000,0.05200000
2018-02-27 23:27:05,0.04635000,0.04400000
2018-02-27 23:27:05,0.04635000,0.02600000
2018-02-27 23:27:05,0.04635000,0.02200000
2018-02-27 23:27:06,0.04635000,0.02900000
2018-02-27 23:27:06,0.04635000,0.93900000
2018-02-27 23:27:06,0.04635000,0.19000000
2018-02-27 23:27:06,0.04635000,0.05700000
2018-02-27 23:27:06,0.04635000,0.04900000
2018-02-27 23:27:06,0.04635000,1.18700000
2018-02-27 23:27:06,0.04635000,0.04800000
2018-02-27 23:27:06,0.04635000,0.07200000
2018-02-27 23:27:07,0.04635500,0.13700000
2018-02-27 23:27:08,0.04640000,0.68200000
2018-02-27 23:27:08,0.04634900,0.00100000
2018-02-27 23:27:08,0.04637100,0.05900000
2018-02-27 23:27:08,0.04637100,0.04800000
2018-02-27 23:27:08,0.04637100,0.03500000
2018-02-27 23:27:09,0.04637100,0.64000000
2018-02-27 23:27:09,0.04640000,0.04300000
2018-02-27 23:27:09,0.04640000,0.43300000
2018-02-27 23:27:09,0.04644100,0.97900000
2018-02-27 23:27:09,0.04644100,1.41100000
2018-02-27 23:27:09,0.04644100,0.41600000
2018-02-27 23:27:09,0.04644200,0.01500000
2018-02-27 23:27:09,0.04644200,0.41600000
2018-02-27 23:27:09,0.04644200,0.05600000
2018-02-27 23:27:09,0.04644200,0.06600000
2018-02-27 23:27:09,0.04644200,0.02700000
2018-02-27 23:27:09,0.04644200,0.22000000
2018-02-27 23:27:09,0.04644200,0.05500000
2018-02-27 23:27:09,0.04644200,0.14000000
2018-02-27 23:27:09,0.04635400,0.07900000
2018-02-27 23:27:09,0.04635400,0.06000000
2018-02-27 23:27:10,0.04633900,0.50000000
2018-02-27 23:27:10,0.04633800,0.05400000
2018-02-27 23:27:12,0.04634100,1.60600000
2018-02-27 23:27:16,0.04638100,0.12000000
2018-02-27 23:27:16,0.04638100,0.04800000
2018-02-27 23:27:16,0.04638100,0.10900000
2018-02-27 23:27:17,0.04638100,0.15400000
2018-02-27 23:27:17,0.04638000,0.13100000
2018-02-27 23:27:18,0.04634000,0.16200000
2018-02-27 23:27:19,0.04633900,0.08600000
2018-02-27 23:27:20,0.04630300,0.02200000
2018-02-27 23:27:20,0.04630300,0.06500000
2018-02-27 23:27:20,0.04630000,0.10800000
2018-02-27 23:27:22,0.04633800,0.50000000
2018-02-27 23:27:22,0.04633900,0.41400000
2018-02-27 23:27:22,0.04634000,0.05700000
2018-02-27 23:27:22,0.04658200,1.84700000
2018-02-27 23:27:22,0.04658300,0.67800000
2018-02-27 23:27:22,0.04658700,10.20000000
2018-02-27 23:27:22,0.04659300,0.10800000
2018-02-27 23:27:22,0.04659400,1.41100000
2018-02-27 23:27:22,0.04659800,0.24200000
2018-02-27 23:27:22,0.04659900,3.04100000
2018-02-27 23:27:22,0.04660000,12.62900000
2018-02-27 23:27:22,0.04660000,4.80000000
2018-02-27 23:27:22,0.04634100,0.08800000
2018-02-27 23:27:22,0.04634200,0.21100000
2018-02-27 23:27:22,0.04634200,0.07700000
2018-02-27 23:27:22,0.04634200,0.14300000
2018-02-27 23:27:22,0.04634100,0.19400000
2018-02-27 23:27:22,0.04634100,0.71800000
2018-02-27 23:27:22,0.04634000,0.14900000
2018-02-27 23:27:23,0.04634100,0.06100000
2018-02-27 23:27:23,0.04634100,0.18100000
2018-02-27 23:27:23,0.04634000,0.45400000
2018-02-27 23:27:23,0.04624900,0.05500000
2018-02-27 23:27:23,0.04624900,2.71700000
2018-02-27 23:27:23,0.04624800,0.17200000
2018-02-27 23:27:23,0.04623800,1.29800000
2018-02-27 23:27:23,0.04629900,0.06400000
2018-02-27 23:27:24,0.04625200,0.08600000
2018-02-27 23:27:24,0.04622100,0.11400000
2018-02-27 23:27:24,0.04622200,3.34900000
2018-02-27 23:27:25,0.04629700,0.06400000
2018-02-27 23:27:25,0.04629300,0.08600000
2018-02-27 23:27:25,0.04629700,0.14400000
2018-02-27 23:27:26,0.04629600,0.06400000
2018-02-27 23:27:26,0.04625600,0.05500000
2018-02-27 23:27:26,0.04629500,0.10700000
2018-02-27 23:27:27,0.04625600,0.02200000
2018-02-27 23:27:27,0.04629400,0.08900000
2018-02-27 23:27:28,0.04625600,0.03100000
2018-02-27 23:27:28,0.04625900,0.02200000
2018-02-27 23:27:29,0.04623900,0.03600000
2018-02-27 23:27:30,0.04625000,0.18500000
2018-02-27 23:27:30,0.04625000,0.19300000
2018-02-27 23:27:30,0.04625000,0.05400000
2018-02-27 23:27:30,0.04629200,0.22000000
2018-02-27 23:27:30,0.04625000,0.14100000
2018-02-27 23:27:30,0.04622200,1.65100000
2018-02-27 23:27:31,0.04622200,0.39200000
2018-02-27 23:27:31,0.04622100,0.12100000
2018-02-27 23:27:31,0.04622200,0.95400000
2018-02-27 23:27:32,0.04622100,0.43600000
2018-02-27 23:27:32,0.04622200,0.04300000
2018-02-27 23:27:33,0.04622100,0.06600000
2018-02-27 23:27:33,0.04622100,0.11000000
2018-02-27 23:27:33,0.04622100,0.06600000
2018-02-27 23:27:33,0.04622100,0.11600000
2018-02-27 23:27:34,0.04622100,0.06400000
2018-02-27 23:27:34,0.04622100,0.11000000
2018-02-27 23:27:34,0.04622100,0.16400000
2018-02-27 23:27:35,0.04622100,0.66000000
2018-02-27 23:27:35,0.04622100,0.06200000
2018-02-27 23:27:36,0.04622200,0.05400000
2018-02-27 23:27:37,0.04622100,0.02700000
2018-02-27 23:27:37,0.04622100,0.11000000
2018-02-27 23:27:38,0.04622200,0.72100000
2018-02-27 23:27:38,0.04628800,0.91800000
2018-02-27 23:27:38,0.04628900,1.78700000
2018-02-27 23:27:39,0.04622100,0.05500000
2018-02-27 23:27:40,0.04620000,1.55200000
2018-02-27 23:27:41,0.04616800,0.33300000
2018-02-27 23:27:41,0.04615300,0.06500000
2018-02-27 23:27:41,0.04612900,0.03300000
2018-02-27 23:27:41,0.04611500,0.13300000
2018-02-27 23:27:41,0.04610000,0.33600000
2018-02-27 23:27:42,0.04611500,0.22100000
2018-02-27 23:27:43,0.04611500,1.99200000
2018-02-27 23:27:43,0.04611500,0.22000000
2018-02-27 23:27:43,0.04611500,0.13600000
2018-02-27 23:27:43,0.04611500,0.10100000
2018-02-27 23:27:43,0.04611500,0.05500000
2018-02-27 23:27:44,0.04611500,0.98500000
2018-02-27 23:27:44,0.04611500,0.12800000
2018-02-27 23:27:44,0.04619900,0.16200000
2018-02-27 23:27:44,0.04611500,14.85800000
2018-02-27 23:27:44,0.04610000,6.96000000
2018-02-27 23:27:46,0.04619800,0.08100000
2018-02-27 23:27:46,0.04619700,0.08600000
2018-02-27 23:27:46,0.04619700,0.08700000
2018-02-27 23:27:46,0.04619700,0.08700000
2018-02-27 23:27:46,0.04619700,0.08700000
2018-02-27 23:27:47,0.04619700,0.16700000
2018-02-27 23:27:47,0.04619800,0.17300000
2018-02-27 23:27:47,0.04611500,0.04400000
2018-02-27 23:27:47,0.04610000,0.01200000
2018-02-27 23:27:47,0.04619800,0.17700000
2018-02-27 23:27:47,0.04620000,0.48700000
2018-02-27 23:27:47,0.04622200,0.27100000
2018-02-27 23:27:47,0.04628800,0.03600000
2018-02-27 23:27:47,0.04629300,0.24200000
2018-02-27 23:27:48,0.04629300,0.35000000
2018-02-27 23:27:49,0.04629300,0.14400000
2018-02-27 23:27:50,0.04629300,0.29300000
2018-02-27 23:27:50,0.04629900,0.12800000
2018-02-27 23:27:50,0.04630000,0.33900000
2018-02-27 23:27:50,0.04636700,0.33300000
2018-02-27 23:27:50,0.04638000,0.60200000
2018-02-27 23:27:50,0.04640000,0.72600000
2018-02-27 23:27:52,0.04610300,0.22200000
2018-02-27 23:27:52,0.04637800,0.72200000
2018-02-27 23:27:52,0.04637900,0.38000000
2018-02-27 23:27:52,0.04640000,0.38300000
2018-02-27 23:27:52,0.04610500,0.06600000
2018-02-27 23:27:54,0.04619800,0.33900000
2018-02-27 23:27:54,0.04625600,0.05500000
2018-02-27 23:27:54,0.04625600,0.03500000
2018-02-27 23:27:54,0.04640000,0.50000000
2018-02-27 23:27:54,0.04625600,0.06700000
2018-02-27 23:27:55,0.04625700,0.15600000
2018-02-27 23:27:55,0.04625700,0.08600000
2018-02-27 23:27:55,0.04625600,0.44200000
2018-02-27 23:27:55,0.04610600,1.20000000
2018-02-27 23:27:57,0.04629900,0.30200000
2018-02-27 23:27:57,0.04626000,0.11700000
2018-02-27 23:27:57,0.04625800,0.36600000
2018-02-27 23:27:57,0.04625600,0.12700000
2018-02-27 23:27:57,0.04620000,3.61500000
2018-02-27 23:27:57,0.04610700,0.17500000
2018-02-27 23:27:57,0.04610600,3.69800000
2018-02-27 23:27:57,0.04610600,0.84300000
2018-02-27 23:27:57,0.04610500,2.58300000
2018-02-27 23:27:59,0.04610700,0.05500000
2018-02-27 23:28:00,0.04611100,0.08600000
2018-02-27 23:28:00,0.04610700,3.40500000
2018-02-27 23:28:00,0.04610600,0.15200000
2018-02-27 23:28:00,0.04610500,0.76000000
2018-02-27 23:28:00,0.04610100,3.99700000
2018-02-27 23:28:00,0.04639200,0.09700000
2018-02-27 23:28:01,0.04610900,0.09700000
2018-02-27 23:28:01,0.04610800,0.77900000
2018-02-27 23:28:01,0.04610800,0.59400000
2018-02-27 23:28:07,0.04610800,0.35800000
2018-02-27 23:28:09,0.04610800,0.85400000
2018-02-27 23:28:09,0.04610500,1.00300000
2018-02-27 23:28:09,0.04610100,2.45800000
2018-02-27 23:28:12,0.04610300,0.02200000
2018-02-27 23:28:15,0.04610100,3.45100000
2018-02-27 23:28:21,0.04629900,0.81500000
2018-02-27 23:28:22,0.04629300,1.00000000
2018-02-27 23:28:22,0.04629400,0.08600000
2018-02-27 23:28:22,0.04629700,0.14600000
2018-02-27 23:28:23,0.04620000,0.03500000
2018-02-27 23:28:23,0.04610700,0.08600000
2018-02-27 23:28:23,0.04610400,0.08600000
2018-02-27 23:28:24,0.04610400,0.40800000
2018-02-27 23:28:24,0.04620000,0.14800000
2018-02-27 23:28:25,0.04619500,0.03700000
2018-02-27 23:28:25,0.04619500,0.04900000
2018-02-27 23:28:26,0.04610300,0.11100000
2018-02-27 23:28:27,0.04619800,0.02900000
2018-02-27 23:28:27,0.04619800,0.08700000
2018-02-27 23:28:28,0.04619700,0.03500000
2018-02-27 23:28:30,0.04619400,0.10800000
2018-02-27 23:28:30,0.04619500,0.09300000
2018-02-27 23:28:31,0.04610300,0.06600000
2018-02-27 23:28:31,0.04619300,0.49700000
2018-02-27 23:28:32,0.04619300,0.05000000
2018-02-27 23:28:32,0.04610400,0.05200000
2018-02-27 23:28:32,0.04610300,0.00500000
2018-02-27 23:28:36,0.04619000,0.01700000
2018-02-27 23:28:38,0.04610400,0.13000000
2018-02-27 23:28:39,0.04618700,0.27000000
2018-02-27 23:28:40,0.04610400,0.80800000
2018-02-27 23:28:46,0.04611100,0.10200000
2018-02-27 23:28:46,0.04610400,0.60100000
2018-02-27 23:28:47,0.04610400,1.21100000
2018-02-27 23:28:49,0.04610400,0.03300000
2018-02-27 23:28:49,0.04618100,0.12000000
2018-02-27 23:28:50,0.04618100,0.03500000
2018-02-27 23:28:50,0.04610400,0.08600000
2018-02-27 23:29:12,0.04616300,0.02200000
2018-02-27 23:29:12,0.04616300,0.02200000
2018-02-27 23:29:12,0.04616300,0.02200000
2018-02-27 23:29:14,0.04616200,1.40600000
2018-02-27 23:29:14,0.04616200,0.59300000
2018-02-27 23:29:14,0.04616300,0.81700000
2018-02-27 23:29:14,0.04616300,0.74800000
2018-02-27 23:29:14,0.04616500,0.62500000
2018-02-27 23:29:14,0.04616800,0.03300000
2018-02-27 23:29:18,0.04616300,0.09000000
2018-02-27 23:29:18,0.04616800,0.01200000
2018-02-27 23:29:18,0.04617400,0.04100000
2018-02-27 23:29:18,0.04618900,5.44300000
2018-02-27 23:29:21,0.04619400,1.40600000
2018-02-27 23:29:21,0.04619500,0.14600000
2018-02-27 23:29:26,0.04625000,0.42200000
2018-02-27 23:29:26,0.04628100,0.19300000
2018-02-27 23:29:26,0.04629800,3.38500000
2018-02-27 23:29:30,0.04629700,0.06400000
2018-02-27 23:29:30,0.04629800,1.61500000
2018-02-27 23:29:30,0.04629900,0.14400000
2018-02-27 23:29:36,0.04629700,2.14600000
2018-02-27 23:29:36,0.04629900,1.28700000
2018-02-27 23:29:53,0.04629900,0.44100000
2018-02-27 23:29:54,0.04633800,0.08800000
2018-02-27 23:29:55,0.04633800,0.70700000
2018-02-27 23:29:57,0.04637900,0.16000000
2018-02-27 23:29:59,0.04629900,0.08500000
2018-02-27 23:30:02,0.04630000,0.70000000
2018-02-27 23:30:02,0.04629900,2.24300000
2018-02-27 23:30:03,0.04637500,0.23800000
2018-02-27 23:30:07,0.04637500,0.68000000
2018-02-27 23:30:07,0.04637900,0.17900000
2018-02-27 23:30:14,0.04633800,0.11000000
2018-02-27 23:30:14,0.04629900,0.44400000
2018-02-27 23:30:15,0.04637500,0.09000000
2018-02-27 23:30:15,0.04637500,0.03600000
2018-02-27 23:30:17,0.04629900,4.52700000
2018-02-27 23:30:21,0.04621800,0.10900000
2018-02-27 23:30:22,0.04621800,0.50400000
2018-02-27 23:30:22,0.04621800,0.05500000
2018-02-27 23:30:23,0.04621800,0.08800000
2018-02-27 23:30:25,0.04621900,0.05500000
2018-02-27 23:30:26,0.04629900,0.67300000
2018-02-27 23:30:26,0.04622200,0.45100000
2018-02-27 23:30:26,0.04622100,0.16700000
2018-02-27 23:30:27,0.04637800,0.00100000
2018-02-27 23:30:34,0.04637400,0.49900000
2018-02-27 23:30:34,0.04637500,3.28300000
2018-02-27 23:30:42,0.04637400,0.04000000
2018-02-27 23:30:42,0.04637500,0.58200000
2018-02-27 23:30:42,0.04637800,0.16800000
2018-02-27 23:30:49,0.04630000,0.25000000
2018-02-27 23:30:50,0.04637800,1.42600000
2018-02-27 23:30:50,0.04637900,0.35100000
2018-02-27 23:30:50,0.04638500,1.04500000
2018-02-27 23:30:50,0.04639100,0.16700000
2018-02-27 23:30:50,0.04639300,0.93600000
2018-02-27 23:30:50,0.04640000,4.42300000
2018-02-27 23:30:53,0.04640100,0.03700000
2018-02-27 23:30:54,0.04640100,0.84300000
2018-02-27 23:30:54,0.04640100,0.00200000
2018-02-27 23:30:56,0.04637800,0.38800000
2018-02-27 23:30:58,0.04640100,0.04100000
2018-02-27 23:30:59,0.04640000,0.12500000
2018-02-27 23:30:59,0.04640100,0.04300000
2018-02-27 23:31:00,0.04640000,0.05400000
2018-02-27 23:31:02,0.04640000,0.17400000
2018-02-27 23:31:05,0.04640000,1.33700000
2018-02-27 23:31:06,0.04637800,1.00200000
2018-02-27 23:31:06,0.04637800,0.26600000
2018-02-27 23:31:06,0.04630000,4.23800000
2018-02-27 23:31:07,0.04639900,0.00100000
2018-02-27 23:31:07,0.04640100,1.91400000
2018-02-27 23:31:07,0.04645000,0.03300000
2018-02-27 23:31:07,0.04649800,0.11400000
2018-02-27 23:31:07,0.04650000,3.47500000
2018-02-27 23:31:07,0.04630000,0.02600000
2018-02-27 23:31:10,0.04637800,0.51400000
2018-02-27 23:31:11,0.04638000,0.21500000
2018-02-27 23:31:11,0.04637800,0.00300000
2018-02-27 23:31:17,0.04638100,0.24200000
2018-02-27 23:31:17,0.04638000,0.43100000
2018-02-27 23:31:17,0.04637800,0.19600000
2018-02-27 23:31:18,0.04648700,0.15500000
2018-02-27 23:31:21,0.04648600,0.02500000
2018-02-27 23:31:26,0.04637800,1.40800000
2018-02-27 23:31:29,0.04630200,0.45300000
2018-02-27 23:31:29,0.04630200,0.44200000
2018-02-27 23:31:30,0.04630100,0.70000000
2018-02-27 23:31:32,0.04630100,0.89500000
2018-02-27 23:31:32,0.04630100,0.39500000
2018-02-27 23:31:33,0.04630100,0.39900000
2018-02-27 23:31:33,0.04630100,0.21500000
2018-02-27 23:31:35,0.04630100,0.10000000
2018-02-27 23:31:41,0.04632600,0.21500000
2018-02-27 23:31:41,0.04632400,0.01300000
2018-02-27 23:31:42,0.04646600,1.00000000
2018-02-27 23:31:42,0.04646700,0.27600000
2018-02-27 23:31:42,0.04646900,0.51600000
2018-02-27 23:31:42,0.04648600,1.58800000
2018-02-27 23:31:47,0.04632900,0.05000000
2018-02-27 23:31:48,0.04646300,1.24800000
2018-02-27 23:31:48,0.04646400,0.43200000
2018-02-27 23:31:48,0.04648500,1.59100000
2018-02-27 23:31:49,0.04648600,2.96200000
2018-02-27 23:31:49,0.04648800,0.22900000
2018-02-27 23:31:49,0.04648700,0.27100000
2018-02-27 23:31:49,0.04648600,3.76700000
2018-02-27 23:31:50,0.04633100,0.05500000
2018-02-27 23:31:51,0.04648500,0.50000000
2018-02-27 23:31:51,0.04648600,0.50000000
2018-02-27 23:31:56,0.04634100,0.50000000
2018-02-27 23:31:56,0.04634000,0.18500000
2018-02-27 23:31:57,0.04634200,0.21500000
2018-02-27 23:31:57,0.04634000,0.22200000
2018-02-27 23:32:00,0.04634400,0.59300000
2018-02-27 23:32:00,0.04634300,0.24200000
2018-02-27 23:32:00,0.04634100,0.32100000
2018-02-27 23:32:01,0.04633700,0.32100000
2018-02-27 23:32:01,0.04633600,1.75200000
2018-02-27 23:32:02,0.04634500,0.65000000
2018-02-27 23:32:02,0.04634000,0.28300000
2018-02-27 23:32:04,0.04634500,0.21700000
2018-02-27 23:32:05,0.04630200,0.81200000
2018-02-27 23:32:05,0.04630100,13.03500000
2018-02-27 23:32:05,0.04630000,8.14800000
2018-02-27 23:32:05,0.04629900,1.01500000
2018-02-27 23:32:05,0.04629900,0.10700000
2018-02-27 23:32:07,0.04633600,28.84300000
2018-02-27 23:32:08,0.04625400,0.04400000
2018-02-27 23:32:08,0.04625300,0.18800000
2018-02-27 23:32:08,0.04625200,0.10800000
2018-02-27 23:32:12,0.04624300,0.09100000
2018-02-27 23:32:18,0.04639800,1.00000000
2018-02-27 23:32:18,0.04639900,0.69500000
2018-02-27 23:32:19,0.04639800,0.22100000
2018-02-27 23:32:19,0.04633600,0.50000000
2018-02-27 23:32:19,0.04633500,1.44800000
2018-02-27 23:32:20,0.04639800,0.21900000
2018-02-27 23:32:20,0.04639700,0.50000000
2018-02-27 23:32:21,0.04639800,0.13900000
2018-02-27 23:32:24,0.04625100,0.54500000
2018-02-27 23:32:24,0.04639500,0.24200000
2018-02-27 23:32:24,0.04639600,0.04800000
2018-02-27 23:32:24,0.04625300,0.04100000
2018-02-27 23:32:26,0.04639300,0.58400000
2018-02-27 23:32:28,0.04639200,0.07400000
2018-02-27 23:32:28,0.04639200,0.00200000
2018-02-27 23:32:28,0.04639400,0.18900000
2018-02-27 23:32:28,0.04639500,0.92600000
2018-02-27 23:32:28,0.04639600,0.06000000
2018-02-27 23:32:28,0.04639800,2.21500000
2018-02-27 23:32:31,0.04639600,7.85500000
2018-02-27 23:32:31,0.04633500,0.29000000
2018-02-27 23:32:34,0.04639800,1.78400000
2018-02-27 23:32:37,0.04639800,0.61200000
2018-02-27 23:32:38,0.04639800,0.09000000
2018-02-27 23:32:40,0.04639800,11.63900000
2018-02-27 23:32:40,0.04647600,0.60600000
2018-02-27 23:32:40,0.04647800,0.33100000
2018-02-27 23:32:40,0.04648500,0.95000000
2018-02-27 23:32:40,0.04648600,11.19200000
2018-02-27 23:32:40,0.04649700,2.32100000
2018-02-27 23:32:42,0.04640100,0.49800000
2018-02-27 23:32:42,0.04640000,0.42900000
2018-02-27 23:32:42,0.04639800,4.85500000
2018-02-27 23:32:51,0.04640700,0.10600000
2018-02-27 23:32:53,0.04640700,0.04300000
2018-02-27 23:32:54,0.04649600,0.30600000
2018-02-27 23:32:56,0.04640700,2.17300000
2018-02-27 23:32:56,0.04640700,1.00100000
2018-02-27 23:32:56,0.04640300,0.18000000
2018-02-27 23:32:59,0.04649300,0.30500000
2018-02-27 23:32:59,0.04633500,0.02600000
2018-02-27 23:33:02,0.04649300,0.00200000
2018-02-27 23:33:04,0.04649100,0.04100000
2018-02-27 23:33:09,0.04634700,0.82200000
2018-02-27 23:33:09,0.04634600,0.21500000
2018-02-27 23:33:10,0.04634700,0.24500000
2018-02-27 23:33:10,0.04631700,0.50000000
2018-02-27 23:33:10,0.04631600,0.37600000
2018-02-27 23:33:10,0.04631200,0.37500000
2018-02-27 23:33:10,0.04630000,2.91200000
2018-02-27 23:33:10,0.04626300,0.10800000
2018-02-27 23:33:10,0.04625000,0.02200000
2018-02-27 23:33:10,0.04624300,0.23100000
2018-02-27 23:33:10,0.04621900,0.38000000
2018-02-27 23:33:10,0.04621400,0.17500000
2018-02-27 23:33:11,0.04635000,0.30800000
2018-02-27 23:33:13,0.04621500,0.06600000
2018-02-27 23:33:22,0.04639900,0.21400000
2018-02-27 23:33:23,0.04639800,0.04200000
2018-02-27 23:33:23,0.04639800,0.95600000
2018-02-27 23:33:24,0.04639700,0.03500000
2018-02-27 23:33:25,0.04639600,0.10600000
2018-02-27 23:33:25,0.04635000,9.86000000
2018-02-27 23:33:26,0.04639500,0.03500000
2018-02-27 23:33:28,0.04639400,0.10100000
2018-02-27 23:33:34,0.04628300,0.49800000
2018-02-27 23:33:34,0.04628200,0.11600000
2018-02-27 23:33:40,0.04626500,0.04400000
2018-02-27 23:33:42,0.04622500,0.25000000
2018-02-27 23:33:42,0.04622400,1.76200000
2018-02-27 23:33:42,0.04621400,0.15700000
2018-02-27 23:33:42,0.04620900,0.04200000
2018-02-27 23:33:42,0.04620700,0.41900000
2018-02-27 23:33:48,0.04622900,0.00100000
2018-02-27 23:33:49,0.04622900,0.10700000
2018-02-27 23:33:49,0.04621500,2.67400000
2018-02-27 23:33:49,0.04620700,3.07900000
2018-02-27 23:33:51,0.04629600,0.67500000
2018-02-27 23:33:51,0.04629700,0.06000000
2018-02-27 23:33:51,0.04634200,0.26500000
2018-02-27 23:33:53,0.04620900,0.17500000
2018-02-27 23:33:57,0.04621400,0.02100000
2018-02-27 23:34:01,0.04621400,0.72400000
2018-02-27 23:34:01,0.04620700,0.35800000
2018-02-27 23:34:02,0.04620700,1.90300000
2018-02-27 23:34:02,0.04620100,1.71900000
2018-02-27 23:34:02,0.04613700,0.38300000
2018-02-27 23:34:02,0.04611100,5.01300000
2018-02-27 23:34:02,0.04610900,0.10600000
2018-02-27 23:34:02,0.04610600,1.88400000
2018-02-27 23:34:02,0.04610400,0.55300000
2018-02-27 23:34:09,0.04632700,1.00000000
2018-02-27 23:34:09,0.04632800,0.25100000
2018-02-27 23:34:09,0.04632900,0.70500000
2018-02-27 23:34:11,0.04610800,0.04100000
2018-02-27 23:34:12,0.04610800,0.86600000
2018-02-27 23:34:16,0.04611700,0.09300000
2018-02-27 23:34:16,0.04611600,0.43300000
2018-02-27 23:34:16,0.04611300,0.08600000
2018-02-27 23:34:16,0.04610800,1.45900000
2018-02-27 23:34:16,0.04610400,0.96300000
2018-02-27 23:34:16,0.04610300,0.05800000
2018-02-27 23:34:16,0.04610000,5.25600000
2018-02-27 23:34:16,0.04610000,1.00000000
2018-02-27 23:34:25,0.04628000,1.24500000
2018-02-27 23:34:25,0.04628500,0.43300000
2018-02-27 23:34:25,0.04628600,0.04600000
2018-02-27 23:34:25,0.04629300,0.04400000
2018-02-27 23:34:25,0.04629700,0.81500000
2018-02-27 23:34:25,0.04629700,1.24100000
2018-02-27 23:34:25,0.04629700,2.58200000
2018-02-27 23:34:25,0.04610300,0.30200000
2018-02-27 23:34:27,0.04627500,0.02000000
2018-02-27 23:34:34,0.04626800,0.06600000
2018-02-27 23:34:34,0.04626800,1.93400000
2018-02-27 23:34:42,0.04626800,0.24000000
2018-02-27 23:34:57,0.04626700,0.02200000
2018-02-27 23:34:57,0.04626800,0.30200000
2018-02-27 23:34:57,0.04626900,0.10800000
2018-02-27 23:34:57,0.04627200,0.11900000
2018-02-27 23:35:04,0.04627200,0.05400000
2018-02-27 23:35:11,0.04617100,0.37500000
2018-02-27 23:35:13,0.04617300,0.12500000
2018-02-27 23:35:13,0.04617200,0.43300000
2018-02-27 23:35:13,0.04615000,1.47300000
2018-02-27 23:35:13,0.04610200,0.71600000
2018-02-27 23:35:15,0.04610300,0.55100000
2018-02-27 23:35:20,0.04615000,0.47300000
2018-02-27 23:35:29,0.04615000,8.79900000
2018-02-27 23:35:32,0.04614900,0.50000000
2018-02-27 23:35:32,0.04615000,0.07200000
2018-02-27 23:35:36,0.04610200,0.25500000
2018-02-27 23:35:39,0.04610000,3.43000000
2018-02-27 23:35:39,0.04610000,0.29200000
2018-02-27 23:35:41,0.04610000,7.62300000
2018-02-27 23:35:43,0.04610200,0.29900000
2018-02-27 23:35:43,0.04615000,4.97000000
2018-02-27 23:35:43,0.04615000,0.72600000
2018-02-27 23:35:46,0.04615000,2.00400000
2018-02-27 23:35:47,0.04615000,0.17500000
2018-02-27 23:35:47,0.04615000,0.82000000
2018-02-27 23:35:50,0.04615000,0.86200000
2018-02-27 23:35:51,0.04622600,0.05100000
2018-02-27 23:35:51,0.04622700,0.45000000
2018-02-27 23:35:51,0.04622900,0.10800000
2018-02-27 23:35:51,0.04624700,0.39100000
2018-02-27 23:35:53,0.04615200,0.97300000
2018-02-27 23:36:15,0.04619900,0.50000000
2018-02-27 23:36:17,0.04619700,0.24200000
2018-02-27 23:36:17,0.04619800,0.23100000
2018-02-27 23:36:17,0.04620000,0.12200000
2018-02-27 23:36:17,0.04620400,0.15600000
2018-02-27 23:36:26,0.04620400,0.17500000
2018-02-27 23:36:31,0.04624800,0.04200000
2018-02-27 23:36:31,0.04624800,1.14900000
2018-02-27 23:36:31,0.04624800,0.23500000
2018-02-27 23:36:31,0.04624800,0.28200000
2018-02-27 23:36:31,0.04624800,0.04700000
2018-02-27 23:36:38,0.04624800,0.42400000
2018-02-27 23:36:43,0.04624800,0.02300000
2018-02-27 23:36:44,0.04624900,0.92300000
2018-02-27 23:36:48,0.04624800,0.12300000
2018-02-27 23:36:54,0.04629000,0.05200000
2018-02-27 23:36:57,0.04624800,0.18400000
2018-02-27 23:36:58,0.04624800,1.00000000
2018-02-27 23:37:08,0.04624800,0.51200000
2018-02-27 23:37:35,0.04629700,1.31400000
2018-02-27 23:37:45,0.04629900,0.22100000
2018-02-27 23:37:50,0.04630000,6.00000000
2018-02-27 23:37:51,0.04630000,1.00000000
2018-02-27 23:37:58,0.04629900,0.23500000
2018-02-27 23:37:58,0.04624900,0.38700000
2018-02-27 23:38:04,0.04630000,3.41200000
2018-02-27 23:38:08,0.04630000,0.59300000
2018-02-27 23:38:13,0.04630000,4.86400000
2018-02-27 23:38:15,0.04637200,0.53900000
2018-02-27 23:38:17,0.04630000,0.28800000
2018-02-27 23:38:19,0.04630000,0.30200000
2018-02-27 23:38:19,0.04625000,0.01600000
2018-02-27 23:38:21,0.04637100,0.50000000
2018-02-27 23:38:21,0.04637200,0.28400000
2018-02-27 23:38:23,0.04637200,0.79400000
2018-02-27 23:38:24,0.04637200,0.47100000
2018-02-27 23:38:26,0.04637200,0.55800000
2018-02-27 23:38:52,0.04636000,0.04000000
2018-02-27 23:38:52,0.04636100,0.10800000
2018-02-27 23:38:52,0.04637000,0.05400000
2018-02-27 23:38:52,0.04637200,1.00000000
2018-02-27 23:39:00,0.04637200,1.26100000
2018-02-27 23:39:01,0.04637200,0.42500000
2018-02-27 23:39:07,0.04637100,0.21700000
2018-02-27 23:39:21,0.04639200,0.20000000
2018-02-27 23:39:21,0.04628700,0.08400000
2018-02-27 23:39:40,0.04629700,0.41600000
2018-02-27 23:39:40,0.04629600,0.43200000
2018-02-27 23:39:40,0.04629500,0.30100000
2018-02-27 23:39:51,0.04630100,0.07300000
2018-02-27 23:39:51,0.04630000,0.05500000
2018-02-27 23:39:51,0.04629500,0.43100000
2018-02-27 23:39:51,0.04638500,0.61400000
2018-02-27 23:39:51,0.04638700,0.43200000
2018-02-27 23:39:51,0.04639000,0.95400000
2018-02-27 23:39:56,0.04637000,0.38400000
2018-02-27 23:39:57,0.04629600,0.43200000
2018-02-27 23:39:57,0.04629500,3.22800000
2018-02-27 23:39:57,0.04628700,0.33600000
2018-02-27 23:39:57,0.04625200,0.25200000
2018-02-27 23:39:57,0.04625100,2.34000000
2018-02-27 23:39:57,0.04625000,8.78100000
2018-02-27 23:40:03,0.04636500,0.02000000
2018-02-27 23:40:09,0.04634600,0.48000000
2018-02-27 23:40:09,0.04634700,0.43200000
2018-02-27 23:40:09,0.04634900,0.07000000
2018-02-27 23:40:10,0.04634900,0.20000000
2018-02-27 23:40:11,0.04634900,0.23200000
2018-02-27 23:40:20,0.04634900,0.42100000
2018-02-27 23:40:22,0.04634900,0.51000000
2018-02-27 23:40:23,0.04634900,0.25400000
2018-02-27 23:40:33,0.04634900,1.00000000
2018-02-27 23:40:34,0.04634900,0.05000000
2018-02-27 23:40:35,0.04634900,4.85900000
2018-02-27 23:40:35,0.04636900,1.89400000
2018-02-27 23:40:35,0.04637000,2.00800000
2018-02-27 23:40:37,0.04637000,0.15600000
2018-02-27 23:40:40,0.04637000,0.12200000
2018-02-27 23:40:54,0.04638700,0.81100000
2018-02-27 23:40:54,0.04638700,2.57400000
2018-02-27 23:40:54,0.04637100,0.50000000
2018-02-27 23:40:54,0.04637000,2.02100000
2018-02-27 23:41:00,0.04638800,1.40700000
2018-02-27 23:41:02,0.04637000,0.38000000
2018-02-27 23:41:02,0.04637000,0.30000000
2018-02-27 23:41:03,0.04638700,0.05200000
2018-02-27 23:41:03,0.04638900,1.98000000
2018-02-27 23:41:03,0.04639000,3.79900000
2018-02-27 23:41:06,0.04638900,2.03200000
2018-02-27 23:41:06,0.04638700,0.05200000
2018-02-27 23:41:06,0.04637000,9.47700000
2018-02-27 23:41:26,0.04627000,0.02000000
2018-02-27 23:41:31,0.04636900,0.67200000
2018-02-27 23:41:38,0.04636900,0.02000000
2018-02-27 23:41:39,0.04636800,0.07300000
2018-02-27 23:41:39,0.04636900,0.26200000
2018-02-27 23:41:40,0.04636100,0.00100000
2018-02-27 23:41:41,0.04636900,1.51700000
2018-02-27 23:41:41,0.04637000,4.21300000
2018-02-27 23:41:46,0.04637000,0.99500000
2018-02-27 23:41:47,0.04637000,1.82900000
2018-02-27 23:41:47,0.04637000,1.82900000
2018-02-27 23:41:51,0.04636000,1.00000000
2018-02-27 23:42:21,0.04636000,0.83300000
2018-02-27 23:42:21,0.04637000,12.20300000
2018-02-27 23:42:26,0.04637000,0.19000000
2018-02-27 23:42:28,0.04631400,0.02000000
2018-02-27 23:42:36,0.04637000,16.62200000
2018-02-27 23:42:36,0.04639400,0.34500000
2018-02-27 23:42:36,0.04639700,0.99000000
2018-02-27 23:42:36,0.04639800,0.76900000
2018-02-27 23:42:40,0.04631700,0.48000000
2018-02-27 23:42:40,0.04631600,0.83600000
2018-02-27 23:42:40,0.04631400,0.34800000
2018-02-27 23:42:44,0.04639800,0.34900000
2018-02-27 23:42:44,0.04639800,0.35000000
2018-02-27 23:42:53,0.04639800,0.03200000
2018-02-27 23:43:10,0.04639800,1.05300000
2018-02-27 23:43:10,0.04639800,0.21400000
2018-02-27 23:43:10,0.04639800,0.64700000
2018-02-27 23:43:10,0.04639800,1.05500000
2018-02-27 23:43:10,0.04632000,0.21400000
2018-02-27 23:43:10,0.04639800,0.48900000
2018-02-27 23:43:18,0.04635000,1.47500000
2018-02-27 23:43:44,0.04635100,0.22100000
2018-02-27 23:43:44,0.04635000,0.00600000
2018-02-27 23:43:51,0.04639500,0.17500000
2018-02-27 23:43:51,0.04639600,0.82500000
2018-02-27 23:43:52,0.04635000,1.51700000
2018-02-27 23:44:10,0.04635100,0.21300000
2018-02-27 23:44:15,0.04639600,2.17200000
2018-02-27 23:44:21,0.04635900,0.05300000
2018-02-27 23:44:36,0.04639500,0.31900000
2018-02-27 23:44:36,0.04639600,4.26000000
2018-02-27 23:44:36,0.04640000,5.03000000
2018-02-27 23:44:38,0.04640000,1.03400000
2018-02-27 23:44:41,0.04640000,0.43100000
2018-02-27 23:44:56,0.04648300,5.57000000
2018-02-27 23:44:56,0.04648400,0.14600000
2018-02-27 23:44:56,0.04649000,1.55400000
2018-02-27 23:44:56,0.04649600,0.42700000
2018-02-27 23:44:56,0.04649700,7.77200000
2018-02-27 23:45:05,0.04640000,0.09000000
2018-02-27 23:45:05,0.04649700,1.27000000
2018-02-27 23:45:13,0.04649700,1.19700000
2018-02-27 23:45:15,0.04639700,0.20000000
2018-02-27 23:45:17,0.04649600,0.06200000
2018-02-27 23:45:17,0.04649000,0.21300000
2018-02-27 23:45:17,0.04639700,0.21300000
2018-02-27 23:45:21,0.04640000,0.07300000
2018-02-27 23:45:21,0.04649400,0.21300000
2018-02-27 23:45:21,0.04649500,0.00500000
2018-02-27 23:45:28,0.04642000,0.05100000
2018-02-27 23:45:30,0.04642000,0.14400000
2018-02-27 23:45:31,0.04642000,0.05600000
2018-02-27 23:45:40,0.04642000,0.04000000
2018-02-27 23:45:44,0.04645100,0.55500000
2018-02-27 23:45:44,0.04642000,0.73700000
2018-02-27 23:45:48,0.04642000,0.02900000
2018-02-27 23:45:49,0.04642000,0.54500000
2018-02-27 23:46:04,0.04642500,1.40000000
2018-02-27 23:46:04,0.04642200,1.37500000
2018-02-27 23:46:08,0.04642200,0.03000000
2018-02-27 23:46:09,0.04649300,0.09500000
2018-02-27 23:46:13,0.04642500,0.34100000
2018-02-27 23:46:14,0.04642500,0.89800000
2018-02-27 23:46:14,0.04642500,0.36200000
2018-02-27 23:46:14,0.04649100,0.21900000
2018-02-27 23:46:14,0.04649300,0.10000000
2018-02-27 23:46:14,0.04649500,0.10000000
2018-02-27 23:46:14,0.04649700,0.43900000
2018-02-27 23:46:23,0.04649700,0.25300000
2018-02-27 23:46:23,0.04649700,0.41200000
2018-02-27 23:46:34,0.04643500,0.74400000
2018-02-27 23:46:35,0.04643500,1.25000000
2018-02-27 23:46:38,0.04649500,0.11700000
2018-02-27 23:46:38,0.04649600,0.40300000
2018-02-27 23:46:40,0.04643500,0.37500000
2018-02-27 23:46:40,0.04642500,1.70100000
2018-02-27 23:46:40,0.04649600,2.00800000
2018-02-27 23:46:40,0.04649600,0.80200000
2018-02-27 23:46:40,0.04649700,7.16900000
2018-02-27 23:46:40,0.04649800,0.70700000
2018-02-27 23:46:47,0.04649800,0.35300000
2018-02-27 23:46:47,0.04649900,5.23400000
2018-02-27 23:46:47,0.04650000,0.14300000
2018-02-27 23:46:49,0.04650000,4.29800000
2018-02-27 23:46:51,0.04650000,1.07400000
2018-02-27 23:46:53,0.04650000,26.03200000
2018-02-27 23:46:53,0.04650000,0.26900000
2018-02-27 23:46:54,0.04650000,0.06700000
2018-02-27 23:46:56,0.04650000,0.01700000
2018-02-27 23:46:58,0.04650000,0.74500000
2018-02-27 23:46:58,0.04650000,0.00400000
2018-02-27 23:47:00,0.04650000,0.00100000
2018-02-27 23:47:02,0.04650000,0.00100000
2018-02-27 23:47:06,0.04650000,5.58900000
2018-02-27 23:47:07,0.04650000,0.31700000
2018-02-27 23:47:16,0.04650000,0.01600000
2018-02-27 23:47:18,0.04650000,16.58300000
2018-02-27 23:47:22,0.04650000,0.19700000
2018-02-27 23:47:27,0.04650000,1.41600000
2018-02-27 23:47:28,0.04650000,18.62800000
2018-02-27 23:47:34,0.04650000,0.85600000
2018-02-27 23:47:54,0.04649700,0.06300000
2018-02-27 23:48:06,0.04650000,4.22700000
2018-02-27 23:48:15,0.04650000,0.03500000
2018-02-27 23:48:18,0.04650000,15.17300000
2018-02-27 23:48:18,0.04650000,13.10200000
2018-02-27 23:48:18,0.04652100,0.08100000
2018-02-27 23:48:18,0.04652800,0.16400000
2018-02-27 23:48:22,0.04650000,0.14700000
2018-02-27 23:48:24,0.04658400,2.58900000
2018-02-27 23:48:25,0.04658400,1.17500000
2018-02-27 23:48:30,0.04652800,0.03500000
2018-02-27 23:48:31,0.04652800,0.02500000
2018-02-27 23:48:31,0.04659500,0.10000000
2018-02-27 23:48:31,0.04659600,0.04900000
2018-02-27 23:48:34,0.04660000,0.86700000
2018-02-27 23:48:37,0.04660000,6.93100000
2018-02-27 23:48:40,0.04660000,1.00600000
2018-02-27 23:48:42,0.04660000,2.01900000
2018-02-27 23:48:43,0.04660000,3.20300000
2018-02-27 23:48:44,0.04660000,1.00000000
2018-02-27 23:48:45,0.04660000,0.17500000
2018-02-27 23:48:47,0.04660000,2.37500000
2018-02-27 23:48:47,0.04660000,0.69500000
2018-02-27 23:48:56,0.04662300,0.65200000
2018-02-27 23:48:58,0.04663100,0.11700000
2018-02-27 23:49:04,0.04664900,0.04900000
2018-02-27 23:49:09,0.04664900,0.14000000
2018-02-27 23:49:10,0.04666600,0.69100000
2018-02-27 23:49:10,0.04669000,0.39400000
2018-02-27 23:49:10,0.04669300,0.25600000
2018-02-27 23:49:10,0.04669800,0.63900000
2018-02-27 23:49:12,0.04669800,0.06200000
2018-02-27 23:49:13,0.04669800,0.57600000
2018-02-27 23:49:13,0.04669800,12.86800000
2018-02-27 23:49:14,0.04669800,7.72000000
2018-02-27 23:49:14,0.04664900,1.12200000
2018-02-27 23:49:14,0.04663200,1.45400000
2018-02-27 23:49:14,0.04663200,0.03500000
2018-02-27 23:49:14,0.04663200,0.14100000
2018-02-27 23:49:15,0.04669900,0.71100000
2018-02-27 23:49:15,0.04670000,0.59000000
2018-02-27 23:49:15,0.04671700,0.10800000
2018-02-27 23:49:15,0.04671700,12.15100000
2018-02-27 23:49:16,0.04671700,2.56000000
2018-02-27 23:49:16,0.04663200,0.03500000
2018-02-27 23:49:17,0.04669800,0.61000000
2018-02-27 23:49:17,0.04669800,3.24200000
2018-02-27 23:49:22,0.04669800,0.06100000
2018-02-27 23:49:23,0.04672200,0.02500000
2018-02-27 23:49:24,0.04674200,0.21800000
2018-02-27 23:49:24,0.04674500,0.90300000
2018-02-27 23:49:24,0.04674900,0.10000000
2018-02-27 23:49:25,0.04675000,0.10000000
2018-02-27 23:49:25,0.04675100,1.64700000
2018-02-27 23:49:25,0.04675100,1.68700000
2018-02-27 23:49:25,0.04675200,0.35000000
2018-02-27 23:49:25,0.04675500,0.06700000
2018-02-27 23:49:29,0.04680000,3.68400000
2018-02-27 23:49:29,0.04679800,1.50300000
2018-02-27 23:49:29,0.04674900,2.32800000
2018-02-27 23:49:30,0.04680000,0.18600000
2018-02-27 23:49:30,0.04674900,0.02600000
2018-02-27 23:49:31,0.04674900,0.12700000
2018-02-27 23:49:32,0.04680000,0.04500000
2018-02-27 23:49:33,0.04674900,0.03500000
2018-02-27 23:49:33,0.04674900,0.03500000
2018-02-27 23:49:33,0.04680000,3.92900000
2018-02-27 23:49:33,0.04680300,0.20600000
2018-02-27 23:49:34,0.04674900,0.02900000
2018-02-27 23:49:36,0.04675000,4.12400000
2018-02-27 23:49:36,0.04674900,1.09800000
2018-02-27 23:49:40,0.04674900,0.50000000
2018-02-27 23:49:41,0.04674900,0.43100000
2018-02-27 23:49:42,0.04674900,1.44100000
2018-02-27 23:49:43,0.04674900,0.12900000
2018-02-27 23:49:45,0.04675000,2.46200000
2018-02-27 23:49:45,0.04674900,1.72100000
2018-02-27 23:49:45,0.04672200,1.97700000
2018-02-27 23:49:49,0.04672200,0.12300000
2018-02-27 23:49:50,0.04672200,0.08700000
2018-02-27 23:49:51,0.04679100,0.21200000
2018-02-27 23:49:51,0.04679800,0.69400000
2018-02-27 23:49:51,0.04672200,0.66100000
2018-02-27 23:49:52,0.04672200,0.15300000
2018-02-27 23:49:55,0.04672200,1.36100000
2018-02-27 23:50:02,0.04669800,0.10000000
2018-02-27 23:50:03,0.04672200,0.47700000
2018-02-27 23:50:03,0.04679100,0.02300000
2018-02-27 23:50:03,0.04679800,0.14500000
2018-02-27 23:50:03,0.04680000,2.16300000
2018-02-27 23:50:03,0.04680300,0.49600000
2018-02-27 23:50:06,0.04680300,1.28900000
2018-02-27 23:50:07,0.04680300,0.84000000
2018-02-27 23:50:07,0.04680600,0.03600000
2018-02-27 23:50:07,0.04682100,0.13200000
2018-02-27 23:50:08,0.04680300,0.12000000
2018-02-27 23:50:10,0.04682100,0.08000000
2018-02-27 23:50:10,0.04683000,1.04200000
2018-02-27 23:50:10,0.04683500,0.04500000
2018-02-27 23:50:10,0.04683700,0.25500000
2018-02-27 23:50:10,0.04685000,0.46600000
2018-02-27 23:50:10,0.04687600,2.86500000
2018-02-27 23:50:10,0.04689000,0.51900000
2018-02-27 23:50:10,0.04689100,0.02200000
2018-02-27 23:50:10,0.04689200,0.15100000
2018-02-27 23:50:10,0.04689300,0.03000000
2018-02-27 23:50:10,0.04689600,0.35300000
2018-02-27 23:50:10,0.04690000,4.17200000
2018-02-27 23:50:10,0.04680300,1.50300000
2018-02-27 23:50:14,0.04680400,0.14100000
2018-02-27 23:50:15,0.04690000,0.04400000
2018-02-27 23:50:19,0.04689900,0.14100000
2018-02-27 23:50:19,0.04690000,0.08600000
2018-02-27 23:50:19,0.04690100,1.06500000
2018-02-27 23:50:19,0.04690400,0.06500000
2018-02-27 23:50:19,0.04691000,1.61900000
2018-02-27 23:50:19,0.04693000,1.70400000
2018-02-27 23:50:19,0.04695000,0.15000000
2018-02-27 23:50:19,0.04695700,0.04200000
2018-02-27 23:50:19,0.04697500,0.21700000
2018-02-27 23:50:19,0.04697700,0.17200000
2018-02-27 23:50:19,0.04698000,0.10000000
2018-02-27 23:50:19,0.04698100,0.10100000
2018-02-27 23:50:19,0.04698300,0.10000000
2018-02-27 23:50:19,0.04698500,0.10000000
2018-02-27 23:50:19,0.04698600,0.10000000
2018-02-27 23:50:19,0.04698700,0.10000000
2018-02-27 23:50:19,0.04698900,3.51200000
2018-02-27 23:50:19,0.04699000,1.62600000
2018-02-27 23:50:20,0.04680600,0.86700000
2018-02-27 23:50:20,0.04680600,0.37200000
2018-02-27 23:50:20,0.04680500,0.14100000
2018-02-27 23:50:20,0.04680400,1.90000000
2018-02-27 23:50:20,0.04680300,3.75900000
2018-02-27 23:50:21,0.04670300,0.06300000
2018-02-27 23:50:22,0.04690000,0.10100000
2018-02-27 23:50:22,0.04670300,0.11000000
2018-02-27 23:50:22,0.04670300,0.06500000
2018-02-27 23:50:22,0.04670500,0.08500000
2018-02-27 23:50:22,0.04670400,0.08900000
2018-02-27 23:50:24,0.04670500,0.40600000
2018-02-27 23:50:25,0.04680400,0.03300000
2018-02-27 23:50:25,0.04680400,0.07600000
2018-02-27 23:50:25,0.04680400,0.50000000
2018-02-27 23:50:25,0.04680400,0.54300000
2018-02-27 23:50:26,0.04680400,0.12800000
2018-02-27 23:50:26,0.04680400,0.12900000
2018-02-27 23:50:27,0.04670700,0.02200000
2018-02-27 23:50:33,0.04671000,0.04300000
2018-02-27 23:50:36,0.04671000,0.15300000
2018-02-27 23:50:36,0.04670700,1.02400000
2018-02-27 23:50:42,0.04671100,0.10800000
2018-02-27 23:50:42,0.04671000,0.41300000
2018-02-27 23:50:42,0.04670700,0.60500000
2018-02-27 23:50:42,0.04670500,0.64600000
2018-02-27 23:50:42,0.04670400,0.03600000
2018-02-27 23:50:42,0.04669800,1.97800000
2018-02-27 23:50:42,0.04667500,0.04500000
2018-02-27 23:50:42,0.04665100,4.53100000
2018-02-27 23:50:42,0.04665000,0.25700000
2018-02-27 23:50:42,0.04665000,0.36800000
2018-02-27 23:50:45,0.04670100,0.01600000
2018-02-27 23:50:48,0.04670700,0.03500000
2018-02-27 23:50:49,0.04670600,0.49500000
2018-02-27 23:50:49,0.04670700,0.12600000
2018-02-27 23:50:51,0.04670500,1.02100000
2018-02-27 23:50:54,0.04670400,0.57100000
2018-02-27 23:50:54,0.04670500,0.11000000
2018-02-27 23:50:54,0.04670700,0.11300000
2018-02-27 23:50:55,0.04670100,1.10400000
2018-02-27 23:51:01,0.04670600,0.01600000
2018-02-27 23:51:05,0.04673600,0.15200000
2018-02-27 23:51:05,0.04673700,0.08500000
2018-02-27 23:51:05,0.04674900,0.43300000
2018-02-27 23:51:05,0.04681500,0.41300000
2018-02-27 23:51:05,0.04670100,0.08800000
2018-02-27 23:51:16,0.04670200,0.41400000
2018-02-27 23:51:16,0.04670100,0.33200000
2018-02-27 23:51:16,0.04670100,0.17100000
2018-02-27 23:51:16,0.04670000,1.00700000
2018-02-27 23:51:16,0.04670000,2.71700000
2018-02-27 23:51:16,0.04667500,1.35000000
2018-02-27 23:51:16,0.04665100,0.04300000
2018-02-27 23:51:16,0.04665000,0.26800000
2018-02-27 23:51:16,0.04663100,9.99400000
2018-02-27 23:51:16,0.04663100,3.72400000
2018-02-27 23:51:16,0.04663100,1.00400000
2018-02-27 23:51:16,0.04663100,0.06800000
2018-02-27 23:51:16,0.04663000,1.53200000
2018-02-27 23:51:16,0.04663000,2.55900000
2018-02-27 23:51:16,0.04662000,0.04200000
2018-02-27 23:51:16,0.04661000,0.52700000
2018-02-27 23:51:16,0.04658400,0.10800000
2018-02-27 23:51:17,0.04656600,0.03500000
2018-02-27 23:51:18,0.04656600,0.03500000
2018-02-27 23:51:19,0.04656600,0.04200000
2018-02-27 23:51:20,0.04656600,0.00400000
2018-02-27 23:51:20,0.04656300,0.09500000
2018-02-27 23:51:21,0.04656700,0.02400000
2018-02-27 23:51:21,0.04656700,0.05500000
2018-02-27 23:51:21,0.04656700,0.04400000
2018-02-27 23:51:21,0.04656700,0.05400000
2018-02-27 23:51:21,0.04656700,0.05400000
2018-02-27 23:51:21,0.04656700,0.08500000
2018-02-27 23:51:21,0.04669900,0.42800000
2018-02-27 23:51:21,0.04670000,0.48900000
2018-02-27 23:51:22,0.04656700,0.04400000
2018-02-27 23:51:22,0.04656300,0.18600000
2018-02-27 23:51:23,0.04669900,0.06100000
2018-02-27 23:51:25,0.04656500,0.08700000
2018-02-27 23:51:26,0.04656500,0.34200000
2018-02-27 23:51:26,0.04656300,0.43500000
2018-02-27 23:51:26,0.04655800,0.05400000
2018-02-27 23:51:26,0.04655000,0.03500000
2018-02-27 23:51:29,0.04656600,0.50000000
2018-02-27 23:51:29,0.04656600,0.21400000
2018-02-27 23:51:30,0.04656600,1.65500000
2018-02-27 23:51:32,0.04655000,0.04400000
2018-02-27 23:51:34,0.04655000,0.02000000
2018-02-27 23:51:34,0.04655000,0.13600000
2018-02-27 23:51:34,0.04655000,0.08700000
2018-02-27 23:51:35,0.04655000,0.36200000
2018-02-27 23:51:36,0.04655000,0.05200000
2018-02-27 23:51:38,0.04655000,0.83200000
2018-02-27 23:51:39,0.04655000,0.03300000
2018-02-27 23:51:41,0.04655000,0.05500000
2018-02-27 23:51:45,0.04655100,0.24800000
2018-02-27 23:51:45,0.04655000,0.03500000
2018-02-27 23:51:45,0.04655000,0.05200000
2018-02-27 23:51:49,0.04655000,0.54800000
2018-02-27 23:51:49,0.04655000,0.09500000
2018-02-27 23:51:49,0.04655000,1.00000000
2018-02-27 23:51:49,0.04655000,1.00000000
2018-02-27 23:51:49,0.04655000,1.00000000
2018-02-27 23:51:51,0.04654900,0.50000000
2018-02-27 23:51:51,0.04655000,0.48300000
2018-02-27 23:51:51,0.04655100,0.41200000
2018-02-27 23:51:51,0.04666100,0.17600000
2018-02-27 23:51:51,0.04666200,0.42900000
2018-02-27 23:52:00,0.04653700,0.07000000
2018-02-27 23:52:13,0.04654600,0.28900000
2018-02-27 23:52:13,0.04654500,0.21500000
2018-02-27 23:52:13,0.04652900,0.40200000
2018-02-27 23:52:14,0.04665600,0.05000000
2018-02-27 23:52:16,0.04654200,0.31600000
2018-02-27 23:52:18,0.04665400,0.04100000
2018-02-27 23:52:22,0.04664800,0.53500000
2018-02-27 23:52:22,0.04664900,0.52300000
2018-02-27 23:52:22,0.04665000,0.35900000
2018-02-27 23:52:22,0.04665100,0.42800000
2018-02-27 23:52:22,0.04665400,2.06200000
2018-02-27 23:52:26,0.04665400,0.83200000
2018-02-27 23:52:28,0.04665400,11.78800000
2018-02-27 23:52:28,0.04656200,0.10700000
2018-02-27 23:52:28,0.04655300,0.21400000
2018-02-27 23:52:28,0.04655000,3.60300000
2018-02-27 23:52:28,0.04654200,0.17100000
2018-02-27 23:52:28,0.04654000,3.78300000
2018-02-27 23:52:29,0.04654000,2.13300000
2018-02-27 23:52:29,0.04654000,0.10700000
2018-02-27 23:52:32,0.04654000,0.21400000
2018-02-27 23:52:33,0.04654000,2.14900000
2018-02-27 23:52:33,0.04654000,3.87500000
2018-02-27 23:52:35,0.04654300,0.11100000
2018-02-27 23:52:35,0.04654100,0.42900000
2018-02-27 23:52:35,0.04654000,1.35000000
2018-02-27 23:52:36,0.04653900,0.17100000
2018-02-27 23:52:37,0.04653100,0.22700000
2018-02-27 23:52:43,0.04653900,0.00200000
2018-02-27 23:52:45,0.04653400,0.50000000
2018-02-27 23:52:45,0.04653300,0.21400000
2018-02-27 23:52:45,0.04653100,0.40700000
2018-02-27 23:52:45,0.04653100,0.24500000
2018-02-27 23:52:45,0.04652900,0.26500000
2018-02-27 23:52:45,0.04652800,0.26000000
2018-02-27 23:52:45,0.04651400,0.06400000
2018-02-27 23:52:45,0.04650200,2.66000000
2018-02-27 23:52:45,0.04649700,0.98900000
2018-02-27 23:52:45,0.04648500,0.38000000
2018-02-27 23:52:45,0.04645000,0.10200000
2018-02-27 23:52:45,0.04644200,0.12900000
2018-02-27 23:52:45,0.04643300,0.30800000
2018-02-27 23:52:45,0.04642100,0.20900000
2018-02-27 23:52:45,0.04642000,2.00900000
2018-02-27 23:52:45,0.04641800,0.10800000
2018-02-27 23:52:45,0.04637200,4.86500000
2018-02-27 23:52:45,0.04637200,0.20000000
2018-02-27 23:52:45,0.04635100,3.36800000
2018-02-27 23:52:46,0.04649900,0.42700000
2018-02-27 23:52:46,0.04649800,1.00000000
2018-02-27 23:52:46,0.04649900,0.00200000
2018-02-27 23:52:46,0.04650000,0.16900000
2018-02-27 23:52:46,0.04635200,2.53000000
2018-02-27 23:52:46,0.04650000,0.69400000
2018-02-27 23:52:46,0.04650000,0.17300000
2018-02-27 23:52:46,0.04664600,0.03200000
2018-02-27 23:52:47,0.04650000,1.40000000
2018-02-27 23:52:48,0.04664600,0.82600000
2018-02-27 23:52:51,0.04640300,1.00000000
2018-02-27 23:52:51,0.04640200,0.09400000
2018-02-27 23:52:53,0.04640400,0.21900000
2018-02-27 23:52:53,0.04663700,0.04700000
2018-02-27 23:53:01,0.04641200,0.25300000
2018-02-27 23:53:01,0.04641100,0.13300000
2018-02-27 23:53:01,0.04640000,7.20700000
2018-02-27 23:53:01,0.04638200,0.15900000
2018-02-27 23:53:01,0.04635700,5.62900000
2018-02-27 23:53:01,0.04635100,0.37200000
2018-02-27 23:53:06,0.04641600,0.50000000
2018-02-27 23:53:06,0.04635200,0.33500000
2018-02-27 23:53:12,0.04638600,0.08600000
2018-02-27 23:53:12,0.04638200,0.32100000
2018-02-27 23:53:12,0.04638100,0.06400000
2018-02-27 23:53:21,0.04655800,0.08500000
2018-02-27 23:53:21,0.04655700,1.00000000
2018-02-27 23:53:21,0.04638800,0.32600000
2018-02-27 23:53:22,0.04655600,0.04200000
2018-02-27 23:53:22,0.04638800,0.14300000
2018-02-27 23:53:22,0.04638700,1.50100000
2018-02-27 23:53:22,0.04636000,2.02200000
2018-02-27 23:53:22,0.04635100,1.06900000
2018-02-27 23:53:22,0.04635000,8.70900000
2018-02-27 23:53:22,0.04655600,0.27100000
2018-02-27 23:53:23,0.04655400,0.40600000
2018-02-27 23:53:23,0.04655400,0.03200000
2018-02-27 23:53:26,0.04655300,0.75300000
2018-02-27 23:53:26,0.04655400,1.84300000
2018-02-27 23:53:27,0.04655100,0.08600000
2018-02-27 23:53:29,0.04640200,1.00000000
2018-02-27 23:53:29,0.04640100,0.43100000
2018-02-27 23:53:29,0.04639800,0.11300000
2018-02-27 23:53:31,0.04654900,0.43100000
2018-02-27 23:53:31,0.04655000,1.00000000
2018-02-27 23:53:32,0.04655000,0.04700000
2018-02-27 23:53:32,0.04640300,0.13000000
2018-02-27 23:53:33,0.04653100,0.37000000
2018-02-27 23:53:33,0.04653000,0.02700000
2018-02-27 23:53:36,0.04640600,0.23100000
2018-02-27 23:53:37,0.04654500,0.50000000
2018-02-27 23:53:37,0.04654600,0.02200000
2018-02-27 23:53:37,0.04655000,2.91200000
2018-02-27 23:53:37,0.04655100,1.63200000
2018-02-27 23:53:37,0.04655200,2.71900000
2018-02-27 23:53:37,0.04655400,2.70400000
2018-02-27 23:53:40,0.04642300,0.04400000
2018-02-27 23:53:41,0.04643500,0.01600000
2018-02-27 23:53:49,0.04643900,0.50000000
2018-02-27 23:53:49,0.04643800,7.21200000
2018-02-27 23:53:52,0.04655800,0.23100000
2018-02-27 23:53:52,0.04655900,0.21800000
2018-02-27 23:53:52,0.04656000,0.55100000
2018-02-27 23:53:56,0.04647000,0.26000000
2018-02-27 23:53:56,0.04646100,0.16900000
2018-02-27 23:53:59,0.04650000,0.07100000
2018-02-27 23:54:05,0.04657300,0.05000000
2018-02-27 23:54:05,0.04646500,0.09100000
2018-02-27 23:54:06,0.04646200,0.08900000
2018-02-27 23:54:18,0.04646700,0.10100000
2018-02-27 23:54:18,0.04646600,0.21700000
2018-02-27 23:54:18,0.04646500,0.46500000
2018-02-27 23:54:18,0.04643900,0.03300000
2018-02-27 23:54:18,0.04643800,0.08200000
2018-02-27 23:54:51,0.04648600,0.10700000
2018-02-27 23:54:51,0.04647900,0.01600000
2018-02-27 23:54:54,0.04647900,0.02300000
2018-02-27 23:54:55,0.04647900,0.01300000
2018-02-27 23:55:09,0.04648600,0.04300000
2018-02-27 23:55:20,0.04651000,0.05400000
2018-02-27 23:55:21,0.04651000,1.19500000
2018-02-27 23:55:21,0.04648600,0.93900000
2018-02-27 23:55:21,0.04647900,1.54600000
2018-02-27 23:55:28,0.04654100,0.21400000
2018-02-27 23:55:28,0.04654200,0.02800000
2018-02-27 23:55:33,0.04654200,0.03600000
2018-02-27 23:55:34,0.04649000,0.06500000
2018-02-27 23:55:38,0.04649500,0.08200000
2018-02-27 23:55:38,0.04649000,0.14600000
2018-02-27 23:55:38,0.04648500,0.15600000
2018-02-27 23:55:50,0.04650000,0.03900000
2018-02-27 23:55:50,0.04649400,0.13000000
2018-02-27 23:55:50,0.04649000,0.10700000
2018-02-27 23:55:50,0.04648500,0.12000000
2018-02-27 23:55:50,0.04647900,0.43000000
2018-02-27 23:55:52,0.04653900,0.32100000
2018-02-27 23:55:52,0.04654000,0.34000000
2018-02-27 23:55:52,0.04655000,0.33900000
2018-02-27 23:55:59,0.04650000,0.00100000
2018-02-27 23:56:21,0.04650000,0.09200000
2018-02-27 23:56:21,0.04647900,0.42300000
2018-02-27 23:56:27,0.04653600,0.17100000
2018-02-27 23:56:27,0.04653700,0.46000000
2018-02-27 23:56:45,0.04647900,3.03500000
2018-02-27 23:56:49,0.04647900,0.42700000
2018-02-27 23:56:49,0.04643800,9.01800000
2018-02-27 23:56:54,0.04653600,1.28700000
2018-02-27 23:56:55,0.04653600,0.69500000
2018-02-27 23:56:56,0.04653700,0.31700000
2018-02-27 23:56:57,0.04653700,0.65100000
2018-02-27 23:56:57,0.04653700,0.54000000
2018-02-27 23:56:58,0.04653700,0.36200000
2018-02-27 23:57:03,0.04645600,1.98300000
2018-02-27 23:57:03,0.04645500,0.98000000
2018-02-27 23:57:03,0.04645000,1.03600000
2018-02-27 23:57:03,0.04645000,2.92500000
2018-02-27 23:57:10,0.04645100,0.16200000
2018-02-27 23:57:21,0.04645100,0.03500000
2018-02-27 23:57:22,0.04645100,0.04700000
2018-02-27 23:57:34,0.04645100,0.86200000
2018-02-27 23:57:34,0.04645000,0.86100000
2018-02-27 23:57:34,0.04643800,0.44600000
2018-02-27 23:57:38,0.04643800,3.40100000
2018-02-27 23:57:44,0.04643800,1.27100000
2018-02-27 23:57:45,0.04643800,1.84200000
2018-02-27 23:57:47,0.04640500,0.21400000
2018-02-27 23:57:47,0.04639800,1.00700000
2018-02-27 23:57:47,0.04635500,2.70400000
2018-02-27 23:57:47,0.04635400,4.88300000
2018-02-27 23:57:49,0.04635400,5.45000000
2018-02-27 23:57:49,0.04635400,0.45400000
2018-02-27 23:57:51,0.04635300,2.76200000
2018-02-27 23:57:52,0.04643700,0.72200000
2018-02-27 23:57:52,0.04645100,1.61400000
2018-02-27 23:57:52,0.04649800,0.21400000
2018-02-27 23:57:52,0.04649900,3.45000000
2018-02-27 23:57:55,0.04640000,0.14600000
2018-02-27 23:57:56,0.04640000,0.54900000
2018-02-27 23:57:57,0.04649700,0.10000000
2018-02-27 23:57:58,0.04640000,0.31700000
2018-02-27 23:57:59,0.04639900,0.26800000
2018-02-27 23:58:11,0.04643800,0.05300000
2018-02-27 23:58:11,0.04649600,0.20600000
2018-02-27 23:58:23,0.04645000,0.09000000
2018-02-27 23:58:25,0.04649200,0.10500000
2018-02-27 23:58:25,0.04649300,0.31400000
2018-02-27 23:58:25,0.04649300,0.26200000
2018-02-27 23:58:28,0.04649200,0.16200000
2018-02-27 23:58:31,0.04645000,1.08300000
2018-02-27 23:58:34,0.04645000,0.39600000
2018-02-27 23:58:35,0.04645000,1.89600000
2018-02-27 23:58:36,0.04645000,1.35000000
2018-02-27 23:58:40,0.04649100,0.80500000
2018-02-27 23:58:40,0.04649800,0.19500000
2018-02-27 23:58:50,0.04649900,0.93600000
2018-02-27 23:59:09,0.04649300,0.16200000
2018-02-27 23:59:09,0.04649800,1.80600000
2018-02-27 23:59:09,0.04649800,1.47000000
2018-02-27 23:59:09,0.04650000,0.12900000
2018-02-27 23:59:09,0.04650000,3.79700000
2018-02-27 23:59:09,0.04650000,5.37000000
2018-02-27 23:59:09,0.04651000,0.52700000
2018-02-27 23:59:12,0.04649900,0.06700000
2018-02-27 23:59:17,0.04653700,7.34600000
2018-02-27 23:59:17,0.04657700,0.21400000
2018-02-27 23:59:17,0.04660000,2.07000000
2018-02-27 23:59:17,0.04661000,1.39400000
2018-02-27 23:59:24,0.04651200,0.21900000
2018-02-27 23:59:27,0.04665100,0.11900000
2018-02-27 23:59:27,0.04665200,1.98500000
2018-02-27 23:59:34,0.04668000,0.02700000
2018-02-27 23:59:37,0.04667400,0.08500000
2018-02-27 23:59:37,0.04667400,0.23600000
2018-02-27 23:59:37,0.04668000,1.32100000
2018-02-27 23:59:38,0.04661000,0.34200000
2018-02-27 23:59:38,0.04668000,0.64200000
2018-02-27 23:59:38,0.04668000,1.40800000
2018-02-27 23:59:38,0.04669100,0.04200000
2018-02-27 23:59:38,0.04669600,2.65300000
2018-02-27 23:59:38,0.04669600,3.67200000
2018-02-27 23:59:38,0.04669600,4.82900000
2018-02-27 23:59:41,0.04669700,3.76500000
2018-02-27 23:59:41,0.04669700,0.76200000
2018-02-27 23:59:42,0.04669900,0.93800000
2018-02-27 23:59:42,0.04670000,1.20500000
2018-02-27 23:59:43,0.04669700,0.08600000
2018-02-27 23:59:43,0.04670000,1.64300000
2018-02-27 23:59:48,0.04669700,0.03500000
2018-02-27 23:59:50,0.04669700,0.33300000
2018-02-27 23:59:50,0.04669900,3.00000000
2018-02-27 23:59:50,0.04669700,0.04100000
2018-02-27 23:59:51,0.04669700,0.16700000
2018-02-27 23:59:51,0.04669700,0.02400000
2018-02-27 23:59:52,0.04669700,0.16700000
2018-02-27 23:59:52,0.04669900,0.28100000
2018-02-27 23:59:52,0.04670000,0.39300000
2018-02-27 23:59:52,0.04672100,0.12900000
2018-02-27 23:59:52,0.04672200,0.71000000
2018-02-27 23:59:52,0.04674900,0.16300000
2018-02-27 23:59:52,0.04679900,0.32400000
2018-02-27 23:59:53,0.04672200,0.31500000
2018-02-27 23:59:53,0.04669800,0.42600000
2018-02-27 23:59:56,0.04670000,0.93400000
2018-02-27 23:59:56,0.04670000,1.27200000
2018-02-27 23:59:57,0.04670000,0.83200000
2018-02-27 23:59:57,0.04670000,0.02600000
