DATE,PRICE,VOLUME
2018-02-24 23:00:01,0.03836600,0.99400000
2018-02-24 23:00:03,0.03836600,0.08900000
2018-02-24 23:00:04,0.03836600,0.13000000
2018-02-24 23:00:04,0.03836600,0.05400000
2018-02-24 23:00:04,0.03837000,0.18300000
2018-02-24 23:00:04,0.03837600,0.18300000
2018-02-24 23:00:04,0.03838700,0.04000000
2018-02-24 23:00:07,0.03838700,0.06500000
2018-02-24 23:00:08,0.03836600,0.68900000
2018-02-24 23:00:09,0.03835000,2.17700000
2018-02-24 23:00:12,0.03835000,0.77300000
2018-02-24 23:00:14,0.03830100,0.05000000
2018-02-24 23:00:15,0.03834900,2.61300000
2018-02-24 23:00:15,0.03834900,3.98400000
2018-02-24 23:00:16,0.03830100,0.21100000
2018-02-24 23:00:16,0.03830000,5.57100000
2018-02-24 23:00:16,0.03830000,3.75400000
2018-02-24 23:00:16,0.03834900,0.32300000
2018-02-24 23:00:21,0.03834900,1.72400000
2018-02-24 23:00:26,0.03834900,4.62500000
2018-02-24 23:00:27,0.03835000,0.39600000
2018-02-24 23:00:32,0.03834600,0.26400000
2018-02-24 23:00:33,0.03830000,0.07600000
2018-02-24 23:00:35,0.03830000,1.12300000
2018-02-24 23:00:35,0.03829800,8.89300000
2018-02-24 23:00:35,0.03829800,1.41400000
2018-02-24 23:00:35,0.03828000,0.40000000
2018-02-24 23:00:36,0.03828000,2.86400000
2018-02-24 23:00:39,0.03825100,0.06100000
2018-02-24 23:00:40,0.03834000,0.13900000
2018-02-24 23:00:42,0.03825900,0.03100000
2018-02-24 23:00:44,0.03833800,0.12200000
2018-02-24 23:00:44,0.03833900,0.02600000
2018-02-24 23:00:45,0.03834100,0.13700000
2018-02-24 23:00:48,0.03825900,0.06600000
2018-02-24 23:00:48,0.03825900,0.73400000
2018-02-24 23:00:48,0.03825900,0.61200000
2018-02-24 23:00:48,0.03825900,0.36400000
2018-02-24 23:00:48,0.03825900,2.35500000
2018-02-24 23:00:48,0.03825200,0.26100000
2018-02-24 23:00:48,0.03825100,0.10300000
2018-02-24 23:00:49,0.03825900,0.82800000
2018-02-24 23:00:49,0.03830000,1.78200000
2018-02-24 23:00:52,0.03833400,0.26100000
2018-02-24 23:00:52,0.03833500,0.37400000
2018-02-24 23:00:52,0.03833800,1.61000000
2018-02-24 23:00:52,0.03834000,20.67800000
2018-02-24 23:00:55,0.03834000,0.10400000
2018-02-24 23:00:58,0.03825200,0.26100000
2018-02-24 23:00:59,0.03825100,1.62100000
2018-02-24 23:00:59,0.03825000,0.49500000
2018-02-24 23:00:59,0.03820000,0.16100000
2018-02-24 23:01:02,0.03819200,0.23100000
2018-02-24 23:01:02,0.03819200,0.15800000
2018-02-24 23:01:02,0.03819200,0.78800000
2018-02-24 23:01:02,0.03818000,0.33900000
2018-02-24 23:01:02,0.03817800,0.13000000
2018-02-24 23:01:02,0.03817700,1.30200000
2018-02-24 23:01:04,0.03820000,0.19400000
2018-02-24 23:01:04,0.03817700,0.65500000
2018-02-24 23:01:05,0.03825000,0.22400000
2018-02-24 23:01:06,0.03825000,0.03700000
2018-02-24 23:01:07,0.03825000,0.45800000
2018-02-24 23:01:09,0.03816800,0.37600000
2018-02-24 23:01:15,0.03816000,0.07500000
2018-02-24 23:01:15,0.03815900,0.00400000
2018-02-24 23:01:15,0.03825100,2.61400000
2018-02-24 23:01:19,0.03815900,0.18300000
2018-02-24 23:01:19,0.03815800,1.32500000
2018-02-24 23:01:19,0.03815500,1.00800000
2018-02-24 23:01:19,0.03812900,8.57900000
2018-02-24 23:01:19,0.03812400,0.27600000
2018-02-24 23:01:19,0.03806200,0.33000000
2018-02-24 23:01:19,0.03799000,0.11900000
2018-02-24 23:01:19,0.03798500,4.47000000
2018-02-24 23:01:19,0.03798500,1.38000000
2018-02-24 23:01:22,0.03815900,0.03900000
2018-02-24 23:01:23,0.03815900,0.22500000
2018-02-24 23:01:24,0.03816000,0.27600000
2018-02-24 23:01:24,0.03824900,0.05900000
2018-02-24 23:01:29,0.03802900,0.06200000
2018-02-24 23:01:30,0.03823600,0.07600000
2018-02-24 23:01:31,0.03823500,0.04600000
2018-02-24 23:01:52,0.03809300,0.52500000
2018-02-24 23:01:53,0.03809300,0.22500000
2018-02-24 23:01:53,0.03809300,0.06100000
2018-02-24 23:01:53,0.03809200,0.36900000
2018-02-24 23:01:59,0.03809000,0.07500000
2018-02-24 23:01:59,0.03809000,0.15800000
2018-02-24 23:02:02,0.03808300,4.04600000
2018-02-24 23:02:02,0.03808600,0.33000000
2018-02-24 23:02:02,0.03808700,0.07700000
2018-02-24 23:02:04,0.03809000,8.25300000
2018-02-24 23:02:08,0.03809000,0.64900000
2018-02-24 23:02:08,0.03805200,0.11600000
2018-02-24 23:02:08,0.03800600,0.23500000
2018-02-24 23:02:11,0.03800000,0.06300000
2018-02-24 23:02:12,0.03800000,0.92700000
2018-02-24 23:02:14,0.03800000,2.90000000
2018-02-24 23:02:14,0.03799800,0.12300000
2018-02-24 23:02:14,0.03798200,2.70000000
2018-02-24 23:02:15,0.03798200,12.50400000
2018-02-24 23:02:18,0.03796500,0.54100000
2018-02-24 23:02:18,0.03796300,0.05200000
2018-02-24 23:02:18,0.03790100,4.63600000
2018-02-24 23:02:21,0.03796600,0.29900000
2018-02-24 23:02:21,0.03796500,0.03100000
2018-02-24 23:02:21,0.03796500,1.24900000
2018-02-24 23:02:22,0.03808900,0.07900000
2018-02-24 23:02:23,0.03790400,0.56500000
2018-02-24 23:02:23,0.03790300,0.06100000
2018-02-24 23:02:23,0.03790200,0.05400000
2018-02-24 23:02:23,0.03790100,6.17000000
2018-02-24 23:02:24,0.03808600,0.08400000
2018-02-24 23:02:26,0.03808100,0.26200000
2018-02-24 23:02:26,0.03808200,0.27600000
2018-02-24 23:02:26,0.03808300,1.00000000
2018-02-24 23:02:26,0.03808500,2.46200000
2018-02-24 23:02:27,0.03808500,0.08400000
2018-02-24 23:02:33,0.03791600,0.26300000
2018-02-24 23:02:33,0.03791500,1.96500000
2018-02-24 23:02:33,0.03791400,0.06000000
2018-02-24 23:02:33,0.03790100,0.92700000
2018-02-24 23:02:33,0.03790100,0.52900000
2018-02-24 23:02:33,0.03791000,5.28800000
2018-02-24 23:02:40,0.03790000,0.41000000
2018-02-24 23:02:41,0.03802400,0.07700000
2018-02-24 23:02:41,0.03791000,0.11100000
2018-02-24 23:02:45,0.03791000,0.22100000
2018-02-24 23:02:48,0.03791000,1.15000000
2018-02-24 23:02:48,0.03790000,9.03900000
2018-02-24 23:02:49,0.03789900,0.06300000
2018-02-24 23:02:51,0.03789700,0.09500000
2018-02-24 23:02:53,0.03789800,0.34900000
2018-02-24 23:02:57,0.03789400,0.05700000
2018-02-24 23:03:00,0.03789100,0.12300000
2018-02-24 23:03:03,0.03781600,0.00500000
2018-02-24 23:03:04,0.03781600,0.10000000
2018-02-24 23:03:04,0.03780200,0.03700000
2018-02-24 23:03:06,0.03780200,0.96300000
2018-02-24 23:03:06,0.03780100,1.65000000
2018-02-24 23:03:09,0.03780100,1.15100000
2018-02-24 23:03:09,0.03780000,2.94500000
2018-02-24 23:03:09,0.03779000,0.39900000
2018-02-24 23:03:09,0.03779000,0.12500000
2018-02-24 23:03:09,0.03779800,1.66200000
2018-02-24 23:03:09,0.03788700,0.14000000
2018-02-24 23:03:09,0.03788800,0.16700000
2018-02-24 23:03:10,0.03779000,0.99300000
2018-02-24 23:03:12,0.03788800,0.70500000
2018-02-24 23:03:12,0.03779100,0.05000000
2018-02-24 23:03:12,0.03779100,0.21400000
2018-02-24 23:03:12,0.03779000,1.63600000
2018-02-24 23:03:12,0.03779000,2.59600000
2018-02-24 23:03:14,0.03779000,0.04400000
2018-02-24 23:03:14,0.03779000,0.10500000
2018-02-24 23:03:15,0.03778900,0.09800000
2018-02-24 23:03:15,0.03778900,0.23600000
2018-02-24 23:03:15,0.03778900,0.15700000
2018-02-24 23:03:15,0.03778900,0.03500000
2018-02-24 23:03:20,0.03778800,0.04000000
2018-02-24 23:03:20,0.03778400,0.03300000
2018-02-24 23:03:20,0.03778300,0.37600000
2018-02-24 23:03:20,0.03778300,0.84400000
2018-02-24 23:03:20,0.03779000,0.15600000
2018-02-24 23:03:22,0.03778000,1.61900000
2018-02-24 23:03:23,0.03778900,0.04000000
2018-02-24 23:03:24,0.03777800,0.95000000
2018-02-24 23:03:24,0.03776800,2.37900000
2018-02-24 23:03:24,0.03776700,1.02900000
2018-02-24 23:03:24,0.03775800,0.94900000
2018-02-24 23:03:24,0.03775500,0.28900000
2018-02-24 23:03:24,0.03775400,1.96700000
2018-02-24 23:03:24,0.03775400,0.19300000
2018-02-24 23:03:24,0.03775000,0.23600000
2018-02-24 23:03:25,0.03778900,0.26200000
2018-02-24 23:03:25,0.03778900,0.65000000
2018-02-24 23:03:26,0.03775000,7.20600000
2018-02-24 23:03:27,0.03778400,2.53100000
2018-02-24 23:03:27,0.03778900,0.05300000
2018-02-24 23:03:30,0.03775000,1.19100000
2018-02-24 23:03:31,0.03775000,0.82400000
2018-02-24 23:03:31,0.03775000,4.61900000
2018-02-24 23:03:31,0.03775000,0.11400000
2018-02-24 23:03:32,0.03775000,0.26700000
2018-02-24 23:03:32,0.03774900,1.05100000
2018-02-24 23:03:32,0.03774700,0.26500000
2018-02-24 23:03:32,0.03773500,0.02700000
2018-02-24 23:03:32,0.03773400,0.90800000
2018-02-24 23:03:32,0.03773000,7.47600000
2018-02-24 23:03:32,0.03775000,0.11900000
2018-02-24 23:03:33,0.03775000,0.21400000
2018-02-24 23:03:34,0.03774000,0.10000000
2018-02-24 23:03:34,0.03773000,2.09400000
2018-02-24 23:03:34,0.03773000,0.10000000
2018-02-24 23:03:34,0.03774900,1.03200000
2018-02-24 23:03:35,0.03771300,0.26600000
2018-02-24 23:03:35,0.03771200,0.26600000
2018-02-24 23:03:35,0.03771100,2.48000000
2018-02-24 23:03:35,0.03771100,17.11000000
2018-02-24 23:03:35,0.03770500,0.13300000
2018-02-24 23:03:35,0.03770000,1.55600000
2018-02-24 23:03:35,0.03768500,0.15500000
2018-02-24 23:03:35,0.03767900,0.10500000
2018-02-24 23:03:35,0.03767900,0.06800000
2018-02-24 23:03:35,0.03767600,0.18900000
2018-02-24 23:03:36,0.03767600,0.08100000
2018-02-24 23:03:37,0.03774900,0.12600000
2018-02-24 23:03:37,0.03767600,0.48600000
2018-02-24 23:03:37,0.03767300,0.10700000
2018-02-24 23:03:37,0.03766600,0.04400000
2018-02-24 23:03:37,0.03774900,0.05200000
2018-02-24 23:03:38,0.03774900,0.10000000
2018-02-24 23:03:38,0.03774900,0.06600000
2018-02-24 23:03:40,0.03766300,0.24200000
2018-02-24 23:03:41,0.03765400,0.05000000
2018-02-24 23:03:43,0.03765400,0.03100000
2018-02-24 23:03:45,0.03765400,0.20000000
2018-02-24 23:03:45,0.03763700,0.44300000
2018-02-24 23:03:45,0.03763500,0.13000000
2018-02-24 23:03:46,0.03774800,2.07800000
2018-02-24 23:03:46,0.03781400,0.17100000
2018-02-24 23:03:46,0.03782500,0.06500000
2018-02-24 23:03:46,0.03788500,0.30000000
2018-02-24 23:03:46,0.03800000,0.26700000
2018-02-24 23:03:46,0.03800900,1.56800000
2018-02-24 23:03:48,0.03799900,0.05200000
2018-02-24 23:03:49,0.03799800,0.08900000
2018-02-24 23:03:49,0.03799800,0.35800000
2018-02-24 23:03:51,0.03799600,0.05300000
2018-02-24 23:03:51,0.03799700,0.06000000
2018-02-24 23:03:51,0.03799900,0.13800000
2018-02-24 23:03:51,0.03800700,0.05400000
2018-02-24 23:03:53,0.03800800,0.06400000
2018-02-24 23:03:54,0.03800700,0.26300000
2018-02-24 23:03:55,0.03800700,0.09900000
2018-02-24 23:03:55,0.03800800,1.34500000
2018-02-24 23:03:55,0.03764900,1.00000000
2018-02-24 23:03:55,0.03764800,2.64100000
2018-02-24 23:03:55,0.03764600,3.39000000
2018-02-24 23:03:58,0.03764900,2.87000000
2018-02-24 23:04:00,0.03800100,0.05300000
2018-02-24 23:04:00,0.03765100,0.06100000
2018-02-24 23:04:00,0.03765000,0.05400000
2018-02-24 23:04:00,0.03764900,0.39700000
2018-02-24 23:04:00,0.03764900,0.39700000
2018-02-24 23:04:00,0.03764900,0.17200000
2018-02-24 23:04:00,0.03765200,0.39700000
2018-02-24 23:04:01,0.03800100,0.06600000
2018-02-24 23:04:02,0.03795200,0.16000000
2018-02-24 23:04:02,0.03795200,0.09200000
2018-02-24 23:04:04,0.03794900,0.10800000
2018-02-24 23:04:04,0.03794800,0.04600000
2018-02-24 23:04:05,0.03794700,0.52100000
2018-02-24 23:04:05,0.03794800,0.26900000
2018-02-24 23:04:05,0.03794800,0.19600000
2018-02-24 23:04:07,0.03794800,0.07600000
2018-02-24 23:04:08,0.03773400,0.26500000
2018-02-24 23:04:08,0.03773300,0.73500000
2018-02-24 23:04:08,0.03794600,0.03200000
2018-02-24 23:04:10,0.03794400,0.03400000
2018-02-24 23:04:10,0.03794400,0.23100000
2018-02-24 23:04:10,0.03794500,0.25500000
2018-02-24 23:04:12,0.03794500,0.13200000
2018-02-24 23:04:12,0.03773800,1.00000000
2018-02-24 23:04:12,0.03773700,0.26400000
2018-02-24 23:04:12,0.03773600,0.30100000
2018-02-24 23:04:12,0.03773500,4.37300000
2018-02-24 23:04:12,0.03772700,0.03500000
2018-02-24 23:04:12,0.03772200,1.18100000
2018-02-24 23:04:12,0.03765700,1.08200000
2018-02-24 23:04:12,0.03794400,0.18200000
2018-02-24 23:04:13,0.03794300,1.00000000
2018-02-24 23:04:13,0.03794400,0.91000000
2018-02-24 23:04:13,0.03794400,0.12600000
2018-02-24 23:04:13,0.03788500,0.03500000
2018-02-24 23:04:13,0.03794300,0.20500000
2018-02-24 23:04:15,0.03772800,0.50000000
2018-02-24 23:04:15,0.03772800,0.10400000
2018-02-24 23:04:15,0.03772800,0.13200000
2018-02-24 23:04:16,0.03772800,0.24800000
2018-02-24 23:04:17,0.03772800,1.44000000
2018-02-24 23:04:17,0.03772700,0.22900000
2018-02-24 23:04:18,0.03772700,0.15900000
2018-02-24 23:04:18,0.03772700,0.03700000
2018-02-24 23:04:19,0.03765900,0.33400000
2018-02-24 23:04:22,0.03772700,0.73300000
2018-02-24 23:04:22,0.03772800,0.30000000
2018-02-24 23:04:22,0.03793800,0.36000000
2018-02-24 23:04:23,0.03773900,0.39700000
2018-02-24 23:04:24,0.03774100,0.50000000
2018-02-24 23:04:24,0.03774000,0.19300000
2018-02-24 23:04:24,0.03773800,0.05400000
2018-02-24 23:04:24,0.03773700,1.60900000
2018-02-24 23:04:24,0.03766000,2.23200000
2018-02-24 23:04:24,0.03765900,3.50100000
2018-02-24 23:04:24,0.03793300,0.04700000
2018-02-24 23:04:25,0.03793200,0.07700000
2018-02-24 23:04:26,0.03793200,0.26000000
2018-02-24 23:04:27,0.03792900,0.08600000
2018-02-24 23:04:31,0.03792400,0.05700000
2018-02-24 23:04:33,0.03792200,0.02900000
2018-02-24 23:04:33,0.03792200,0.12200000
2018-02-24 23:04:36,0.03791800,0.06500000
2018-02-24 23:04:38,0.03791600,0.29400000
2018-02-24 23:04:42,0.03791100,0.03200000
2018-02-24 23:04:43,0.03790900,0.12100000
2018-02-24 23:04:45,0.03775700,0.30300000
2018-02-24 23:04:45,0.03775100,1.00000000
2018-02-24 23:04:45,0.03775000,4.37800000
2018-02-24 23:04:45,0.03774700,1.24300000
2018-02-24 23:04:45,0.03774700,0.10000000
2018-02-24 23:04:46,0.03770000,2.30100000
2018-02-24 23:04:49,0.03774500,0.34000000
2018-02-24 23:04:49,0.03774600,0.50000000
2018-02-24 23:04:52,0.03770800,0.32000000
2018-02-24 23:04:53,0.03774700,1.89600000
2018-02-24 23:04:54,0.03774700,0.37300000
2018-02-24 23:05:04,0.03771900,0.09600000
2018-02-24 23:05:04,0.03771700,0.30500000
2018-02-24 23:05:04,0.03771400,0.13200000
2018-02-24 23:05:04,0.03771100,1.03200000
2018-02-24 23:05:04,0.03770000,0.76100000
2018-02-24 23:05:05,0.03770000,1.74600000
2018-02-24 23:05:05,0.03770000,5.47500000
2018-02-24 23:05:05,0.03770000,2.24600000
2018-02-24 23:05:07,0.03769900,0.30300000
2018-02-24 23:05:10,0.03769900,0.24400000
2018-02-24 23:05:11,0.03769800,0.05600000
2018-02-24 23:05:12,0.03769800,1.28000000
2018-02-24 23:05:12,0.03769800,0.06400000
2018-02-24 23:05:14,0.03769800,0.12400000
2018-02-24 23:05:15,0.03769800,0.07800000
2018-02-24 23:05:16,0.03769800,0.25200000
2018-02-24 23:05:17,0.03769800,0.02700000
2018-02-24 23:05:18,0.03769800,0.05600000
2018-02-24 23:05:21,0.03769800,0.12800000
2018-02-24 23:05:21,0.03769800,0.23900000
2018-02-24 23:05:23,0.03768000,0.32400000
2018-02-24 23:05:23,0.03767800,0.09000000
2018-02-24 23:05:24,0.03767600,0.03200000
2018-02-24 23:05:25,0.03767800,0.06600000
2018-02-24 23:05:25,0.03767700,0.31700000
2018-02-24 23:05:25,0.03767800,0.02500000
2018-02-24 23:05:27,0.03767800,0.06600000
2018-02-24 23:05:29,0.03767800,1.00000000
2018-02-24 23:05:29,0.03767800,2.12800000
2018-02-24 23:05:29,0.03767800,0.08800000
2018-02-24 23:05:30,0.03767800,0.09800000
2018-02-24 23:05:32,0.03767800,0.03200000
2018-02-24 23:05:34,0.03769000,0.99600000
2018-02-24 23:05:34,0.03769800,0.10800000
2018-02-24 23:05:34,0.03767400,1.47700000
2018-02-24 23:05:34,0.03765900,4.13600000
2018-02-24 23:05:34,0.03765000,1.69600000
2018-02-24 23:05:36,0.03767800,0.19500000
2018-02-24 23:05:36,0.03769800,0.63700000
2018-02-24 23:05:37,0.03769800,1.37600000
2018-02-24 23:05:38,0.03765000,0.30400000
2018-02-24 23:05:38,0.03763500,0.82000000
2018-02-24 23:05:40,0.03769800,0.17400000
2018-02-24 23:05:40,0.03769800,0.14600000
2018-02-24 23:05:45,0.03769800,0.06600000
2018-02-24 23:05:45,0.03769800,0.14800000
2018-02-24 23:05:46,0.03769800,0.05200000
2018-02-24 23:05:49,0.03769500,0.06300000
2018-02-24 23:05:49,0.03765800,0.15200000
2018-02-24 23:05:49,0.03765400,0.08500000
2018-02-24 23:05:49,0.03765000,1.63400000
2018-02-24 23:05:50,0.03765000,0.18300000
2018-02-24 23:05:50,0.03769500,1.29500000
2018-02-24 23:05:52,0.03769500,0.09200000
2018-02-24 23:05:52,0.03763500,0.25500000
2018-02-24 23:05:52,0.03762900,0.54000000
2018-02-24 23:05:52,0.03762700,0.04100000
2018-02-24 23:05:52,0.03760200,2.00000000
2018-02-24 23:05:52,0.03760000,0.45800000
2018-02-24 23:05:52,0.03758300,1.14400000
2018-02-24 23:05:52,0.03757400,0.09400000
2018-02-24 23:05:52,0.03756300,0.06400000
2018-02-24 23:05:52,0.03756000,0.35100000
2018-02-24 23:05:52,0.03755200,1.47500000
2018-02-24 23:05:52,0.03755000,1.42100000
2018-02-24 23:05:52,0.03754500,5.32700000
2018-02-24 23:05:52,0.03753000,0.06600000
2018-02-24 23:05:52,0.03752000,1.00000000
2018-02-24 23:05:52,0.03751300,3.00900000
2018-02-24 23:05:52,0.03751200,3.23300000
2018-02-24 23:05:52,0.03751100,4.38300000
2018-02-24 23:05:52,0.03750100,1.70000000
2018-02-24 23:05:52,0.03750000,15.87300000
2018-02-24 23:05:52,0.03748000,0.34800000
2018-02-24 23:05:52,0.03748500,0.24200000
2018-02-24 23:05:52,0.03750000,9.43900000
2018-02-24 23:05:52,0.03750000,2.23600000
2018-02-24 23:05:53,0.03750100,1.62000000
2018-02-24 23:05:53,0.03748000,2.97400000
2018-02-24 23:05:54,0.03765400,0.03800000
2018-02-24 23:05:54,0.03769100,0.21700000
2018-02-24 23:05:54,0.03769200,0.00100000
2018-02-24 23:05:54,0.03769200,1.08000000
2018-02-24 23:05:55,0.03769200,0.38400000
2018-02-24 23:05:56,0.03760000,0.06400000
2018-02-24 23:05:56,0.03760000,0.03900000
2018-02-24 23:05:56,0.03760000,0.07500000
2018-02-24 23:05:56,0.03760000,0.11000000
2018-02-24 23:05:56,0.03759900,0.18200000
2018-02-24 23:05:56,0.03760000,0.08000000
2018-02-24 23:05:57,0.03760000,0.03100000
2018-02-24 23:05:58,0.03760000,0.51300000
2018-02-24 23:05:58,0.03760000,0.06300000
2018-02-24 23:05:59,0.03760000,0.03100000
2018-02-24 23:05:59,0.03760000,0.13200000
2018-02-24 23:05:59,0.03760000,0.06300000
2018-02-24 23:05:59,0.03759900,0.81400000
2018-02-24 23:05:59,0.03760000,4.82100000
2018-02-24 23:06:00,0.03769200,0.12700000
2018-02-24 23:06:01,0.03760200,0.50000000
2018-02-24 23:06:01,0.03760100,0.26500000
2018-02-24 23:06:02,0.03769100,0.06400000
2018-02-24 23:06:02,0.03769100,0.12800000
2018-02-24 23:06:02,0.03760000,0.04300000
2018-02-24 23:06:02,0.03769100,0.05800000
2018-02-24 23:06:02,0.03769100,0.01500000
2018-02-24 23:06:02,0.03769200,0.04900000
2018-02-24 23:06:02,0.03769200,0.06600000
2018-02-24 23:06:03,0.03760000,0.23100000
2018-02-24 23:06:04,0.03769400,0.19400000
2018-02-24 23:06:05,0.03769500,0.08800000
2018-02-24 23:06:05,0.03769500,2.15000000
2018-02-24 23:06:05,0.03769800,11.17400000
2018-02-24 23:06:05,0.03769900,0.67600000
2018-02-24 23:06:06,0.03760100,0.25500000
2018-02-24 23:06:07,0.03760200,0.30000000
2018-02-24 23:06:07,0.03760000,6.64200000
2018-02-24 23:06:08,0.03769800,0.25500000
2018-02-24 23:06:08,0.03769900,0.03700000
2018-02-24 23:06:08,0.03769900,0.45400000
2018-02-24 23:06:08,0.03769900,0.37000000
2018-02-24 23:06:08,0.03769800,0.13000000
2018-02-24 23:06:08,0.03769800,0.17000000
2018-02-24 23:06:08,0.03769900,0.23000000
2018-02-24 23:06:08,0.03769900,0.06000000
2018-02-24 23:06:09,0.03769900,0.38200000
2018-02-24 23:06:10,0.03769900,0.51000000
2018-02-24 23:06:10,0.03769900,0.01600000
2018-02-24 23:06:12,0.03774700,0.03100000
2018-02-24 23:06:12,0.03774700,0.06400000
2018-02-24 23:06:13,0.03774700,0.00400000
2018-02-24 23:06:15,0.03786600,0.14800000
2018-02-24 23:06:15,0.03786600,0.11000000
2018-02-24 23:06:15,0.03786600,0.06500000
2018-02-24 23:06:15,0.03786500,0.07600000
2018-02-24 23:06:16,0.03786400,0.06200000
2018-02-24 23:06:16,0.03786400,0.11500000
2018-02-24 23:06:16,0.03786500,0.39900000
2018-02-24 23:06:16,0.03786600,0.11400000
2018-02-24 23:06:17,0.03786600,0.03400000
2018-02-24 23:06:17,0.03774100,0.26400000
2018-02-24 23:06:17,0.03774000,1.00000000
2018-02-24 23:06:17,0.03773900,0.07900000
2018-02-24 23:06:18,0.03786500,0.14800000
2018-02-24 23:06:19,0.03786300,0.46700000
2018-02-24 23:06:20,0.03786300,0.06400000
2018-02-24 23:06:20,0.03786300,0.19800000
2018-02-24 23:06:21,0.03786200,0.03500000
2018-02-24 23:06:22,0.03786100,0.12300000
2018-02-24 23:06:22,0.03786200,0.00300000
2018-02-24 23:06:22,0.03786200,0.09700000
2018-02-24 23:06:22,0.03786200,0.12900000
2018-02-24 23:06:22,0.03786400,0.07800000
2018-02-24 23:06:23,0.03786400,0.12600000
2018-02-24 23:06:24,0.03786400,0.09200000
2018-02-24 23:06:25,0.03786400,0.13200000
2018-02-24 23:06:29,0.03786300,0.06100000
2018-02-24 23:06:29,0.03786400,0.06700000
2018-02-24 23:06:29,0.03786400,0.08400000
2018-02-24 23:06:30,0.03786400,0.06400000
2018-02-24 23:06:30,0.03786400,0.06400000
2018-02-24 23:06:30,0.03786400,0.06500000
2018-02-24 23:06:30,0.03786400,0.07100000
2018-02-24 23:06:31,0.03771900,2.19900000
2018-02-24 23:06:31,0.03771800,1.30000000
2018-02-24 23:06:31,0.03771700,0.26500000
2018-02-24 23:06:31,0.03770000,0.83700000
2018-02-24 23:06:31,0.03769900,1.40500000
2018-02-24 23:06:32,0.03786200,1.30000000
2018-02-24 23:06:32,0.03786300,2.19900000
2018-02-24 23:06:32,0.03786400,7.82600000
2018-02-24 23:06:32,0.03786400,0.42900000
2018-02-24 23:06:37,0.03770900,0.74100000
2018-02-24 23:06:42,0.03780900,0.26500000
2018-02-24 23:06:48,0.03781000,0.06600000
2018-02-24 23:06:48,0.03781000,0.11100000
2018-02-24 23:06:49,0.03781000,0.05200000
2018-02-24 23:06:50,0.03780900,0.64300000
2018-02-24 23:06:51,0.03781000,0.03200000
2018-02-24 23:06:58,0.03773500,1.02100000
2018-02-24 23:07:04,0.03780900,0.14500000
2018-02-24 23:07:10,0.03781000,0.50000000
2018-02-24 23:07:10,0.03781000,0.13600000
2018-02-24 23:07:11,0.03781000,0.03200000
2018-02-24 23:07:12,0.03781000,0.06200000
2018-02-24 23:07:13,0.03776000,2.13300000
2018-02-24 23:07:13,0.03781000,3.11900000
2018-02-24 23:07:13,0.03781000,0.06400000
2018-02-24 23:07:13,0.03780900,0.31900000
2018-02-24 23:07:17,0.03780900,0.15900000
2018-02-24 23:07:26,0.03780900,0.05500000
2018-02-24 23:07:26,0.03781000,1.07600000
2018-02-24 23:07:27,0.03781000,0.27000000
2018-02-24 23:07:30,0.03781000,0.05400000
2018-02-24 23:07:30,0.03773000,0.50000000
2018-02-24 23:07:30,0.03772900,0.26500000
2018-02-24 23:07:30,0.03770800,0.23400000
2018-02-24 23:07:31,0.03773100,0.36600000
2018-02-24 23:07:32,0.03785600,0.06400000
2018-02-24 23:07:37,0.03784600,0.22800000
2018-02-24 23:07:37,0.03784600,0.14800000
2018-02-24 23:07:38,0.03773700,0.31900000
2018-02-24 23:07:38,0.03784600,0.06000000
2018-02-24 23:07:38,0.03784700,0.24900000
2018-02-24 23:07:38,0.03784700,0.01600000
2018-02-24 23:07:38,0.03785000,1.00000000
2018-02-24 23:07:38,0.03785900,0.15100000
2018-02-24 23:07:38,0.03786000,0.20000000
2018-02-24 23:07:38,0.03786200,0.36500000
2018-02-24 23:07:38,0.03786500,0.11100000
2018-02-24 23:07:40,0.03773800,1.45100000
2018-02-24 23:07:40,0.03784900,0.05300000
2018-02-24 23:07:41,0.03773900,0.09800000
2018-02-24 23:07:43,0.03784600,1.00000000
2018-02-24 23:07:43,0.03784700,0.24800000
2018-02-24 23:07:43,0.03786100,2.47600000
2018-02-24 23:07:43,0.03786500,1.03800000
2018-02-24 23:07:43,0.03786500,0.90800000
2018-02-24 23:07:43,0.03786500,8.89300000
2018-02-24 23:07:43,0.03786500,1.00000000
2018-02-24 23:07:43,0.03786600,0.50000000
2018-02-24 23:07:44,0.03786500,0.31900000
2018-02-24 23:07:44,0.03786500,0.45100000
2018-02-24 23:07:44,0.03786600,0.86200000
2018-02-24 23:07:44,0.03786800,2.36000000
2018-02-24 23:07:44,0.03786800,1.47700000
2018-02-24 23:07:45,0.03789000,1.35200000
2018-02-24 23:07:45,0.03789500,2.06300000
2018-02-24 23:07:45,0.03789500,2.93700000
2018-02-24 23:07:46,0.03790900,0.05100000
2018-02-24 23:07:48,0.03786500,0.15000000
2018-02-24 23:07:51,0.03786500,0.27000000
2018-02-24 23:07:53,0.03786500,0.16200000
2018-02-24 23:07:57,0.03793200,0.07600000
2018-02-24 23:07:59,0.03793200,0.04000000
2018-02-24 23:07:59,0.03793200,0.30400000
2018-02-24 23:07:59,0.03793200,0.16100000
2018-02-24 23:08:00,0.03786500,7.07100000
2018-02-24 23:08:00,0.03783300,0.09700000
2018-02-24 23:08:00,0.03774600,0.33200000
2018-02-24 23:08:00,0.03773200,0.16700000
2018-02-24 23:08:00,0.03771300,0.19600000
2018-02-24 23:08:00,0.03770900,8.30800000
2018-02-24 23:08:00,0.03769900,6.60000000
2018-02-24 23:08:00,0.03766400,0.12900000
2018-02-24 23:08:02,0.03792900,0.10000000
2018-02-24 23:08:02,0.03792900,0.40000000
2018-02-24 23:08:02,0.03793000,0.26400000
2018-02-24 23:08:02,0.03793200,0.19600000
2018-02-24 23:08:02,0.03793200,0.06600000
2018-02-24 23:08:08,0.03792900,0.36600000
2018-02-24 23:08:08,0.03793200,0.13100000
2018-02-24 23:08:09,0.03793200,0.50000000
2018-02-24 23:08:09,0.03792900,0.16300000
2018-02-24 23:08:17,0.03793200,0.54000000
2018-02-24 23:08:18,0.03793200,0.87300000
2018-02-24 23:08:27,0.03787600,0.05000000
2018-02-24 23:08:34,0.03788500,0.02700000
2018-02-24 23:08:34,0.03788100,0.22100000
2018-02-24 23:08:34,0.03787600,0.07400000
2018-02-24 23:08:34,0.03787100,0.17800000
2018-02-24 23:08:36,0.03787600,0.18500000
2018-02-24 23:08:37,0.03787600,0.16000000
2018-02-24 23:08:37,0.03787600,0.07900000
2018-02-24 23:08:43,0.03787500,0.28600000
2018-02-24 23:08:50,0.03787600,0.05600000
2018-02-24 23:08:58,0.03787100,2.63200000
2018-02-24 23:08:58,0.03786500,3.71800000
2018-02-24 23:08:58,0.03782500,0.60200000
2018-02-24 23:08:59,0.03787500,0.66000000
2018-02-24 23:09:01,0.03787500,0.06600000
2018-02-24 23:09:05,0.03783400,0.12100000
2018-02-24 23:09:05,0.03783000,0.12100000
2018-02-24 23:09:05,0.03782600,0.63400000
2018-02-24 23:09:05,0.03782500,1.69000000
2018-02-24 23:09:06,0.03786800,0.22700000
2018-02-24 23:09:06,0.03786800,0.13200000
2018-02-24 23:09:07,0.03786700,0.45800000
2018-02-24 23:09:08,0.03786700,0.04200000
2018-02-24 23:09:08,0.03786800,0.08100000
2018-02-24 23:09:12,0.03783700,0.31600000
2018-02-24 23:09:21,0.03780700,0.50000000
2018-02-24 23:09:21,0.03780600,0.08300000
2018-02-24 23:09:21,0.03779900,0.10000000
2018-02-24 23:09:21,0.03779200,0.26400000
2018-02-24 23:09:22,0.03783700,4.09000000
2018-02-24 23:09:23,0.03781600,0.11100000
2018-02-24 23:09:25,0.03782200,0.08300000
2018-02-24 23:09:26,0.03785500,0.04400000
2018-02-24 23:09:26,0.03785500,0.04400000
2018-02-24 23:09:26,0.03785500,0.04500000
2018-02-24 23:09:29,0.03774300,0.13300000
2018-02-24 23:09:29,0.03774200,0.09600000
2018-02-24 23:09:30,0.03775200,0.04400000
2018-02-24 23:09:30,0.03785200,0.16600000
2018-02-24 23:09:30,0.03785200,0.09800000
2018-02-24 23:09:33,0.03775200,0.03400000
2018-02-24 23:09:35,0.03773600,0.07300000
2018-02-24 23:09:36,0.03773800,0.26400000
2018-02-24 23:09:36,0.03773700,0.50000000
2018-02-24 23:09:40,0.03785200,0.13200000
2018-02-24 23:09:43,0.03773700,0.03900000
2018-02-24 23:09:43,0.03773700,0.08900000
2018-02-24 23:09:44,0.03773700,0.09100000
2018-02-24 23:09:45,0.03773700,0.20200000
2018-02-24 23:09:45,0.03773700,0.07700000
2018-02-24 23:09:45,0.03773700,0.10900000
2018-02-24 23:09:45,0.03773700,0.30700000
2018-02-24 23:09:46,0.03773700,0.07800000
2018-02-24 23:09:48,0.03784900,0.09600000
2018-02-24 23:09:48,0.03785000,0.95400000
2018-02-24 23:09:48,0.03785200,0.13200000
2018-02-24 23:09:48,0.03785300,0.13600000
2018-02-24 23:09:48,0.03785500,1.22400000
2018-02-24 23:09:48,0.03785600,9.00000000
2018-02-24 23:09:48,0.03785700,7.45800000
2018-02-24 23:09:49,0.03784800,0.25200000
2018-02-24 23:09:49,0.03784800,0.25000000
2018-02-24 23:09:49,0.03784900,0.02300000
2018-02-24 23:09:52,0.03784900,0.29000000
2018-02-24 23:09:55,0.03776400,0.26400000
2018-02-24 23:09:55,0.03776300,0.18500000
2018-02-24 23:09:59,0.03785600,0.07700000
2018-02-24 23:10:02,0.03785600,0.18700000
2018-02-24 23:10:06,0.03785400,0.18500000
2018-02-24 23:10:06,0.03785500,0.90200000
2018-02-24 23:10:06,0.03785700,0.07200000
2018-02-24 23:10:08,0.03776700,0.50000000
2018-02-24 23:10:08,0.03776600,0.26400000
2018-02-24 23:10:08,0.03775800,0.07900000
2018-02-24 23:10:08,0.03774700,0.07900000
2018-02-24 23:10:08,0.03773300,0.07900000
2018-02-24 23:10:08,0.03771600,0.09600000
2018-02-24 23:10:08,0.03768600,0.07900000
2018-02-24 23:10:08,0.03766400,0.82400000
2018-02-24 23:10:10,0.03766600,0.05200000
2018-02-24 23:10:12,0.03766600,0.03300000
2018-02-24 23:10:16,0.03766600,0.92600000
2018-02-24 23:10:16,0.03766600,1.24700000
2018-02-24 23:10:19,0.03766500,0.06100000
2018-02-24 23:10:19,0.03765200,0.73100000
2018-02-24 23:10:19,0.03765000,11.39100000
2018-02-24 23:10:19,0.03761700,6.79800000
2018-02-24 23:10:21,0.03780400,0.06800000
2018-02-24 23:10:33,0.03778700,0.55300000
2018-02-24 23:10:34,0.03778600,0.15200000
2018-02-24 23:10:39,0.03778100,0.44700000
2018-02-24 23:10:39,0.03778200,0.67700000
2018-02-24 23:10:40,0.03778100,0.04400000
2018-02-24 23:10:40,0.03778100,0.21100000
2018-02-24 23:10:43,0.03770000,0.47700000
2018-02-24 23:10:45,0.03770000,0.00200000
2018-02-24 23:10:45,0.03777800,0.21400000
2018-02-24 23:10:45,0.03777900,0.04200000
2018-02-24 23:10:45,0.03778000,0.05800000
2018-02-24 23:10:51,0.03778000,0.03100000
2018-02-24 23:10:52,0.03778000,0.19100000
2018-02-24 23:10:53,0.03778000,0.06400000
2018-02-24 23:10:54,0.03778000,0.16100000
2018-02-24 23:10:54,0.03763900,0.12900000
2018-02-24 23:10:55,0.03778000,0.11800000
2018-02-24 23:10:55,0.03778400,0.04400000
2018-02-24 23:11:01,0.03778300,0.12900000
2018-02-24 23:11:03,0.03778400,0.01700000
2018-02-24 23:11:03,0.03780400,0.17700000
2018-02-24 23:11:08,0.03780300,0.68100000
2018-02-24 23:11:09,0.03780300,1.00400000
2018-02-24 23:11:10,0.03780300,0.09200000
2018-02-24 23:11:10,0.03780300,0.06600000
2018-02-24 23:11:13,0.03778400,0.03000000
2018-02-24 23:11:16,0.03778400,0.47000000
2018-02-24 23:11:16,0.03778300,0.46400000
2018-02-24 23:11:17,0.03765600,0.19400000
2018-02-24 23:11:19,0.03780300,0.27300000
2018-02-24 23:11:19,0.03778400,2.67000000
2018-02-24 23:11:19,0.03780300,0.06600000
2018-02-24 23:11:24,0.03778400,0.10400000
2018-02-24 23:11:24,0.03778400,0.50000000
2018-02-24 23:11:26,0.03778100,0.12800000
2018-02-24 23:11:28,0.03778000,0.19400000
2018-02-24 23:11:28,0.03778100,0.37200000
2018-02-24 23:11:28,0.03778400,0.57700000
2018-02-24 23:11:28,0.03778500,0.50000000
2018-02-24 23:11:28,0.03778400,1.97800000
2018-02-24 23:11:33,0.03779700,0.05800000
2018-02-24 23:11:37,0.03765600,0.81000000
2018-02-24 23:11:37,0.03765500,0.26500000
2018-02-24 23:11:37,0.03764900,0.06100000
2018-02-24 23:11:37,0.03764700,0.12400000
2018-02-24 23:11:37,0.03763700,0.13700000
2018-02-24 23:11:37,0.03763700,0.19900000
2018-02-24 23:11:39,0.03779100,0.15900000
2018-02-24 23:11:51,0.03776900,0.44200000
2018-02-24 23:11:53,0.03776400,0.76600000
2018-02-24 23:11:57,0.03764100,0.05200000
2018-02-24 23:11:57,0.03764000,0.14700000
2018-02-24 23:11:57,0.03775800,0.06400000
2018-02-24 23:11:58,0.03775800,0.04200000
2018-02-24 23:11:59,0.03775700,0.39100000
2018-02-24 23:11:59,0.03775700,0.09900000
2018-02-24 23:12:00,0.03775800,0.05600000
2018-02-24 23:12:04,0.03764100,0.24300000
2018-02-24 23:12:09,0.03774400,0.06500000
2018-02-24 23:12:10,0.03774200,0.06500000
2018-02-24 23:12:15,0.03773400,0.00100000
2018-02-24 23:12:18,0.03763900,0.25000000
2018-02-24 23:12:18,0.03772900,0.45600000
2018-02-24 23:12:19,0.03772700,0.11400000
2018-02-24 23:12:24,0.03772300,0.05200000
2018-02-24 23:12:25,0.03772200,0.05100000
2018-02-24 23:12:25,0.03772300,0.10800000
2018-02-24 23:12:25,0.03772100,0.06200000
2018-02-24 23:12:25,0.03772200,0.00200000
2018-02-24 23:12:26,0.03772200,0.06600000
2018-02-24 23:12:28,0.03772000,0.24200000
2018-02-24 23:12:28,0.03772100,0.19900000
2018-02-24 23:12:28,0.03772200,0.06700000
2018-02-24 23:12:30,0.03771800,0.20500000
2018-02-24 23:12:34,0.03766300,0.27300000
2018-02-24 23:12:39,0.03771500,0.33800000
2018-02-24 23:12:39,0.03771600,0.09700000
2018-02-24 23:12:41,0.03766300,0.22700000
2018-02-24 23:12:41,0.03766200,0.25300000
2018-02-24 23:12:41,0.03764600,0.26500000
2018-02-24 23:12:41,0.03764000,0.08100000
2018-02-24 23:12:41,0.03763700,1.23600000
2018-02-24 23:12:41,0.03763600,0.54500000
2018-02-24 23:12:41,0.03762700,2.05900000
2018-02-24 23:12:41,0.03760000,0.73900000
2018-02-24 23:12:41,0.03760100,0.11900000
2018-02-24 23:12:45,0.03770900,0.06600000
2018-02-24 23:12:49,0.03770000,2.64900000
2018-02-24 23:12:53,0.03770500,0.23500000
2018-02-24 23:12:54,0.03760700,0.29400000
2018-02-24 23:12:54,0.03760200,0.68200000
2018-02-24 23:12:54,0.03760100,0.32600000
2018-02-24 23:12:54,0.03760000,3.54600000
2018-02-24 23:12:55,0.03770300,0.05000000
2018-02-24 23:12:57,0.03770100,0.13100000
2018-02-24 23:12:58,0.03770100,0.27300000
2018-02-24 23:13:01,0.03769900,0.04900000
2018-02-24 23:13:01,0.03770000,0.01700000
2018-02-24 23:13:02,0.03769900,0.27300000
2018-02-24 23:13:04,0.03769700,0.10000000
2018-02-24 23:13:04,0.03760200,0.02100000
2018-02-24 23:13:08,0.03769300,0.12700000
2018-02-24 23:13:10,0.03769300,0.53300000
2018-02-24 23:13:14,0.03768300,0.11000000
2018-02-24 23:13:14,0.03769300,1.27700000
2018-02-24 23:13:20,0.03768500,0.27300000
2018-02-24 23:13:26,0.03762500,0.09300000
2018-02-24 23:13:26,0.03768400,0.20400000
2018-02-24 23:13:26,0.03768500,0.06400000
2018-02-24 23:13:30,0.03768500,0.10500000
2018-02-24 23:13:36,0.03767900,0.26400000
2018-02-24 23:13:36,0.03767900,0.27400000
2018-02-24 23:13:36,0.03767900,0.27300000
2018-02-24 23:13:38,0.03767900,0.25800000
2018-02-24 23:13:40,0.03768000,0.12300000
2018-02-24 23:13:44,0.03767900,0.84400000
2018-02-24 23:13:45,0.03767900,5.00000000
2018-02-24 23:13:46,0.03768000,0.27300000
2018-02-24 23:13:48,0.03767900,0.53200000
2018-02-24 23:13:50,0.03767900,0.27300000
2018-02-24 23:13:54,0.03762700,0.40700000
2018-02-24 23:13:54,0.03762600,1.25300000
2018-02-24 23:13:55,0.03767900,0.24400000
2018-02-24 23:13:57,0.03767900,0.27300000
2018-02-24 23:13:57,0.03767900,0.20500000
2018-02-24 23:13:58,0.03767900,0.17200000
2018-02-24 23:13:58,0.03762600,2.17500000
2018-02-24 23:14:04,0.03767900,0.24800000
2018-02-24 23:14:09,0.03767000,0.06600000
2018-02-24 23:14:11,0.03767000,0.06400000
2018-02-24 23:14:11,0.03762600,0.50000000
2018-02-24 23:14:12,0.03767000,0.06400000
2018-02-24 23:14:12,0.03767000,0.11200000
2018-02-24 23:14:13,0.03767000,0.12200000
2018-02-24 23:14:14,0.03767000,0.38700000
2018-02-24 23:14:14,0.03767000,1.73400000
2018-02-24 23:14:15,0.03767000,0.06500000
2018-02-24 23:14:16,0.03767000,0.20400000
2018-02-24 23:14:20,0.03767000,0.06400000
2018-02-24 23:14:29,0.03762600,1.29100000
2018-02-24 23:14:29,0.03762600,0.18600000
2018-02-24 23:14:32,0.03762600,0.13000000
2018-02-24 23:14:32,0.03760500,0.39100000
2018-02-24 23:14:33,0.03761700,0.17300000
2018-02-24 23:14:34,0.03760500,0.69700000
2018-02-24 23:14:38,0.03761700,0.10600000
2018-02-24 23:14:40,0.03761700,0.06500000
2018-02-24 23:14:40,0.03761700,0.36100000
2018-02-24 23:14:41,0.03761100,0.12900000
2018-02-24 23:14:42,0.03762600,0.06500000
2018-02-24 23:14:42,0.03762600,0.69600000
2018-02-24 23:14:44,0.03760500,0.60100000
2018-02-24 23:14:44,0.03760100,0.48100000
2018-02-24 23:14:44,0.03760000,24.44800000
2018-02-24 23:14:44,0.03759400,0.26500000
2018-02-24 23:14:45,0.03760000,0.06500000
2018-02-24 23:14:45,0.03760000,0.05300000
2018-02-24 23:14:45,0.03751400,0.17800000
2018-02-24 23:14:45,0.03750500,4.47600000
2018-02-24 23:14:45,0.03750500,0.38800000
2018-02-24 23:14:45,0.03750000,0.75300000
2018-02-24 23:14:45,0.03750000,0.55000000
2018-02-24 23:14:45,0.03750000,2.48900000
2018-02-24 23:14:45,0.03750000,1.02900000
2018-02-24 23:14:46,0.03751900,0.17800000
2018-02-24 23:14:46,0.03751400,0.17800000
2018-02-24 23:14:47,0.03759800,0.06500000
2018-02-24 23:14:47,0.03752600,0.17800000
2018-02-24 23:14:48,0.03759900,0.26500000
2018-02-24 23:14:48,0.03760000,0.00100000
2018-02-24 23:14:48,0.03752600,0.17800000
2018-02-24 23:14:48,0.03760000,0.27300000
2018-02-24 23:14:48,0.03760000,0.10400000
2018-02-24 23:14:49,0.03760000,0.06500000
2018-02-24 23:14:49,0.03752400,0.26600000
2018-02-24 23:14:51,0.03759800,0.06500000
2018-02-24 23:14:53,0.03750200,0.23600000
2018-02-24 23:14:53,0.03759900,0.06500000
2018-02-24 23:14:54,0.03759900,0.13600000
2018-02-24 23:14:54,0.03760000,0.13700000
2018-02-24 23:14:54,0.03749300,0.29200000
2018-02-24 23:14:54,0.03749200,0.22900000
2018-02-24 23:14:55,0.03750300,0.23600000
2018-02-24 23:14:55,0.03759800,0.06500000
2018-02-24 23:14:56,0.03748300,0.63000000
2018-02-24 23:14:56,0.03748200,0.26600000
2018-02-24 23:14:56,0.03748000,2.67800000
2018-02-24 23:14:56,0.03747700,0.46900000
2018-02-24 23:14:56,0.03746800,0.71900000
2018-02-24 23:14:58,0.03759500,0.06600000
2018-02-24 23:14:58,0.03748000,0.07500000
2018-02-24 23:15:00,0.03748100,0.07500000
2018-02-24 23:15:00,0.03759200,0.06600000
2018-02-24 23:15:02,0.03758800,0.36800000
2018-02-24 23:15:02,0.03758900,0.02100000
2018-02-24 23:15:03,0.03758900,0.06600000
2018-02-24 23:15:03,0.03748100,0.07500000
2018-02-24 23:15:05,0.03758600,0.06600000
2018-02-24 23:15:06,0.03758500,0.17900000
2018-02-24 23:15:06,0.03758600,0.32100000
2018-02-24 23:15:07,0.03758600,0.08700000
2018-02-24 23:15:07,0.03746900,0.12400000
2018-02-24 23:15:08,0.03758500,0.06500000
2018-02-24 23:15:08,0.03758500,0.05900000
2018-02-24 23:15:08,0.03758600,0.02600000
2018-02-24 23:15:09,0.03758600,0.29200000
2018-02-24 23:15:09,0.03759300,0.06500000
2018-02-24 23:15:10,0.03759200,5.32700000
2018-02-24 23:15:11,0.03759300,0.06500000
2018-02-24 23:15:13,0.03758600,0.52600000
2018-02-24 23:15:13,0.03759300,0.10700000
2018-02-24 23:15:13,0.03759900,0.27300000
2018-02-24 23:15:14,0.03759900,0.06600000
2018-02-24 23:15:16,0.03759900,0.06600000
2018-02-24 23:15:16,0.03759900,0.10600000
2018-02-24 23:15:17,0.03759900,0.18600000
2018-02-24 23:15:17,0.03748900,1.00000000
2018-02-24 23:15:17,0.03748800,0.26600000
2018-02-24 23:15:17,0.03748400,0.07000000
2018-02-24 23:15:17,0.03746800,0.11400000
2018-02-24 23:15:17,0.03746800,1.72500000
2018-02-24 23:15:18,0.03759700,1.00000000
2018-02-24 23:15:18,0.03759800,0.26600000
2018-02-24 23:15:18,0.03759900,0.00600000
2018-02-24 23:15:18,0.03759900,0.06600000
2018-02-24 23:15:20,0.03759900,0.06600000
2018-02-24 23:15:22,0.03749400,1.00000000
2018-02-24 23:15:22,0.03749300,0.26600000
2018-02-24 23:15:22,0.03748700,0.08300000
2018-02-24 23:15:22,0.03748700,0.10000000
2018-02-24 23:15:23,0.03748700,0.29200000
2018-02-24 23:15:23,0.03748700,0.06600000
2018-02-24 23:15:23,0.03748700,0.05900000
2018-02-24 23:15:23,0.03748700,0.44500000
2018-02-24 23:15:23,0.03748700,0.18600000
2018-02-24 23:15:25,0.03759600,0.06600000
2018-02-24 23:15:27,0.03759400,0.06600000
2018-02-24 23:15:29,0.03759200,0.08700000
2018-02-24 23:15:29,0.03759200,0.30400000
2018-02-24 23:15:29,0.03759200,0.06600000
2018-02-24 23:15:29,0.03759200,0.06400000
2018-02-24 23:15:30,0.03759100,0.20600000
2018-02-24 23:15:30,0.03759100,0.03900000
2018-02-24 23:15:31,0.03759000,0.34600000
2018-02-24 23:15:31,0.03759000,0.00100000
2018-02-24 23:15:31,0.03759100,0.02100000
2018-02-24 23:15:31,0.03759600,0.04500000
2018-02-24 23:15:32,0.03758900,0.06500000
2018-02-24 23:15:33,0.03758900,0.07000000
2018-02-24 23:15:34,0.03749200,1.00000000
2018-02-24 23:15:34,0.03749100,0.26600000
2018-02-24 23:15:34,0.03748700,0.78300000
2018-02-24 23:15:34,0.03758900,0.06500000
2018-02-24 23:15:35,0.03758800,0.17400000
2018-02-24 23:15:35,0.03758700,0.06500000
2018-02-24 23:15:37,0.03758500,0.06500000
2018-02-24 23:15:38,0.03758000,0.22100000
2018-02-24 23:15:39,0.03757800,0.06600000
2018-02-24 23:15:40,0.03757700,0.82600000
2018-02-24 23:15:40,0.03757800,0.07000000
2018-02-24 23:15:40,0.03758000,1.14400000
2018-02-24 23:15:41,0.03748900,0.26600000
2018-02-24 23:15:41,0.03748800,1.00000000
2018-02-24 23:15:41,0.03748800,0.06500000
2018-02-24 23:15:41,0.03748800,15.99300000
2018-02-24 23:15:43,0.03757500,0.06500000
2018-02-24 23:15:45,0.03757200,0.06600000
2018-02-24 23:15:47,0.03757000,0.06600000
2018-02-24 23:15:48,0.03756900,0.11600000
2018-02-24 23:15:48,0.03756900,0.06400000
2018-02-24 23:15:49,0.03756800,0.06600000
2018-02-24 23:15:49,0.03756800,0.11400000
2018-02-24 23:15:49,0.03756800,0.12800000
2018-02-24 23:15:50,0.03756800,0.08000000
2018-02-24 23:15:51,0.03756800,0.01200000
2018-02-24 23:15:51,0.03756900,0.02100000
2018-02-24 23:15:51,0.03758000,0.03300000
2018-02-24 23:15:54,0.03756900,0.06600000
2018-02-24 23:15:56,0.03756900,0.06600000
2018-02-24 23:15:57,0.03756900,0.00700000
2018-02-24 23:15:58,0.03757000,0.06600000
2018-02-24 23:16:01,0.03757000,0.06600000
2018-02-24 23:16:02,0.03751000,0.27200000
2018-02-24 23:16:03,0.03757000,0.06600000
2018-02-24 23:16:03,0.03757000,0.18600000
2018-02-24 23:16:04,0.03757000,0.14100000
2018-02-24 23:16:04,0.03757000,0.06600000
2018-02-24 23:16:06,0.03756900,2.66600000
2018-02-24 23:16:06,0.03757000,2.87800000
2018-02-24 23:16:07,0.03757000,0.06600000
2018-02-24 23:16:08,0.03757000,1.00000000
2018-02-24 23:16:09,0.03757000,0.06600000
2018-02-24 23:16:10,0.03751000,1.31000000
2018-02-24 23:16:10,0.03749500,0.27000000
2018-02-24 23:16:11,0.03757000,0.06600000
2018-02-24 23:16:12,0.03757000,1.34200000
2018-02-24 23:16:13,0.03757000,0.06600000
2018-02-24 23:16:15,0.03757000,0.06600000
2018-02-24 23:16:17,0.03757000,0.09800000
2018-02-24 23:16:17,0.03757000,0.06600000
2018-02-24 23:16:19,0.03756900,0.06600000
2018-02-24 23:16:19,0.03749500,0.19100000
2018-02-24 23:16:20,0.03749400,0.26600000
2018-02-24 23:16:21,0.03756900,0.06600000
2018-02-24 23:16:21,0.03748700,2.27200000
2018-02-24 23:16:23,0.03756700,0.16200000
2018-02-24 23:16:23,0.03756500,0.06600000
2018-02-24 23:16:26,0.03756300,0.06600000
2018-02-24 23:16:27,0.03751400,0.12100000
2018-02-24 23:16:27,0.03756300,0.06600000
2018-02-24 23:16:30,0.03756000,0.06600000
2018-02-24 23:16:32,0.03755800,0.06600000
2018-02-24 23:16:32,0.03755800,0.20000000
2018-02-24 23:16:34,0.03756000,0.06600000
2018-02-24 23:16:34,0.03756000,0.05400000
2018-02-24 23:16:34,0.03756000,0.12800000
2018-02-24 23:16:36,0.03755000,0.06600000
2018-02-24 23:16:36,0.03750100,0.30000000
2018-02-24 23:16:38,0.03752000,0.12800000
2018-02-24 23:16:38,0.03752000,0.06400000
2018-02-24 23:16:38,0.03750000,0.19900000
2018-02-24 23:16:38,0.03752000,0.06600000
2018-02-24 23:16:38,0.03752000,0.14400000
2018-02-24 23:16:39,0.03752000,0.37600000
2018-02-24 23:16:40,0.03752000,2.28800000
2018-02-24 23:16:40,0.03752000,0.05300000
2018-02-24 23:16:40,0.03752000,0.62800000
2018-02-24 23:16:40,0.03752000,0.15300000
2018-02-24 23:16:40,0.03755000,0.01700000
2018-02-24 23:16:41,0.03755000,0.77000000
2018-02-24 23:16:41,0.03755000,0.13300000
2018-02-24 23:16:44,0.03750000,0.06400000
2018-02-24 23:16:44,0.03750000,0.08900000
2018-02-24 23:16:44,0.03750000,0.34700000
2018-02-24 23:16:44,0.03755000,0.03100000
2018-02-24 23:16:45,0.03755000,0.12800000
2018-02-24 23:16:45,0.03755000,0.06500000
2018-02-24 23:16:46,0.03755000,0.12800000
2018-02-24 23:16:46,0.03755000,0.17900000
2018-02-24 23:16:46,0.03755000,0.05700000
2018-02-24 23:16:46,0.03755000,0.76000000
2018-02-24 23:16:47,0.03755000,0.06400000
2018-02-24 23:16:49,0.03747200,0.26600000
2018-02-24 23:16:49,0.03747100,0.02100000
2018-02-24 23:16:51,0.03754900,0.12400000
2018-02-24 23:16:51,0.03754900,0.14200000
2018-02-24 23:16:51,0.03755000,0.04400000
2018-02-24 23:16:51,0.03755000,0.05600000
2018-02-24 23:16:51,0.03747100,0.04200000
2018-02-24 23:16:52,0.03754400,0.79800000
2018-02-24 23:16:55,0.03754300,0.05900000
2018-02-24 23:17:01,0.03754300,5.17800000
2018-02-24 23:17:01,0.03754400,0.78300000
2018-02-24 23:17:02,0.03754300,0.12600000
2018-02-24 23:17:07,0.03746800,0.26600000
2018-02-24 23:17:07,0.03746700,0.08600000
2018-02-24 23:17:07,0.03746600,0.08900000
2018-02-24 23:17:08,0.03754200,0.11600000
2018-02-24 23:17:13,0.03746600,0.53700000
2018-02-24 23:17:15,0.03753500,0.12900000
2018-02-24 23:17:15,0.03753600,2.75100000
2018-02-24 23:17:16,0.03747300,0.10900000
2018-02-24 23:17:16,0.03747300,1.64800000
2018-02-24 23:17:19,0.03746600,1.06000000
2018-02-24 23:17:19,0.03746600,0.53400000
2018-02-24 23:17:19,0.03746600,0.53500000
2018-02-24 23:17:19,0.03746600,0.44600000
2018-02-24 23:17:19,0.03746600,0.04100000
2018-02-24 23:17:19,0.03746600,0.50500000
2018-02-24 23:17:21,0.03746600,0.20900000
2018-02-24 23:17:21,0.03746600,0.20900000
2018-02-24 23:17:21,0.03746600,0.15200000
2018-02-24 23:17:21,0.03746500,0.20900000
2018-02-24 23:17:27,0.03750000,0.10400000
2018-02-24 23:17:27,0.03750000,0.06400000
2018-02-24 23:17:28,0.03746500,0.29700000
2018-02-24 23:17:28,0.03746500,0.15500000
2018-02-24 23:17:28,0.03746500,0.24500000
2018-02-24 23:17:28,0.03750000,0.06400000
2018-02-24 23:17:29,0.03750000,1.55700000
2018-02-24 23:17:29,0.03753600,2.49300000
2018-02-24 23:17:29,0.03746500,0.29700000
2018-02-24 23:17:30,0.03746500,0.05700000
2018-02-24 23:17:30,0.03750000,2.86900000
2018-02-24 23:17:33,0.03753600,0.06400000
2018-02-24 23:17:33,0.03746400,2.01600000
2018-02-24 23:17:34,0.03753500,0.50000000
2018-02-24 23:17:34,0.03753600,4.72300000
2018-02-24 23:17:34,0.03754000,0.86600000
2018-02-24 23:17:34,0.03754300,0.14100000
2018-02-24 23:17:34,0.03755000,0.44300000
2018-02-24 23:17:36,0.03754900,0.09600000
2018-02-24 23:17:36,0.03755000,2.11800000
2018-02-24 23:17:37,0.03755000,0.12300000
2018-02-24 23:17:37,0.03755000,0.13000000
2018-02-24 23:17:37,0.03746100,1.00000000
2018-02-24 23:17:39,0.03754900,0.14100000
2018-02-24 23:17:40,0.03754900,0.06400000
2018-02-24 23:17:40,0.03754900,0.18600000
2018-02-24 23:17:40,0.03746000,0.06400000
2018-02-24 23:17:40,0.03746000,0.20200000
2018-02-24 23:17:41,0.03754900,0.03900000
2018-02-24 23:17:41,0.03754900,0.25200000
2018-02-24 23:17:41,0.03754900,0.21400000
2018-02-24 23:17:41,0.03754900,0.10400000
2018-02-24 23:17:42,0.03755000,0.06400000
2018-02-24 23:17:42,0.03746600,0.44100000
2018-02-24 23:17:42,0.03746600,0.51200000
2018-02-24 23:17:42,0.03746600,0.01200000
2018-02-24 23:17:43,0.03754900,0.09600000
2018-02-24 23:17:44,0.03754900,0.06400000
2018-02-24 23:17:46,0.03754900,0.12800000
2018-02-24 23:17:48,0.03754900,0.06700000
2018-02-24 23:17:48,0.03754900,0.12800000
2018-02-24 23:17:49,0.03754900,0.06400000
2018-02-24 23:17:50,0.03754900,0.44800000
2018-02-24 23:17:54,0.03754900,0.06700000
2018-02-24 23:18:04,0.03754800,0.03000000
2018-02-24 23:18:07,0.03751000,0.31900000
2018-02-24 23:18:08,0.03754800,0.33800000
2018-02-24 23:18:08,0.03754900,4.86200000
2018-02-24 23:18:09,0.03747600,1.00000000
2018-02-24 23:18:09,0.03747500,3.00000000
2018-02-24 23:18:10,0.03754800,0.25800000
2018-02-24 23:18:10,0.03754800,0.53500000
2018-02-24 23:18:10,0.03747600,0.50000000
2018-02-24 23:18:20,0.03754800,0.05300000
2018-02-24 23:18:23,0.03754400,0.05900000
2018-02-24 23:18:29,0.03754400,0.18600000
2018-02-24 23:18:36,0.03754400,0.09500000
2018-02-24 23:18:37,0.03748100,0.26600000
2018-02-24 23:18:38,0.03748100,0.22700000
2018-02-24 23:18:39,0.03748100,0.18300000
2018-02-24 23:18:39,0.03747600,0.40500000
2018-02-24 23:18:39,0.03747500,0.86600000
2018-02-24 23:18:39,0.03747500,1.00000000
2018-02-24 23:18:39,0.03747500,1.00000000
2018-02-24 23:18:39,0.03747500,0.80500000
2018-02-24 23:18:39,0.03747300,0.19500000
2018-02-24 23:18:39,0.03747300,0.33700000
2018-02-24 23:18:39,0.03746000,1.33400000
2018-02-24 23:18:39,0.03745700,0.26600000
2018-02-24 23:18:39,0.03745600,0.48800000
2018-02-24 23:18:40,0.03748100,0.26600000
2018-02-24 23:18:42,0.03748100,2.75200000
2018-02-24 23:18:44,0.03745600,0.71300000
2018-02-24 23:18:44,0.03748100,3.79200000
2018-02-24 23:18:46,0.03745300,0.47900000
2018-02-24 23:18:49,0.03745200,0.29500000
2018-02-24 23:18:53,0.03743300,1.46800000
2018-02-24 23:18:54,0.03741200,0.30800000
2018-02-24 23:18:54,0.03740400,0.34600000
2018-02-24 23:18:54,0.03740300,1.03000000
2018-02-24 23:18:54,0.03740200,6.31500000
2018-02-24 23:18:54,0.03740100,15.89900000
2018-02-24 23:18:55,0.03741200,0.13300000
2018-02-24 23:18:57,0.03741200,0.12400000
2018-02-24 23:18:58,0.03741200,0.05100000
2018-02-24 23:18:58,0.03742200,0.07300000
2018-02-24 23:18:58,0.03740200,0.71000000
2018-02-24 23:18:58,0.03740100,0.10400000
2018-02-24 23:19:00,0.03740100,1.40900000
2018-02-24 23:19:00,0.03740100,0.12400000
2018-02-24 23:19:01,0.03740100,0.30600000
2018-02-24 23:19:01,0.03740100,0.93300000
2018-02-24 23:19:03,0.03740100,0.24600000
2018-02-24 23:19:03,0.03740100,0.06600000
2018-02-24 23:19:06,0.03740000,1.32100000
2018-02-24 23:19:06,0.03740000,0.15400000
2018-02-24 23:19:06,0.03740000,0.12000000
2018-02-24 23:19:06,0.03739900,0.04100000
2018-02-24 23:19:06,0.03739800,0.05300000
2018-02-24 23:19:06,0.03739300,0.23100000
2018-02-24 23:19:11,0.03740000,0.26700000
2018-02-24 23:19:14,0.03739300,0.71400000
2018-02-24 23:19:14,0.03739000,5.10300000
2018-02-24 23:19:14,0.03738200,0.13300000
2018-02-24 23:19:14,0.03738000,1.18600000
2018-02-24 23:19:14,0.03737700,1.01000000
2018-02-24 23:19:14,0.03737600,0.24300000
2018-02-24 23:19:14,0.03737200,1.31400000
2018-02-24 23:19:14,0.03736200,0.07900000
2018-02-24 23:19:14,0.03736100,2.16800000
2018-02-24 23:19:14,0.03735200,0.05300000
2018-02-24 23:19:14,0.03733500,0.05500000
2018-02-24 23:19:14,0.03733500,0.21300000
2018-02-24 23:19:14,0.03733400,0.26800000
2018-02-24 23:19:14,0.03732700,0.04200000
2018-02-24 23:19:15,0.03739300,0.07700000
2018-02-24 23:19:16,0.03739300,0.06500000
2018-02-24 23:19:16,0.03739400,0.12200000
2018-02-24 23:19:18,0.03733700,0.26700000
2018-02-24 23:19:22,0.03732800,0.58000000
2018-02-24 23:19:22,0.03732700,2.30300000
2018-02-24 23:19:22,0.03732700,3.12800000
2018-02-24 23:19:22,0.03731300,0.16600000
2018-02-24 23:19:22,0.03730000,0.89300000
2018-02-24 23:19:25,0.03736000,0.10000000
2018-02-24 23:19:25,0.03730000,0.43400000
2018-02-24 23:19:27,0.03736000,0.04400000
2018-02-24 23:19:28,0.03736000,0.84900000
2018-02-24 23:19:30,0.03736000,0.24400000
2018-02-24 23:19:30,0.03730000,0.03200000
2018-02-24 23:19:30,0.03729200,0.11500000
2018-02-24 23:19:30,0.03729200,0.04600000
2018-02-24 23:19:30,0.03736000,0.15800000
2018-02-24 23:19:31,0.03736000,0.15600000
2018-02-24 23:19:32,0.03735900,0.26600000
2018-02-24 23:19:33,0.03730000,2.48800000
2018-02-24 23:19:36,0.03736000,1.06000000
2018-02-24 23:19:37,0.03730000,2.01200000
2018-02-24 23:19:39,0.03730000,1.00000000
2018-02-24 23:19:40,0.03728300,0.34300000
2018-02-24 23:19:41,0.03730000,1.11800000
2018-02-24 23:19:43,0.03730000,0.08800000
2018-02-24 23:19:43,0.03730000,2.69500000
2018-02-24 23:19:43,0.03728300,0.20700000
2018-02-24 23:19:44,0.03736000,0.18400000
2018-02-24 23:19:45,0.03730000,0.03800000
2018-02-24 23:19:45,0.03730000,0.05700000
2018-02-24 23:19:45,0.03730000,0.30400000
2018-02-24 23:19:45,0.03730000,0.04000000
2018-02-24 23:19:46,0.03730000,0.11600000
2018-02-24 23:19:46,0.03730000,0.10200000
2018-02-24 23:19:46,0.03730000,0.05500000
2018-02-24 23:19:46,0.03730000,0.12600000
2018-02-24 23:19:46,0.03730000,0.05700000
2018-02-24 23:19:47,0.03730000,0.41100000
2018-02-24 23:19:47,0.03730000,0.10500000
2018-02-24 23:19:47,0.03730000,0.12600000
2018-02-24 23:19:47,0.03730000,0.04000000
2018-02-24 23:19:47,0.03730000,0.25500000
2018-02-24 23:19:47,0.03730000,0.09900000
2018-02-24 23:19:48,0.03729900,0.10900000
2018-02-24 23:19:48,0.03730000,5.65100000
2018-02-24 23:19:48,0.03730000,0.11000000
2018-02-24 23:19:48,0.03730000,0.06600000
2018-02-24 23:19:48,0.03730000,24.86700000
2018-02-24 23:19:50,0.03730000,0.18400000
2018-02-24 23:19:50,0.03730000,0.24600000
2018-02-24 23:19:50,0.03730000,0.25400000
2018-02-24 23:19:50,0.03729500,0.72900000
2018-02-24 23:19:50,0.03728400,0.26800000
2018-02-24 23:19:50,0.03728300,1.26600000
2018-02-24 23:19:50,0.03727400,0.23000000
2018-02-24 23:19:50,0.03726400,0.40300000
2018-02-24 23:19:50,0.03725900,0.04300000
2018-02-24 23:19:51,0.03730000,0.77100000
2018-02-24 23:19:51,0.03730000,12.64000000
2018-02-24 23:19:51,0.03730000,18.45400000
2018-02-24 23:19:51,0.03730000,5.73400000
2018-02-24 23:19:52,0.03729500,0.30400000
2018-02-24 23:19:52,0.03728300,12.80600000
2018-02-24 23:19:52,0.03728300,2.00500000
2018-02-24 23:19:52,0.03730000,2.55900000
2018-02-24 23:19:52,0.03730000,0.94500000
2018-02-24 23:19:53,0.03725900,2.50000000
2018-02-24 23:19:53,0.03725000,2.50000000
2018-02-24 23:19:53,0.03728400,0.69300000
2018-02-24 23:19:53,0.03729900,0.19900000
2018-02-24 23:19:53,0.03736000,0.10000000
2018-02-24 23:19:54,0.03736000,0.12800000
2018-02-24 23:19:54,0.03736000,0.03100000
2018-02-24 23:19:54,0.03735900,0.15400000
2018-02-24 23:19:54,0.03735900,0.11400000
2018-02-24 23:19:54,0.03736000,0.01800000
2018-02-24 23:19:54,0.03736000,0.06000000
2018-02-24 23:19:54,0.03736000,0.11800000
2018-02-24 23:19:55,0.03735000,0.09000000
2018-02-24 23:19:55,0.03735000,0.06400000
2018-02-24 23:19:56,0.03735000,0.28000000
2018-02-24 23:19:56,0.03735000,0.13800000
2018-02-24 23:19:56,0.03726300,0.26800000
2018-02-24 23:19:56,0.03726200,0.06200000
2018-02-24 23:19:56,0.03726100,1.25200000
2018-02-24 23:19:56,0.03735000,0.06400000
2018-02-24 23:19:56,0.03735000,0.47800000
2018-02-24 23:19:56,0.03735000,1.37500000
2018-02-24 23:19:57,0.03739300,0.06100000
2018-02-24 23:19:57,0.03739300,0.31400000
2018-02-24 23:19:57,0.03739200,0.08800000
2018-02-24 23:19:58,0.03730000,0.05900000
2018-02-24 23:19:58,0.03739100,0.03400000
2018-02-24 23:19:58,0.03739200,0.16100000
2018-02-24 23:19:58,0.03736000,0.47200000
2018-02-24 23:19:58,0.03736000,0.10600000
2018-02-24 23:19:58,0.03736000,0.07700000
2018-02-24 23:19:58,0.03736000,0.06200000
2018-02-24 23:19:59,0.03736000,0.12800000
2018-02-24 23:19:59,0.03736000,0.12900000
2018-02-24 23:19:59,0.03736000,0.07600000
2018-02-24 23:19:59,0.03736000,0.18200000
2018-02-24 23:19:59,0.03736000,0.04100000
2018-02-24 23:19:59,0.03736000,0.05300000
2018-02-24 23:19:59,0.03736000,0.07900000
2018-02-24 23:19:59,0.03736000,0.06400000
2018-02-24 23:20:00,0.03736000,0.11400000
2018-02-24 23:20:00,0.03736000,0.24100000
2018-02-24 23:20:00,0.03736000,0.35800000
2018-02-24 23:20:00,0.03736000,0.06400000
2018-02-24 23:20:00,0.03736000,0.78200000
2018-02-24 23:20:00,0.03736000,0.05600000
2018-02-24 23:20:00,0.03736000,2.62800000
2018-02-24 23:20:01,0.03736000,0.25600000
2018-02-24 23:20:01,0.03736000,0.07800000
2018-02-24 23:20:01,0.03736000,0.35800000
2018-02-24 23:20:01,0.03736000,0.12800000
2018-02-24 23:20:01,0.03736000,0.21000000
2018-02-24 23:20:01,0.03736000,0.31800000
2018-02-24 23:20:01,0.03736000,1.35900000
2018-02-24 23:20:01,0.03727500,0.11800000
2018-02-24 23:20:02,0.03736000,0.06400000
2018-02-24 23:20:02,0.03736000,0.92400000
2018-02-24 23:20:02,0.03736000,0.09000000
2018-02-24 23:20:02,0.03736000,1.81300000
2018-02-24 23:20:03,0.03735900,0.13700000
2018-02-24 23:20:03,0.03736000,0.11700000
2018-02-24 23:20:03,0.03736000,0.07600000
2018-02-24 23:20:03,0.03736000,0.08300000
2018-02-24 23:20:03,0.03736000,0.05300000
2018-02-24 23:20:03,0.03736000,0.18700000
2018-02-24 23:20:03,0.03736000,0.06400000
2018-02-24 23:20:03,0.03736000,0.76800000
2018-02-24 23:20:03,0.03736000,0.18200000
2018-02-24 23:20:03,0.03736000,0.03100000
2018-02-24 23:20:03,0.03736000,0.27200000
2018-02-24 23:20:03,0.03736000,0.25900000
2018-02-24 23:20:03,0.03736000,0.20400000
2018-02-24 23:20:04,0.03736000,0.03800000
2018-02-24 23:20:04,0.03736000,0.16800000
2018-02-24 23:20:04,0.03736000,0.12800000
2018-02-24 23:20:04,0.03736000,0.59100000
2018-02-24 23:20:04,0.03736000,1.01600000
2018-02-24 23:20:04,0.03730000,0.18400000
2018-02-24 23:20:05,0.03730000,0.06000000
2018-02-24 23:20:05,0.03730000,0.19700000
2018-02-24 23:20:05,0.03730000,0.50000000
2018-02-24 23:20:06,0.03730000,0.19000000
2018-02-24 23:20:06,0.03730000,0.05600000
2018-02-24 23:20:07,0.03730000,0.06400000
2018-02-24 23:20:07,0.03730000,0.03900000
2018-02-24 23:20:08,0.03730000,0.20900000
2018-02-24 23:20:09,0.03730000,0.10200000
2018-02-24 23:20:11,0.03730000,0.17100000
2018-02-24 23:20:12,0.03730000,0.20800000
2018-02-24 23:20:13,0.03729200,0.18300000
2018-02-24 23:20:16,0.03729200,0.18300000
2018-02-24 23:20:16,0.03730000,0.15000000
2018-02-24 23:20:16,0.03729200,0.19100000
2018-02-24 23:20:18,0.03729200,0.18300000
2018-02-24 23:20:22,0.03730000,0.25600000
2018-02-24 23:20:23,0.03730000,0.16100000
2018-02-24 23:20:26,0.03730000,0.11800000
2018-02-24 23:20:28,0.03730000,0.05900000
2018-02-24 23:20:28,0.03730000,0.16500000
2018-02-24 23:20:35,0.03729200,0.56500000
2018-02-24 23:20:35,0.03728400,0.50000000
2018-02-24 23:20:35,0.03727700,0.13000000
2018-02-24 23:20:35,0.03725100,6.17800000
2018-02-24 23:20:37,0.03725100,3.11400000
2018-02-24 23:20:37,0.03725000,11.28600000
2018-02-24 23:20:42,0.03725000,0.08800000
2018-02-24 23:20:43,0.03725100,0.29700000
2018-02-24 23:20:44,0.03725000,2.62200000
2018-02-24 23:20:45,0.03725100,0.06500000
2018-02-24 23:20:47,0.03725100,0.13400000
2018-02-24 23:20:47,0.03725100,0.10800000
2018-02-24 23:20:49,0.03725100,0.18800000
2018-02-24 23:20:49,0.03725100,0.09100000
2018-02-24 23:20:51,0.03725100,0.29700000
2018-02-24 23:20:51,0.03725000,0.54400000
2018-02-24 23:20:53,0.03725100,0.60200000
2018-02-24 23:20:55,0.03729900,0.35500000
2018-02-24 23:20:56,0.03729900,0.27200000
2018-02-24 23:20:56,0.03729900,0.24600000
2018-02-24 23:20:57,0.03725100,2.05800000
2018-02-24 23:20:57,0.03725000,0.15300000
2018-02-24 23:20:57,0.03729900,0.12400000
2018-02-24 23:20:58,0.03729900,0.12600000
2018-02-24 23:20:59,0.03729900,0.19800000
2018-02-24 23:20:59,0.03729900,0.06700000
2018-02-24 23:20:59,0.03729900,0.06700000
2018-02-24 23:20:59,0.03729900,0.25600000
2018-02-24 23:21:00,0.03729900,0.12400000
2018-02-24 23:21:00,0.03729900,0.06500000
2018-02-24 23:21:00,0.03729900,0.12400000
2018-02-24 23:21:00,0.03725000,0.06100000
2018-02-24 23:21:00,0.03729900,0.37400000
2018-02-24 23:21:01,0.03729900,0.06400000
2018-02-24 23:21:01,0.03729900,0.09000000
2018-02-24 23:21:01,0.03729900,0.25600000
2018-02-24 23:21:01,0.03729900,0.12100000
2018-02-24 23:21:01,0.03729900,1.25500000
2018-02-24 23:21:03,0.03729900,0.11900000
2018-02-24 23:21:03,0.03729900,0.09000000
2018-02-24 23:21:03,0.03725100,0.06200000
2018-02-24 23:21:03,0.03725100,0.76500000
2018-02-24 23:21:03,0.03725100,0.76500000
2018-02-24 23:21:03,0.03725100,0.12600000
2018-02-24 23:21:04,0.03725100,0.05700000
2018-02-24 23:21:04,0.03725100,0.52600000
2018-02-24 23:21:05,0.03729800,0.18800000
2018-02-24 23:21:06,0.03729800,0.50800000
2018-02-24 23:21:07,0.03729800,1.31600000
2018-02-24 23:21:08,0.03725000,13.13900000
2018-02-24 23:21:08,0.03729800,0.03300000
2018-02-24 23:21:08,0.03725000,5.33000000
2018-02-24 23:21:12,0.03729800,0.23600000
2018-02-24 23:21:12,0.03729800,0.04400000
2018-02-24 23:21:15,0.03729700,0.04400000
2018-02-24 23:21:15,0.03729800,0.08000000
2018-02-24 23:21:15,0.03725000,1.24000000
2018-02-24 23:21:16,0.03729800,0.42500000
2018-02-24 23:21:19,0.03729800,0.12100000
2018-02-24 23:21:19,0.03725100,1.50000000
2018-02-24 23:21:21,0.03729700,0.11900000
2018-02-24 23:21:21,0.03729800,0.17900000
2018-02-24 23:21:21,0.03729800,0.46200000
2018-02-24 23:21:22,0.03725200,0.08100000
2018-02-24 23:21:26,0.03729800,0.05400000
2018-02-24 23:21:28,0.03729800,0.06700000
2018-02-24 23:21:31,0.03729800,0.42500000
2018-02-24 23:21:37,0.03729500,0.06700000
2018-02-24 23:21:39,0.03725200,4.33200000
2018-02-24 23:21:39,0.03725100,0.11100000
2018-02-24 23:21:39,0.03725000,10.82000000
2018-02-24 23:21:42,0.03729500,0.30600000
2018-02-24 23:21:42,0.03729500,0.10700000
2018-02-24 23:21:42,0.03729500,0.05300000
2018-02-24 23:21:44,0.03729500,0.03200000
2018-02-24 23:21:47,0.03729500,0.42500000
2018-02-24 23:21:50,0.03725000,0.32700000
2018-02-24 23:21:50,0.03725000,0.21200000
2018-02-24 23:21:53,0.03724900,0.10000000
2018-02-24 23:21:53,0.03721500,0.40700000
2018-02-24 23:21:53,0.03724900,0.22700000
2018-02-24 23:21:53,0.03725000,0.07600000
2018-02-24 23:21:53,0.03729400,0.12200000
2018-02-24 23:21:54,0.03729400,0.16000000
2018-02-24 23:21:57,0.03729400,0.04600000
2018-02-24 23:22:00,0.03721600,0.07600000
2018-02-24 23:22:01,0.03729400,0.06700000
2018-02-24 23:22:03,0.03723500,1.61100000
2018-02-24 23:22:03,0.03721900,0.13400000
2018-02-24 23:22:03,0.03721600,0.02400000
2018-02-24 23:22:03,0.03721600,0.22800000
2018-02-24 23:22:03,0.03721600,0.26200000
2018-02-24 23:22:06,0.03721600,0.16900000
2018-02-24 23:22:06,0.03721600,0.08100000
2018-02-24 23:22:09,0.03721600,0.06200000
2018-02-24 23:22:09,0.03721600,0.06700000
2018-02-24 23:22:09,0.03721600,5.50400000
2018-02-24 23:22:09,0.03721600,0.42500000
2018-02-24 23:22:10,0.03721600,3.42600000
2018-02-24 23:22:11,0.03721600,0.18800000
2018-02-24 23:22:11,0.03721600,0.36500000
2018-02-24 23:22:12,0.03725000,0.18300000
2018-02-24 23:22:12,0.03721600,0.99200000
2018-02-24 23:22:15,0.03729300,0.13800000
2018-02-24 23:22:15,0.03721600,0.24400000
2018-02-24 23:22:16,0.03729300,0.03200000
2018-02-24 23:22:16,0.03729300,0.05600000
2018-02-24 23:22:16,0.03729300,0.00800000
2018-02-24 23:22:16,0.03729400,0.10100000
2018-02-24 23:22:16,0.03721700,0.04200000
2018-02-24 23:22:16,0.03721600,4.95800000
2018-02-24 23:22:18,0.03729300,0.04200000
2018-02-24 23:22:18,0.03729400,0.00400000
2018-02-24 23:22:19,0.03729400,0.13400000
2018-02-24 23:22:19,0.03729400,0.03800000
2018-02-24 23:22:19,0.03729400,0.12700000
2018-02-24 23:22:21,0.03729300,0.15100000
2018-02-24 23:22:22,0.03729300,0.11400000
2018-02-24 23:22:22,0.03729300,0.03300000
2018-02-24 23:22:22,0.03729400,0.62400000
2018-02-24 23:22:23,0.03721800,0.04200000
2018-02-24 23:22:23,0.03721700,0.20600000
2018-02-24 23:22:25,0.03729400,0.24800000
2018-02-24 23:22:25,0.03729500,10.52000000
2018-02-24 23:22:25,0.03729800,5.16300000
2018-02-24 23:22:25,0.03721700,0.02000000
2018-02-24 23:22:25,0.03721600,0.23300000
2018-02-24 23:22:27,0.03721700,0.24800000
2018-02-24 23:22:27,0.03721600,0.77300000
2018-02-24 23:22:27,0.03729400,0.13400000
2018-02-24 23:22:29,0.03729300,0.21400000
2018-02-24 23:22:29,0.03729300,0.05400000
2018-02-24 23:22:29,0.03729400,0.06000000
2018-02-24 23:22:29,0.03729400,0.25800000
2018-02-24 23:22:29,0.03729400,0.07900000
2018-02-24 23:22:30,0.03729400,0.25700000
2018-02-24 23:22:31,0.03729400,0.12600000
2018-02-24 23:22:31,0.03729400,0.23000000
2018-02-24 23:22:32,0.03729400,0.23400000
2018-02-24 23:22:35,0.03729400,0.06600000
2018-02-24 23:22:35,0.03729400,0.13300000
2018-02-24 23:22:36,0.03729400,0.06400000
2018-02-24 23:22:37,0.03729400,0.06600000
2018-02-24 23:22:39,0.03729400,0.06600000
2018-02-24 23:22:41,0.03729400,0.06600000
2018-02-24 23:22:43,0.03729400,0.06600000
2018-02-24 23:22:44,0.03721900,0.11200000
2018-02-24 23:22:45,0.03729400,0.06600000
2018-02-24 23:22:47,0.03729400,0.06600000
2018-02-24 23:22:49,0.03729400,0.07800000
2018-02-24 23:22:49,0.03729400,0.09800000
2018-02-24 23:22:49,0.03729500,0.11200000
2018-02-24 23:22:49,0.03729800,0.01800000
2018-02-24 23:22:49,0.03729800,0.06600000
2018-02-24 23:22:49,0.03722200,0.16100000
2018-02-24 23:22:51,0.03729700,0.06600000
2018-02-24 23:22:53,0.03729700,0.06600000
2018-02-24 23:22:56,0.03729400,0.29600000
2018-02-24 23:22:56,0.03729400,0.06600000
2018-02-24 23:22:56,0.03729400,0.06000000
2018-02-24 23:22:58,0.03729400,0.13400000
2018-02-24 23:22:58,0.03729400,0.75200000
2018-02-24 23:22:58,0.03729400,0.06600000
2018-02-24 23:23:00,0.03729400,0.06600000
2018-02-24 23:23:01,0.03722200,2.31700000
2018-02-24 23:23:02,0.03729400,0.06600000
2018-02-24 23:23:03,0.03729400,0.06600000
2018-02-24 23:23:05,0.03729400,0.06600000
2018-02-24 23:23:06,0.03729400,0.06700000
2018-02-24 23:23:07,0.03729400,0.06600000
2018-02-24 23:23:08,0.03722500,0.26800000
2018-02-24 23:23:08,0.03722500,0.80400000
2018-02-24 23:23:08,0.03722500,0.82200000
2018-02-24 23:23:09,0.03729400,0.06600000
2018-02-24 23:23:10,0.03729400,0.53800000
2018-02-24 23:23:11,0.03729400,0.10900000
2018-02-24 23:23:11,0.03729400,0.06600000
2018-02-24 23:23:13,0.03729400,0.06600000
2018-02-24 23:23:13,0.03722300,0.58000000
2018-02-24 23:23:13,0.03722200,1.47700000
2018-02-24 23:23:15,0.03729400,0.06600000
2018-02-24 23:23:17,0.03729400,0.06600000
2018-02-24 23:23:19,0.03729400,0.06600000
2018-02-24 23:23:22,0.03729400,0.06600000
2018-02-24 23:23:24,0.03729400,0.06600000
2018-02-24 23:23:25,0.03729400,0.03200000
2018-02-24 23:23:25,0.03729400,0.05300000
2018-02-24 23:23:26,0.03729400,0.06600000
2018-02-24 23:23:27,0.03728900,1.12900000
2018-02-24 23:23:28,0.03729400,0.06600000
2018-02-24 23:23:29,0.03722200,2.68600000
2018-02-24 23:23:29,0.03721900,2.94800000
2018-02-24 23:23:29,0.03721800,2.19900000
2018-02-24 23:23:29,0.03729400,0.16100000
2018-02-24 23:23:29,0.03729400,0.09200000
2018-02-24 23:23:31,0.03729300,0.06600000
2018-02-24 23:23:31,0.03729300,0.17300000
2018-02-24 23:23:31,0.03729400,0.09500000
2018-02-24 23:23:33,0.03729400,0.06600000
2018-02-24 23:23:35,0.03722200,0.31300000
2018-02-24 23:23:35,0.03722200,0.06600000
2018-02-24 23:23:37,0.03722200,0.42500000
2018-02-24 23:23:39,0.03722200,0.19600000
2018-02-24 23:23:39,0.03729400,0.07200000
2018-02-24 23:23:50,0.03721900,0.26800000
2018-02-24 23:23:50,0.03721800,1.63000000
2018-02-24 23:23:53,0.03729300,0.26800000
2018-02-24 23:23:53,0.03729400,0.15700000
2018-02-24 23:23:54,0.03729400,0.54300000
2018-02-24 23:23:54,0.03729400,0.15700000
2018-02-24 23:23:54,0.03721900,0.26800000
2018-02-24 23:23:54,0.03721800,1.54400000
2018-02-24 23:23:55,0.03721800,0.04200000
2018-02-24 23:23:55,0.03721800,3.16100000
2018-02-24 23:23:56,0.03729700,0.06600000
2018-02-24 23:23:57,0.03729700,0.13000000
2018-02-24 23:23:58,0.03729700,0.06600000
2018-02-24 23:24:00,0.03729400,0.06600000
2018-02-24 23:24:00,0.03721900,0.25600000
2018-02-24 23:24:00,0.03721800,0.04200000
2018-02-24 23:24:00,0.03721700,1.50000000
2018-02-24 23:24:00,0.03721600,0.69400000
2018-02-24 23:24:01,0.03729300,0.26200000
2018-02-24 23:24:01,0.03729400,0.54200000
2018-02-24 23:24:02,0.03729300,0.06600000
2018-02-24 23:24:04,0.03721900,0.06600000
2018-02-24 23:24:04,0.03721900,0.08800000
2018-02-24 23:24:05,0.03721900,0.01800000
2018-02-24 23:24:06,0.03729400,0.06600000
2018-02-24 23:24:07,0.03721900,0.08800000
2018-02-24 23:24:07,0.03721700,0.05400000
2018-02-24 23:24:08,0.03729300,0.05400000
2018-02-24 23:24:08,0.03729400,0.01200000
2018-02-24 23:24:10,0.03729400,0.06600000
2018-02-24 23:24:12,0.03729300,0.06600000
2018-02-24 23:24:14,0.03729300,0.06600000
2018-02-24 23:24:16,0.03729400,0.06600000
2018-02-24 23:24:17,0.03729400,0.06600000
2018-02-24 23:24:18,0.03721800,0.05400000
2018-02-24 23:24:18,0.03721700,0.21400000
2018-02-24 23:24:18,0.03721600,2.31700000
2018-02-24 23:24:18,0.03721500,0.41200000
2018-02-24 23:24:19,0.03729300,0.06600000
2018-02-24 23:24:22,0.03729200,0.06600000
2018-02-24 23:24:23,0.03721900,0.31000000
2018-02-24 23:24:23,0.03721500,0.27800000
2018-02-24 23:24:24,0.03729200,0.06600000
2018-02-24 23:24:25,0.03725300,0.10000000
2018-02-24 23:24:26,0.03729100,0.13600000
2018-02-24 23:24:26,0.03729200,0.06600000
2018-02-24 23:24:29,0.03729200,0.06600000
2018-02-24 23:24:31,0.03729100,0.06600000
2018-02-24 23:24:33,0.03729100,0.06600000
2018-02-24 23:24:35,0.03729200,0.06600000
2018-02-24 23:24:37,0.03729200,0.06600000
2018-02-24 23:24:39,0.03729200,0.06600000
2018-02-24 23:24:41,0.03729100,0.06600000
2018-02-24 23:24:43,0.03729100,0.06600000
2018-02-24 23:24:43,0.03721900,0.49800000
2018-02-24 23:24:45,0.03729200,0.16800000
2018-02-24 23:24:45,0.03729200,0.86800000
2018-02-24 23:24:45,0.03729200,0.34500000
2018-02-24 23:24:45,0.03729200,0.10100000
2018-02-24 23:24:45,0.03729200,0.80400000
2018-02-24 23:24:45,0.03729200,0.25500000
2018-02-24 23:24:45,0.03729200,0.80300000
2018-02-24 23:24:45,0.03729200,0.80400000
2018-02-24 23:24:45,0.03729200,0.43300000
2018-02-24 23:24:46,0.03729800,0.06600000
2018-02-24 23:24:46,0.03729200,0.04300000
2018-02-24 23:24:47,0.03729800,0.06600000
2018-02-24 23:24:48,0.03729800,1.41000000
2018-02-24 23:24:49,0.03729800,0.06600000
2018-02-24 23:24:51,0.03729200,0.19500000
2018-02-24 23:24:51,0.03729800,0.06600000
2018-02-24 23:24:53,0.03729800,0.40200000
2018-02-24 23:24:53,0.03729800,0.06600000
2018-02-24 23:24:55,0.03729200,0.80400000
2018-02-24 23:24:56,0.03729800,0.06600000
2018-02-24 23:24:58,0.03729800,5.12100000
2018-02-24 23:24:58,0.03730000,0.60200000
2018-02-24 23:24:58,0.03732000,0.06600000
2018-02-24 23:24:59,0.03732000,0.06600000
2018-02-24 23:24:59,0.03730000,0.49900000
2018-02-24 23:25:00,0.03732000,0.05800000
2018-02-24 23:25:00,0.03732000,1.00000000
2018-02-24 23:25:01,0.03732000,0.20000000
2018-02-24 23:25:02,0.03732000,0.06600000
2018-02-24 23:25:02,0.03732000,0.11400000
2018-02-24 23:25:03,0.03732000,0.29600000
2018-02-24 23:25:03,0.03732000,0.20600000
2018-02-24 23:25:03,0.03732000,0.12800000
2018-02-24 23:25:04,0.03732000,0.06600000
2018-02-24 23:25:04,0.03732000,1.52600000
2018-02-24 23:25:04,0.03732000,1.91000000
2018-02-24 23:25:04,0.03732000,0.16100000
2018-02-24 23:25:05,0.03732000,0.04700000
2018-02-24 23:25:05,0.03732000,0.06700000
2018-02-24 23:25:05,0.03732000,0.06600000
2018-02-24 23:25:06,0.03732000,0.14400000
2018-02-24 23:25:06,0.03732000,0.03400000
2018-02-24 23:25:06,0.03732000,0.12800000
2018-02-24 23:25:07,0.03731900,0.06700000
2018-02-24 23:25:07,0.03731900,0.03900000
2018-02-24 23:25:07,0.03732000,0.02800000
2018-02-24 23:25:07,0.03732000,0.08000000
2018-02-24 23:25:07,0.03732000,0.06600000
2018-02-24 23:25:07,0.03732000,0.03500000
2018-02-24 23:25:09,0.03732000,0.17400000
2018-02-24 23:25:09,0.03732000,0.06600000
2018-02-24 23:25:11,0.03732000,0.06700000
2018-02-24 23:25:12,0.03732000,0.06600000
2018-02-24 23:25:14,0.03732000,0.06600000
2018-02-24 23:25:15,0.03732000,0.40200000
2018-02-24 23:25:15,0.03732000,0.06600000
2018-02-24 23:25:16,0.03732000,0.06600000
2018-02-24 23:25:17,0.03732000,0.92000000
2018-02-24 23:25:18,0.03740000,0.05700000
2018-02-24 23:25:18,0.03740000,0.05200000
2018-02-24 23:25:19,0.03740000,0.10900000
2018-02-24 23:25:19,0.03740000,0.06500000
2018-02-24 23:25:19,0.03740000,1.01700000
2018-02-24 23:25:20,0.03740000,0.07700000
2018-02-24 23:25:20,0.03740000,0.15300000
2018-02-24 23:25:20,0.03740000,0.10200000
2018-02-24 23:25:21,0.03740000,0.50600000
2018-02-24 23:25:21,0.03740000,0.10300000
2018-02-24 23:25:21,0.03740000,0.11800000
2018-02-24 23:25:21,0.03740000,0.07600000
2018-02-24 23:25:21,0.03740000,0.08000000
2018-02-24 23:25:21,0.03740000,0.13400000
2018-02-24 23:25:22,0.03740000,0.08000000
2018-02-24 23:25:22,0.03740000,0.02700000
2018-02-24 23:25:22,0.03740000,0.06000000
2018-02-24 23:25:22,0.03740000,0.03700000
2018-02-24 23:25:23,0.03740000,0.06700000
2018-02-24 23:25:23,0.03740000,0.12600000
2018-02-24 23:25:23,0.03740000,0.19000000
2018-02-24 23:25:23,0.03740000,0.02200000
2018-02-24 23:25:25,0.03740000,0.64400000
2018-02-24 23:25:29,0.03740100,0.13000000
2018-02-24 23:25:32,0.03743700,0.06700000
2018-02-24 23:25:34,0.03743700,0.08000000
2018-02-24 23:25:35,0.03743700,0.04100000
2018-02-24 23:25:39,0.03745200,1.05200000
2018-02-24 23:25:39,0.03745200,1.01500000
2018-02-24 23:25:40,0.03745200,0.15000000
2018-02-24 23:25:40,0.03745200,0.10300000
2018-02-24 23:25:48,0.03745200,0.06700000
2018-02-24 23:25:48,0.03745200,0.98100000
2018-02-24 23:25:52,0.03747800,0.05800000
2018-02-24 23:25:56,0.03747800,0.07100000
2018-02-24 23:25:57,0.03747800,1.07300000
2018-02-24 23:25:59,0.03754600,0.13300000
2018-02-24 23:26:00,0.03745300,0.26200000
2018-02-24 23:26:00,0.03745200,3.23300000
2018-02-24 23:26:00,0.03740100,3.65000000
2018-02-24 23:26:00,0.03740000,25.10800000
2018-02-24 23:26:01,0.03747700,0.08000000
2018-02-24 23:26:02,0.03740000,24.64800000
2018-02-24 23:26:03,0.03747700,0.18600000
2018-02-24 23:26:03,0.03747800,0.08000000
2018-02-24 23:26:04,0.03740000,0.03400000
2018-02-24 23:26:04,0.03747800,0.01900000
2018-02-24 23:26:04,0.03747800,1.09200000
2018-02-24 23:26:05,0.03747800,0.68900000
2018-02-24 23:26:05,0.03740000,0.03200000
2018-02-24 23:26:06,0.03740000,0.11200000
2018-02-24 23:26:09,0.03730500,0.26800000
2018-02-24 23:26:09,0.03730400,0.05500000
2018-02-24 23:26:09,0.03730200,0.06100000
2018-02-24 23:26:09,0.03730100,0.54400000
2018-02-24 23:26:09,0.03730000,3.07200000
2018-02-24 23:26:09,0.03740000,0.03400000
2018-02-24 23:26:11,0.03739900,0.26800000
2018-02-24 23:26:11,0.03740000,1.96200000
2018-02-24 23:26:13,0.03730200,0.37600000
2018-02-24 23:26:13,0.03730000,19.10600000
2018-02-24 23:26:25,0.03740000,0.07700000
2018-02-24 23:26:25,0.03739900,0.06700000
2018-02-24 23:26:26,0.03730600,0.13200000
2018-02-24 23:26:29,0.03739900,0.08000000
2018-02-24 23:26:33,0.03739900,0.02700000
2018-02-24 23:26:36,0.03739800,0.05500000
2018-02-24 23:26:36,0.03739900,0.06100000
2018-02-24 23:26:37,0.03743300,0.26700000
2018-02-24 23:26:40,0.03743500,0.03200000
2018-02-24 23:26:44,0.03743500,0.06200000
2018-02-24 23:26:48,0.03743600,0.06700000
2018-02-24 23:26:52,0.03743600,0.03500000
2018-02-24 23:27:05,0.03743600,0.05300000
2018-02-24 23:27:06,0.03743600,0.50000000
2018-02-24 23:27:10,0.03743600,0.05300000
2018-02-24 23:27:14,0.03734100,0.26700000
2018-02-24 23:27:14,0.03734000,0.31300000
2018-02-24 23:27:14,0.03732100,0.07700000
2018-02-24 23:27:14,0.03732000,0.37300000
2018-02-24 23:27:14,0.03731800,0.36800000
2018-02-24 23:27:19,0.03731200,0.04700000
2018-02-24 23:27:25,0.03731200,0.09200000
2018-02-24 23:27:25,0.03730600,0.24000000
2018-02-24 23:27:28,0.03731200,0.50000000
2018-02-24 23:27:31,0.03731200,15.93700000
2018-02-24 23:27:35,0.03731200,0.25100000
2018-02-24 23:27:40,0.03742800,0.05900000
2018-02-24 23:27:47,0.03731200,4.06600000
2018-02-24 23:27:48,0.03742800,0.06700000
2018-02-24 23:27:49,0.03742800,0.02800000
2018-02-24 23:27:49,0.03742800,0.11300000
2018-02-24 23:27:50,0.03742900,0.02800000
2018-02-24 23:27:55,0.03742900,0.13300000
2018-02-24 23:27:58,0.03742800,0.05300000
2018-02-24 23:28:05,0.03742800,0.33700000
2018-02-24 23:28:08,0.03742800,0.09900000
2018-02-24 23:28:10,0.03742700,0.50000000
2018-02-24 23:28:10,0.03742800,0.03700000
2018-02-24 23:28:13,0.03742800,1.46900000
2018-02-24 23:28:13,0.03742900,3.97600000
2018-02-24 23:28:14,0.03743600,0.50000000
2018-02-24 23:28:17,0.03743600,2.76000000
2018-02-24 23:28:17,0.03748800,0.13000000
2018-02-24 23:28:17,0.03753600,0.38000000
2018-02-24 23:28:17,0.03754600,0.26700000
2018-02-24 23:28:17,0.03755000,0.08200000
2018-02-24 23:28:17,0.03756900,8.38100000
2018-02-24 23:28:19,0.03756900,0.54000000
2018-02-24 23:28:21,0.03756900,0.04500000
2018-02-24 23:28:22,0.03756900,1.46400000
2018-02-24 23:28:24,0.03756800,0.06700000
2018-02-24 23:28:25,0.03756800,0.03200000
2018-02-24 23:28:25,0.03756800,0.26600000
2018-02-24 23:28:25,0.03756800,0.78000000
2018-02-24 23:28:27,0.03756800,0.62400000
2018-02-24 23:28:33,0.03756800,0.32300000
2018-02-24 23:28:34,0.03756800,4.15500000
2018-02-24 23:28:34,0.03756900,0.90200000
2018-02-24 23:28:35,0.03756900,0.03300000
2018-02-24 23:28:39,0.03756900,0.08700000
2018-02-24 23:28:40,0.03756800,0.07800000
2018-02-24 23:28:40,0.03756800,0.01600000
2018-02-24 23:28:40,0.03743400,0.07800000
2018-02-24 23:28:43,0.03750700,0.07300000
2018-02-24 23:28:43,0.03750800,0.03300000
2018-02-24 23:28:54,0.03750800,0.03900000
2018-02-24 23:28:54,0.03750800,0.08100000
2018-02-24 23:28:56,0.03750800,1.67800000
2018-02-24 23:29:00,0.03750800,0.66500000
2018-02-24 23:29:03,0.03750800,4.29100000
2018-02-24 23:29:07,0.03754900,0.11600000
2018-02-24 23:29:07,0.03754900,0.10100000
2018-02-24 23:29:07,0.03754900,0.14000000
2018-02-24 23:29:07,0.03754900,0.28900000
2018-02-24 23:29:07,0.03754900,0.04500000
2018-02-24 23:29:08,0.03756000,0.01200000
2018-02-24 23:29:10,0.03754900,0.10700000
2018-02-24 23:29:13,0.03754900,0.07700000
2018-02-24 23:29:16,0.03756000,0.78800000
2018-02-24 23:29:18,0.03756800,0.04500000
2018-02-24 23:29:18,0.03756900,2.27100000
2018-02-24 23:29:26,0.03756900,2.93100000
2018-02-24 23:29:27,0.03756900,6.40600000
2018-02-24 23:29:34,0.03756100,0.66800000
2018-02-24 23:29:34,0.03756000,0.33200000
2018-02-24 23:29:34,0.03756900,0.51100000
2018-02-24 23:29:34,0.03756900,2.58800000
2018-02-24 23:29:35,0.03758100,0.18700000
2018-02-24 23:29:35,0.03759300,1.21900000
2018-02-24 23:29:35,0.03760000,4.92700000
2018-02-24 23:29:37,0.03768000,0.16200000
2018-02-24 23:29:38,0.03768000,0.26500000
2018-02-24 23:29:38,0.03768000,0.04700000
2018-02-24 23:29:38,0.03768500,0.29200000
2018-02-24 23:29:38,0.03770000,0.30300000
2018-02-24 23:29:40,0.03773200,0.10100000
2018-02-24 23:29:40,0.03773200,0.08500000
2018-02-24 23:29:44,0.03773700,0.05600000
2018-02-24 23:29:45,0.03773200,0.55900000
2018-02-24 23:29:45,0.03773200,0.11200000
2018-02-24 23:29:46,0.03772900,0.55900000
2018-02-24 23:29:46,0.03773700,0.13000000
2018-02-24 23:29:46,0.03774000,0.18600000
2018-02-24 23:29:46,0.03776000,0.18600000
2018-02-24 23:29:46,0.03778700,0.63200000
2018-02-24 23:29:48,0.03778600,0.37800000
2018-02-24 23:29:48,0.03778700,0.34700000
2018-02-24 23:29:48,0.03778700,0.14100000
2018-02-24 23:29:48,0.03778700,3.07500000
2018-02-24 23:29:48,0.03778700,6.44200000
2018-02-24 23:29:51,0.03780300,1.84100000
2018-02-24 23:29:51,0.03780300,3.40500000
2018-02-24 23:29:52,0.03785900,0.21700000
2018-02-24 23:29:52,0.03785900,0.03200000
2018-02-24 23:29:52,0.03785900,0.02800000
2018-02-24 23:29:53,0.03785900,0.22300000
2018-02-24 23:29:53,0.03786000,0.00700000
2018-02-24 23:29:54,0.03785900,0.36100000
2018-02-24 23:29:54,0.03785900,2.47400000
2018-02-24 23:29:56,0.03786000,0.26400000
2018-02-24 23:29:56,0.03764000,0.08100000
2018-02-24 23:29:57,0.03785900,0.08100000
2018-02-24 23:29:57,0.03786000,2.66100000
2018-02-24 23:29:57,0.03764300,0.03300000
2018-02-24 23:29:58,0.03785900,0.03300000
2018-02-24 23:29:58,0.03785900,0.32500000
2018-02-24 23:29:59,0.03786000,0.15600000
2018-02-24 23:29:59,0.03786000,0.13200000
2018-02-24 23:29:59,0.03764600,0.03300000
2018-02-24 23:29:59,0.03764500,0.03400000
2018-02-24 23:29:59,0.03786000,0.03300000
2018-02-24 23:30:01,0.03785900,0.03200000
2018-02-24 23:30:03,0.03785900,0.43300000
2018-02-24 23:30:04,0.03785900,0.04000000
2018-02-24 23:30:04,0.03785900,2.38000000
2018-02-24 23:30:05,0.03785800,1.01300000
2018-02-24 23:30:05,0.03785800,0.06600000
2018-02-24 23:30:06,0.03765700,0.06700000
2018-02-24 23:30:06,0.03785800,0.12800000
2018-02-24 23:30:07,0.03785800,0.23500000
2018-02-24 23:30:07,0.03785700,0.06700000
2018-02-24 23:30:07,0.03785800,0.72500000
2018-02-24 23:30:08,0.03785700,0.05500000
2018-02-24 23:30:08,0.03766100,0.48300000
2018-02-24 23:30:09,0.03766200,0.26500000
2018-02-24 23:30:09,0.03766100,0.22200000
2018-02-24 23:30:10,0.03785600,0.05500000
2018-02-24 23:30:11,0.03785500,0.26500000
2018-02-24 23:30:11,0.03785600,0.03600000
2018-02-24 23:30:11,0.03785600,0.51000000
2018-02-24 23:30:12,0.03785600,0.10400000
2018-02-24 23:30:12,0.03785700,0.01500000
2018-02-24 23:30:12,0.03785700,0.38800000
2018-02-24 23:30:12,0.03785800,4.81900000
2018-02-24 23:30:12,0.03785800,0.06600000
2018-02-24 23:30:14,0.03785600,0.57600000
2018-02-24 23:30:17,0.03785600,0.86400000
2018-02-24 23:30:18,0.03785600,0.31400000
2018-02-24 23:30:19,0.03785600,0.37200000
2018-02-24 23:30:19,0.03785600,0.53400000
2018-02-24 23:30:20,0.03785600,0.83900000
2018-02-24 23:30:21,0.03770900,0.26500000
2018-02-24 23:30:21,0.03770800,0.27200000
2018-02-24 23:30:22,0.03785600,0.30600000
2018-02-24 23:30:23,0.03785400,0.26500000
2018-02-24 23:30:23,0.03785500,0.27200000
2018-02-24 23:30:23,0.03785600,0.92900000
2018-02-24 23:30:24,0.03785600,0.24600000
2018-02-24 23:30:24,0.03785600,0.14500000
2018-02-24 23:30:25,0.03785600,0.28800000
2018-02-24 23:30:25,0.03785600,5.51700000
2018-02-24 23:30:27,0.03785600,2.15800000
2018-02-24 23:30:28,0.03785700,0.25900000
2018-02-24 23:30:28,0.03771400,0.53800000
2018-02-24 23:30:28,0.03771400,0.46200000
2018-02-24 23:30:28,0.03771300,0.03800000
2018-02-24 23:30:28,0.03785700,0.06300000
2018-02-24 23:30:30,0.03785600,0.19800000
2018-02-24 23:30:30,0.03785600,0.30600000
2018-02-24 23:30:30,0.03785600,0.49600000
2018-02-24 23:30:30,0.03785700,0.40700000
2018-02-24 23:30:31,0.03785700,0.06900000
2018-02-24 23:30:32,0.03771800,0.18800000
2018-02-24 23:30:33,0.03772000,0.05400000
2018-02-24 23:30:33,0.03772000,0.03200000
2018-02-24 23:30:33,0.03772000,0.72600000
2018-02-24 23:30:33,0.03771900,0.35500000
2018-02-24 23:30:34,0.03771900,0.13000000
2018-02-24 23:30:34,0.03772000,0.10700000
2018-02-24 23:30:34,0.03772000,0.19000000
2018-02-24 23:30:34,0.03772000,0.04600000
2018-02-24 23:30:35,0.03772000,0.03500000
2018-02-24 23:30:36,0.03783400,0.50000000
2018-02-24 23:30:36,0.03783500,0.26500000
2018-02-24 23:30:36,0.03783700,0.39700000
2018-02-24 23:30:36,0.03784400,0.13000000
2018-02-24 23:30:36,0.03785700,0.35900000
2018-02-24 23:30:37,0.03783400,0.26500000
2018-02-24 23:30:38,0.03772200,0.26500000
2018-02-24 23:30:39,0.03783400,0.04000000
2018-02-24 23:30:40,0.03771900,5.48200000
2018-02-24 23:30:40,0.03771800,1.00600000
2018-02-24 23:30:40,0.03770900,0.27000000
2018-02-24 23:30:40,0.03770500,0.05700000
2018-02-24 23:30:40,0.03767100,0.29000000
2018-02-24 23:30:41,0.03783300,0.26500000
2018-02-24 23:30:41,0.03783600,0.05000000
2018-02-24 23:30:41,0.03785700,2.89200000
2018-02-24 23:30:41,0.03786500,1.42000000
2018-02-24 23:30:41,0.03787500,7.05000000
2018-02-24 23:30:41,0.03787600,2.78300000
2018-02-24 23:30:41,0.03788000,0.58900000
2018-02-24 23:30:41,0.03765600,0.00300000
2018-02-24 23:30:42,0.03765500,2.05500000
2018-02-24 23:30:42,0.03765400,0.03900000
2018-02-24 23:30:42,0.03764300,0.26500000
2018-02-24 23:30:42,0.03763600,0.15200000
2018-02-24 23:30:42,0.03762700,0.28300000
2018-02-24 23:30:43,0.03771900,0.03700000
2018-02-24 23:30:44,0.03771800,0.26500000
2018-02-24 23:30:44,0.03771900,0.27400000
2018-02-24 23:30:45,0.03771900,0.18600000
2018-02-24 23:30:45,0.03771900,0.15900000
2018-02-24 23:30:46,0.03762200,0.06200000
2018-02-24 23:30:46,0.03771900,1.72800000
2018-02-24 23:30:48,0.03771800,0.06200000
2018-02-24 23:30:48,0.03771900,0.20300000
2018-02-24 23:30:49,0.03771900,0.02700000
2018-02-24 23:30:50,0.03771900,0.25100000
2018-02-24 23:30:50,0.03771900,0.52300000
2018-02-24 23:30:52,0.03772200,0.50000000
2018-02-24 23:30:53,0.03772300,0.26500000
2018-02-24 23:30:53,0.03772200,0.16600000
2018-02-24 23:30:54,0.03787300,0.05300000
2018-02-24 23:30:54,0.03772200,1.14500000
2018-02-24 23:30:55,0.03772300,0.05100000
2018-02-24 23:30:55,0.03787100,0.06600000
2018-02-24 23:30:57,0.03772200,0.06800000
2018-02-24 23:30:57,0.03772100,0.58300000
2018-02-24 23:30:57,0.03771900,18.38300000
2018-02-24 23:30:58,0.03786800,0.04600000
2018-02-24 23:30:59,0.03772200,2.64900000
2018-02-24 23:30:59,0.03772200,4.97700000
2018-02-24 23:31:00,0.03786500,0.26400000
2018-02-24 23:31:01,0.03772500,0.04400000
2018-02-24 23:31:03,0.03772500,0.00200000
2018-02-24 23:31:03,0.03772400,0.26300000
2018-02-24 23:31:04,0.03772200,0.00100000
2018-02-24 23:31:05,0.03771900,0.49900000
2018-02-24 23:31:05,0.03772200,0.06100000
2018-02-24 23:31:06,0.03771900,0.91400000
2018-02-24 23:31:08,0.03771900,2.25000000
2018-02-24 23:31:08,0.03770000,0.25000000
2018-02-24 23:31:08,0.03762200,2.24100000
2018-02-24 23:31:10,0.03772000,0.26400000
2018-02-24 23:31:10,0.03772100,1.30000000
2018-02-24 23:31:10,0.03762200,1.58100000
2018-02-24 23:31:10,0.03762000,0.26500000
2018-02-24 23:31:10,0.03762000,0.25200000
2018-02-24 23:31:10,0.03762000,0.25100000
2018-02-24 23:31:10,0.03762000,0.25100000
2018-02-24 23:31:10,0.03762000,0.21000000
2018-02-24 23:31:10,0.03762000,0.25200000
2018-02-24 23:31:10,0.03762000,0.06500000
2018-02-24 23:31:10,0.03762000,0.36100000
2018-02-24 23:31:11,0.03760000,0.25100000
2018-02-24 23:31:11,0.03762000,0.04300000
2018-02-24 23:31:11,0.03762000,0.25200000
2018-02-24 23:31:11,0.03762000,0.03100000
2018-02-24 23:31:12,0.03760000,0.25100000
2018-02-24 23:31:13,0.03762000,2.00800000
2018-02-24 23:31:13,0.03760000,0.08500000
2018-02-24 23:31:13,0.03759200,0.03500000
2018-02-24 23:31:13,0.03754900,0.19900000
2018-02-24 23:31:14,0.03762000,1.50000000
2018-02-24 23:31:16,0.03762000,0.08000000
2018-02-24 23:31:18,0.03759300,0.12900000
2018-02-24 23:31:20,0.03759300,14.22600000
2018-02-24 23:31:20,0.03761700,0.75500000
2018-02-24 23:31:20,0.03761800,0.26600000
2018-02-24 23:31:20,0.03762000,8.35200000
2018-02-24 23:31:22,0.03771500,0.23100000
2018-02-24 23:31:22,0.03771800,0.20000000
2018-02-24 23:31:47,0.03769600,0.33600000
2018-02-24 23:31:49,0.03761800,0.26500000
2018-02-24 23:31:49,0.03761700,6.94600000
2018-02-24 23:31:54,0.03769100,0.16600000
2018-02-24 23:31:54,0.03769200,0.26500000
2018-02-24 23:31:54,0.03769400,0.03400000
2018-02-24 23:31:54,0.03769800,0.21000000
2018-02-24 23:31:54,0.03770000,0.86500000
2018-02-24 23:31:58,0.03770000,0.16100000
2018-02-24 23:32:05,0.03771800,0.10600000
2018-02-24 23:32:06,0.03771800,0.08300000
2018-02-24 23:32:07,0.03770000,0.04300000
2018-02-24 23:32:08,0.03770000,0.04300000
2018-02-24 23:32:10,0.03771800,0.08000000
2018-02-24 23:32:11,0.03770000,0.16800000
2018-02-24 23:32:15,0.03770000,0.07100000
2018-02-24 23:32:16,0.03770000,0.50400000
2018-02-24 23:32:20,0.03770000,0.83800000
2018-02-24 23:32:29,0.03770000,1.10400000
2018-02-24 23:32:34,0.03771800,0.00500000
2018-02-24 23:32:35,0.03770000,9.38800000
2018-02-24 23:32:39,0.03763400,0.26500000
2018-02-24 23:32:39,0.03763300,0.15600000
2018-02-24 23:32:50,0.03765500,0.13200000
2018-02-24 23:32:50,0.03764900,0.21200000
2018-02-24 23:32:50,0.03763300,0.32800000
2018-02-24 23:32:52,0.03763300,4.14500000
2018-02-24 23:32:52,0.03770000,5.85500000
2018-02-24 23:32:53,0.03759700,0.34000000
2018-02-24 23:32:54,0.03761000,0.56100000
2018-02-24 23:32:54,0.03760900,0.21200000
2018-02-24 23:32:54,0.03760700,0.13100000
2018-02-24 23:32:55,0.03759400,0.71800000
2018-02-24 23:32:56,0.03760600,0.14700000
2018-02-24 23:32:58,0.03771100,0.08000000
2018-02-24 23:32:58,0.03759500,0.31000000
2018-02-24 23:32:58,0.03759400,7.64700000
2018-02-24 23:32:59,0.03758000,0.25300000
2018-02-24 23:32:59,0.03755000,0.40800000
2018-02-24 23:32:59,0.03754900,0.06700000
2018-02-24 23:32:59,0.03752700,0.42600000
2018-02-24 23:32:59,0.03752600,0.33300000
2018-02-24 23:32:59,0.03750000,2.00000000
2018-02-24 23:32:59,0.03743400,8.74600000
2018-02-24 23:33:00,0.03752000,0.11000000
2018-02-24 23:33:01,0.03752100,0.05400000
2018-02-24 23:33:02,0.03770000,0.50000000
2018-02-24 23:33:04,0.03766600,0.06700000
2018-02-24 23:33:13,0.03745900,0.50000000
2018-02-24 23:33:13,0.03745800,0.02900000
2018-02-24 23:33:13,0.03745500,0.07500000
2018-02-24 23:33:13,0.03745500,0.07500000
2018-02-24 23:33:13,0.03745500,0.07400000
2018-02-24 23:33:13,0.03745500,0.22700000
2018-02-24 23:33:13,0.03745500,0.22800000
2018-02-24 23:33:13,0.03745500,0.22800000
2018-02-24 23:33:13,0.03745500,0.19000000
2018-02-24 23:33:13,0.03745500,0.79900000
2018-02-24 23:33:13,0.03742900,0.07500000
2018-02-24 23:33:13,0.03745500,1.16100000
2018-02-24 23:33:14,0.03745600,0.08700000
2018-02-24 23:33:22,0.03745600,0.49300000
2018-02-24 23:33:22,0.03742900,1.82100000
2018-02-24 23:33:22,0.03764600,0.14700000
2018-02-24 23:33:22,0.03764700,1.71700000
2018-02-24 23:33:22,0.03764900,0.33300000
2018-02-24 23:33:22,0.03765200,8.80300000
2018-02-24 23:33:27,0.03763800,0.26500000
2018-02-24 23:33:28,0.03743600,1.00000000
2018-02-24 23:33:28,0.03743500,0.01200000
2018-02-24 23:33:31,0.03763600,0.72000000
2018-02-24 23:33:40,0.03763300,0.34300000
2018-02-24 23:33:41,0.03763200,2.35800000
2018-02-24 23:33:46,0.03762900,0.26600000
2018-02-24 23:33:48,0.03759800,0.10000000
2018-02-24 23:33:57,0.03748600,0.60900000
2018-02-24 23:33:57,0.03748500,0.25400000
2018-02-24 23:33:58,0.03743800,1.00000000
2018-02-24 23:33:59,0.03743800,0.50400000
2018-02-24 23:33:59,0.03743700,0.04800000
2018-02-24 23:34:00,0.03745200,0.42300000
2018-02-24 23:34:02,0.03745200,0.37800000
2018-02-24 23:34:09,0.03744500,0.06700000
2018-02-24 23:34:09,0.03744300,0.93300000
2018-02-24 23:34:13,0.03744300,4.65900000
2018-02-24 23:34:27,0.03746000,0.13800000
2018-02-24 23:34:27,0.03745200,0.06200000
2018-02-24 23:34:27,0.03744300,7.41900000
2018-02-24 23:34:31,0.03744300,0.53900000
2018-02-24 23:34:37,0.03744300,2.91300000
2018-02-24 23:34:40,0.03753100,0.25000000
2018-02-24 23:34:40,0.03753000,0.87700000
2018-02-24 23:34:44,0.03744700,0.05000000
2018-02-24 23:34:50,0.03745200,0.37700000
2018-02-24 23:34:50,0.03745100,0.13400000
2018-02-24 23:34:50,0.03744700,0.22700000
2018-02-24 23:34:55,0.03752000,0.06600000
2018-02-24 23:34:56,0.03744700,1.66300000
2018-02-24 23:34:56,0.03744700,0.80000000
2018-02-24 23:34:57,0.03744700,0.33700000
2018-02-24 23:34:58,0.03744700,0.80000000
2018-02-24 23:34:58,0.03744700,1.25600000
2018-02-24 23:34:58,0.03744700,0.00100000
2018-02-24 23:34:58,0.03751700,0.12500000
2018-02-24 23:34:59,0.03744300,0.06100000
2018-02-24 23:35:07,0.03744300,0.98100000
2018-02-24 23:35:07,0.03743000,0.03500000
2018-02-24 23:35:07,0.03742900,5.53000000
2018-02-24 23:35:11,0.03742900,0.13800000
2018-02-24 23:35:14,0.03742900,1.23700000
2018-02-24 23:35:14,0.03742800,0.05700000
2018-02-24 23:35:15,0.03740600,0.13200000
2018-02-24 23:35:15,0.03740600,0.08800000
2018-02-24 23:35:19,0.03740000,0.53300000
2018-02-24 23:35:22,0.03740000,0.01800000
2018-02-24 23:35:22,0.03730600,0.15100000
2018-02-24 23:35:25,0.03740000,0.23000000
2018-02-24 23:35:26,0.03739900,0.20000000
2018-02-24 23:35:26,0.03740000,0.43000000
2018-02-24 23:35:26,0.03740100,0.14700000
2018-02-24 23:35:26,0.03740300,0.21300000
2018-02-24 23:35:26,0.03740400,0.08700000
2018-02-24 23:35:26,0.03740500,0.20600000
2018-02-24 23:35:29,0.03740000,0.11800000
2018-02-24 23:35:31,0.03731600,0.26700000
2018-02-24 23:35:31,0.03731600,0.29100000
2018-02-24 23:35:31,0.03731600,0.19700000
2018-02-24 23:35:31,0.03731600,0.29100000
2018-02-24 23:35:32,0.03731500,0.29100000
2018-02-24 23:35:32,0.03731600,0.03200000
2018-02-24 23:35:33,0.03731600,0.26700000
2018-02-24 23:35:34,0.03731600,0.16300000
2018-02-24 23:35:34,0.03731600,0.16300000
2018-02-24 23:35:34,0.03731600,0.01800000
2018-02-24 23:35:34,0.03730600,0.16300000
2018-02-24 23:35:39,0.03735100,0.17800000
2018-02-24 23:35:39,0.03735200,0.24500000
2018-02-24 23:35:39,0.03735300,0.19700000
2018-02-24 23:35:42,0.03731200,0.15500000
2018-02-24 23:35:42,0.03731000,0.18100000
2018-02-24 23:35:43,0.03731800,0.06100000
2018-02-24 23:35:43,0.03731600,0.13300000
2018-02-24 23:35:43,0.03731000,0.01600000
2018-02-24 23:35:43,0.03730600,0.25700000
2018-02-24 23:35:43,0.03730500,0.07100000
2018-02-24 23:35:43,0.03735300,0.35800000
2018-02-24 23:35:55,0.03730500,1.69100000
2018-02-24 23:36:02,0.03735300,0.01000000
2018-02-24 23:36:02,0.03730500,0.48900000
2018-02-24 23:36:05,0.03735300,0.03500000
2018-02-24 23:36:05,0.03739700,0.03200000
2018-02-24 23:36:06,0.03730200,0.30600000
2018-02-24 23:36:07,0.03730100,0.19200000
2018-02-24 23:36:08,0.03730100,0.38800000
2018-02-24 23:36:11,0.03730200,0.19700000
2018-02-24 23:36:13,0.03730100,2.13200000
2018-02-24 23:36:21,0.03730000,1.26700000
2018-02-24 23:36:21,0.03730100,8.14900000
2018-02-24 23:36:24,0.03729200,0.34700000
2018-02-24 23:36:25,0.03729200,0.09400000
2018-02-24 23:36:26,0.03729200,0.16100000
2018-02-24 23:36:26,0.03729200,0.06700000
2018-02-24 23:36:28,0.03729100,0.27600000
2018-02-24 23:36:31,0.03729200,0.26800000
2018-02-24 23:36:31,0.03729200,0.17400000
2018-02-24 23:36:31,0.03725000,0.28600000
2018-02-24 23:36:36,0.03724100,0.05300000
2018-02-24 23:36:37,0.03725000,0.06700000
2018-02-24 23:36:37,0.03724100,0.38800000
2018-02-24 23:36:38,0.03721800,0.09000000
2018-02-24 23:36:39,0.03721800,0.79700000
2018-02-24 23:36:40,0.03724100,0.06700000
2018-02-24 23:36:40,0.03724100,0.23600000
2018-02-24 23:36:40,0.03724100,0.12900000
2018-02-24 23:36:40,0.03724100,0.07000000
2018-02-24 23:36:40,0.03724100,0.49800000
2018-02-24 23:36:40,0.03724100,0.06200000
2018-02-24 23:36:41,0.03725000,0.06700000
2018-02-24 23:36:42,0.03725000,1.27400000
2018-02-24 23:36:42,0.03725000,1.27400000
2018-02-24 23:36:43,0.03725000,0.77900000
2018-02-24 23:36:43,0.03725000,0.77900000
2018-02-24 23:36:43,0.03725000,0.77900000
2018-02-24 23:36:43,0.03725000,0.77900000
2018-02-24 23:36:43,0.03725000,0.78200000
2018-02-24 23:36:44,0.03721500,0.77900000
2018-02-24 23:36:45,0.03721800,0.35100000
2018-02-24 23:36:47,0.03721800,0.15000000
2018-02-24 23:36:49,0.03721500,0.01800000
2018-02-24 23:36:49,0.03721000,1.47500000
2018-02-24 23:36:52,0.03721000,0.21000000
2018-02-24 23:36:54,0.03721000,0.36400000
2018-02-24 23:36:55,0.03720900,0.04800000
2018-02-24 23:36:59,0.03720100,0.51500000
2018-02-24 23:37:00,0.03720100,0.10900000
2018-02-24 23:37:01,0.03720000,2.17300000
2018-02-24 23:37:01,0.03718400,0.43900000
2018-02-24 23:37:01,0.03717400,0.09600000
2018-02-24 23:37:01,0.03716900,0.05300000
2018-02-24 23:37:01,0.03714500,4.23900000
2018-02-24 23:37:01,0.03714500,0.99900000
2018-02-24 23:37:01,0.03715100,1.14700000
2018-02-24 23:37:04,0.03714500,13.00300000
2018-02-24 23:37:07,0.03714900,0.05900000
2018-02-24 23:37:07,0.03714500,12.67400000
2018-02-24 23:37:07,0.03714500,0.11400000
2018-02-24 23:37:08,0.03714400,8.22000000
2018-02-24 23:37:08,0.03713600,5.47800000
2018-02-24 23:37:08,0.03713400,2.28800000
2018-02-24 23:37:08,0.03712900,0.56900000
2018-02-24 23:37:08,0.03712800,12.44500000
2018-02-24 23:37:09,0.03714000,0.72900000
2018-02-24 23:37:10,0.03714400,0.18400000
2018-02-24 23:37:10,0.03714400,0.07400000
2018-02-24 23:37:10,0.03714500,0.42600000
2018-02-24 23:37:11,0.03714000,1.26300000
2018-02-24 23:37:13,0.03714500,0.24800000
2018-02-24 23:37:14,0.03714000,1.04900000
2018-02-24 23:37:16,0.03714000,0.56500000
2018-02-24 23:37:16,0.03714000,1.26000000
2018-02-24 23:37:18,0.03712800,0.99900000
2018-02-24 23:37:19,0.03712800,8.58600000
2018-02-24 23:37:19,0.03712800,0.06700000
2018-02-24 23:37:20,0.03712600,1.78800000
2018-02-24 23:37:20,0.03712000,0.17300000
2018-02-24 23:37:20,0.03711500,0.02700000
2018-02-24 23:37:22,0.03711300,1.07300000
2018-02-24 23:37:22,0.03710600,1.27500000
2018-02-24 23:37:22,0.03710100,1.45800000
2018-02-24 23:37:22,0.03710000,54.10100000
2018-02-24 23:37:22,0.03710000,0.23100000
2018-02-24 23:37:22,0.03710000,0.23100000
2018-02-24 23:37:22,0.03710000,0.06700000
2018-02-24 23:37:23,0.03710000,1.61400000
2018-02-24 23:37:23,0.03709300,0.08700000
2018-02-24 23:37:23,0.03709100,1.48300000
2018-02-24 23:37:23,0.03708900,2.52000000
2018-02-24 23:37:23,0.03708200,0.19400000
2018-02-24 23:37:23,0.03708000,6.74200000
2018-02-24 23:37:23,0.03707900,0.03000000
2018-02-24 23:37:23,0.03707800,0.29700000
2018-02-24 23:37:23,0.03706700,0.11300000
2018-02-24 23:37:23,0.03705800,0.05300000
2018-02-24 23:37:24,0.03710000,0.06700000
2018-02-24 23:37:25,0.03710000,0.22900000
2018-02-24 23:37:25,0.03710000,0.29600000
2018-02-24 23:37:26,0.03710000,0.50900000
2018-02-24 23:37:26,0.03710000,0.06200000
2018-02-24 23:37:26,0.03710000,0.12500000
2018-02-24 23:37:26,0.03710000,0.06200000
2018-02-24 23:37:27,0.03710000,0.77800000
2018-02-24 23:37:28,0.03710000,0.06700000
2018-02-24 23:37:29,0.03710000,0.40000000
2018-02-24 23:37:30,0.03710000,0.06700000
2018-02-24 23:37:31,0.03705200,0.05600000
2018-02-24 23:37:31,0.03704700,1.14900000
2018-02-24 23:37:31,0.03703600,0.22900000
2018-02-24 23:37:31,0.03702800,0.94300000
2018-02-24 23:37:31,0.03702800,0.65400000
2018-02-24 23:37:33,0.03710000,0.06700000
2018-02-24 23:37:35,0.03705200,0.08800000
2018-02-24 23:37:35,0.03710000,0.06700000
2018-02-24 23:37:36,0.03705600,0.28100000
2018-02-24 23:37:36,0.03705200,1.41200000
2018-02-24 23:37:36,0.03702800,0.93300000
2018-02-24 23:37:36,0.03702700,1.60800000
2018-02-24 23:37:36,0.03702600,1.48500000
2018-02-24 23:37:36,0.03702500,3.10000000
2018-02-24 23:37:36,0.03701600,3.71800000
2018-02-24 23:37:36,0.03701000,7.30500000
2018-02-24 23:37:36,0.03700600,1.48300000
2018-02-24 23:37:36,0.03700400,0.58800000
2018-02-24 23:37:36,0.03700300,0.45100000
2018-02-24 23:37:36,0.03700200,0.30400000
2018-02-24 23:37:36,0.03700100,0.95400000
2018-02-24 23:37:36,0.03700000,1.14300000
2018-02-24 23:37:36,0.03700000,37.42200000
2018-02-24 23:37:36,0.03699900,0.68900000
2018-02-24 23:37:36,0.03699800,0.72200000
2018-02-24 23:37:36,0.03699800,0.92000000
2018-02-24 23:37:36,0.03699500,0.72800000
2018-02-24 23:37:36,0.03699200,0.27100000
2018-02-24 23:37:36,0.03698900,0.14800000
2018-02-24 23:37:36,0.03698500,2.88300000
2018-02-24 23:37:36,0.03696800,0.29800000
2018-02-24 23:37:36,0.03696200,0.27100000
2018-02-24 23:37:36,0.03696100,0.27100000
2018-02-24 23:37:36,0.03693900,5.41400000
2018-02-24 23:37:36,0.03693300,0.03500000
2018-02-24 23:37:36,0.03691400,0.26300000
2018-02-24 23:37:36,0.03690700,0.18500000
2018-02-24 23:37:36,0.03690000,0.15200000
2018-02-24 23:37:36,0.03695000,1.76000000
2018-02-24 23:37:36,0.03695000,1.24000000
2018-02-24 23:37:36,0.03698600,0.07000000
2018-02-24 23:37:36,0.03699000,0.43900000
2018-02-24 23:37:36,0.03699000,0.36900000
2018-02-24 23:37:36,0.03699000,0.36900000
2018-02-24 23:37:36,0.03690100,0.43900000
2018-02-24 23:37:37,0.03698900,0.23500000
2018-02-24 23:37:37,0.03699000,0.13000000
2018-02-24 23:37:37,0.03700000,0.80400000
2018-02-24 23:37:37,0.03700000,0.04500000
2018-02-24 23:37:37,0.03700000,0.06800000
2018-02-24 23:37:38,0.03698900,0.08900000
2018-02-24 23:37:38,0.03698900,0.12100000
2018-02-24 23:37:38,0.03690100,0.31100000
2018-02-24 23:37:39,0.03699900,0.04400000
2018-02-24 23:37:40,0.03699900,0.05500000
2018-02-24 23:37:40,0.03699900,0.06700000
2018-02-24 23:37:40,0.03699900,0.14500000
2018-02-24 23:37:40,0.03700000,0.11100000
2018-02-24 23:37:41,0.03690200,0.31200000
2018-02-24 23:37:41,0.03690100,0.27000000
2018-02-24 23:37:41,0.03690100,0.87300000
2018-02-24 23:37:41,0.03690100,0.81000000
2018-02-24 23:37:41,0.03690100,0.01100000
2018-02-24 23:37:42,0.03699800,0.06700000
2018-02-24 23:37:43,0.03699800,0.20300000
2018-02-24 23:37:43,0.03690000,0.05300000
2018-02-24 23:37:43,0.03700000,0.12800000
2018-02-24 23:37:45,0.03699700,0.13400000
2018-02-24 23:37:45,0.03691000,0.08700000
2018-02-24 23:37:45,0.03699700,0.06700000
2018-02-24 23:37:46,0.03699700,0.11100000
2018-02-24 23:37:46,0.03700000,0.33300000
2018-02-24 23:37:46,0.03691000,0.04800000
2018-02-24 23:37:46,0.03690100,0.27000000
2018-02-24 23:37:46,0.03690000,0.03200000
2018-02-24 23:37:46,0.03690000,0.04900000
2018-02-24 23:37:48,0.03700000,0.06800000
2018-02-24 23:37:49,0.03690100,0.30500000
2018-02-24 23:37:50,0.03699500,0.06700000
2018-02-24 23:37:52,0.03699400,0.06700000
2018-02-24 23:37:54,0.03690000,0.13200000
2018-02-24 23:37:54,0.03690000,0.04200000
2018-02-24 23:37:55,0.03699200,0.06700000
2018-02-24 23:37:55,0.03699100,0.20300000
2018-02-24 23:37:55,0.03699200,0.17100000
2018-02-24 23:37:56,0.03689500,0.05800000
2018-02-24 23:37:56,0.03689500,12.51700000
2018-02-24 23:37:57,0.03689000,0.30600000
2018-02-24 23:37:57,0.03688900,0.61000000
2018-02-24 23:37:57,0.03688700,4.92000000
2018-02-24 23:37:57,0.03687900,2.45200000
2018-02-24 23:37:57,0.03699500,0.06200000
2018-02-24 23:37:58,0.03699500,0.06700000
2018-02-24 23:38:00,0.03699500,0.06700000
2018-02-24 23:38:00,0.03699500,0.11000000
2018-02-24 23:38:01,0.03687700,0.27100000
2018-02-24 23:38:02,0.03699500,0.15200000
2018-02-24 23:38:03,0.03699500,0.06700000
2018-02-24 23:38:03,0.03699500,0.05200000
2018-02-24 23:38:03,0.03699600,0.00200000
2018-02-24 23:38:05,0.03699600,0.06700000
2018-02-24 23:38:08,0.03699400,0.06700000
2018-02-24 23:38:09,0.03699400,0.26000000
2018-02-24 23:38:10,0.03699400,0.06700000
2018-02-24 23:38:10,0.03688400,0.27100000
2018-02-24 23:38:10,0.03688300,0.30700000
2018-02-24 23:38:10,0.03688000,0.96900000
2018-02-24 23:38:12,0.03699200,0.22800000
2018-02-24 23:38:12,0.03688100,0.03600000
2018-02-24 23:38:12,0.03699200,0.04300000
2018-02-24 23:38:12,0.03699300,0.02400000
2018-02-24 23:38:13,0.03688100,0.55600000
2018-02-24 23:38:15,0.03688200,0.27100000
2018-02-24 23:38:15,0.03688100,0.37700000
2018-02-24 23:38:15,0.03687700,0.80000000
2018-02-24 23:38:15,0.03687600,0.13600000
2018-02-24 23:38:15,0.03687500,0.04200000
2018-02-24 23:38:15,0.03687100,1.62200000
2018-02-24 23:38:15,0.03699100,0.06700000
2018-02-24 23:38:16,0.03699000,0.00400000
2018-02-24 23:38:17,0.03698700,0.06700000
2018-02-24 23:38:18,0.03698700,0.11100000
2018-02-24 23:38:18,0.03698800,0.12100000
2018-02-24 23:38:18,0.03698800,0.11000000
2018-02-24 23:38:19,0.03698700,0.03200000
2018-02-24 23:38:21,0.03698500,0.06700000
2018-02-24 23:38:26,0.03698000,0.06700000
2018-02-24 23:38:28,0.03697900,0.11700000
2018-02-24 23:38:28,0.03698000,0.19700000
2018-02-24 23:38:28,0.03698000,0.06700000
2018-02-24 23:38:29,0.03698000,0.22600000
2018-02-24 23:38:29,0.03698400,0.00800000
2018-02-24 23:38:31,0.03698000,0.06700000
2018-02-24 23:38:32,0.03697900,0.24300000
2018-02-24 23:38:34,0.03697900,0.06700000
2018-02-24 23:38:36,0.03697900,0.36800000
2018-02-24 23:38:37,0.03697900,0.06700000
2018-02-24 23:38:37,0.03697900,0.24500000
2018-02-24 23:38:37,0.03698000,1.85800000
2018-02-24 23:38:37,0.03688500,0.27100000
2018-02-24 23:38:37,0.03688400,0.21000000
2018-02-24 23:38:39,0.03697800,0.06700000
2018-02-24 23:38:40,0.03697800,0.03800000
2018-02-24 23:38:40,0.03697800,0.16600000
2018-02-24 23:38:40,0.03698000,1.37500000
2018-02-24 23:38:42,0.03697700,0.21000000
2018-02-24 23:38:42,0.03697900,1.21600000
