DATE,PRICE,VOLUME
2018-02-25 03:00:00,0.03739500,0.75400000
2018-02-25 03:00:00,0.03745500,0.14700000
2018-02-25 03:00:00,0.03745500,0.03000000
2018-02-25 03:00:00,0.03739500,0.14700000
2018-02-25 03:00:00,0.03739500,0.05000000
2018-02-25 03:00:00,0.03739400,0.85700000
2018-02-25 03:00:00,0.03739400,0.12700000
2018-02-25 03:00:01,0.03739400,0.26500000
2018-02-25 03:00:01,0.03740600,2.85100000
2018-02-25 03:00:01,0.03740800,0.03000000
2018-02-25 03:00:04,0.03740700,0.89100000
2018-02-25 03:00:04,0.03740700,0.73600000
2018-02-25 03:00:04,0.03747500,0.39200000
2018-02-25 03:00:05,0.03740700,0.26500000
2018-02-25 03:00:07,0.03747500,0.26600000
2018-02-25 03:00:07,0.03740700,0.07500000
2018-02-25 03:00:07,0.03740700,0.18500000
2018-02-25 03:00:07,0.03740700,0.19100000
2018-02-25 03:00:07,0.03740700,0.29100000
2018-02-25 03:00:08,0.03747500,0.03700000
2018-02-25 03:00:08,0.03740700,0.04000000
2018-02-25 03:00:08,0.03740500,0.05300000
2018-02-25 03:00:09,0.03747300,0.13300000
2018-02-25 03:00:11,0.03747000,0.13500000
2018-02-25 03:00:11,0.03740700,0.66200000
2018-02-25 03:00:11,0.03746900,1.25600000
2018-02-25 03:00:11,0.03747000,0.51400000
2018-02-25 03:00:13,0.03746700,0.87500000
2018-02-25 03:00:15,0.03746400,0.22700000
2018-02-25 03:00:16,0.03746100,0.79000000
2018-02-25 03:00:16,0.03746300,0.75700000
2018-02-25 03:00:16,0.03746700,0.26600000
2018-02-25 03:00:18,0.03740900,0.22400000
2018-02-25 03:00:19,0.03740900,2.44700000
2018-02-25 03:00:20,0.03740800,0.00200000
2018-02-25 03:00:20,0.03746700,0.13400000
2018-02-25 03:00:23,0.03746400,2.53700000
2018-02-25 03:00:23,0.03746600,0.13200000
2018-02-25 03:00:23,0.03746900,1.03000000
2018-02-25 03:00:26,0.03748900,0.33700000
2018-02-25 03:00:26,0.03749400,0.09400000
2018-02-25 03:00:30,0.03742000,1.48800000
2018-02-25 03:00:30,0.03741000,0.78300000
2018-02-25 03:00:30,0.03740900,0.80500000
2018-02-25 03:00:31,0.03747000,0.14300000
2018-02-25 03:00:31,0.03741100,2.66900000
2018-02-25 03:00:31,0.03740900,1.64000000
2018-02-25 03:00:31,0.03740700,1.10300000
2018-02-25 03:00:32,0.03746800,0.80100000
2018-02-25 03:00:33,0.03746800,0.10000000
2018-02-25 03:00:39,0.03746800,1.76800000
2018-02-25 03:00:39,0.03747000,0.56000000
2018-02-25 03:00:39,0.03740700,0.07400000
2018-02-25 03:00:41,0.03740900,2.66900000
2018-02-25 03:00:41,0.03740700,0.29500000
2018-02-25 03:00:43,0.03746800,2.66900000
2018-02-25 03:00:43,0.03747000,0.44000000
2018-02-25 03:00:43,0.03749400,0.08100000
2018-02-25 03:00:43,0.03749600,0.34700000
2018-02-25 03:00:43,0.03749900,0.16300000
2018-02-25 03:00:44,0.03747000,1.46000000
2018-02-25 03:00:44,0.03741200,2.05000000
2018-02-25 03:00:48,0.03740700,0.14200000
2018-02-25 03:00:52,0.03746200,2.05000000
2018-02-25 03:00:52,0.03746400,0.02800000
2018-02-25 03:00:52,0.03747000,0.08800000
2018-02-25 03:00:52,0.03749900,2.80600000
2018-02-25 03:00:52,0.03750000,10.08700000
2018-02-25 03:00:52,0.03750500,0.92300000
2018-02-25 03:00:52,0.03751900,0.08000000
2018-02-25 03:00:52,0.03752400,0.08000000
2018-02-25 03:00:52,0.03753600,0.08000000
2018-02-25 03:00:54,0.03746100,2.71200000
2018-02-25 03:00:56,0.03757800,2.72100000
2018-02-25 03:00:56,0.03760000,1.75200000
2018-02-25 03:00:56,0.03760900,0.05500000
2018-02-25 03:00:57,0.03750000,0.04400000
2018-02-25 03:00:58,0.03749100,1.00000000
2018-02-25 03:01:04,0.03760900,1.65400000
2018-02-25 03:01:05,0.03759400,0.10000000
2018-02-25 03:01:05,0.03751100,0.01900000
2018-02-25 03:01:07,0.03759200,0.26500000
2018-02-25 03:01:07,0.03759200,0.26900000
2018-02-25 03:01:07,0.03759400,0.27600000
2018-02-25 03:01:07,0.03759400,0.39800000
2018-02-25 03:01:07,0.03760900,3.40600000
2018-02-25 03:01:08,0.03761200,2.54400000
2018-02-25 03:01:08,0.03761100,0.61300000
2018-02-25 03:01:08,0.03769900,0.26500000
2018-02-25 03:01:09,0.03761400,1.64600000
2018-02-25 03:01:09,0.03760900,3.02500000
2018-02-25 03:01:09,0.03760900,1.35900000
2018-02-25 03:01:11,0.03769700,3.27800000
2018-02-25 03:01:11,0.03769900,2.08700000
2018-02-25 03:01:12,0.03769900,0.06400000
2018-02-25 03:01:13,0.03769800,0.10900000
2018-02-25 03:01:14,0.03758000,0.13500000
2018-02-25 03:01:15,0.03758300,0.30400000
2018-02-25 03:01:15,0.03769700,0.77700000
2018-02-25 03:01:15,0.03758300,1.07800000
2018-02-25 03:01:16,0.03758400,0.03300000
2018-02-25 03:01:24,0.03760500,1.14000000
2018-02-25 03:01:24,0.03760300,0.26500000
2018-02-25 03:01:24,0.03760200,0.75500000
2018-02-25 03:01:25,0.03759800,2.65700000
2018-02-25 03:01:25,0.03760000,0.84000000
2018-02-25 03:01:25,0.03760200,0.32300000
2018-02-25 03:01:25,0.03769400,1.39000000
2018-02-25 03:01:25,0.03769500,0.12800000
2018-02-25 03:01:25,0.03769700,4.22300000
2018-02-25 03:01:25,0.03770000,0.87700000
2018-02-25 03:01:26,0.03769300,0.03300000
2018-02-25 03:01:26,0.03775000,1.81500000
2018-02-25 03:01:26,0.03780000,0.50000000
2018-02-25 03:01:26,0.03781800,0.08900000
2018-02-25 03:01:26,0.03785000,0.99900000
2018-02-25 03:01:26,0.03785300,0.29500000
2018-02-25 03:01:27,0.03760000,0.27000000
2018-02-25 03:01:27,0.03760000,0.13500000
2018-02-25 03:01:27,0.03760400,0.23000000
2018-02-25 03:01:28,0.03768000,0.06800000
2018-02-25 03:01:28,0.03768200,0.21600000
2018-02-25 03:01:28,0.03785200,0.26500000
2018-02-25 03:01:28,0.03785300,0.45100000
2018-02-25 03:01:30,0.03785300,0.69600000
2018-02-25 03:01:30,0.03787700,4.53900000
2018-02-25 03:01:32,0.03787600,0.84000000
2018-02-25 03:01:32,0.03787700,0.90200000
2018-02-25 03:01:33,0.03787600,3.55900000
2018-02-25 03:01:33,0.03787700,1.00000000
2018-02-25 03:01:33,0.03787800,0.78100000
2018-02-25 03:01:33,0.03787700,0.10000000
2018-02-25 03:01:34,0.03787700,5.00000000
2018-02-25 03:01:34,0.03787700,0.70200000
2018-02-25 03:01:34,0.03787700,3.93400000
2018-02-25 03:01:34,0.03787800,0.10700000
2018-02-25 03:01:35,0.03787800,0.13200000
2018-02-25 03:01:35,0.03787800,0.47600000
2018-02-25 03:01:35,0.03790000,0.43600000
2018-02-25 03:01:35,0.03764000,0.04600000
2018-02-25 03:01:35,0.03764000,0.79100000
2018-02-25 03:01:37,0.03787700,0.07900000
2018-02-25 03:01:38,0.03765000,0.17000000
2018-02-25 03:01:39,0.03765500,1.81900000
2018-02-25 03:01:39,0.03765300,0.26900000
2018-02-25 03:01:39,0.03765300,0.11600000
2018-02-25 03:01:39,0.03765300,0.11200000
2018-02-25 03:01:39,0.03765300,0.10800000
2018-02-25 03:01:39,0.03765300,0.30400000
2018-02-25 03:01:40,0.03765300,0.31200000
2018-02-25 03:01:40,0.03765400,0.18400000
2018-02-25 03:01:40,0.03787400,0.06300000
2018-02-25 03:01:40,0.03765400,0.08100000
2018-02-25 03:01:40,0.03765300,0.22400000
2018-02-25 03:01:40,0.03765300,0.13400000
2018-02-25 03:01:40,0.03765300,0.10600000
2018-02-25 03:01:40,0.03765300,0.18800000
2018-02-25 03:01:40,0.03765300,2.46100000
2018-02-25 03:01:40,0.03767200,0.07900000
2018-02-25 03:01:43,0.03764400,0.42800000
2018-02-25 03:01:43,0.03765200,1.00000000
2018-02-25 03:01:43,0.03765200,1.00000000
2018-02-25 03:01:43,0.03765200,1.00000000
2018-02-25 03:01:44,0.03765200,0.06100000
2018-02-25 03:01:44,0.03765400,0.05300000
2018-02-25 03:01:44,0.03765100,2.57300000
2018-02-25 03:01:44,0.03767100,0.10700000
2018-02-25 03:01:45,0.03767300,0.11100000
2018-02-25 03:01:45,0.03767300,0.06700000
2018-02-25 03:01:45,0.03767300,0.24600000
2018-02-25 03:01:46,0.03767900,0.00200000
2018-02-25 03:01:49,0.03767900,0.11400000
2018-02-25 03:01:50,0.03768200,0.13500000
2018-02-25 03:01:50,0.03782700,0.10700000
2018-02-25 03:01:50,0.03782800,0.26500000
2018-02-25 03:01:50,0.03782900,1.46800000
2018-02-25 03:01:50,0.03785900,0.07900000
2018-02-25 03:01:50,0.03787700,0.19500000
2018-02-25 03:01:50,0.03790000,9.63300000
2018-02-25 03:01:50,0.03790100,5.73700000
2018-02-25 03:01:50,0.03790500,1.08700000
2018-02-25 03:01:50,0.03790600,0.09500000
2018-02-25 03:01:50,0.03793000,2.20000000
2018-02-25 03:01:50,0.03793200,0.11000000
2018-02-25 03:01:50,0.03794600,4.08000000
2018-02-25 03:01:50,0.03795000,0.35100000
2018-02-25 03:01:50,0.03797000,4.08900000
2018-02-25 03:01:50,0.03797400,0.14700000
2018-02-25 03:01:50,0.03797500,4.09000000
2018-02-25 03:01:50,0.03798500,0.76800000
2018-02-25 03:01:50,0.03799000,0.43800000
2018-02-25 03:01:50,0.03800000,56.01400000
2018-02-25 03:01:51,0.03769900,1.48200000
2018-02-25 03:01:51,0.03770100,0.15800000
2018-02-25 03:01:52,0.03771700,0.22800000
2018-02-25 03:01:52,0.03782700,0.29300000
2018-02-25 03:01:53,0.03773000,0.07900000
2018-02-25 03:01:53,0.03771700,0.05600000
2018-02-25 03:01:53,0.03771700,0.08100000
2018-02-25 03:01:53,0.03771800,0.30700000
2018-02-25 03:01:53,0.03771800,0.25600000
2018-02-25 03:01:53,0.03772000,0.07900000
2018-02-25 03:01:53,0.03782900,0.86900000
2018-02-25 03:01:53,0.03782900,1.12100000
2018-02-25 03:01:53,0.03799800,1.13600000
2018-02-25 03:01:54,0.03783400,1.34800000
2018-02-25 03:01:55,0.03783400,0.13500000
2018-02-25 03:01:55,0.03783400,0.21800000
2018-02-25 03:01:55,0.03783300,0.31000000
2018-02-25 03:01:55,0.03783200,0.11600000
2018-02-25 03:01:55,0.03783200,0.59600000
2018-02-25 03:01:55,0.03783200,0.33600000
2018-02-25 03:01:57,0.03783300,0.26400000
2018-02-25 03:01:57,0.03783200,0.32700000
2018-02-25 03:01:57,0.03783200,0.22400000
2018-02-25 03:01:58,0.03790800,0.06600000
2018-02-25 03:01:58,0.03790000,0.05500000
2018-02-25 03:01:59,0.03790000,5.02800000
2018-02-25 03:01:59,0.03790300,0.10000000
2018-02-25 03:01:59,0.03790000,2.76700000
2018-02-25 03:01:59,0.03790200,0.34600000
2018-02-25 03:01:59,0.03790700,0.26400000
2018-02-25 03:01:59,0.03790800,1.53300000
2018-02-25 03:02:00,0.03791200,0.05400000
2018-02-25 03:02:00,0.03791200,0.07000000
2018-02-25 03:02:00,0.03791200,4.51700000
2018-02-25 03:02:01,0.03783500,0.07300000
2018-02-25 03:02:02,0.03790500,0.56200000
2018-02-25 03:02:03,0.03790500,6.99300000
2018-02-25 03:02:03,0.03791600,0.07300000
2018-02-25 03:02:03,0.03791700,0.05900000
2018-02-25 03:02:04,0.03790500,4.00100000
2018-02-25 03:02:06,0.03790500,0.25600000
2018-02-25 03:02:06,0.03790500,0.25600000
2018-02-25 03:02:08,0.03791700,0.02000000
2018-02-25 03:02:11,0.03795000,0.05900000
2018-02-25 03:02:11,0.03798800,0.08500000
2018-02-25 03:02:11,0.03795000,0.07000000
2018-02-25 03:02:11,0.03798800,0.22100000
2018-02-25 03:02:15,0.03795000,0.44000000
2018-02-25 03:02:15,0.03795000,1.39500000
2018-02-25 03:02:15,0.03795000,0.15500000
2018-02-25 03:02:17,0.03798700,0.08700000
2018-02-25 03:02:17,0.03795000,0.02800000
2018-02-25 03:02:18,0.03791900,2.63500000
2018-02-25 03:02:18,0.03795000,5.08800000
2018-02-25 03:02:19,0.03795000,1.33600000
2018-02-25 03:02:19,0.03791700,1.12400000
2018-02-25 03:02:19,0.03794500,1.00000000
2018-02-25 03:02:20,0.03794500,1.63500000
2018-02-25 03:02:20,0.03794700,0.41900000
2018-02-25 03:02:20,0.03798900,0.22300000
2018-02-25 03:02:20,0.03799000,3.12100000
2018-02-25 03:02:20,0.03795000,0.14400000
2018-02-25 03:02:20,0.03795000,0.85100000
2018-02-25 03:02:21,0.03795000,0.02700000
2018-02-25 03:02:21,0.03795000,3.71700000
2018-02-25 03:02:21,0.03790700,0.72800000
2018-02-25 03:02:21,0.03790700,0.83600000
2018-02-25 03:02:21,0.03790700,0.22800000
2018-02-25 03:02:22,0.03790700,0.53700000
2018-02-25 03:02:22,0.03790700,0.30600000
2018-02-25 03:02:22,0.03790500,1.44600000
2018-02-25 03:02:22,0.03790500,0.93600000
2018-02-25 03:02:23,0.03790600,0.26300000
2018-02-25 03:02:23,0.03790500,0.51700000
2018-02-25 03:02:24,0.03790500,0.13200000
2018-02-25 03:02:24,0.03790500,0.51800000
2018-02-25 03:02:25,0.03790500,0.66000000
2018-02-25 03:02:26,0.03790500,1.60000000
2018-02-25 03:02:26,0.03790500,0.13500000
2018-02-25 03:02:26,0.03790500,8.88000000
2018-02-25 03:02:26,0.03790500,0.25600000
2018-02-25 03:02:26,0.03790500,9.00200000
2018-02-25 03:02:27,0.03790000,0.06700000
2018-02-25 03:02:27,0.03790000,0.58800000
2018-02-25 03:02:28,0.03790500,0.10500000
2018-02-25 03:02:28,0.03790000,6.95400000
2018-02-25 03:02:29,0.03781700,0.18500000
2018-02-25 03:02:29,0.03779200,0.18300000
2018-02-25 03:02:30,0.03779200,0.08600000
2018-02-25 03:02:30,0.03779300,0.29400000
2018-02-25 03:02:30,0.03790000,1.00400000
2018-02-25 03:02:30,0.03775000,9.13100000
2018-02-25 03:02:30,0.03772700,0.31800000
2018-02-25 03:02:30,0.03771500,0.07900000
2018-02-25 03:02:30,0.03770300,4.50900000
2018-02-25 03:02:30,0.03770000,0.28200000
2018-02-25 03:02:30,0.03769600,0.07900000
2018-02-25 03:02:30,0.03768000,0.96500000
2018-02-25 03:02:30,0.03765500,5.31100000
2018-02-25 03:02:30,0.03764000,1.37300000
2018-02-25 03:02:30,0.03760700,2.73000000
2018-02-25 03:02:30,0.03760600,0.22300000
2018-02-25 03:02:31,0.03775100,0.82400000
2018-02-25 03:02:31,0.03775100,0.06100000
2018-02-25 03:02:31,0.03775100,0.14000000
2018-02-25 03:02:32,0.03760900,0.61100000
2018-02-25 03:02:32,0.03761000,0.18600000
2018-02-25 03:02:32,0.03775100,0.28400000
2018-02-25 03:02:32,0.03775100,0.28600000
2018-02-25 03:02:32,0.03761000,1.03500000
2018-02-25 03:02:32,0.03761000,0.25600000
2018-02-25 03:02:32,0.03761000,0.50800000
2018-02-25 03:02:32,0.03761000,0.06800000
2018-02-25 03:02:32,0.03761000,0.91800000
2018-02-25 03:02:32,0.03761000,0.44000000
2018-02-25 03:02:32,0.03761000,1.81000000
2018-02-25 03:02:32,0.03760900,2.15100000
2018-02-25 03:02:32,0.03760800,0.07600000
2018-02-25 03:02:33,0.03760800,0.03200000
2018-02-25 03:02:33,0.03774600,1.63100000
2018-02-25 03:02:33,0.03774800,0.26300000
2018-02-25 03:02:33,0.03775100,0.24300000
2018-02-25 03:02:33,0.03760800,0.13000000
2018-02-25 03:02:33,0.03761000,0.03300000
2018-02-25 03:02:33,0.03761000,0.11800000
2018-02-25 03:02:33,0.03761000,2.05300000
2018-02-25 03:02:33,0.03761000,0.15600000
2018-02-25 03:02:33,0.03761000,0.29500000
2018-02-25 03:02:33,0.03779200,0.85300000
2018-02-25 03:02:34,0.03779200,0.35900000
2018-02-25 03:02:34,0.03779200,0.65800000
2018-02-25 03:02:34,0.03779200,0.12000000
2018-02-25 03:02:34,0.03779200,0.06700000
2018-02-25 03:02:34,0.03779200,1.68400000
2018-02-25 03:02:34,0.03779200,0.06700000
2018-02-25 03:02:34,0.03779200,0.06700000
2018-02-25 03:02:34,0.03779200,0.93400000
2018-02-25 03:02:34,0.03779200,0.70800000
2018-02-25 03:02:34,0.03779200,0.08000000
2018-02-25 03:02:34,0.03779200,8.18100000
2018-02-25 03:02:34,0.03760900,0.51200000
2018-02-25 03:02:34,0.03775800,0.13800000
2018-02-25 03:02:34,0.03760900,0.06700000
2018-02-25 03:02:34,0.03760900,0.08600000
2018-02-25 03:02:34,0.03760900,0.06200000
2018-02-25 03:02:34,0.03760900,0.20600000
2018-02-25 03:02:34,0.03764600,0.07900000
2018-02-25 03:02:34,0.03760900,0.45400000
2018-02-25 03:02:34,0.03760800,0.47100000
2018-02-25 03:02:34,0.03760800,0.15700000
2018-02-25 03:02:34,0.03760800,1.13800000
2018-02-25 03:02:34,0.03760800,0.08000000
2018-02-25 03:02:34,0.03760800,0.04900000
2018-02-25 03:02:34,0.03760800,0.13200000
2018-02-25 03:02:35,0.03760800,0.03200000
2018-02-25 03:02:35,0.03760800,1.18000000
2018-02-25 03:02:35,0.03760800,0.06800000
2018-02-25 03:02:35,0.03760800,0.15200000
2018-02-25 03:02:35,0.03760800,4.59000000
2018-02-25 03:02:35,0.03783100,0.26300000
2018-02-25 03:02:36,0.03760900,0.26500000
2018-02-25 03:02:36,0.03760800,0.09900000
2018-02-25 03:02:36,0.03760800,0.08100000
2018-02-25 03:02:36,0.03760800,0.08100000
2018-02-25 03:02:36,0.03761000,0.57600000
2018-02-25 03:02:36,0.03761000,0.12000000
2018-02-25 03:02:36,0.03761000,0.05500000
2018-02-25 03:02:37,0.03761000,0.26000000
2018-02-25 03:02:37,0.03761000,0.93100000
2018-02-25 03:02:37,0.03761000,0.05700000
2018-02-25 03:02:37,0.03761000,0.18800000
2018-02-25 03:02:37,0.03761000,1.25400000
2018-02-25 03:02:37,0.03761000,0.06800000
2018-02-25 03:02:37,0.03761000,0.25600000
2018-02-25 03:02:37,0.03761000,0.25600000
2018-02-25 03:02:37,0.03761000,0.85400000
2018-02-25 03:02:37,0.03761000,1.02400000
2018-02-25 03:02:37,0.03761000,0.39000000
2018-02-25 03:02:37,0.03761000,0.19200000
2018-02-25 03:02:37,0.03761000,0.06800000
2018-02-25 03:02:37,0.03761000,0.17500000
2018-02-25 03:02:37,0.03761000,0.09400000
2018-02-25 03:02:38,0.03761000,0.41500000
2018-02-25 03:02:38,0.03761000,1.07600000
2018-02-25 03:02:38,0.03761000,0.41200000
2018-02-25 03:02:38,0.03761000,0.59700000
2018-02-25 03:02:38,0.03782200,0.06600000
2018-02-25 03:02:39,0.03761000,0.30800000
2018-02-25 03:02:39,0.03761000,0.26000000
2018-02-25 03:02:39,0.03761000,0.25600000
2018-02-25 03:02:39,0.03761000,0.43300000
2018-02-25 03:02:39,0.03761000,5.05700000
2018-02-25 03:02:40,0.03761000,0.99800000
2018-02-25 03:02:40,0.03777700,2.32600000
2018-02-25 03:02:40,0.03777800,5.89600000
2018-02-25 03:02:40,0.03777800,2.08700000
2018-02-25 03:02:40,0.03777900,1.38700000
2018-02-25 03:02:40,0.03778200,0.39900000
2018-02-25 03:02:40,0.03778200,4.11000000
2018-02-25 03:02:40,0.03761000,0.05400000
2018-02-25 03:02:40,0.03761000,0.23200000
2018-02-25 03:02:40,0.03761200,0.06700000
2018-02-25 03:02:40,0.03761200,0.25600000
2018-02-25 03:02:40,0.03761200,0.12800000
2018-02-25 03:02:40,0.03761200,0.16000000
2018-02-25 03:02:41,0.03762000,0.33600000
2018-02-25 03:02:41,0.03762000,0.33900000
2018-02-25 03:02:41,0.03761300,0.53200000
2018-02-25 03:02:41,0.03761300,0.13400000
2018-02-25 03:02:41,0.03762200,0.25600000
2018-02-25 03:02:42,0.03762200,0.22800000
2018-02-25 03:02:42,0.03777800,0.29400000
2018-02-25 03:02:42,0.03762200,0.73200000
2018-02-25 03:02:42,0.03762300,0.20200000
2018-02-25 03:02:42,0.03762500,0.42600000
2018-02-25 03:02:42,0.03762500,0.40500000
2018-02-25 03:02:42,0.03762300,0.10700000
2018-02-25 03:02:42,0.03762300,0.48000000
2018-02-25 03:02:42,0.03762300,3.00500000
2018-02-25 03:02:42,0.03762300,0.16100000
2018-02-25 03:02:42,0.03762300,0.66000000
2018-02-25 03:02:42,0.03762300,0.21000000
2018-02-25 03:02:42,0.03762300,0.53800000
2018-02-25 03:02:43,0.03762300,0.07000000
2018-02-25 03:02:43,0.03762300,0.15100000
2018-02-25 03:02:43,0.03761300,0.00100000
2018-02-25 03:02:43,0.03761300,0.25600000
2018-02-25 03:02:43,0.03761300,0.07400000
2018-02-25 03:02:43,0.03761300,0.18600000
2018-02-25 03:02:43,0.03761000,0.07400000
2018-02-25 03:02:43,0.03761000,1.07400000
2018-02-25 03:02:43,0.03761000,0.12400000
2018-02-25 03:02:43,0.03761000,0.06800000
2018-02-25 03:02:43,0.03761000,1.26600000
2018-02-25 03:02:43,0.03781500,0.09300000
2018-02-25 03:02:43,0.03761000,0.27200000
2018-02-25 03:02:44,0.03761000,0.30700000
2018-02-25 03:02:44,0.03761000,0.94000000
2018-02-25 03:02:44,0.03761000,0.09900000
2018-02-25 03:02:44,0.03761000,1.07700000
2018-02-25 03:02:44,0.03761000,0.63400000
2018-02-25 03:02:44,0.03761000,0.49600000
2018-02-25 03:02:44,0.03761000,0.09400000
2018-02-25 03:02:45,0.03765000,0.06700000
2018-02-25 03:02:45,0.03765000,0.26000000
2018-02-25 03:02:45,0.03765000,0.27200000
2018-02-25 03:02:45,0.03765000,0.24800000
2018-02-25 03:02:45,0.03765000,0.49600000
2018-02-25 03:02:45,0.03777600,2.56500000
2018-02-25 03:02:45,0.03777800,0.80000000
2018-02-25 03:02:45,0.03765000,0.22400000
2018-02-25 03:02:45,0.03765000,0.64800000
2018-02-25 03:02:45,0.03765000,0.26000000
2018-02-25 03:02:45,0.03765000,0.26400000
2018-02-25 03:02:45,0.03765000,2.02100000
2018-02-25 03:02:45,0.03765000,0.48000000
2018-02-25 03:02:45,0.03765000,0.27200000
2018-02-25 03:02:45,0.03765000,0.13000000
2018-02-25 03:02:45,0.03765000,0.16800000
2018-02-25 03:02:45,0.03765000,0.15800000
2018-02-25 03:02:45,0.03765000,0.26000000
2018-02-25 03:02:45,0.03765000,0.25600000
2018-02-25 03:02:45,0.03765200,0.31400000
2018-02-25 03:02:45,0.03765200,0.15600000
2018-02-25 03:02:45,0.03765200,0.09500000
2018-02-25 03:02:45,0.03765200,0.26900000
2018-02-25 03:02:46,0.03765200,0.21200000
2018-02-25 03:02:46,0.03765200,0.06800000
2018-02-25 03:02:46,0.03765200,1.53900000
2018-02-25 03:02:46,0.03765000,1.92800000
2018-02-25 03:02:46,0.03765000,0.13000000
2018-02-25 03:02:46,0.03765000,0.07200000
2018-02-25 03:02:46,0.03765000,1.16400000
2018-02-25 03:02:46,0.03765000,0.42000000
2018-02-25 03:02:46,0.03765000,0.41600000
2018-02-25 03:02:46,0.03765000,1.38000000
2018-02-25 03:02:46,0.03765000,0.06700000
2018-02-25 03:02:46,0.03781000,0.10000000
2018-02-25 03:02:46,0.03765000,0.13100000
2018-02-25 03:02:46,0.03765000,0.06800000
2018-02-25 03:02:46,0.03765000,0.09300000
2018-02-25 03:02:46,0.03765000,0.05900000
2018-02-25 03:02:47,0.03765000,0.10800000
2018-02-25 03:02:47,0.03765000,0.10800000
2018-02-25 03:02:47,0.03765000,0.26400000
2018-02-25 03:02:47,0.03765000,0.05700000
2018-02-25 03:02:47,0.03765000,0.48000000
2018-02-25 03:02:47,0.03765000,1.18400000
2018-02-25 03:02:47,0.03765000,0.06800000
2018-02-25 03:02:47,0.03765000,0.26400000
2018-02-25 03:02:47,0.03765000,1.12800000
2018-02-25 03:02:48,0.03765000,0.06700000
2018-02-25 03:02:48,0.03765000,3.08000000
2018-02-25 03:02:48,0.03765000,0.52400000
2018-02-25 03:02:48,0.03765000,0.13500000
2018-02-25 03:02:48,0.03765000,2.89100000
2018-02-25 03:02:48,0.03765000,0.14800000
2018-02-25 03:02:48,0.03765000,0.06700000
2018-02-25 03:02:48,0.03765000,0.57200000
2018-02-25 03:02:48,0.03765000,0.06700000
2018-02-25 03:02:49,0.03765000,1.03600000
2018-02-25 03:02:49,0.03765000,0.09300000
2018-02-25 03:02:49,0.03765000,0.31200000
2018-02-25 03:02:49,0.03765000,0.24000000
2018-02-25 03:02:49,0.03765000,0.04000000
2018-02-25 03:02:49,0.03765000,0.15800000
2018-02-25 03:02:49,0.03765000,0.33200000
2018-02-25 03:02:50,0.03765000,1.13000000
2018-02-25 03:02:50,0.03779300,0.03200000
2018-02-25 03:02:50,0.03779300,0.06600000
2018-02-25 03:02:50,0.03765000,1.49400000
2018-02-25 03:02:50,0.03765000,0.13800000
2018-02-25 03:02:51,0.03765000,0.24300000
2018-02-25 03:02:51,0.03765000,0.17600000
2018-02-25 03:02:51,0.03765000,1.04600000
2018-02-25 03:02:52,0.03765000,0.50200000
2018-02-25 03:02:53,0.03765000,3.08100000
2018-02-25 03:02:53,0.03765000,0.25500000
2018-02-25 03:02:53,0.03765000,0.06800000
2018-02-25 03:02:53,0.03765000,0.25600000
2018-02-25 03:02:54,0.03765000,0.04600000
2018-02-25 03:02:54,0.03765000,0.49400000
2018-02-25 03:02:54,0.03765000,0.04000000
2018-02-25 03:02:54,0.03765000,0.50800000
2018-02-25 03:02:54,0.03765000,0.25600000
2018-02-25 03:02:54,0.03765000,0.19000000
2018-02-25 03:02:54,0.03765000,0.06700000
2018-02-25 03:02:54,0.03765000,1.45700000
2018-02-25 03:02:55,0.03765000,0.47200000
2018-02-25 03:02:55,0.03765000,0.18400000
2018-02-25 03:02:55,0.03765000,0.31200000
2018-02-25 03:02:55,0.03765000,1.16800000
2018-02-25 03:02:55,0.03765000,0.13400000
2018-02-25 03:02:55,0.03777800,0.58000000
2018-02-25 03:02:56,0.03765000,0.16400000
2018-02-25 03:02:56,0.03765000,0.25800000
2018-02-25 03:02:56,0.03765000,1.03000000
2018-02-25 03:02:56,0.03765000,1.49400000
2018-02-25 03:02:56,0.03765000,0.10400000
2018-02-25 03:02:56,0.03765000,0.23200000
2018-02-25 03:02:56,0.03765000,0.90000000
2018-02-25 03:02:56,0.03765000,1.47200000
2018-02-25 03:02:56,0.03765000,0.04800000
2018-02-25 03:02:57,0.03765000,0.67500000
2018-02-25 03:02:57,0.03765000,0.73600000
2018-02-25 03:02:57,0.03765000,0.06500000
2018-02-25 03:02:57,0.03765000,0.53400000
2018-02-25 03:02:58,0.03765000,0.23600000
2018-02-25 03:02:58,0.03765000,0.30800000
2018-02-25 03:02:58,0.03765000,0.06900000
2018-02-25 03:02:58,0.03765000,0.06400000
2018-02-25 03:02:58,0.03765000,0.47200000
2018-02-25 03:02:59,0.03765000,0.41200000
2018-02-25 03:02:59,0.03775300,0.39000000
2018-02-25 03:02:59,0.03765000,0.25600000
2018-02-25 03:02:59,0.03765100,1.76900000
2018-02-25 03:02:59,0.03765100,0.15800000
2018-02-25 03:03:00,0.03775000,1.00000000
2018-02-25 03:03:00,0.03775000,0.58500000
2018-02-25 03:03:00,0.03775200,0.41500000
2018-02-25 03:03:00,0.03775200,0.50800000
2018-02-25 03:03:00,0.03765100,3.12400000
2018-02-25 03:03:00,0.03765300,0.51200000
2018-02-25 03:03:01,0.03774900,0.29500000
2018-02-25 03:03:01,0.03775500,0.23300000
2018-02-25 03:03:02,0.03775500,0.03200000
2018-02-25 03:03:02,0.03765600,0.22400000
2018-02-25 03:03:03,0.03765600,0.26000000
2018-02-25 03:03:03,0.03774900,0.05600000
2018-02-25 03:03:04,0.03765900,0.97600000
2018-02-25 03:03:04,0.03765900,0.25600000
2018-02-25 03:03:04,0.03765900,0.55200000
2018-02-25 03:03:05,0.03765900,0.13300000
2018-02-25 03:03:05,0.03765100,0.44300000
2018-02-25 03:03:05,0.03774500,2.60800000
2018-02-25 03:03:05,0.03774500,0.30500000
2018-02-25 03:03:05,0.03774700,2.22700000
2018-02-25 03:03:06,0.03774700,2.43900000
2018-02-25 03:03:06,0.03774700,0.47900000
2018-02-25 03:03:06,0.03774800,0.88800000
2018-02-25 03:03:06,0.03774700,1.18900000
2018-02-25 03:03:08,0.03774600,0.06900000
2018-02-25 03:03:08,0.03766000,0.41300000
2018-02-25 03:03:09,0.03774500,1.51100000
2018-02-25 03:03:09,0.03774500,0.13300000
2018-02-25 03:03:09,0.03773500,0.39800000
2018-02-25 03:03:09,0.03774600,0.20000000
2018-02-25 03:03:09,0.03774700,1.60100000
2018-02-25 03:03:09,0.03774700,1.38700000
2018-02-25 03:03:09,0.03774700,1.06800000
2018-02-25 03:03:10,0.03773900,0.13200000
2018-02-25 03:03:10,0.03774700,0.34900000
2018-02-25 03:03:11,0.03766000,2.23900000
2018-02-25 03:03:11,0.03765800,0.26500000
2018-02-25 03:03:11,0.03765100,1.16600000
2018-02-25 03:03:12,0.03773500,0.11400000
2018-02-25 03:03:12,0.03773600,2.65200000
2018-02-25 03:03:12,0.03773800,0.26000000
2018-02-25 03:03:13,0.03774300,0.21200000
2018-02-25 03:03:13,0.03774900,0.10400000
2018-02-25 03:03:14,0.03776400,0.39800000
2018-02-25 03:03:17,0.03777600,0.26500000
2018-02-25 03:03:17,0.03783300,0.07900000
2018-02-25 03:03:18,0.03777900,0.50400000
2018-02-25 03:03:18,0.03778200,2.64700000
2018-02-25 03:03:18,0.03778000,0.26400000
2018-02-25 03:03:18,0.03777700,4.46000000
2018-02-25 03:03:18,0.03777700,0.07500000
2018-02-25 03:03:20,0.03778000,0.16600000
2018-02-25 03:03:20,0.03789300,2.23600000
2018-02-25 03:03:21,0.03789300,0.91500000
2018-02-25 03:03:21,0.03789500,0.83300000
2018-02-25 03:03:21,0.03778900,0.07900000
2018-02-25 03:03:21,0.03777700,1.83000000
2018-02-25 03:03:21,0.03766400,1.53700000
2018-02-25 03:03:22,0.03789300,0.23500000
2018-02-25 03:03:22,0.03767000,0.13400000
2018-02-25 03:03:23,0.03789300,1.46800000
2018-02-25 03:03:23,0.03789400,0.26400000
2018-02-25 03:03:23,0.03767000,0.13000000
2018-02-25 03:03:23,0.03789500,0.26400000
2018-02-25 03:03:23,0.03767300,0.25600000
2018-02-25 03:03:23,0.03767300,0.38800000
2018-02-25 03:03:23,0.03767300,0.34800000
2018-02-25 03:03:23,0.03767300,0.06400000
2018-02-25 03:03:23,0.03767300,0.73600000
2018-02-25 03:03:24,0.03767600,0.25600000
2018-02-25 03:03:24,0.03767600,0.33800000
2018-02-25 03:03:24,0.03767400,0.50200000
2018-02-25 03:03:24,0.03767500,0.53500000
2018-02-25 03:03:24,0.03767500,0.51200000
2018-02-25 03:03:24,0.03767500,0.54000000
2018-02-25 03:03:24,0.03767500,0.12400000
2018-02-25 03:03:24,0.03789300,0.06600000
2018-02-25 03:03:25,0.03767600,0.20800000
2018-02-25 03:03:25,0.03767600,0.05700000
2018-02-25 03:03:25,0.03767500,0.22700000
2018-02-25 03:03:25,0.03767500,0.06700000
2018-02-25 03:03:25,0.03767500,0.76400000
2018-02-25 03:03:25,0.03767700,0.29800000
2018-02-25 03:03:25,0.03767500,0.21400000
2018-02-25 03:03:25,0.03767500,0.14200000
2018-02-25 03:03:25,0.03767500,0.03000000
2018-02-25 03:03:25,0.03789000,0.57600000
2018-02-25 03:03:25,0.03767600,0.86100000
2018-02-25 03:03:25,0.03767600,0.50000000
2018-02-25 03:03:25,0.03767600,0.51200000
2018-02-25 03:03:26,0.03767600,0.26800000
2018-02-25 03:03:26,0.03767600,0.51400000
2018-02-25 03:03:26,0.03767600,0.06700000
2018-02-25 03:03:26,0.03789000,0.71600000
2018-02-25 03:03:26,0.03767600,0.05300000
2018-02-25 03:03:26,0.03788900,0.71600000
2018-02-25 03:03:26,0.03767600,0.26000000
2018-02-25 03:03:26,0.03767600,0.22000000
2018-02-25 03:03:26,0.03767600,1.17800000
2018-02-25 03:03:26,0.03767700,0.25600000
2018-02-25 03:03:26,0.03767700,0.16300000
2018-02-25 03:03:26,0.03767700,1.99900000
2018-02-25 03:03:27,0.03767500,4.41800000
2018-02-25 03:03:27,0.03788700,0.40200000
2018-02-25 03:03:27,0.03788700,0.06600000
2018-02-25 03:03:27,0.03767500,0.11800000
2018-02-25 03:03:28,0.03767500,0.86400000
2018-02-25 03:03:28,0.03788400,0.10300000
2018-02-25 03:03:28,0.03788300,0.26500000
2018-02-25 03:03:28,0.03788400,0.39500000
2018-02-25 03:03:29,0.03788400,0.04800000
2018-02-25 03:03:30,0.03777500,0.27800000
2018-02-25 03:03:30,0.03777700,0.50000000
2018-02-25 03:03:30,0.03766200,0.10000000
2018-02-25 03:03:32,0.03788200,0.17600000
2018-02-25 03:03:32,0.03788200,0.32600000
2018-02-25 03:03:32,0.03788100,0.13200000
2018-02-25 03:03:35,0.03788000,0.05700000
2018-02-25 03:03:36,0.03787900,0.50400000
2018-02-25 03:03:36,0.03768400,0.29800000
2018-02-25 03:03:37,0.03787900,0.52800000
2018-02-25 03:03:38,0.03768700,0.52400000
2018-02-25 03:03:38,0.03778100,0.26400000
2018-02-25 03:03:38,0.03778000,0.83000000
2018-02-25 03:03:39,0.03787600,0.06600000
2018-02-25 03:03:39,0.03787600,0.00200000
2018-02-25 03:03:40,0.03787600,0.21100000
2018-02-25 03:03:42,0.03787400,0.10600000
2018-02-25 03:03:44,0.03778200,1.73200000
2018-02-25 03:03:44,0.03778000,0.93700000
2018-02-25 03:03:44,0.03787300,0.26400000
2018-02-25 03:03:45,0.03786800,2.00000000
2018-02-25 03:03:45,0.03777500,2.00700000
2018-02-25 03:03:45,0.03786800,0.03200000
2018-02-25 03:03:45,0.03769300,0.22400000
2018-02-25 03:03:46,0.03786800,0.03200000
2018-02-25 03:03:47,0.03769300,0.51200000
2018-02-25 03:03:47,0.03769300,0.13000000
2018-02-25 03:03:48,0.03769300,0.07400000
2018-02-25 03:03:48,0.03769300,0.42000000
2018-02-25 03:03:48,0.03769300,0.26000000
2018-02-25 03:03:48,0.03785600,0.07100000
2018-02-25 03:03:48,0.03769300,0.10400000
2018-02-25 03:03:48,0.03769300,0.41600000
2018-02-25 03:03:48,0.03769300,0.25500000
2018-02-25 03:03:48,0.03769300,0.06700000
2018-02-25 03:03:49,0.03769300,0.25600000
2018-02-25 03:03:49,0.03769300,0.40800000
2018-02-25 03:03:50,0.03769300,0.26700000
2018-02-25 03:03:52,0.03768600,0.22000000
2018-02-25 03:03:53,0.03782600,0.13200000
2018-02-25 03:03:54,0.03768600,0.27400000
2018-02-25 03:03:56,0.03781700,0.06600000
2018-02-25 03:03:56,0.03768600,0.14500000
2018-02-25 03:03:56,0.03767900,0.55200000
2018-02-25 03:03:56,0.03767800,0.40900000
2018-02-25 03:03:57,0.03767800,0.26000000
2018-02-25 03:03:58,0.03771100,0.08700000
2018-02-25 03:03:58,0.03771100,2.05000000
2018-02-25 03:03:58,0.03780500,0.23800000
2018-02-25 03:04:02,0.03771100,0.05900000
2018-02-25 03:04:04,0.03771100,0.13600000
2018-02-25 03:04:04,0.03771100,1.58400000
2018-02-25 03:04:05,0.03771100,0.86800000
2018-02-25 03:04:10,0.03768600,0.82400000
2018-02-25 03:04:12,0.03776400,0.08700000
2018-02-25 03:04:12,0.03768600,0.08600000
2018-02-25 03:04:16,0.03770000,0.10000000
2018-02-25 03:04:19,0.03768600,0.23000000
2018-02-25 03:04:22,0.03768600,0.25600000
2018-02-25 03:04:23,0.03768600,0.08700000
2018-02-25 03:04:27,0.03768600,0.14400000
2018-02-25 03:04:29,0.03768100,0.15400000
2018-02-25 03:04:29,0.03768300,0.09500000
2018-02-25 03:04:29,0.03768500,1.95300000
2018-02-25 03:04:29,0.03768500,0.05500000
2018-02-25 03:04:29,0.03768500,1.38500000
2018-02-25 03:04:29,0.03768600,0.56800000
2018-02-25 03:04:32,0.03767800,0.73100000
2018-02-25 03:04:33,0.03767800,1.35900000
2018-02-25 03:04:34,0.03767800,0.02600000
2018-02-25 03:04:34,0.03768500,0.23900000
2018-02-25 03:04:43,0.03767600,0.49500000
2018-02-25 03:04:45,0.03768300,1.57700000
2018-02-25 03:04:45,0.03768400,0.38800000
2018-02-25 03:04:45,0.03768500,0.42400000
2018-02-25 03:04:45,0.03768500,1.34800000
2018-02-25 03:04:47,0.03768200,0.39800000
2018-02-25 03:04:47,0.03768500,13.22800000
2018-02-25 03:04:47,0.03770000,3.99700000
2018-02-25 03:04:53,0.03770000,0.26500000
2018-02-25 03:04:53,0.03770000,0.87900000
2018-02-25 03:04:55,0.03770000,0.92500000
2018-02-25 03:05:00,0.03770000,2.06800000
2018-02-25 03:05:03,0.03770000,2.00300000
2018-02-25 03:05:07,0.03768500,0.05600000
2018-02-25 03:05:12,0.03768500,0.15900000
2018-02-25 03:05:13,0.03768500,0.06600000
2018-02-25 03:05:19,0.03768500,0.15400000
2018-02-25 03:05:19,0.03768500,0.15400000
2018-02-25 03:05:22,0.03768500,0.59100000
2018-02-25 03:05:27,0.03770000,0.20700000
2018-02-25 03:05:33,0.03770000,0.26300000
2018-02-25 03:05:36,0.03770000,7.97400000
2018-02-25 03:05:41,0.03770300,0.07900000
2018-02-25 03:05:41,0.03772400,0.02500000
2018-02-25 03:05:48,0.03772400,0.07400000
2018-02-25 03:05:52,0.03770000,0.99900000
2018-02-25 03:05:54,0.03772400,0.36600000
2018-02-25 03:05:55,0.03772600,2.65000000
2018-02-25 03:05:59,0.03772400,1.02000000
2018-02-25 03:06:01,0.03772300,1.63000000
2018-02-25 03:06:01,0.03772500,0.27800000
2018-02-25 03:06:08,0.03772500,0.22500000
2018-02-25 03:06:08,0.03772500,5.05000000
2018-02-25 03:06:09,0.03772500,0.52000000
2018-02-25 03:06:11,0.03773300,2.65000000
2018-02-25 03:06:11,0.03773100,0.10700000
2018-02-25 03:06:11,0.03772800,0.58700000
2018-02-25 03:06:13,0.03782100,0.06600000
2018-02-25 03:06:13,0.03781900,0.13200000
2018-02-25 03:06:15,0.03781600,0.06600000
2018-02-25 03:06:15,0.03781600,0.06600000
2018-02-25 03:06:25,0.03779500,0.03200000
2018-02-25 03:06:27,0.03772800,2.02800000
2018-02-25 03:06:27,0.03772800,0.43100000
2018-02-25 03:06:28,0.03772500,3.50800000
2018-02-25 03:06:29,0.03778900,2.35400000
2018-02-25 03:06:29,0.03779400,0.58700000
2018-02-25 03:06:30,0.03779500,5.41400000
2018-02-25 03:06:30,0.03780300,0.07900000
2018-02-25 03:06:31,0.03772800,0.13200000
2018-02-25 03:06:33,0.03772800,0.36300000
2018-02-25 03:06:37,0.03770900,0.60100000
2018-02-25 03:06:37,0.03770900,0.15200000
2018-02-25 03:06:38,0.03780100,4.92500000
2018-02-25 03:06:38,0.03780200,4.27500000
2018-02-25 03:06:41,0.03773000,1.89800000
2018-02-25 03:06:41,0.03772800,0.52900000
2018-02-25 03:06:41,0.03772600,0.26500000
2018-02-25 03:06:41,0.03771800,0.13200000
2018-02-25 03:06:50,0.03775000,15.27100000
2018-02-25 03:06:51,0.03771000,4.70600000
2018-02-25 03:07:09,0.03771400,2.67300000
2018-02-25 03:07:18,0.03772000,0.11700000
2018-02-25 03:07:18,0.03771400,3.40800000
2018-02-25 03:07:18,0.03771300,2.76900000
2018-02-25 03:07:18,0.03771000,3.09600000
2018-02-25 03:07:18,0.03770900,4.88400000
2018-02-25 03:07:19,0.03771000,1.00000000
2018-02-25 03:07:19,0.03771000,1.00000000
2018-02-25 03:07:19,0.03771000,1.00000000
2018-02-25 03:07:19,0.03771000,0.40800000
2018-02-25 03:07:19,0.03770200,0.54300000
2018-02-25 03:07:22,0.03767700,3.40800000
2018-02-25 03:07:22,0.03767600,1.92600000
2018-02-25 03:07:24,0.03776900,0.06400000
2018-02-25 03:07:25,0.03770200,0.40200000
2018-02-25 03:07:32,0.03776300,0.13200000
2018-02-25 03:07:32,0.03776800,0.13200000
2018-02-25 03:07:33,0.03770200,0.50500000
2018-02-25 03:07:36,0.03768200,0.65500000
2018-02-25 03:07:42,0.03768200,0.20600000
2018-02-25 03:07:44,0.03768200,1.98500000
2018-02-25 03:07:45,0.03768000,2.04400000
2018-02-25 03:07:50,0.03765900,0.07500000
2018-02-25 03:07:52,0.03766100,0.13200000
2018-02-25 03:07:52,0.03765900,0.05700000
2018-02-25 03:07:52,0.03765700,0.13200000
2018-02-25 03:07:52,0.03765500,0.24000000
2018-02-25 03:07:55,0.03765500,0.10000000
2018-02-25 03:07:55,0.03765400,0.54300000
2018-02-25 03:07:55,0.03765400,0.79200000
2018-02-25 03:07:55,0.03765300,2.66400000
2018-02-25 03:07:55,0.03765500,0.10000000
2018-02-25 03:07:56,0.03765300,1.84300000
2018-02-25 03:07:57,0.03765300,0.21000000
2018-02-25 03:07:57,0.03765100,0.26200000
2018-02-25 03:07:57,0.03765000,0.26200000
2018-02-25 03:07:58,0.03765000,0.95200000
2018-02-25 03:08:00,0.03765000,0.13200000
2018-02-25 03:08:02,0.03765000,0.40300000
2018-02-25 03:08:03,0.03765000,5.22900000
2018-02-25 03:08:03,0.03765000,1.31900000
2018-02-25 03:08:08,0.03760000,0.22000000
2018-02-25 03:08:08,0.03760000,3.89500000
2018-02-25 03:08:09,0.03765000,0.06000000
2018-02-25 03:08:14,0.03760000,0.87000000
2018-02-25 03:08:17,0.03764900,0.82300000
2018-02-25 03:08:17,0.03765000,2.71200000
2018-02-25 03:08:22,0.03765000,0.04700000
2018-02-25 03:08:22,0.03765000,0.94900000
2018-02-25 03:08:29,0.03765300,0.05100000
2018-02-25 03:08:34,0.03765300,0.26500000
2018-02-25 03:08:37,0.03765000,1.35400000
2018-02-25 03:08:43,0.03765300,0.13300000
2018-02-25 03:08:44,0.03765100,0.48600000
2018-02-25 03:08:44,0.03765000,0.00100000
2018-02-25 03:08:44,0.03760100,1.01700000
2018-02-25 03:08:44,0.03760000,2.63700000
2018-02-25 03:08:44,0.03757500,0.94400000
2018-02-25 03:08:44,0.03757100,0.26600000
2018-02-25 03:08:44,0.03754100,0.42100000
2018-02-25 03:08:44,0.03754000,0.98500000
2018-02-25 03:08:44,0.03753500,0.39400000
2018-02-25 03:08:44,0.03753400,4.52900000
2018-02-25 03:08:44,0.03752600,0.58500000
2018-02-25 03:08:45,0.03753800,2.66500000
2018-02-25 03:08:45,0.03753600,0.29400000
2018-02-25 03:08:46,0.03750700,1.33300000
2018-02-25 03:08:46,0.03750700,1.33300000
2018-02-25 03:08:46,0.03750700,1.33300000
2018-02-25 03:08:46,0.03750700,1.13900000
2018-02-25 03:08:46,0.03750600,0.19400000
2018-02-25 03:08:46,0.03750600,1.13900000
2018-02-25 03:08:46,0.03750000,1.03900000
2018-02-25 03:08:46,0.03750000,2.18600000
2018-02-25 03:08:46,0.03750000,1.04100000
2018-02-25 03:08:48,0.03753600,0.06700000
2018-02-25 03:08:50,0.03763500,1.89100000
2018-02-25 03:08:52,0.03748900,0.39800000
2018-02-25 03:08:52,0.03745000,0.05600000
2018-02-25 03:08:52,0.03744400,0.21900000
2018-02-25 03:08:54,0.03745100,0.02600000
2018-02-25 03:08:56,0.03746800,0.13300000
2018-02-25 03:08:58,0.03746600,0.13300000
2018-02-25 03:08:58,0.03745100,0.38600000
2018-02-25 03:08:59,0.03760500,0.07400000
2018-02-25 03:09:01,0.03744600,0.40000000
2018-02-25 03:09:01,0.03760200,0.26500000
2018-02-25 03:09:04,0.03759600,0.09300000
2018-02-25 03:09:11,0.03744400,0.13300000
2018-02-25 03:09:12,0.03742900,0.62400000
2018-02-25 03:09:12,0.03742300,0.22200000
2018-02-25 03:09:12,0.03742100,0.08000000
2018-02-25 03:09:14,0.03749600,0.13300000
2018-02-25 03:09:31,0.03741600,0.22400000
2018-02-25 03:09:32,0.03746600,0.20900000
2018-02-25 03:09:32,0.03746800,0.05700000
2018-02-25 03:09:38,0.03746800,0.26600000
2018-02-25 03:09:38,0.03745000,0.14900000
2018-02-25 03:09:42,0.03744900,0.38200000
2018-02-25 03:09:42,0.03745000,0.33800000
2018-02-25 03:09:48,0.03745000,6.28000000
2018-02-25 03:09:49,0.03745000,0.82100000
2018-02-25 03:09:50,0.03746400,0.39700000
2018-02-25 03:09:50,0.03746500,4.45100000
2018-02-25 03:09:51,0.03745000,8.56000000
2018-02-25 03:09:51,0.03742000,3.00000000
2018-02-25 03:09:51,0.03741600,1.30100000
2018-02-25 03:09:52,0.03741600,0.28200000
2018-02-25 03:09:59,0.03746500,0.20800000
2018-02-25 03:09:59,0.03746700,0.11700000
2018-02-25 03:09:59,0.03746800,0.20400000
2018-02-25 03:09:59,0.03747400,0.68300000
2018-02-25 03:09:59,0.03747400,0.30100000
2018-02-25 03:10:02,0.03747400,0.70200000
2018-02-25 03:10:03,0.03741800,1.46000000
2018-02-25 03:10:07,0.03747400,0.03200000
2018-02-25 03:10:09,0.03741800,1.20800000
2018-02-25 03:10:09,0.03741700,0.29200000
2018-02-25 03:10:14,0.03741600,0.86000000
2018-02-25 03:10:14,0.03741600,0.17200000
2018-02-25 03:10:14,0.03740000,0.39200000
2018-02-25 03:10:14,0.03740000,0.59100000
2018-02-25 03:10:15,0.03740000,0.35300000
2018-02-25 03:10:15,0.03737200,0.66900000
2018-02-25 03:10:15,0.03735000,3.61500000
2018-02-25 03:10:17,0.03735000,0.32100000
2018-02-25 03:10:33,0.03735000,0.98100000
2018-02-25 03:10:33,0.03733800,0.26300000
2018-02-25 03:10:37,0.03733800,0.05700000
2018-02-25 03:10:37,0.03732500,0.37400000
2018-02-25 03:10:37,0.03732200,1.00000000
2018-02-25 03:10:37,0.03732200,1.00000000
2018-02-25 03:10:37,0.03732200,0.66800000
2018-02-25 03:10:37,0.03732400,0.10600000
2018-02-25 03:10:41,0.03730200,0.11600000
2018-02-25 03:10:41,0.03730100,0.26800000
2018-02-25 03:10:41,0.03730000,5.04300000
2018-02-25 03:10:41,0.03729000,0.33300000
2018-02-25 03:10:41,0.03727400,0.70000000
2018-02-25 03:10:42,0.03725800,0.68700000
2018-02-25 03:10:42,0.03725800,0.31300000
2018-02-25 03:10:42,0.03725600,0.40400000
2018-02-25 03:10:42,0.03724600,0.13400000
2018-02-25 03:10:42,0.03724200,0.36300000
2018-02-25 03:10:42,0.03724200,0.13500000
2018-02-25 03:10:43,0.03724400,2.68100000
2018-02-25 03:10:43,0.03723400,0.18800000
2018-02-25 03:10:43,0.03723300,0.91300000
2018-02-25 03:10:45,0.03720100,0.05600000
2018-02-25 03:10:45,0.03720000,2.08600000
2018-02-25 03:10:45,0.03719500,0.33300000
2018-02-25 03:10:45,0.03717400,0.26900000
2018-02-25 03:10:45,0.03716700,0.32800000
2018-02-25 03:10:47,0.03729500,0.40400000
2018-02-25 03:10:49,0.03716900,0.30100000
2018-02-25 03:10:56,0.03725800,1.39100000
2018-02-25 03:11:01,0.03727900,0.17200000
2018-02-25 03:11:03,0.03718100,0.28700000
2018-02-25 03:11:03,0.03718000,0.16700000
2018-02-25 03:11:03,0.03716800,1.42800000
2018-02-25 03:11:03,0.03716500,1.23200000
2018-02-25 03:11:03,0.03715200,0.09400000
2018-02-25 03:11:03,0.03715100,0.66400000
2018-02-25 03:11:03,0.03713500,0.26900000
2018-02-25 03:11:03,0.03713000,5.65000000
2018-02-25 03:11:04,0.03727100,0.29800000
2018-02-25 03:11:06,0.03716900,0.80500000
2018-02-25 03:11:06,0.03716900,7.74400000
2018-02-25 03:11:07,0.03714400,0.10300000
2018-02-25 03:11:15,0.03723600,1.97900000
2018-02-25 03:11:15,0.03723800,0.90200000
2018-02-25 03:11:15,0.03725500,0.26500000
2018-02-25 03:11:15,0.03727000,0.52900000
2018-02-25 03:11:15,0.03727500,0.40000000
2018-02-25 03:11:15,0.03727800,0.26700000
2018-02-25 03:11:15,0.03727900,0.04200000
2018-02-25 03:11:16,0.03732300,0.08000000
2018-02-25 03:11:16,0.03723500,0.06600000
2018-02-25 03:11:17,0.03723500,0.22100000
2018-02-25 03:11:17,0.03732300,1.73200000
2018-02-25 03:11:23,0.03732200,0.06600000
2018-02-25 03:11:25,0.03721000,2.68700000
2018-02-25 03:11:25,0.03720900,1.26000000
2018-02-25 03:11:25,0.03720800,6.49800000
2018-02-25 03:11:25,0.03720500,0.56700000
2018-02-25 03:11:25,0.03720100,0.80500000
2018-02-25 03:11:25,0.03720100,6.49900000
2018-02-25 03:11:25,0.03719900,0.13400000
2018-02-25 03:11:26,0.03719900,2.55300000
2018-02-25 03:11:26,0.03720100,0.41100000
2018-02-25 03:11:27,0.03729900,0.26800000
2018-02-25 03:11:27,0.03730000,0.06900000
2018-02-25 03:11:27,0.03732000,1.26000000
2018-02-25 03:11:27,0.03732100,0.39700000
2018-02-25 03:11:28,0.03732200,0.29900000
2018-02-25 03:11:31,0.03732200,0.52100000
2018-02-25 03:11:32,0.03732400,0.06200000
2018-02-25 03:11:33,0.03732400,1.03400000
2018-02-25 03:11:33,0.03733800,0.09400000
2018-02-25 03:11:33,0.03735000,0.05500000
2018-02-25 03:11:34,0.03732800,0.61300000
2018-02-25 03:11:34,0.03732800,0.80300000
2018-02-25 03:11:35,0.03733000,2.26000000
2018-02-25 03:11:38,0.03733300,0.41600000
2018-02-25 03:11:38,0.03733100,0.14000000
2018-02-25 03:11:39,0.03740500,0.32600000
2018-02-25 03:11:39,0.03740500,0.24100000
2018-02-25 03:11:43,0.03732300,0.12700000
2018-02-25 03:11:43,0.03732200,2.87300000
2018-02-25 03:11:48,0.03739600,1.00000000
2018-02-25 03:11:49,0.03732200,0.05400000
2018-02-25 03:11:50,0.03739600,0.03200000
2018-02-25 03:11:51,0.03739300,0.56400000
2018-02-25 03:11:56,0.03739000,0.51300000
2018-02-25 03:11:56,0.03739200,1.41600000
2018-02-25 03:11:56,0.03739300,1.28000000
2018-02-25 03:11:57,0.03739300,0.04400000
2018-02-25 03:12:01,0.03739300,1.35000000
2018-02-25 03:12:02,0.03740700,0.06700000
2018-02-25 03:12:04,0.03740700,0.19600000
2018-02-25 03:12:04,0.03740800,1.58300000
2018-02-25 03:12:04,0.03739300,1.61400000
2018-02-25 03:12:04,0.03736900,0.47300000
2018-02-25 03:12:06,0.03736900,0.03400000
2018-02-25 03:12:07,0.03739300,2.13000000
2018-02-25 03:12:08,0.03740700,0.26700000
2018-02-25 03:12:08,0.03740800,4.64900000
2018-02-25 03:12:11,0.03740800,0.26700000
2018-02-25 03:12:11,0.03741100,2.04400000
2018-02-25 03:12:11,0.03741600,0.83800000
2018-02-25 03:12:20,0.03734100,1.00000000
2018-02-25 03:12:33,0.03734400,0.87400000
2018-02-25 03:12:35,0.03734400,0.80000000
2018-02-25 03:12:35,0.03734200,0.24700000
2018-02-25 03:12:38,0.03739600,0.05300000
2018-02-25 03:12:40,0.03734500,0.49000000
2018-02-25 03:12:40,0.03734200,2.65600000
2018-02-25 03:12:43,0.03739600,0.07500000
2018-02-25 03:12:48,0.03739600,0.39400000
2018-02-25 03:12:52,0.03739600,0.26700000
2018-02-25 03:12:58,0.03734400,1.95100000
2018-02-25 03:13:12,0.03734600,0.11900000
2018-02-25 03:13:12,0.03734500,0.04500000
2018-02-25 03:13:12,0.03734400,3.04900000
2018-02-25 03:13:12,0.03734200,1.88500000
2018-02-25 03:13:14,0.03734400,3.93800000
2018-02-25 03:13:14,0.03734400,0.38100000
2018-02-25 03:13:19,0.03737000,0.08000000
2018-02-25 03:13:19,0.03734200,0.10900000
2018-02-25 03:13:20,0.03734400,0.27000000
2018-02-25 03:13:22,0.03734400,0.04400000
2018-02-25 03:13:23,0.03737000,0.10500000
2018-02-25 03:13:25,0.03737000,0.05900000
2018-02-25 03:13:27,0.03737000,1.53300000
2018-02-25 03:13:35,0.03734600,2.67700000
2018-02-25 03:13:35,0.03734400,4.61600000
2018-02-25 03:13:35,0.03734200,6.37200000
2018-02-25 03:13:35,0.03734200,4.93900000
2018-02-25 03:13:35,0.03734100,2.15800000
2018-02-25 03:13:39,0.03733700,0.05400000
2018-02-25 03:13:42,0.03720100,0.06900000
2018-02-25 03:13:54,0.03720100,3.10900000
2018-02-25 03:13:59,0.03720100,0.38300000
2018-02-25 03:13:59,0.03720000,0.46500000
2018-02-25 03:13:59,0.03720100,0.10400000
2018-02-25 03:13:59,0.03720100,0.44100000
2018-02-25 03:14:01,0.03729300,0.06900000
2018-02-25 03:14:01,0.03729400,0.26700000
2018-02-25 03:14:08,0.03734100,0.70000000
2018-02-25 03:14:08,0.03734100,0.17700000
2018-02-25 03:14:08,0.03734100,0.72000000
2018-02-25 03:14:13,0.03734100,0.29400000
2018-02-25 03:14:23,0.03734000,0.78300000
2018-02-25 03:14:23,0.03734100,0.17100000
2018-02-25 03:14:28,0.03734200,2.69500000
2018-02-25 03:14:29,0.03734200,0.26700000
2018-02-25 03:14:34,0.03726100,2.68100000
2018-02-25 03:14:34,0.03725900,0.26800000
2018-02-25 03:14:35,0.03725800,0.80400000
2018-02-25 03:14:35,0.03725800,7.33700000
2018-02-25 03:14:35,0.03725800,2.33700000
2018-02-25 03:14:35,0.03725800,0.78100000
2018-02-25 03:14:36,0.03733900,2.63400000
2018-02-25 03:14:46,0.03733600,0.04700000
2018-02-25 03:14:46,0.03733800,0.11100000
2018-02-25 03:14:47,0.03734000,0.15700000
2018-02-25 03:14:47,0.03734100,1.24000000
2018-02-25 03:14:47,0.03734100,0.80200000
2018-02-25 03:14:47,0.03734100,0.80200000
2018-02-25 03:14:47,0.03734100,0.80100000
2018-02-25 03:14:49,0.03734100,0.06800000
2018-02-25 03:14:52,0.03734100,0.15000000
2018-02-25 03:14:53,0.03726000,2.68200000
2018-02-25 03:14:53,0.03726000,1.04200000
2018-02-25 03:14:53,0.03733900,2.68200000
2018-02-25 03:14:53,0.03734100,0.54300000
2018-02-25 03:14:53,0.03734200,15.86600000
2018-02-25 03:15:01,0.03730000,3.72400000
2018-02-25 03:15:02,0.03730000,0.22300000
2018-02-25 03:15:02,0.03734200,2.39900000
2018-02-25 03:15:10,0.03734200,0.64800000
2018-02-25 03:15:22,0.03730000,0.50000000
2018-02-25 03:15:25,0.03730000,4.31600000
2018-02-25 03:15:38,0.03730000,2.32400000
2018-02-25 03:15:40,0.03730000,0.51300000
2018-02-25 03:15:41,0.03732100,0.27900000
2018-02-25 03:15:42,0.03732100,0.02700000
2018-02-25 03:15:45,0.03732100,0.26700000
2018-02-25 03:15:46,0.03732100,0.61200000
2018-02-25 03:15:50,0.03732100,0.02900000
2018-02-25 03:15:55,0.03730000,0.35000000
2018-02-25 03:15:56,0.03732100,0.10200000
2018-02-25 03:15:59,0.03730000,0.17500000
2018-02-25 03:16:01,0.03730000,0.06000000
2018-02-25 03:16:09,0.03730000,0.38100000
2018-02-25 03:16:15,0.03729900,1.26600000
2018-02-25 03:16:17,0.03729900,1.26100000
2018-02-25 03:16:18,0.03723600,1.50900000
2018-02-25 03:16:19,0.03729900,2.07900000
2018-02-25 03:16:20,0.03723600,1.17400000
2018-02-25 03:16:20,0.03723600,0.35700000
2018-02-25 03:16:22,0.03729700,0.42300000
2018-02-25 03:16:28,0.03722500,0.20800000
2018-02-25 03:16:30,0.03729300,0.26800000
2018-02-25 03:16:32,0.03722500,2.69300000
2018-02-25 03:16:37,0.03722500,32.12200000
2018-02-25 03:16:37,0.03722500,4.82800000
2018-02-25 03:16:37,0.03722500,4.39600000
2018-02-25 03:16:43,0.03729300,0.21100000
2018-02-25 03:16:57,0.03715200,0.26900000
2018-02-25 03:16:57,0.03714900,7.56300000
2018-02-25 03:17:08,0.03715100,0.30900000
2018-02-25 03:17:08,0.03715000,0.48400000
2018-02-25 03:17:14,0.03715000,8.70700000
2018-02-25 03:17:14,0.03714100,1.29300000
2018-02-25 03:17:15,0.03726000,0.05900000
2018-02-25 03:17:16,0.03725600,0.33200000
2018-02-25 03:17:18,0.03725000,0.25500000
2018-02-25 03:17:22,0.03723600,0.04000000
2018-02-25 03:17:33,0.03721500,0.02300000
2018-02-25 03:17:38,0.03720600,1.32700000
2018-02-25 03:17:38,0.03720800,0.11100000
2018-02-25 03:17:38,0.03714200,0.04000000
2018-02-25 03:17:40,0.03714400,2.68800000
2018-02-25 03:17:40,0.03714200,0.05800000
2018-02-25 03:17:48,0.03719400,0.13400000
2018-02-25 03:17:48,0.03719100,0.48200000
2018-02-25 03:17:50,0.03719100,2.07200000
2018-02-25 03:17:50,0.03719400,0.19800000
2018-02-25 03:17:52,0.03719400,1.07300000
2018-02-25 03:17:52,0.03714500,2.56100000
2018-02-25 03:17:52,0.03720600,0.35200000
2018-02-25 03:18:03,0.03720600,0.13200000
2018-02-25 03:18:04,0.03720600,1.05400000
2018-02-25 03:18:08,0.03720600,0.91900000
2018-02-25 03:18:08,0.03720600,0.98000000
2018-02-25 03:18:10,0.03720600,2.24900000
2018-02-25 03:18:20,0.03715500,1.00000000
2018-02-25 03:18:22,0.03720000,3.46200000
2018-02-25 03:18:27,0.03715500,10.87400000
2018-02-25 03:18:27,0.03715400,0.26900000
2018-02-25 03:18:29,0.03715500,5.97200000
2018-02-25 03:18:29,0.03715500,2.27300000
2018-02-25 03:18:30,0.03715500,1.19200000
2018-02-25 03:18:32,0.03715400,10.18800000
2018-02-25 03:18:32,0.03715200,1.02400000
2018-02-25 03:18:35,0.03715500,2.49600000
2018-02-25 03:18:41,0.03715500,0.13900000
2018-02-25 03:18:41,0.03715500,0.13900000
2018-02-25 03:18:42,0.03715500,0.13900000
2018-02-25 03:18:44,0.03715500,4.52300000
2018-02-25 03:18:46,0.03719900,0.05900000
2018-02-25 03:18:47,0.03719900,0.13200000
2018-02-25 03:18:50,0.03720000,0.13300000
2018-02-25 03:18:54,0.03720000,0.38400000
2018-02-25 03:18:54,0.03720000,1.78400000
2018-02-25 03:18:55,0.03720000,0.21500000
2018-02-25 03:18:56,0.03720000,0.81100000
2018-02-25 03:18:57,0.03720000,19.97300000
2018-02-25 03:18:57,0.03720000,1.62300000
2018-02-25 03:18:57,0.03716300,0.06900000
2018-02-25 03:18:57,0.03715400,0.56300000
2018-02-25 03:18:57,0.03715000,0.88400000
2018-02-25 03:19:03,0.03721500,0.26900000
2018-02-25 03:19:03,0.03721500,0.13900000
2018-02-25 03:19:06,0.03720000,2.17000000
2018-02-25 03:19:14,0.03720000,8.76200000
2018-02-25 03:19:15,0.03720000,0.09500000
2018-02-25 03:19:16,0.03721400,0.10700000
2018-02-25 03:19:19,0.03715800,0.08200000
2018-02-25 03:19:22,0.03721200,1.08800000
2018-02-25 03:19:22,0.03715800,2.60500000
2018-02-25 03:19:24,0.03721000,2.68700000
2018-02-25 03:19:24,0.03721200,0.69400000
2018-02-25 03:19:24,0.03721400,2.41800000
2018-02-25 03:19:24,0.03721400,5.31500000
2018-02-25 03:19:25,0.03715800,0.66800000
2018-02-25 03:19:30,0.03715600,4.64300000
2018-02-25 03:19:33,0.03715600,0.16400000
2018-02-25 03:19:33,0.03719800,0.26800000
2018-02-25 03:19:36,0.03719800,0.06700000
2018-02-25 03:19:43,0.03719800,0.33300000
2018-02-25 03:19:47,0.03715600,4.91100000
2018-02-25 03:19:47,0.03715500,0.02800000
2018-02-25 03:19:49,0.03720000,7.00000000
2018-02-25 03:19:52,0.03715500,0.72100000
2018-02-25 03:19:55,0.03719800,0.13900000
2018-02-25 03:20:00,0.03720000,0.23000000
2018-02-25 03:20:06,0.03720000,0.06700000
2018-02-25 03:20:09,0.03720000,0.06400000
2018-02-25 03:20:10,0.03720000,0.95100000
2018-02-25 03:20:10,0.03721500,2.38200000
2018-02-25 03:20:16,0.03722500,0.06000000
2018-02-25 03:20:19,0.03719800,1.86100000
2018-02-25 03:20:40,0.03719800,4.94700000
2018-02-25 03:20:43,0.03715500,0.09500000
2018-02-25 03:20:46,0.03715500,8.06700000
2018-02-25 03:20:46,0.03714700,2.90000000
2018-02-25 03:20:46,0.03713000,3.69000000
2018-02-25 03:20:46,0.03711300,0.06600000
2018-02-25 03:20:46,0.03711200,5.38900000
2018-02-25 03:20:46,0.03710000,0.12500000
2018-02-25 03:20:46,0.03705700,18.93100000
2018-02-25 03:20:46,0.03702700,9.00000000
2018-02-25 03:20:46,0.03701800,2.70100000
2018-02-25 03:20:46,0.03701800,7.88400000
2018-02-25 03:20:46,0.03701800,7.88400000
2018-02-25 03:20:46,0.03701800,2.88100000
2018-02-25 03:20:48,0.03719500,0.10500000
2018-02-25 03:20:53,0.03708000,2.69700000
2018-02-25 03:20:53,0.03707900,0.11600000
2018-02-25 03:20:58,0.03710700,0.23700000
2018-02-25 03:20:58,0.03709800,0.34900000
2018-02-25 03:20:58,0.03708800,0.10400000
2018-02-25 03:21:02,0.03718300,0.05900000
2018-02-25 03:21:02,0.03709800,0.30600000
2018-02-25 03:21:02,0.03708800,0.03000000
2018-02-25 03:21:02,0.03706000,1.81200000
2018-02-25 03:21:02,0.03706000,0.26900000
2018-02-25 03:21:02,0.03706000,21.59800000
2018-02-25 03:21:03,0.03708700,0.06100000
2018-02-25 03:21:03,0.03704900,25.76900000
2018-02-25 03:21:03,0.03704800,2.59600000
2018-02-25 03:21:05,0.03717700,0.32200000
2018-02-25 03:21:05,0.03717400,2.31600000
2018-02-25 03:21:05,0.03717600,0.29400000
2018-02-25 03:21:05,0.03717900,0.08500000
2018-02-25 03:21:09,0.03717700,0.18400000
2018-02-25 03:21:09,0.03717800,0.07300000
2018-02-25 03:21:10,0.03708800,0.26900000
2018-02-25 03:21:10,0.03708700,0.92700000
2018-02-25 03:21:21,0.03717600,0.05900000
2018-02-25 03:21:28,0.03711900,1.58400000
2018-02-25 03:21:31,0.03712400,0.13400000
2018-02-25 03:21:31,0.03711700,0.13100000
2018-02-25 03:21:31,0.03710000,5.22300000
2018-02-25 03:21:31,0.03704200,0.02700000
2018-02-25 03:21:31,0.03701700,0.73800000
2018-02-25 03:21:31,0.03700000,8.16800000
2018-02-25 03:21:34,0.03716800,0.03200000
2018-02-25 03:21:35,0.03712400,0.13400000
2018-02-25 03:21:37,0.03711900,1.75200000
2018-02-25 03:21:37,0.03711900,0.14500000
2018-02-25 03:21:37,0.03711900,0.58200000
2018-02-25 03:21:37,0.03712100,2.70100000
2018-02-25 03:21:38,0.03712400,0.81400000
2018-02-25 03:21:42,0.03711000,0.67000000
2018-02-25 03:21:54,0.03717500,1.08900000
2018-02-25 03:22:00,0.03711000,0.27400000
2018-02-25 03:22:07,0.03712800,0.38600000
2018-02-25 03:22:07,0.03712300,0.18700000
2018-02-25 03:22:08,0.03712300,0.20200000
2018-02-25 03:22:08,0.03711600,0.52300000
2018-02-25 03:22:08,0.03711000,0.40000000
2018-02-25 03:22:08,0.03710000,0.40000000
2018-02-25 03:22:08,0.03709700,0.21400000
2018-02-25 03:22:08,0.03709500,0.07700000
2018-02-25 03:22:08,0.03709500,0.07700000
2018-02-25 03:22:09,0.03709500,0.79000000
2018-02-25 03:22:09,0.03709700,0.05500000
2018-02-25 03:22:09,0.03710000,7.05500000
2018-02-25 03:22:09,0.03710000,1.90200000
2018-02-25 03:22:09,0.03710000,1.64200000
2018-02-25 03:22:10,0.03710000,3.90300000
2018-02-25 03:22:18,0.03710000,0.03000000
2018-02-25 03:22:18,0.03710000,0.04300000
2018-02-25 03:22:24,0.03710000,2.91400000
2018-02-25 03:22:25,0.03710000,1.31700000
2018-02-25 03:22:27,0.03710000,2.45700000
2018-02-25 03:22:28,0.03705900,0.19300000
2018-02-25 03:22:28,0.03705500,0.08500000
2018-02-25 03:22:28,0.03705000,0.21200000
2018-02-25 03:22:28,0.03704500,0.10100000
2018-02-25 03:22:28,0.03702500,0.02100000
2018-02-25 03:22:30,0.03710000,0.26900000
2018-02-25 03:22:31,0.03702700,2.69700000
2018-02-25 03:22:31,0.03702500,0.24900000
2018-02-25 03:22:31,0.03702500,0.19100000
2018-02-25 03:22:31,0.03702500,0.15900000
2018-02-25 03:22:32,0.03702300,2.69700000
2018-02-25 03:22:32,0.03702500,3.49100000
2018-02-25 03:22:38,0.03709900,0.06600000
2018-02-25 03:22:39,0.03709900,0.01600000
2018-02-25 03:22:39,0.03710000,0.06300000
2018-02-25 03:22:39,0.03710000,0.06600000
2018-02-25 03:22:43,0.03702700,1.16400000
2018-02-25 03:22:54,0.03703700,1.53500000
2018-02-25 03:22:54,0.03703500,0.36700000
2018-02-25 03:22:54,0.03702800,0.44900000
2018-02-25 03:22:54,0.03702700,2.64900000
2018-02-25 03:22:54,0.03700300,1.71300000
2018-02-25 03:22:54,0.03700000,3.56100000
2018-02-25 03:22:55,0.03709200,0.56600000
2018-02-25 03:23:00,0.03708300,0.05400000
2018-02-25 03:23:00,0.03708300,1.11000000
2018-02-25 03:23:00,0.03708500,0.27000000
2018-02-25 03:23:00,0.03710000,1.31600000
2018-02-25 03:23:03,0.03700500,0.34200000
2018-02-25 03:23:07,0.03707700,0.04000000
2018-02-25 03:23:10,0.03700200,0.27000000
2018-02-25 03:23:10,0.03700200,1.55600000
2018-02-25 03:23:12,0.03706200,0.08100000
2018-02-25 03:23:13,0.03706100,0.02700000
2018-02-25 03:23:13,0.03700100,1.81200000
2018-02-25 03:23:13,0.03700000,0.64400000
2018-02-25 03:23:14,0.03700100,0.02500000
2018-02-25 03:23:15,0.03700000,0.67600000
2018-02-25 03:23:15,0.03700100,0.35100000
2018-02-25 03:23:19,0.03705300,0.11000000
2018-02-25 03:23:20,0.03700000,3.55800000
2018-02-25 03:23:20,0.03699800,0.83600000
2018-02-25 03:23:20,0.03699200,0.03600000
2018-02-25 03:23:20,0.03698500,0.51700000
2018-02-25 03:23:21,0.03704700,0.73800000
2018-02-25 03:23:21,0.03704900,0.31500000
2018-02-25 03:23:21,0.03707500,0.27000000
2018-02-25 03:23:23,0.03707700,0.04000000
2018-02-25 03:23:25,0.03707700,1.42400000
2018-02-25 03:23:26,0.03707700,1.18200000
2018-02-25 03:23:26,0.03709800,0.05600000
2018-02-25 03:23:27,0.03707700,0.26900000
2018-02-25 03:23:27,0.03707700,0.13200000
2018-02-25 03:23:30,0.03699300,0.61500000
2018-02-25 03:23:34,0.03700300,2.08800000
2018-02-25 03:23:35,0.03700100,0.03300000
2018-02-25 03:23:35,0.03700000,0.79400000
2018-02-25 03:23:38,0.03700000,0.06700000
2018-02-25 03:23:42,0.03700000,0.04900000
2018-02-25 03:23:45,0.03699600,0.33700000
2018-02-25 03:23:46,0.03699600,0.30200000
2018-02-25 03:23:49,0.03698500,0.10600000
2018-02-25 03:23:49,0.03696200,0.36100000
2018-02-25 03:23:49,0.03693900,0.06700000
2018-02-25 03:23:49,0.03692800,0.13500000
2018-02-25 03:23:49,0.03692700,0.10000000
2018-02-25 03:23:49,0.03691100,0.19200000
2018-02-25 03:23:49,0.03691000,0.23000000
2018-02-25 03:23:49,0.03690100,0.83200000
2018-02-25 03:23:49,0.03690000,0.18100000
2018-02-25 03:23:50,0.03698300,0.08900000
2018-02-25 03:23:52,0.03690100,0.27000000
2018-02-25 03:23:52,0.03690000,0.68300000
2018-02-25 03:23:55,0.03690000,0.05200000
2018-02-25 03:23:55,0.03690000,0.13900000
2018-02-25 03:23:58,0.03697400,0.05300000
2018-02-25 03:23:59,0.03690000,0.39400000
2018-02-25 03:23:59,0.03690000,0.87800000
2018-02-25 03:24:00,0.03697400,0.06800000
2018-02-25 03:24:04,0.03697100,0.91100000
2018-02-25 03:24:04,0.03697300,0.27000000
2018-02-25 03:24:04,0.03698500,0.81100000
2018-02-25 03:24:04,0.03699600,0.44100000
2018-02-25 03:24:08,0.03697900,0.10000000
2018-02-25 03:24:09,0.03690800,2.70800000
2018-02-25 03:24:09,0.03690500,0.27000000
2018-02-25 03:24:12,0.03690300,0.08200000
2018-02-25 03:24:13,0.03690300,0.06800000
2018-02-25 03:24:15,0.03690000,0.33800000
2018-02-25 03:24:15,0.03688000,0.04600000
2018-02-25 03:24:18,0.03688000,0.00100000
2018-02-25 03:24:21,0.03688000,0.10000000
2018-02-25 03:24:23,0.03686200,0.23500000
2018-02-25 03:24:23,0.03686100,1.14200000
2018-02-25 03:24:23,0.03685700,0.05400000
2018-02-25 03:24:23,0.03682900,1.08900000
2018-02-25 03:24:23,0.03682300,0.24100000
2018-02-25 03:24:23,0.03683300,2.55800000
2018-02-25 03:24:23,0.03683500,4.52300000
2018-02-25 03:24:28,0.03682600,5.29100000
2018-02-25 03:24:29,0.03682600,2.15900000
2018-02-25 03:24:37,0.03682600,0.34800000
2018-02-25 03:24:38,0.03682600,0.58800000
2018-02-25 03:24:39,0.03689900,0.09300000
2018-02-25 03:24:44,0.03682600,0.99500000
2018-02-25 03:24:56,0.03682900,0.78400000
2018-02-25 03:24:56,0.03682700,1.71300000
2018-02-25 03:24:56,0.03682300,0.17500000
2018-02-25 03:24:56,0.03680100,0.24200000
2018-02-25 03:24:56,0.03680000,25.81900000
2018-02-25 03:24:58,0.03680100,0.29800000
2018-02-25 03:24:58,0.03680000,1.03500000
2018-02-25 03:25:00,0.03689000,1.16000000
2018-02-25 03:25:03,0.03680000,7.68600000
2018-02-25 03:25:04,0.03679700,1.16400000
2018-02-25 03:25:04,0.03679500,1.55500000
2018-02-25 03:25:04,0.03679700,0.00500000
2018-02-25 03:25:06,0.03679700,0.26700000
2018-02-25 03:25:07,0.03679700,0.06000000
2018-02-25 03:25:08,0.03679700,0.06800000
2018-02-25 03:25:09,0.03679700,0.08100000
2018-02-25 03:25:10,0.03679700,0.28800000
2018-02-25 03:25:10,0.03679700,1.45000000
2018-02-25 03:25:12,0.03679700,0.11700000
2018-02-25 03:25:13,0.03679700,0.03300000
2018-02-25 03:25:22,0.03679600,0.13000000
2018-02-25 03:25:25,0.03679600,0.11700000
2018-02-25 03:25:28,0.03679300,1.60000000
2018-02-25 03:25:28,0.03679300,1.28900000
2018-02-25 03:25:28,0.03677900,0.83000000
2018-02-25 03:25:28,0.03672700,5.66100000
2018-02-25 03:25:28,0.03672500,0.56600000
2018-02-25 03:25:28,0.03672100,0.38800000
2018-02-25 03:25:28,0.03671900,0.77900000
2018-02-25 03:25:28,0.03668000,0.01700000
2018-02-25 03:25:29,0.03668200,2.72500000
2018-02-25 03:25:29,0.03668000,0.38600000
2018-02-25 03:25:29,0.03667800,1.60800000
2018-02-25 03:25:30,0.03679400,0.06800000
2018-02-25 03:25:32,0.03678800,0.06600000
2018-02-25 03:25:34,0.03675100,1.36000000
2018-02-25 03:25:35,0.03674800,0.80000000
2018-02-25 03:25:36,0.03671500,0.43100000
2018-02-25 03:25:36,0.03671700,0.06900000
2018-02-25 03:25:36,0.03675000,1.01100000
2018-02-25 03:25:38,0.03667400,0.09900000
2018-02-25 03:25:38,0.03666800,0.08300000
2018-02-25 03:25:38,0.03665900,0.45100000
2018-02-25 03:25:38,0.03664900,0.08000000
2018-02-25 03:25:38,0.03662800,1.04500000
2018-02-25 03:25:38,0.03661500,0.33300000
2018-02-25 03:25:38,0.03660800,0.05400000
2018-02-25 03:25:38,0.03660700,0.17600000
2018-02-25 03:25:38,0.03660000,2.36300000
2018-02-25 03:25:38,0.03657900,0.27500000
2018-02-25 03:25:38,0.03655500,0.06800000
2018-02-25 03:25:38,0.03655100,0.08000000
2018-02-25 03:25:38,0.03655000,2.94300000
2018-02-25 03:25:38,0.03654900,1.00000000
2018-02-25 03:25:38,0.03653200,1.00500000
2018-02-25 03:25:38,0.03650000,9.94500000
2018-02-25 03:25:38,0.03650000,0.09700000
2018-02-25 03:25:39,0.03671300,0.14100000
2018-02-25 03:25:39,0.03650200,0.29700000
2018-02-25 03:25:39,0.03653800,0.03400000
2018-02-25 03:25:41,0.03671100,0.14100000
2018-02-25 03:25:43,0.03671000,0.06800000
2018-02-25 03:25:46,0.03670900,0.64200000
2018-02-25 03:25:46,0.03671000,1.16500000
2018-02-25 03:25:54,0.03670600,0.29800000
2018-02-25 03:25:54,0.03670700,0.19800000
2018-02-25 03:25:54,0.03662100,0.61500000
2018-02-25 03:25:55,0.03662100,1.82700000
2018-02-25 03:25:55,0.03661900,0.27300000
2018-02-25 03:25:55,0.03661500,1.00000000
2018-02-25 03:25:55,0.03660700,0.10000000
2018-02-25 03:25:55,0.03650000,1.54000000
2018-02-25 03:25:56,0.03650100,0.03400000
2018-02-25 03:25:56,0.03670400,0.47800000
2018-02-25 03:25:56,0.03670500,0.28600000
2018-02-25 03:25:58,0.03670100,0.13000000
2018-02-25 03:25:59,0.03669900,0.05400000
2018-02-25 03:26:00,0.03669600,0.98500000
2018-02-25 03:26:05,0.03669000,0.81100000
2018-02-25 03:26:07,0.03668700,0.10400000
2018-02-25 03:26:14,0.03653300,0.03100000
2018-02-25 03:26:14,0.03666800,0.05900000
2018-02-25 03:26:16,0.03666500,0.27300000
2018-02-25 03:26:22,0.03665300,0.06000000
2018-02-25 03:26:22,0.03665300,0.10700000
2018-02-25 03:26:22,0.03665500,0.66100000
2018-02-25 03:26:22,0.03665800,0.09800000
2018-02-25 03:26:28,0.03665500,0.04600000
2018-02-25 03:26:28,0.03665800,0.17500000
2018-02-25 03:26:28,0.03665800,2.56700000
2018-02-25 03:26:30,0.03665500,0.43000000
2018-02-25 03:26:30,0.03656400,2.73100000
2018-02-25 03:26:30,0.03656200,6.85500000
2018-02-25 03:26:30,0.03655000,0.55600000
2018-02-25 03:26:30,0.03652900,0.57400000
2018-02-25 03:26:30,0.03651800,15.61200000
2018-02-25 03:26:30,0.03650000,31.99300000
2018-02-25 03:26:30,0.03650000,0.07500000
2018-02-25 03:26:30,0.03649400,0.27400000
2018-02-25 03:26:30,0.03649300,0.29400000
2018-02-25 03:26:30,0.03649200,1.42800000
2018-02-25 03:26:30,0.03648600,2.74000000
2018-02-25 03:26:30,0.03648400,0.12500000
2018-02-25 03:26:32,0.03654400,0.10000000
2018-02-25 03:26:32,0.03654400,0.01100000
2018-02-25 03:26:32,0.03665100,0.30200000
2018-02-25 03:26:32,0.03665100,0.29600000
2018-02-25 03:26:33,0.03664400,0.68200000
2018-02-25 03:26:36,0.03646000,0.50000000
2018-02-25 03:26:36,0.03645500,0.52000000
2018-02-25 03:26:36,0.03645000,0.08400000
2018-02-25 03:26:37,0.03644900,0.18800000
2018-02-25 03:26:39,0.03660000,0.06800000
2018-02-25 03:26:41,0.03645800,0.44000000
2018-02-25 03:26:41,0.03644900,0.02200000
2018-02-25 03:26:42,0.03644900,0.40900000
2018-02-25 03:26:42,0.03644400,0.97400000
2018-02-25 03:26:42,0.03642500,1.92400000
2018-02-25 03:26:42,0.03641100,1.03800000
2018-02-25 03:26:42,0.03636200,0.05500000
2018-02-25 03:26:42,0.03635000,0.05500000
2018-02-25 03:26:42,0.03634800,0.05600000
2018-02-25 03:26:42,0.03634700,0.56400000
2018-02-25 03:26:42,0.03634000,0.05500000
2018-02-25 03:26:42,0.03630100,0.38000000
2018-02-25 03:26:42,0.03630000,3.78200000
2018-02-25 03:26:43,0.03630100,0.44200000
2018-02-25 03:26:43,0.03644900,0.10100000
2018-02-25 03:26:43,0.03658300,0.11700000
2018-02-25 03:26:44,0.03645800,0.10000000
2018-02-25 03:26:47,0.03644900,0.03200000
2018-02-25 03:26:47,0.03644900,0.03200000
2018-02-25 03:26:47,0.03644900,0.03200000
2018-02-25 03:26:47,0.03644700,0.20300000
2018-02-25 03:26:47,0.03644400,0.52600000
2018-02-25 03:26:48,0.03644400,0.22600000
2018-02-25 03:26:50,0.03643800,0.09900000
2018-02-25 03:26:50,0.03640000,0.50000000
2018-02-25 03:26:51,0.03643700,0.16300000
2018-02-25 03:26:51,0.03643500,0.10600000
2018-02-25 03:26:52,0.03643500,0.13200000
2018-02-25 03:26:53,0.03643200,0.04200000
2018-02-25 03:26:53,0.03643400,0.29900000
2018-02-25 03:26:53,0.03643700,0.05900000
2018-02-25 03:26:53,0.03640000,0.86800000
2018-02-25 03:26:53,0.03640000,0.08600000
2018-02-25 03:26:54,0.03637500,0.14800000
2018-02-25 03:26:54,0.03636900,0.05400000
2018-02-25 03:26:54,0.03633000,0.05500000
2018-02-25 03:26:54,0.03630200,10.18100000
2018-02-25 03:26:56,0.03639800,0.27400000
2018-02-25 03:26:56,0.03639900,1.32500000
2018-02-25 03:26:56,0.03630700,0.29600000
2018-02-25 03:27:02,0.03639100,0.29600000
2018-02-25 03:27:02,0.03639300,3.97700000
2018-02-25 03:27:05,0.03639300,1.00500000
2018-02-25 03:27:05,0.03639600,0.03000000
2018-02-25 03:27:05,0.03640000,1.71600000
2018-02-25 03:27:05,0.03640000,0.62300000
2018-02-25 03:27:06,0.03651400,0.05400000
2018-02-25 03:27:07,0.03639700,2.00700000
2018-02-25 03:27:07,0.03659900,0.56600000
2018-02-25 03:27:07,0.03659800,0.00700000
2018-02-25 03:27:07,0.03659800,0.13700000
2018-02-25 03:27:08,0.03659800,0.35600000
2018-02-25 03:27:08,0.03659900,0.46400000
2018-02-25 03:27:08,0.03659700,0.03200000
2018-02-25 03:27:08,0.03659900,0.58000000
2018-02-25 03:27:08,0.03659900,0.11400000
2018-02-25 03:27:08,0.03659900,0.06800000
2018-02-25 03:27:08,0.03659900,0.06800000
2018-02-25 03:27:08,0.03659900,0.22100000
2018-02-25 03:27:08,0.03659900,0.06800000
2018-02-25 03:27:08,0.03659900,0.06800000
2018-02-25 03:27:09,0.03659900,0.04100000
2018-02-25 03:27:09,0.03659900,0.01100000
2018-02-25 03:27:09,0.03660000,0.10600000
2018-02-25 03:27:10,0.03661600,0.07900000
2018-02-25 03:27:11,0.03661600,0.06900000
2018-02-25 03:27:11,0.03661600,0.08900000
2018-02-25 03:27:11,0.03670900,0.07400000
2018-02-25 03:27:11,0.03670900,0.16300000
2018-02-25 03:27:11,0.03670900,0.07400000
2018-02-25 03:27:12,0.03642700,0.14900000
2018-02-25 03:27:13,0.03670900,0.04800000
2018-02-25 03:27:15,0.03671900,0.06800000
2018-02-25 03:27:15,0.03679800,1.00000000
2018-02-25 03:27:15,0.03679900,0.72600000
2018-02-25 03:27:15,0.03680000,0.60400000
2018-02-25 03:27:17,0.03680000,0.15800000
2018-02-25 03:27:17,0.03680000,0.29300000
2018-02-25 03:27:17,0.03680000,0.54300000
2018-02-25 03:27:17,0.03680000,0.04800000
2018-02-25 03:27:17,0.03680000,0.12200000
2018-02-25 03:27:17,0.03680000,0.13200000
2018-02-25 03:27:18,0.03680000,0.24100000
2018-02-25 03:27:18,0.03680000,0.20400000
2018-02-25 03:27:18,0.03680000,0.10900000
2018-02-25 03:27:18,0.03680000,1.08000000
2018-02-25 03:27:18,0.03680000,0.16600000
2018-02-25 03:27:18,0.03680000,0.30400000
2018-02-25 03:27:19,0.03680000,0.03800000
2018-02-25 03:27:19,0.03680000,0.26400000
2018-02-25 03:27:19,0.03680000,0.06800000
2018-02-25 03:27:19,0.03680000,0.65200000
2018-02-25 03:27:19,0.03667000,0.22300000
2018-02-25 03:27:19,0.03667000,0.02800000
2018-02-25 03:27:19,0.03646200,0.02800000
2018-02-25 03:27:19,0.03666800,0.18100000
2018-02-25 03:27:19,0.03680000,0.11800000
2018-02-25 03:27:20,0.03680000,0.26300000
2018-02-25 03:27:20,0.03680000,0.23500000
2018-02-25 03:27:20,0.03680000,0.18600000
2018-02-25 03:27:20,0.03680000,0.25800000
2018-02-25 03:27:20,0.03680000,0.21700000
2018-02-25 03:27:20,0.03680000,0.23400000
2018-02-25 03:27:21,0.03680000,0.09300000
2018-02-25 03:27:21,0.03680000,0.06400000
2018-02-25 03:27:21,0.03680000,0.06300000
2018-02-25 03:27:22,0.03680000,0.02900000
2018-02-25 03:27:22,0.03680000,0.06300000
2018-02-25 03:27:24,0.03680000,0.16800000
2018-02-25 03:27:24,0.03680000,0.20400000
2018-02-25 03:27:24,0.03680000,2.71700000
2018-02-25 03:27:24,0.03680000,0.06800000
2018-02-25 03:27:25,0.03680000,0.10100000
2018-02-25 03:27:25,0.03680000,0.15200000
2018-02-25 03:27:26,0.03680000,0.06800000
2018-02-25 03:27:26,0.03680000,0.28300000
2018-02-25 03:27:26,0.03680000,1.35900000
2018-02-25 03:27:27,0.03680000,0.08200000
2018-02-25 03:27:27,0.03680000,0.03300000
2018-02-25 03:27:27,0.03680000,0.10900000
2018-02-25 03:27:28,0.03680000,0.06600000
2018-02-25 03:27:28,0.03680000,0.09000000
2018-02-25 03:27:29,0.03680000,0.26400000
2018-02-25 03:27:30,0.03680000,0.08200000
2018-02-25 03:27:32,0.03677100,0.04400000
2018-02-25 03:27:32,0.03677100,0.09200000
2018-02-25 03:27:32,0.03677300,0.16900000
2018-02-25 03:27:35,0.03677000,0.06800000
2018-02-25 03:27:36,0.03677000,0.08000000
2018-02-25 03:27:36,0.03670900,2.72000000
2018-02-25 03:27:36,0.03670900,0.13600000
2018-02-25 03:27:36,0.03670900,0.06800000
2018-02-25 03:27:36,0.03670900,0.06800000
2018-02-25 03:27:36,0.03670900,0.06800000
2018-02-25 03:27:37,0.03670900,0.04200000
2018-02-25 03:27:38,0.03670900,0.06800000
2018-02-25 03:27:38,0.03670900,0.07100000
2018-02-25 03:27:38,0.03670900,0.06800000
2018-02-25 03:27:39,0.03670900,0.09500000
2018-02-25 03:27:39,0.03670900,0.03300000
2018-02-25 03:27:39,0.03670900,0.10900000
2018-02-25 03:27:39,0.03670900,0.06800000
2018-02-25 03:27:40,0.03670900,0.09000000
2018-02-25 03:27:42,0.03670900,11.23600000
2018-02-25 03:27:42,0.03670900,3.06000000
2018-02-25 03:27:43,0.03675800,0.10900000
2018-02-25 03:27:43,0.03671000,0.50000000
2018-02-25 03:27:43,0.03670900,16.93600000
2018-02-25 03:27:44,0.03675500,0.06800000
2018-02-25 03:27:50,0.03657500,0.27300000
2018-02-25 03:27:50,0.03657400,0.80800000
2018-02-25 03:27:50,0.03657100,0.34400000
2018-02-25 03:27:50,0.03657000,3.92100000
2018-02-25 03:27:50,0.03654800,1.53300000
2018-02-25 03:27:50,0.03653000,5.94000000
2018-02-25 03:27:50,0.03651900,2.72000000
2018-02-25 03:27:51,0.03653800,1.28600000
2018-02-25 03:27:51,0.03653700,3.06000000
2018-02-25 03:27:51,0.03651900,1.81400000
2018-02-25 03:27:51,0.03651900,4.46600000
2018-02-25 03:27:51,0.03650000,0.97400000
2018-02-25 03:27:51,0.03649900,1.00800000
2018-02-25 03:27:51,0.03649900,4.38000000
2018-02-25 03:27:51,0.03649900,0.09200000
2018-02-25 03:27:54,0.03668500,0.10900000
2018-02-25 03:27:56,0.03667900,0.06800000
2018-02-25 03:27:59,0.03666900,0.08200000
2018-02-25 03:28:00,0.03664600,1.00000000
2018-02-25 03:28:00,0.03664700,0.05300000
2018-02-25 03:28:00,0.03666500,1.74800000
2018-02-25 03:28:00,0.03666700,0.27300000
2018-02-25 03:28:00,0.03666800,0.49800000
2018-02-25 03:28:00,0.03667400,1.28600000
2018-02-25 03:28:01,0.03667400,3.33700000
2018-02-25 03:28:04,0.03665600,0.05900000
2018-02-25 03:28:05,0.03665600,0.27200000
2018-02-25 03:28:08,0.03665200,0.34400000
2018-02-25 03:28:08,0.03665300,0.15600000
2018-02-25 03:28:11,0.03665300,0.18100000
2018-02-25 03:28:15,0.03665000,0.15600000
2018-02-25 03:28:16,0.03653000,0.27300000
2018-02-25 03:28:16,0.03652900,2.42800000
2018-02-25 03:28:16,0.03652700,1.00000000
2018-02-25 03:28:17,0.03653500,2.74100000
2018-02-25 03:28:17,0.03653300,0.14700000
2018-02-25 03:28:17,0.03653300,0.16300000
2018-02-25 03:28:17,0.03664700,0.06800000
2018-02-25 03:28:17,0.03664400,0.08000000
2018-02-25 03:28:18,0.03664200,0.06400000
2018-02-25 03:28:19,0.03663900,0.21500000
2018-02-25 03:28:19,0.03663800,0.04900000
2018-02-25 03:28:19,0.03663700,0.09800000
2018-02-25 03:28:19,0.03663700,0.06000000
2018-02-25 03:28:22,0.03662900,0.06800000
2018-02-25 03:28:22,0.03662900,0.04100000
2018-02-25 03:28:25,0.03662200,0.08200000
2018-02-25 03:28:25,0.03662200,0.11200000
2018-02-25 03:28:25,0.03662300,0.16100000
2018-02-25 03:28:27,0.03662100,0.03700000
2018-02-25 03:28:29,0.03661500,3.41700000
2018-02-25 03:28:29,0.03661500,0.50300000
2018-02-25 03:28:31,0.03661200,0.65500000
2018-02-25 03:28:35,0.03660300,0.04500000
2018-02-25 03:28:35,0.03660500,0.01400000
2018-02-25 03:28:35,0.03660900,0.37200000
2018-02-25 03:28:37,0.03660200,0.11400000
2018-02-25 03:28:37,0.03660300,0.38400000
2018-02-25 03:28:37,0.03660800,0.18700000
2018-02-25 03:28:37,0.03662100,3.46200000
2018-02-25 03:28:37,0.03663800,0.33600000
2018-02-25 03:28:37,0.03663900,1.57200000
2018-02-25 03:28:43,0.03660000,0.13700000
2018-02-25 03:28:45,0.03653700,2.73800000
2018-02-25 03:28:45,0.03653500,0.50000000
2018-02-25 03:28:45,0.03651700,0.27300000
2018-02-25 03:28:45,0.03645300,1.65700000
2018-02-25 03:28:49,0.03658500,0.36900000
2018-02-25 03:28:59,0.03656100,0.70800000
2018-02-25 03:29:00,0.03655800,0.06600000
2018-02-25 03:29:00,0.03653600,0.07100000
2018-02-25 03:29:06,0.03652200,0.57000000
2018-02-25 03:29:07,0.03645300,0.34300000
2018-02-25 03:29:07,0.03645100,1.02500000
2018-02-25 03:29:07,0.03645300,3.17200000
2018-02-25 03:29:08,0.03652100,0.21000000
2018-02-25 03:29:10,0.03652100,0.10000000
2018-02-25 03:29:13,0.03643800,1.11300000
2018-02-25 03:29:14,0.03643900,2.39900000
2018-02-25 03:29:21,0.03651900,0.27300000
2018-02-25 03:29:21,0.03652000,0.13600000
2018-02-25 03:29:21,0.03652200,0.25300000
2018-02-25 03:29:24,0.03652200,2.14600000
2018-02-25 03:29:24,0.03658500,1.37200000
2018-02-25 03:29:24,0.03659900,0.13100000
2018-02-25 03:29:24,0.03660000,11.97600000
2018-02-25 03:29:25,0.03660200,1.63100000
2018-02-25 03:29:25,0.03660000,2.54200000
2018-02-25 03:29:26,0.03649800,0.13600000
2018-02-25 03:29:27,0.03649800,0.06800000
2018-02-25 03:29:27,0.03649800,0.49100000
2018-02-25 03:29:27,0.03649800,0.03300000
2018-02-25 03:29:28,0.03642700,0.05100000
2018-02-25 03:29:29,0.03649800,1.62900000
2018-02-25 03:29:37,0.03649800,0.07400000
2018-02-25 03:29:57,0.03642700,0.00800000
2018-02-25 03:29:59,0.03642700,0.18500000
2018-02-25 03:30:02,0.03642800,0.03200000
2018-02-25 03:30:07,0.03649800,0.05500000
2018-02-25 03:30:07,0.03649800,0.04100000
2018-02-25 03:30:08,0.03642800,3.43100000
2018-02-25 03:30:08,0.03649800,0.14500000
2018-02-25 03:30:09,0.03649800,0.08200000
2018-02-25 03:30:09,0.03642800,0.26600000
2018-02-25 03:30:10,0.03649800,0.06800000
2018-02-25 03:30:11,0.03649800,0.19500000
2018-02-25 03:30:11,0.03649800,0.15300000
2018-02-25 03:30:11,0.03649800,0.11000000
2018-02-25 03:30:12,0.03649800,1.32100000
2018-02-25 03:30:12,0.03649800,0.04100000
2018-02-25 03:30:14,0.03649100,0.41900000
2018-02-25 03:30:18,0.03649100,0.10000000
2018-02-25 03:30:19,0.03643000,0.29300000
2018-02-25 03:30:21,0.03643000,0.25900000
2018-02-25 03:30:21,0.03649100,1.25900000
2018-02-25 03:30:21,0.03649800,5.74100000
2018-02-25 03:30:24,0.03649500,0.55200000
2018-02-25 03:30:24,0.03649700,1.00400000
2018-02-25 03:30:24,0.03650000,1.29400000
2018-02-25 03:30:25,0.03650000,0.01200000
2018-02-25 03:30:31,0.03660000,0.06700000
2018-02-25 03:30:31,0.03660000,0.07700000
2018-02-25 03:30:31,0.03660000,0.22200000
2018-02-25 03:30:35,0.03660000,1.58800000
2018-02-25 03:30:37,0.03660000,1.51600000
2018-02-25 03:30:37,0.03655700,0.08200000
2018-02-25 03:30:37,0.03652800,0.09800000
2018-02-25 03:30:37,0.03652500,0.13400000
2018-02-25 03:30:37,0.03651700,0.09800000
2018-02-25 03:30:37,0.03651500,0.13400000
2018-02-25 03:30:37,0.03650600,0.27300000
2018-02-25 03:30:37,0.03650000,5.90100000
2018-02-25 03:30:38,0.03663800,0.42200000
2018-02-25 03:30:41,0.03663700,0.18600000
2018-02-25 03:30:45,0.03660100,0.41000000
2018-02-25 03:30:45,0.03660000,0.12600000
2018-02-25 03:30:46,0.03663900,0.42900000
2018-02-25 03:30:46,0.03665600,3.32200000
2018-02-25 03:30:46,0.03665600,3.27000000
2018-02-25 03:30:50,0.03655300,2.73200000
2018-02-25 03:31:02,0.03654500,0.08200000
2018-02-25 03:31:03,0.03654500,0.06100000
2018-02-25 03:31:03,0.03655300,4.43200000
2018-02-25 03:31:11,0.03655300,0.91400000
2018-02-25 03:31:11,0.03655300,0.13700000
2018-02-25 03:31:12,0.03655300,0.09600000
2018-02-25 03:31:13,0.03655300,0.00900000
2018-02-25 03:31:14,0.03655500,0.30700000
2018-02-25 03:31:18,0.03665300,0.06000000
2018-02-25 03:31:19,0.03656700,0.99900000
2018-02-25 03:31:22,0.03657000,0.05900000
2018-02-25 03:31:25,0.03657300,0.99900000
2018-02-25 03:31:35,0.03659800,2.36400000
2018-02-25 03:31:35,0.03660000,6.17700000
2018-02-25 03:31:36,0.03660000,0.06800000
2018-02-25 03:31:40,0.03659900,2.01400000
2018-02-25 03:31:40,0.03660000,1.11900000
2018-02-25 03:31:46,0.03655500,0.00800000
2018-02-25 03:31:46,0.03660000,0.95500000
2018-02-25 03:31:46,0.03670000,0.42800000
2018-02-25 03:31:46,0.03672600,1.25700000
2018-02-25 03:31:47,0.03658700,0.00800000
2018-02-25 03:31:52,0.03660000,0.04800000
2018-02-25 03:31:54,0.03660000,0.06800000
2018-02-25 03:31:54,0.03658400,0.06800000
2018-02-25 03:31:54,0.03658400,0.01400000
2018-02-25 03:31:54,0.03655600,0.19200000
2018-02-25 03:31:54,0.03658200,0.05400000
2018-02-25 03:31:56,0.03655500,0.16900000
2018-02-25 03:32:02,0.03655500,0.71400000
2018-02-25 03:32:02,0.03655500,0.36600000
2018-02-25 03:32:02,0.03655500,0.14200000
2018-02-25 03:32:02,0.03655300,0.04700000
2018-02-25 03:32:02,0.03655300,0.18900000
2018-02-25 03:32:02,0.03655300,0.18900000
2018-02-25 03:32:02,0.03655300,0.18900000
2018-02-25 03:32:03,0.03659900,0.19200000
2018-02-25 03:32:03,0.03659900,0.09800000
2018-02-25 03:32:03,0.03659900,0.71000000
2018-02-25 03:32:03,0.03655300,0.10000000
2018-02-25 03:32:03,0.03655300,0.43900000
2018-02-25 03:32:08,0.03655300,0.02900000
2018-02-25 03:32:08,0.03655300,0.81900000
2018-02-25 03:32:10,0.03659700,3.96700000
2018-02-25 03:32:10,0.03659800,0.09800000
2018-02-25 03:32:10,0.03660000,1.24000000
2018-02-25 03:32:12,0.03672400,0.08200000
2018-02-25 03:32:12,0.03657100,2.27800000
2018-02-25 03:32:12,0.03657100,0.37900000
2018-02-25 03:32:12,0.03657100,0.07600000
2018-02-25 03:32:12,0.03656900,0.24600000
2018-02-25 03:32:12,0.03656600,2.41100000
2018-02-25 03:32:12,0.03656600,8.32900000
2018-02-25 03:32:13,0.03672200,0.51200000
2018-02-25 03:32:17,0.03671000,0.08700000
2018-02-25 03:32:20,0.03658900,0.15400000
2018-02-25 03:32:21,0.03669500,2.13400000
2018-02-25 03:32:21,0.03669700,0.41800000
2018-02-25 03:32:21,0.03670300,0.27300000
2018-02-25 03:32:22,0.03670300,0.03800000
2018-02-25 03:32:24,0.03660100,0.12300000
2018-02-25 03:32:25,0.03671800,0.15400000
2018-02-25 03:32:25,0.03671900,3.32800000
2018-02-25 03:32:25,0.03671900,7.41200000
2018-02-25 03:32:25,0.03672500,0.08200000
2018-02-25 03:32:25,0.03672500,0.03400000
2018-02-25 03:32:25,0.03660200,0.03400000
2018-02-25 03:32:26,0.03674300,0.12300000
2018-02-25 03:32:26,0.03674500,4.60300000
2018-02-25 03:32:26,0.03674500,3.16800000
2018-02-25 03:32:28,0.03676500,0.08200000
2018-02-25 03:32:28,0.03680000,0.06000000
2018-02-25 03:32:29,0.03667200,0.03400000
2018-02-25 03:32:31,0.03668100,0.30000000
2018-02-25 03:32:32,0.03668400,0.13400000
2018-02-25 03:32:32,0.03668700,2.02100000
2018-02-25 03:32:32,0.03671800,0.38000000
2018-02-25 03:32:32,0.03671800,0.20000000
2018-02-25 03:32:32,0.03672100,0.73900000
2018-02-25 03:32:32,0.03672100,0.81600000
2018-02-25 03:32:33,0.03672100,0.16800000
2018-02-25 03:32:33,0.03672100,0.70800000
2018-02-25 03:32:33,0.03671900,0.96600000
2018-02-25 03:32:33,0.03671800,1.70200000
2018-02-25 03:32:33,0.03668500,1.36000000
2018-02-25 03:32:33,0.03671900,0.30600000
2018-02-25 03:32:33,0.03671900,0.05500000
2018-02-25 03:32:33,0.03675000,0.21800000
2018-02-25 03:32:33,0.03671900,0.45600000
2018-02-25 03:32:34,0.03672000,0.30900000
2018-02-25 03:32:34,0.03671900,0.11400000
2018-02-25 03:32:35,0.03671900,4.88600000
2018-02-25 03:32:35,0.03672100,0.07700000
2018-02-25 03:32:35,0.03672200,0.12900000
2018-02-25 03:32:35,0.03668500,0.23800000
2018-02-25 03:32:35,0.03666600,0.08100000
2018-02-25 03:32:35,0.03662900,0.15700000
2018-02-25 03:32:35,0.03668300,0.19800000
2018-02-25 03:32:35,0.03668700,1.97400000
2018-02-25 03:32:35,0.03668700,0.39500000
2018-02-25 03:32:36,0.03668300,1.36000000
2018-02-25 03:32:36,0.03668400,2.15500000
2018-02-25 03:32:36,0.03668400,0.56900000
2018-02-25 03:32:36,0.03668600,0.39600000
2018-02-25 03:32:36,0.03668700,0.39500000
2018-02-25 03:32:38,0.03660800,1.44600000
2018-02-25 03:32:38,0.03660800,1.07000000
2018-02-25 03:32:38,0.03660800,0.21400000
2018-02-25 03:32:38,0.03660600,0.85600000
2018-02-25 03:32:39,0.03680300,0.16300000
2018-02-25 03:32:40,0.03680100,0.13500000
2018-02-25 03:32:40,0.03664300,0.06800000
2018-02-25 03:32:40,0.03664300,0.01300000
2018-02-25 03:32:40,0.03660900,0.08100000
2018-02-25 03:32:40,0.03663900,2.59500000
2018-02-25 03:32:40,0.03664100,0.05500000
2018-02-25 03:32:40,0.03661000,1.69200000
2018-02-25 03:32:42,0.03661200,0.81900000
2018-02-25 03:32:42,0.03661200,0.81900000
2018-02-25 03:32:42,0.03661200,0.05100000
2018-02-25 03:32:42,0.03661200,0.81900000
2018-02-25 03:32:43,0.03680000,5.00000000
2018-02-25 03:32:46,0.03679500,0.18500000
2018-02-25 03:32:50,0.03679000,0.44000000
2018-02-25 03:32:55,0.03678200,0.06800000
2018-02-25 03:32:57,0.03678100,0.18000000
2018-02-25 03:32:57,0.03678200,0.20400000
2018-02-25 03:32:57,0.03678300,0.10000000
2018-02-25 03:32:58,0.03678300,0.83100000
2018-02-25 03:32:58,0.03678800,2.63900000
2018-02-25 03:32:58,0.03678800,1.07100000
2018-02-25 03:32:58,0.03678800,1.63400000
2018-02-25 03:32:58,0.03678800,4.82200000
2018-02-25 03:32:58,0.03666500,0.23700000
2018-02-25 03:32:58,0.03678400,2.41800000
2018-02-25 03:32:59,0.03678400,0.09000000
2018-02-25 03:32:59,0.03678600,4.01800000
2018-02-25 03:32:59,0.03679000,0.35600000
2018-02-25 03:32:59,0.03679000,17.72900000
2018-02-25 03:32:59,0.03666600,0.35600000
2018-02-25 03:32:59,0.03675100,2.74900000
2018-02-25 03:33:00,0.03667100,0.81500000
2018-02-25 03:33:02,0.03679300,0.06400000
2018-02-25 03:33:07,0.03669600,0.14400000
2018-02-25 03:33:07,0.03669500,1.18200000
2018-02-25 03:33:10,0.03669500,0.09900000
2018-02-25 03:33:12,0.03678300,0.06000000
2018-02-25 03:33:19,0.03677700,0.91000000
2018-02-25 03:33:20,0.03678100,0.05600000
2018-02-25 03:33:31,0.03677700,0.06800000
2018-02-25 03:33:32,0.03678100,0.95700000
2018-02-25 03:33:34,0.03677700,0.06800000
2018-02-25 03:33:36,0.03677700,0.09100000
2018-02-25 03:33:36,0.03678100,0.04200000
2018-02-25 03:33:36,0.03669600,0.69000000
2018-02-25 03:33:38,0.03669600,0.05500000
2018-02-25 03:33:43,0.03669600,0.88200000
2018-02-25 03:33:45,0.03670000,0.73500000
2018-02-25 03:33:49,0.03670000,0.13800000
2018-02-25 03:33:53,0.03670000,0.07000000
2018-02-25 03:33:54,0.03670000,6.84300000
2018-02-25 03:33:54,0.03669600,0.11900000
2018-02-25 03:34:00,0.03669500,1.04100000
2018-02-25 03:34:00,0.03669700,1.65100000
2018-02-25 03:34:00,0.03670000,4.14300000
2018-02-25 03:34:00,0.03677400,0.17700000
2018-02-25 03:34:00,0.03678400,1.65700000
2018-02-25 03:34:00,0.03678500,1.02600000
2018-02-25 03:34:00,0.03679500,0.03400000
2018-02-25 03:34:00,0.03680000,0.08100000
2018-02-25 03:34:00,0.03680200,0.08100000
2018-02-25 03:34:00,0.03684700,8.35600000
2018-02-25 03:34:00,0.03692300,0.38000000
2018-02-25 03:34:00,0.03693000,1.00000000
2018-02-25 03:34:00,0.03699400,20.56100000
2018-02-25 03:34:00,0.03700000,0.10300000
2018-02-25 03:34:00,0.03700200,16.64900000
2018-02-25 03:34:00,0.03706300,0.38000000
2018-02-25 03:34:00,0.03706400,0.40900000
2018-02-25 03:34:00,0.03706500,3.07400000
2018-02-25 03:34:00,0.03706600,0.71700000
2018-02-25 03:34:00,0.03707300,0.16600000
2018-02-25 03:34:00,0.03710600,2.45100000
2018-02-25 03:34:00,0.03712300,0.71300000
2018-02-25 03:34:01,0.03712200,0.03400000
2018-02-25 03:34:05,0.03711800,0.08000000
2018-02-25 03:34:06,0.03681500,2.72800000
2018-02-25 03:34:06,0.03681300,0.61400000
2018-02-25 03:34:06,0.03681200,0.27100000
2018-02-25 03:34:06,0.03680900,0.08100000
2018-02-25 03:34:07,0.03681800,2.90600000
2018-02-25 03:34:07,0.03681800,2.24900000
2018-02-25 03:34:07,0.03681700,0.65700000
2018-02-25 03:34:07,0.03681700,0.82100000
2018-02-25 03:34:07,0.03681600,1.42800000
2018-02-25 03:34:10,0.03686500,0.19800000
2018-02-25 03:34:12,0.03686000,0.10300000
2018-02-25 03:34:13,0.03678400,0.08700000
2018-02-25 03:34:18,0.03669300,0.06900000
2018-02-25 03:34:21,0.03674400,1.02900000
2018-02-25 03:34:21,0.03674400,1.50900000
2018-02-25 03:34:21,0.03674600,0.30200000
2018-02-25 03:34:21,0.03675500,0.28200000
2018-02-25 03:34:21,0.03675800,1.42800000
2018-02-25 03:34:34,0.03676300,0.54400000
2018-02-25 03:34:34,0.03676300,0.03000000
2018-02-25 03:34:35,0.03676300,0.27200000
2018-02-25 03:34:39,0.03676300,0.05400000
2018-02-25 03:34:40,0.03677300,1.53200000
2018-02-25 03:34:40,0.03677300,0.05400000
2018-02-25 03:34:40,0.03676300,0.18400000
2018-02-25 03:34:46,0.03671600,2.69300000
2018-02-25 03:34:48,0.03671600,0.02700000
2018-02-25 03:34:53,0.03678000,1.27100000
2018-02-25 03:35:02,0.03678600,2.72000000
2018-02-25 03:35:06,0.03678800,0.27100000
2018-02-25 03:35:06,0.03678900,0.07100000
2018-02-25 03:35:12,0.03678200,1.00000000
2018-02-25 03:35:12,0.03678200,1.00000000
2018-02-25 03:35:12,0.03678200,0.71800000
2018-02-25 03:35:12,0.03678000,0.28200000
2018-02-25 03:35:12,0.03678000,0.03100000
2018-02-25 03:35:20,0.03675200,0.50000000
2018-02-25 03:35:20,0.03675100,0.27200000
2018-02-25 03:35:20,0.03686800,0.04100000
2018-02-25 03:35:21,0.03675100,0.56500000
2018-02-25 03:35:21,0.03675000,3.25200000
2018-02-25 03:35:21,0.03674400,6.77200000
2018-02-25 03:35:21,0.03674400,1.59400000
2018-02-25 03:35:21,0.03673000,0.13500000
2018-02-25 03:35:21,0.03672900,0.36500000
2018-02-25 03:35:21,0.03672900,2.38400000
2018-02-25 03:35:21,0.03675100,1.05000000
2018-02-25 03:35:22,0.03675100,7.68200000
2018-02-25 03:35:23,0.03672000,5.00000000
2018-02-25 03:35:23,0.03671600,8.22600000
2018-02-25 03:35:23,0.03671400,0.89500000
2018-02-25 03:35:23,0.03670800,0.34300000
2018-02-25 03:35:23,0.03668700,0.09100000
2018-02-25 03:35:24,0.03674500,1.66600000
2018-02-25 03:35:25,0.03668000,0.50000000
2018-02-25 03:35:25,0.03674400,0.16300000
2018-02-25 03:35:30,0.03668000,0.88300000
2018-02-25 03:35:32,0.03668000,1.12200000
2018-02-25 03:35:32,0.03673000,1.01100000
2018-02-25 03:35:32,0.03673200,0.29500000
2018-02-25 03:35:32,0.03673800,0.17400000
2018-02-25 03:35:33,0.03668200,0.00500000
2018-02-25 03:35:38,0.03668800,0.81700000
2018-02-25 03:35:44,0.03668600,1.12600000
2018-02-25 03:35:45,0.03668500,0.06800000
2018-02-25 03:35:45,0.03668500,0.95400000
2018-02-25 03:35:45,0.03668000,0.98400000
2018-02-25 03:35:47,0.03668000,14.59700000
2018-02-25 03:35:48,0.03668400,0.03300000
2018-02-25 03:35:51,0.03668200,0.34500000
2018-02-25 03:35:53,0.03668000,3.81700000
2018-02-25 03:35:58,0.03668000,1.98600000
2018-02-25 03:36:01,0.03668000,2.86300000
2018-02-25 03:36:02,0.03668100,0.13400000
2018-02-25 03:36:03,0.03668000,0.25300000
2018-02-25 03:36:03,0.03668000,0.28700000
2018-02-25 03:36:11,0.03667000,0.24800000
2018-02-25 03:36:13,0.03658000,0.89000000
2018-02-25 03:36:26,0.03660100,0.31000000
2018-02-25 03:36:35,0.03655400,0.24900000
2018-02-25 03:36:35,0.03655300,1.20500000
2018-02-25 03:36:36,0.03655300,2.41900000
2018-02-25 03:36:37,0.03652300,5.04600000
2018-02-25 03:36:37,0.03652300,1.92500000
2018-02-25 03:36:38,0.03652600,0.11900000
2018-02-25 03:36:38,0.03655300,0.33400000
2018-02-25 03:36:43,0.03650900,0.11900000
2018-02-25 03:36:43,0.03650000,1.97100000
2018-02-25 03:36:43,0.03650000,0.41200000
2018-02-25 03:36:43,0.03650000,0.11900000
2018-02-25 03:36:46,0.03650000,0.29900000
2018-02-25 03:36:49,0.03646600,0.10800000
2018-02-25 03:36:49,0.03646300,0.34700000
2018-02-25 03:36:49,0.03646000,0.11900000
2018-02-25 03:36:49,0.03645900,0.11900000
2018-02-25 03:36:49,0.03645600,0.56500000
2018-02-25 03:36:51,0.03649600,0.39100000
2018-02-25 03:36:51,0.03649700,2.32700000
2018-02-25 03:36:51,0.03649800,1.75900000
2018-02-25 03:36:51,0.03650000,2.50200000
2018-02-25 03:36:54,0.03654700,0.05900000
2018-02-25 03:36:57,0.03652500,0.39300000
2018-02-25 03:37:00,0.03652500,1.97800000
2018-02-25 03:37:02,0.03652500,9.65000000
2018-02-25 03:37:03,0.03645500,0.16400000
2018-02-25 03:37:03,0.03642900,3.09000000
2018-02-25 03:37:03,0.03642800,0.16400000
2018-02-25 03:37:03,0.03642700,0.47000000
2018-02-25 03:37:03,0.03642700,2.11400000
2018-02-25 03:37:03,0.03642700,3.25900000
2018-02-25 03:37:03,0.03642700,1.00000000
2018-02-25 03:37:06,0.03642900,0.25400000
2018-02-25 03:37:07,0.03642900,2.49100000
2018-02-25 03:37:07,0.03642700,11.92700000
2018-02-25 03:37:07,0.03641000,0.32800000
2018-02-25 03:37:07,0.03640000,0.53200000
2018-02-25 03:37:07,0.03635200,0.82500000
2018-02-25 03:37:07,0.03634300,0.11000000
2018-02-25 03:37:07,0.03632800,0.03000000
2018-02-25 03:37:07,0.03631500,0.46800000
2018-02-25 03:37:07,0.03631300,0.38600000
2018-02-25 03:37:07,0.03630700,2.31800000
2018-02-25 03:37:08,0.03630800,0.03400000
2018-02-25 03:37:08,0.03642900,0.10000000
2018-02-25 03:37:18,0.03642400,0.23500000
2018-02-25 03:37:21,0.03640000,0.16400000
2018-02-25 03:37:21,0.03632000,0.82000000
2018-02-25 03:37:21,0.03630700,1.35000000
2018-02-25 03:37:21,0.03630300,0.28300000
2018-02-25 03:37:21,0.03628400,0.32400000
2018-02-25 03:37:21,0.03626300,0.38000000
2018-02-25 03:37:21,0.03626200,0.05200000
2018-02-25 03:37:21,0.03629000,0.05200000
2018-02-25 03:37:23,0.03640200,0.07200000
2018-02-25 03:37:23,0.03628800,0.06400000
2018-02-25 03:37:23,0.03628800,0.05600000
2018-02-25 03:37:23,0.03628800,0.05600000
2018-02-25 03:37:23,0.03628800,0.05600000
2018-02-25 03:37:23,0.03628800,0.82500000
2018-02-25 03:37:23,0.03628800,0.49000000
2018-02-25 03:37:24,0.03628800,0.96300000
2018-02-25 03:37:24,0.03629000,0.28900000
2018-02-25 03:37:27,0.03641900,0.05600000
2018-02-25 03:37:27,0.03642000,0.34200000
2018-02-25 03:37:27,0.03641900,0.24300000
2018-02-25 03:37:29,0.03641900,0.06000000
2018-02-25 03:37:30,0.03641900,0.00400000
2018-02-25 03:37:31,0.03642000,0.27500000
2018-02-25 03:37:32,0.03642000,0.15900000
2018-02-25 03:37:33,0.03637000,0.16400000
2018-02-25 03:37:33,0.03626400,0.16400000
2018-02-25 03:37:34,0.03627400,0.13700000
2018-02-25 03:37:34,0.03627400,18.77600000
2018-02-25 03:37:35,0.03627200,0.46600000
2018-02-25 03:37:35,0.03627100,0.03500000
2018-02-25 03:37:36,0.03627500,0.56800000
2018-02-25 03:37:36,0.03626900,0.10000000
2018-02-25 03:37:36,0.03626200,1.18100000
2018-02-25 03:37:37,0.03642200,0.93600000
2018-02-25 03:37:38,0.03641700,0.05500000
2018-02-25 03:37:40,0.03641600,0.06400000
2018-02-25 03:37:40,0.03641900,0.03800000
2018-02-25 03:37:40,0.03641900,0.20000000
2018-02-25 03:37:41,0.03627700,0.31700000
2018-02-25 03:37:41,0.03626300,0.56900000
2018-02-25 03:37:43,0.03640500,0.03200000
2018-02-25 03:37:49,0.03626400,0.00800000
2018-02-25 03:37:49,0.03627500,0.11200000
2018-02-25 03:37:49,0.03627700,0.13000000
2018-02-25 03:37:53,0.03638600,0.05400000
2018-02-25 03:37:56,0.03627700,0.12200000
2018-02-25 03:37:56,0.03638500,0.04300000
2018-02-25 03:37:56,0.03638600,0.04200000
2018-02-25 03:37:58,0.03637000,0.03300000
2018-02-25 03:37:59,0.03628200,0.13000000
2018-02-25 03:38:02,0.03628500,1.98700000
2018-02-25 03:38:04,0.03636900,0.06600000
2018-02-25 03:38:04,0.03628500,0.63700000
2018-02-25 03:38:04,0.03628300,0.27500000
2018-02-25 03:38:04,0.03627700,0.12200000
2018-02-25 03:38:04,0.03626300,0.78600000
2018-02-25 03:38:08,0.03635800,0.74400000
2018-02-25 03:38:10,0.03626300,0.58700000
2018-02-25 03:38:10,0.03626300,0.23700000
2018-02-25 03:38:10,0.03635200,0.02800000
2018-02-25 03:38:10,0.03626200,0.07300000
2018-02-25 03:38:11,0.03635100,0.31700000
2018-02-25 03:38:11,0.03635200,1.98200000
2018-02-25 03:38:11,0.03635400,0.65800000
2018-02-25 03:38:11,0.03635700,0.17900000
2018-02-25 03:38:11,0.03635700,0.09600000
2018-02-25 03:38:11,0.03637100,0.22100000
2018-02-25 03:38:11,0.03637600,0.28800000
2018-02-25 03:38:11,0.03638700,5.25600000
2018-02-25 03:38:11,0.03638700,26.63800000
2018-02-25 03:38:11,0.03639000,1.13700000
2018-02-25 03:38:11,0.03639200,11.97600000
2018-02-25 03:38:11,0.03639400,0.22600000
2018-02-25 03:38:11,0.03640000,3.05300000
2018-02-25 03:38:11,0.03641900,5.22300000
2018-02-25 03:38:11,0.03642900,1.51500000
2018-02-25 03:38:11,0.03648000,0.30700000
2018-02-25 03:38:11,0.03649900,3.09000000
2018-02-25 03:38:12,0.03635000,0.46900000
2018-02-25 03:38:12,0.03635100,0.13300000
2018-02-25 03:38:13,0.03625800,1.36800000
2018-02-25 03:38:15,0.03626400,0.82700000
2018-02-25 03:38:15,0.03626500,0.56400000
2018-02-25 03:38:15,0.03626500,0.56300000
2018-02-25 03:38:15,0.03626500,0.35200000
2018-02-25 03:38:15,0.03626700,0.23300000
2018-02-25 03:38:15,0.03626700,0.31600000
2018-02-25 03:38:15,0.03626800,0.04600000
2018-02-25 03:38:15,0.03626800,0.82700000
2018-02-25 03:38:15,0.03627000,0.80500000
2018-02-25 03:38:15,0.03627000,0.58500000
2018-02-25 03:38:15,0.03626800,0.80500000
2018-02-25 03:38:15,0.03626500,0.23600000
2018-02-25 03:38:15,0.03626300,0.82700000
2018-02-25 03:38:16,0.03626700,1.20400000
2018-02-25 03:38:16,0.03626000,0.11900000
2018-02-25 03:38:16,0.03626400,0.31700000
2018-02-25 03:38:16,0.03626400,2.61300000
2018-02-25 03:38:16,0.03626600,0.50000000
2018-02-25 03:38:16,0.03626800,1.44000000
2018-02-25 03:38:16,0.03626900,0.80600000
2018-02-25 03:38:16,0.03626000,0.05600000
2018-02-25 03:38:16,0.03626000,0.48500000
2018-02-25 03:38:16,0.03626000,0.36600000
2018-02-25 03:38:17,0.03633600,0.41400000
2018-02-25 03:38:20,0.03655800,0.07100000
2018-02-25 03:38:21,0.03628000,0.13000000
2018-02-25 03:38:21,0.03628100,0.10900000
2018-02-25 03:38:22,0.03652300,0.06000000
2018-02-25 03:38:23,0.03652300,0.09100000
2018-02-25 03:38:24,0.03652000,0.27500000
2018-02-25 03:38:24,0.03652100,0.39300000
2018-02-25 03:38:26,0.03651800,0.08200000
2018-02-25 03:38:28,0.03651500,0.06800000
2018-02-25 03:38:29,0.03651600,0.03300000
2018-02-25 03:38:32,0.03651100,0.09500000
2018-02-25 03:38:32,0.03651200,0.17900000
2018-02-25 03:38:35,0.03642400,1.33700000
2018-02-25 03:38:36,0.03642400,0.26700000
2018-02-25 03:38:36,0.03634500,0.82300000
2018-02-25 03:38:39,0.03641500,0.07500000
2018-02-25 03:38:39,0.03641500,0.03400000
2018-02-25 03:38:39,0.03641700,1.24700000
2018-02-25 03:38:39,0.03641800,0.19100000
2018-02-25 03:38:39,0.03642200,1.33700000
2018-02-25 03:38:39,0.03642300,1.33900000
2018-02-25 03:38:40,0.03641400,0.50000000
2018-02-25 03:38:40,0.03639000,1.13700000
2018-02-25 03:38:40,0.03639000,0.06700000
2018-02-25 03:38:40,0.03641400,0.12100000
2018-02-25 03:38:40,0.03641500,0.31700000
2018-02-25 03:38:44,0.03649900,0.50000000
2018-02-25 03:38:44,0.03650000,0.57700000
2018-02-25 03:38:48,0.03649700,0.07100000
2018-02-25 03:38:53,0.03635600,1.31800000
2018-02-25 03:38:53,0.03635500,0.27500000
2018-02-25 03:38:54,0.03649700,0.26000000
2018-02-25 03:38:54,0.03632300,5.06800000
2018-02-25 03:38:54,0.03632200,4.03200000
2018-02-25 03:38:54,0.03632100,0.27500000
2018-02-25 03:38:54,0.03632000,0.34400000
2018-02-25 03:38:56,0.03649500,0.03800000
2018-02-25 03:38:59,0.03632500,2.75200000
2018-02-25 03:39:03,0.03647300,0.05400000
2018-02-25 03:39:11,0.03643300,0.03400000
2018-02-25 03:39:18,0.03638600,0.05500000
2018-02-25 03:39:20,0.03626300,0.08300000
2018-02-25 03:39:24,0.03635500,0.21700000
2018-02-25 03:39:24,0.03635400,0.02800000
2018-02-25 03:39:29,0.03633100,2.43700000
2018-02-25 03:39:29,0.03633300,0.16800000
2018-02-25 03:39:29,0.03633300,0.30400000
2018-02-25 03:39:31,0.03633400,2.62700000
2018-02-25 03:39:31,0.03633400,0.53000000
2018-02-25 03:39:31,0.03633600,0.66900000
2018-02-25 03:39:31,0.03633900,0.34700000
2018-02-25 03:39:31,0.03633900,0.31500000
2018-02-25 03:39:35,0.03633200,0.09900000
2018-02-25 03:39:45,0.03632700,0.06900000
2018-02-25 03:39:51,0.03632700,0.80600000
2018-02-25 03:39:55,0.03628900,2.75500000
2018-02-25 03:39:55,0.03628700,0.16100000
2018-02-25 03:39:55,0.03628400,0.50000000
2018-02-25 03:39:55,0.03628200,0.27500000
2018-02-25 03:39:55,0.03628100,3.00300000
2018-02-25 03:39:55,0.03626300,1.51500000
2018-02-25 03:39:55,0.03626100,0.28300000
2018-02-25 03:39:58,0.03625200,2.67600000
2018-02-25 03:39:58,0.03625200,0.06600000
2018-02-25 03:39:58,0.03625100,0.27600000
2018-02-25 03:39:58,0.03625000,0.39300000
2018-02-25 03:39:58,0.03624400,0.13700000
2018-02-25 03:39:58,0.03623700,0.01700000
2018-02-25 03:39:59,0.03625000,0.73200000
2018-02-25 03:39:59,0.03625200,0.26100000
2018-02-25 03:39:59,0.03626300,0.21700000
2018-02-25 03:39:59,0.03626400,5.96500000
2018-02-25 03:39:59,0.03626400,5.22600000
2018-02-25 03:40:06,0.03626300,0.06800000
2018-02-25 03:40:11,0.03626200,0.04800000
2018-02-25 03:40:11,0.03626200,0.08200000
2018-02-25 03:40:12,0.03626200,0.02800000
2018-02-25 03:40:18,0.03625300,0.14800000
2018-02-25 03:40:21,0.03625300,1.00000000
2018-02-25 03:40:22,0.03625300,0.19600000
2018-02-25 03:40:23,0.03625300,0.04400000
2018-02-25 03:40:27,0.03625000,0.34500000
2018-02-25 03:40:27,0.03625000,2.92700000
2018-02-25 03:40:37,0.03623700,0.21200000
2018-02-25 03:40:37,0.03623700,0.28900000
2018-02-25 03:40:37,0.03623700,0.37700000
2018-02-25 03:40:37,0.03623700,0.82600000
2018-02-25 03:40:37,0.03623700,0.82600000
2018-02-25 03:40:37,0.03623700,0.59900000
2018-02-25 03:40:38,0.03623600,0.28300000
2018-02-25 03:40:39,0.03623100,0.18800000
2018-02-25 03:40:39,0.03622800,0.09600000
2018-02-25 03:40:39,0.03622000,0.05500000
2018-02-25 03:40:39,0.03621000,0.08200000
2018-02-25 03:40:39,0.03620000,3.33000000
2018-02-25 03:40:39,0.03621000,0.23400000
2018-02-25 03:40:43,0.03624900,0.08200000
2018-02-25 03:40:44,0.03624900,1.00000000
2018-02-25 03:40:44,0.03621100,0.04800000
2018-02-25 03:40:45,0.03621100,0.18600000
2018-02-25 03:40:45,0.03621000,0.05900000
2018-02-25 03:40:48,0.03620000,0.06000000
2018-02-25 03:40:48,0.03620900,0.23400000
2018-02-25 03:40:50,0.03620000,0.71200000
2018-02-25 03:40:51,0.03620900,0.14400000
2018-02-25 03:40:54,0.03620900,0.14400000
2018-02-25 03:40:54,0.03620100,0.75400000
2018-02-25 03:40:56,0.03620200,0.14100000
2018-02-25 03:40:56,0.03620100,0.10600000
2018-02-25 03:40:58,0.03620100,1.56900000
2018-02-25 03:40:59,0.03620900,0.14400000
2018-02-25 03:41:04,0.03620900,0.06500000
2018-02-25 03:41:05,0.03620100,0.24700000
2018-02-25 03:41:07,0.03620900,1.66200000
2018-02-25 03:41:09,0.03620900,0.00200000
2018-02-25 03:41:10,0.03621000,0.17500000
2018-02-25 03:41:11,0.03621000,0.10000000
2018-02-25 03:41:15,0.03620900,0.44600000
2018-02-25 03:41:15,0.03620100,0.68700000
2018-02-25 03:41:16,0.03621000,0.10000000
2018-02-25 03:41:25,0.03621000,0.27600000
2018-02-25 03:41:27,0.03620100,21.10900000
2018-02-25 03:41:27,0.03620000,0.17600000
2018-02-25 03:41:27,0.03620000,5.52100000
2018-02-25 03:41:27,0.03619500,0.15300000
2018-02-25 03:41:27,0.03619100,0.15900000
2018-02-25 03:41:33,0.03621000,0.08200000
2018-02-25 03:41:33,0.03621000,0.25200000
2018-02-25 03:41:35,0.03621000,0.06100000
2018-02-25 03:41:36,0.03616300,0.60500000
2018-02-25 03:41:36,0.03616100,9.98800000
2018-02-25 03:41:38,0.03621000,2.03500000
2018-02-25 03:41:41,0.03616100,1.48000000
2018-02-25 03:41:47,0.03620100,0.21100000
2018-02-25 03:41:48,0.03616300,2.41800000
2018-02-25 03:41:50,0.03616300,0.07500000
2018-02-25 03:41:50,0.03616300,0.14300000
2018-02-25 03:41:50,0.03616100,0.07400000
2018-02-25 03:41:52,0.03616100,2.56100000
2018-02-25 03:41:52,0.03616000,1.21800000
2018-02-25 03:41:52,0.03615000,1.54800000
2018-02-25 03:41:54,0.03616300,0.14700000
2018-02-25 03:41:55,0.03616300,0.90000000
2018-02-25 03:41:59,0.03613000,0.08200000
2018-02-25 03:42:00,0.03616300,0.24900000
2018-02-25 03:42:04,0.03611200,0.09600000
2018-02-25 03:42:05,0.03610200,2.76800000
2018-02-25 03:42:05,0.03610000,5.58600000
2018-02-25 03:42:05,0.03610000,8.52500000
2018-02-25 03:42:05,0.03610000,11.15000000
2018-02-25 03:42:05,0.03610000,12.29300000
2018-02-25 03:42:05,0.03610000,11.50700000
2018-02-25 03:42:05,0.03610000,9.17300000
2018-02-25 03:42:05,0.03610000,6.37500000
2018-02-25 03:42:06,0.03616100,0.16600000
2018-02-25 03:42:09,0.03610300,0.14400000
2018-02-25 03:42:09,0.03610000,1.66700000
2018-02-25 03:42:20,0.03610000,0.27400000
2018-02-25 03:42:37,0.03616100,1.94500000
2018-02-25 03:42:37,0.03616100,0.27600000
2018-02-25 03:42:37,0.03616100,0.13800000
2018-02-25 03:42:41,0.03610100,0.39000000
2018-02-25 03:42:48,0.03610100,1.50900000
2018-02-25 03:42:51,0.03616100,0.04000000
2018-02-25 03:42:55,0.03616100,2.13400000
2018-02-25 03:42:55,0.03616100,0.06900000
2018-02-25 03:42:57,0.03610300,0.20200000
2018-02-25 03:43:01,0.03610300,1.41100000
2018-02-25 03:43:08,0.03616100,0.04100000
2018-02-25 03:43:10,0.03616100,0.27600000
2018-02-25 03:43:12,0.03610300,0.61100000
2018-02-25 03:43:20,0.03610300,1.34300000
2018-02-25 03:43:20,0.03610300,0.11100000
2018-02-25 03:43:20,0.03610100,7.67900000
2018-02-25 03:43:20,0.03610000,25.05100000
