DATE,PRICE,VOLUME
2018-02-28 17:00:02,0.05205900,0.46000000
2018-02-28 17:00:04,0.05200100,0.09000000
2018-02-28 17:00:04,0.05200000,0.00400000
2018-02-28 17:00:04,0.05205900,0.12800000
2018-02-28 17:00:06,0.05205900,1.79400000
2018-02-28 17:00:06,0.05205900,2.95200000
2018-02-28 17:00:06,0.05200000,4.58400000
2018-02-28 17:00:07,0.05205900,0.07400000
2018-02-28 17:00:09,0.05206000,1.29700000
2018-02-28 17:00:09,0.05208900,0.84800000
2018-02-28 17:00:09,0.05209000,0.99500000
2018-02-28 17:00:09,0.05209700,4.40800000
2018-02-28 17:00:09,0.05200100,0.09000000
2018-02-28 17:00:09,0.05200000,5.90400000
2018-02-28 17:00:13,0.05209600,0.10600000
2018-02-28 17:00:13,0.05209700,0.04200000
2018-02-28 17:00:17,0.05209700,0.02300000
2018-02-28 17:00:18,0.05209700,0.95900000
2018-02-28 17:00:19,0.05209700,0.00100000
2018-02-28 17:00:21,0.05209700,25.89300000
2018-02-28 17:00:21,0.05209700,33.24200000
2018-02-28 17:00:21,0.05210500,0.57700000
2018-02-28 17:00:21,0.05215900,0.08000000
2018-02-28 17:00:21,0.05217400,0.21500000
2018-02-28 17:00:21,0.05219900,0.37900000
2018-02-28 17:00:21,0.05220000,4.99600000
2018-02-28 17:00:22,0.05226400,2.24900000
2018-02-28 17:00:22,0.05226500,0.38000000
2018-02-28 17:00:22,0.05226800,0.58700000
2018-02-28 17:00:22,0.05227500,0.86400000
2018-02-28 17:00:22,0.05228300,0.13300000
2018-02-28 17:00:24,0.05229700,0.36200000
2018-02-28 17:00:25,0.05229700,0.12800000
2018-02-28 17:00:26,0.05229700,1.23000000
2018-02-28 17:00:26,0.05229700,0.19500000
2018-02-28 17:00:26,0.05229800,0.09000000
2018-02-28 17:00:26,0.05229700,0.00200000
2018-02-28 17:00:28,0.05229500,0.17000000
2018-02-28 17:00:28,0.05229600,0.08800000
2018-02-28 17:00:28,0.05230000,3.64600000
2018-02-28 17:00:28,0.05230000,0.17000000
2018-02-28 17:00:29,0.05213300,1.00000000
2018-02-28 17:00:29,0.05213300,0.19100000
2018-02-28 17:00:30,0.05213300,0.38400000
2018-02-28 17:00:30,0.05213200,0.19200000
2018-02-28 17:00:32,0.05229800,1.00000000
2018-02-28 17:00:32,0.05229900,0.49400000
2018-02-28 17:00:32,0.05229900,0.08100000
2018-02-28 17:00:32,0.05230000,0.91900000
2018-02-28 17:00:35,0.05215300,0.28300000
2018-02-28 17:00:38,0.05232600,0.34600000
2018-02-28 17:00:39,0.05232600,0.06700000
2018-02-28 17:00:39,0.05232700,2.63200000
2018-02-28 17:00:39,0.05233800,0.09600000
2018-02-28 17:00:39,0.05234300,0.02100000
2018-02-28 17:00:39,0.05234400,0.08600000
2018-02-28 17:00:39,0.05234800,2.23700000
2018-02-28 17:00:39,0.05234900,0.30100000
2018-02-28 17:00:39,0.05235000,0.21300000
2018-02-28 17:00:39,0.05235200,0.17300000
2018-02-28 17:00:39,0.05235500,0.19700000
2018-02-28 17:00:39,0.05238300,7.97000000
2018-02-28 17:00:39,0.05240000,0.02400000
2018-02-28 17:00:39,0.05240000,2.93800000
2018-02-28 17:00:39,0.05240000,2.94000000
2018-02-28 17:00:39,0.05240700,0.30200000
2018-02-28 17:00:39,0.05245300,5.12800000
2018-02-28 17:00:39,0.05248700,0.58600000
2018-02-28 17:00:39,0.05248800,20.74000000
2018-02-28 17:00:39,0.05249900,1.35900000
2018-02-28 17:00:39,0.05250000,1.45300000
2018-02-28 17:00:39,0.05253400,1.12200000
2018-02-28 17:00:39,0.05255000,2.00000000
2018-02-28 17:00:39,0.05255100,0.02700000
2018-02-28 17:00:39,0.05256000,1.80000000
2018-02-28 17:00:39,0.05258900,0.17200000
2018-02-28 17:00:39,0.05260000,0.43200000
2018-02-28 17:00:39,0.05260000,0.75800000
2018-02-28 17:00:40,0.05240200,0.16000000
2018-02-28 17:00:40,0.05240200,1.60000000
2018-02-28 17:00:40,0.05262900,0.47500000
2018-02-28 17:00:43,0.05244200,1.51700000
2018-02-28 17:00:45,0.05263000,1.76000000
2018-02-28 17:00:45,0.05263000,6.64700000
2018-02-28 17:00:45,0.05263000,0.18100000
2018-02-28 17:00:45,0.05263000,3.25300000
2018-02-28 17:00:45,0.05263000,0.06300000
2018-02-28 17:00:46,0.05263000,0.12400000
2018-02-28 17:00:46,0.05263100,0.14600000
2018-02-28 17:00:46,0.05263200,0.03100000
2018-02-28 17:00:46,0.05264000,0.02500000
2018-02-28 17:00:46,0.05267100,0.20900000
2018-02-28 17:00:46,0.05268100,0.08000000
2018-02-28 17:00:46,0.05273300,0.14400000
2018-02-28 17:00:48,0.05263100,0.17000000
2018-02-28 17:00:48,0.05273100,1.51700000
2018-02-28 17:00:48,0.05273100,0.48300000
2018-02-28 17:00:48,0.05263000,0.19500000
2018-02-28 17:00:48,0.05250600,0.28800000
2018-02-28 17:00:48,0.05250600,0.18900000
2018-02-28 17:00:49,0.05265000,0.39300000
2018-02-28 17:00:50,0.05272800,0.17000000
2018-02-28 17:00:50,0.05272900,0.48400000
2018-02-28 17:00:50,0.05273100,7.68100000
2018-02-28 17:00:50,0.05251400,0.18900000
2018-02-28 17:00:51,0.05262900,0.87600000
2018-02-28 17:00:52,0.05270800,1.25900000
2018-02-28 17:00:52,0.05273300,0.01700000
2018-02-28 17:00:52,0.05275000,0.14300000
2018-02-28 17:00:52,0.05279100,0.26100000
2018-02-28 17:00:53,0.05252700,0.09600000
2018-02-28 17:00:53,0.05252600,0.02500000
2018-02-28 17:00:53,0.05252600,0.00300000
2018-02-28 17:00:53,0.05279000,0.03000000
2018-02-28 17:00:53,0.05252600,0.82600000
2018-02-28 17:00:53,0.05252600,0.44400000
2018-02-28 17:00:53,0.05252600,0.35200000
2018-02-28 17:00:54,0.05279000,0.44700000
2018-02-28 17:00:54,0.05279100,2.74700000
2018-02-28 17:00:54,0.05280000,5.67500000
2018-02-28 17:00:54,0.05283900,9.44800000
2018-02-28 17:00:54,0.05285400,3.63400000
2018-02-28 17:00:54,0.05252900,0.04800000
2018-02-28 17:00:54,0.05285400,3.54500000
2018-02-28 17:00:54,0.05285400,0.09400000
2018-02-28 17:00:57,0.05285300,2.20000000
2018-02-28 17:00:57,0.05285300,0.70000000
2018-02-28 17:00:58,0.05285300,0.98700000
2018-02-28 17:00:58,0.05285300,1.40300000
2018-02-28 17:00:58,0.05255800,1.17000000
2018-02-28 17:00:58,0.05255700,0.09100000
2018-02-28 17:00:59,0.05285300,0.00100000
2018-02-28 17:00:59,0.05285000,2.10200000
2018-02-28 17:00:59,0.05285300,2.39000000
2018-02-28 17:00:59,0.05285300,2.37600000
2018-02-28 17:00:59,0.05285300,0.00100000
2018-02-28 17:00:59,0.05256700,1.63900000
2018-02-28 17:00:59,0.05256500,0.10000000
2018-02-28 17:00:59,0.05255800,0.50000000
2018-02-28 17:00:59,0.05255700,0.07600000
2018-02-28 17:00:59,0.05255500,0.06200000
2018-02-28 17:00:59,0.05255500,2.37700000
2018-02-28 17:00:59,0.05255500,0.45100000
2018-02-28 17:00:59,0.05255500,0.18900000
2018-02-28 17:00:59,0.05255300,0.21700000
2018-02-28 17:01:00,0.05270300,1.86100000
2018-02-28 17:01:01,0.05256000,0.09000000
2018-02-28 17:01:01,0.05255900,0.57000000
2018-02-28 17:01:02,0.05253000,0.12200000
2018-02-28 17:01:02,0.05269200,1.75600000
2018-02-28 17:01:02,0.05269400,1.00000000
2018-02-28 17:01:02,0.05269700,0.09200000
2018-02-28 17:01:04,0.05268200,0.04900000
2018-02-28 17:01:04,0.05268200,0.24600000
2018-02-28 17:01:04,0.05268300,0.10000000
2018-02-28 17:01:05,0.05253600,0.04800000
2018-02-28 17:01:06,0.05262000,0.10000000
2018-02-28 17:01:07,0.05254500,0.12800000
2018-02-28 17:01:07,0.05254500,0.49000000
2018-02-28 17:01:07,0.05254500,0.49000000
2018-02-28 17:01:07,0.05254500,0.49000000
2018-02-28 17:01:07,0.05254500,0.30200000
2018-02-28 17:01:07,0.05254300,0.10000000
2018-02-28 17:01:07,0.05254300,0.08800000
2018-02-28 17:01:12,0.05266300,0.56600000
2018-02-28 17:01:12,0.05266200,0.23000000
2018-02-28 17:01:12,0.05266200,0.34000000
2018-02-28 17:01:12,0.05266500,0.09000000
2018-02-28 17:01:12,0.05266800,0.88000000
2018-02-28 17:01:12,0.05264700,0.10800000
2018-02-28 17:01:13,0.05253300,0.12200000
2018-02-28 17:01:13,0.05253300,0.34600000
2018-02-28 17:01:21,0.05261400,1.33400000
2018-02-28 17:01:21,0.05261600,2.20900000
2018-02-28 17:01:21,0.05264100,0.09600000
2018-02-28 17:01:21,0.05265000,0.14200000
2018-02-28 17:01:21,0.05265800,0.04800000
2018-02-28 17:01:21,0.05265900,0.02600000
2018-02-28 17:01:21,0.05267200,0.05600000
2018-02-28 17:01:21,0.05267200,4.04200000
2018-02-28 17:01:21,0.05267700,0.76500000
2018-02-28 17:01:21,0.05268000,0.56800000
2018-02-28 17:01:21,0.05268300,0.85600000
2018-02-28 17:01:21,0.05268600,2.37700000
2018-02-28 17:01:21,0.05269700,1.00000000
2018-02-28 17:01:21,0.05270800,0.25100000
2018-02-28 17:01:21,0.05267400,0.10000000
2018-02-28 17:01:22,0.05267500,0.21000000
2018-02-28 17:01:22,0.05267400,0.89000000
2018-02-28 17:01:22,0.05267400,0.07300000
2018-02-28 17:01:22,0.05267400,0.03800000
2018-02-28 17:01:22,0.05267400,0.79500000
2018-02-28 17:01:22,0.05267400,0.03500000
2018-02-28 17:01:23,0.05267500,0.56700000
2018-02-28 17:01:24,0.05267600,0.14200000
2018-02-28 17:01:24,0.05267600,0.44800000
2018-02-28 17:01:24,0.05267500,0.00200000
2018-02-28 17:01:24,0.05267300,1.89600000
2018-02-28 17:01:24,0.05267400,0.02400000
2018-02-28 17:01:24,0.05267400,0.02600000
2018-02-28 17:01:24,0.05267300,1.90000000
2018-02-28 17:01:25,0.05267300,1.03600000
2018-02-28 17:01:25,0.05267500,0.08200000
2018-02-28 17:01:25,0.05284800,0.46800000
2018-02-28 17:01:25,0.05285200,1.21000000
2018-02-28 17:01:25,0.05285300,0.37000000
2018-02-28 17:01:25,0.05285400,11.68600000
2018-02-28 17:01:25,0.05287900,2.28300000
2018-02-28 17:01:25,0.05267500,0.32300000
2018-02-28 17:01:25,0.05285000,4.32300000
2018-02-28 17:01:25,0.05267500,1.48900000
2018-02-28 17:01:25,0.05267300,2.83400000
2018-02-28 17:01:26,0.05267400,0.70000000
2018-02-28 17:01:26,0.05284800,1.89400000
2018-02-28 17:01:26,0.05285000,1.56000000
2018-02-28 17:01:26,0.05287700,0.10800000
2018-02-28 17:01:26,0.05287800,0.56900000
2018-02-28 17:01:26,0.05287900,1.72800000
2018-02-28 17:01:26,0.05288000,1.93100000
2018-02-28 17:01:26,0.05288000,0.05900000
2018-02-28 17:01:26,0.05288000,10.52100000
2018-02-28 17:01:26,0.05288000,0.06000000
2018-02-28 17:01:26,0.05288000,0.20000000
2018-02-28 17:01:27,0.05288000,0.11500000
2018-02-28 17:01:27,0.05288000,0.70000000
2018-02-28 17:01:28,0.05288000,2.00000000
2018-02-28 17:01:28,0.05288100,0.05100000
2018-02-28 17:01:28,0.05289900,0.50000000
2018-02-28 17:01:29,0.05290100,0.02400000
2018-02-28 17:01:29,0.05290100,0.19700000
2018-02-28 17:01:29,0.05290300,0.70200000
2018-02-28 17:01:29,0.05291200,0.02400000
2018-02-28 17:01:29,0.05292700,0.02400000
2018-02-28 17:01:29,0.05295000,0.19200000
2018-02-28 17:01:29,0.05295000,0.00400000
2018-02-28 17:01:30,0.05290000,0.04400000
2018-02-28 17:01:32,0.05295000,7.49700000
2018-02-28 17:01:32,0.05297600,0.92900000
2018-02-28 17:01:32,0.05299900,0.72300000
2018-02-28 17:01:32,0.05300000,4.88500000
2018-02-28 17:01:32,0.05300000,0.04400000
2018-02-28 17:01:32,0.05300000,0.19000000
2018-02-28 17:01:32,0.05300100,0.06400000
2018-02-28 17:01:32,0.05300000,0.77300000
2018-02-28 17:01:33,0.05300000,0.03500000
2018-02-28 17:01:33,0.05300000,0.04700000
2018-02-28 17:01:33,0.05300000,1.09800000
2018-02-28 17:01:33,0.05300000,0.02000000
2018-02-28 17:01:34,0.05300900,0.10100000
2018-02-28 17:01:34,0.05300000,0.06400000
2018-02-28 17:01:35,0.05300900,0.56900000
2018-02-28 17:01:35,0.05303500,2.00000000
2018-02-28 17:01:35,0.05308100,0.45300000
2018-02-28 17:01:36,0.05300400,0.10000000
2018-02-28 17:01:36,0.05308000,0.17000000
2018-02-28 17:01:36,0.05308100,0.07300000
2018-02-28 17:01:36,0.05303500,0.03400000
2018-02-28 17:01:36,0.05308100,1.00000000
2018-02-28 17:01:37,0.05303500,0.02100000
2018-02-28 17:01:37,0.05308100,0.02400000
2018-02-28 17:01:37,0.05308100,0.05500000
2018-02-28 17:01:38,0.05308100,1.81400000
2018-02-28 17:01:38,0.05308100,0.65200000
2018-02-28 17:01:38,0.05308100,4.43700000
2018-02-28 17:01:39,0.05308100,0.14200000
2018-02-28 17:01:39,0.05310000,0.02300000
2018-02-28 17:01:39,0.05313000,0.03000000
2018-02-28 17:01:40,0.05308100,0.16400000
2018-02-28 17:01:40,0.05313000,0.05600000
2018-02-28 17:01:40,0.05313200,0.32400000
2018-02-28 17:01:41,0.05313200,0.18800000
2018-02-28 17:01:41,0.05313200,0.17700000
2018-02-28 17:01:42,0.05308200,0.17000000
2018-02-28 17:01:42,0.05308100,3.07100000
2018-02-28 17:01:43,0.05313200,0.17700000
2018-02-28 17:01:43,0.05314500,0.17000000
2018-02-28 17:01:43,0.05314900,0.26000000
2018-02-28 17:01:44,0.05308100,1.88300000
2018-02-28 17:01:44,0.05308100,5.87500000
2018-02-28 17:01:44,0.05313200,0.76600000
2018-02-28 17:01:44,0.05314900,0.74000000
2018-02-28 17:01:44,0.05316100,1.35100000
2018-02-28 17:01:44,0.05316100,0.12600000
2018-02-28 17:01:44,0.05316100,0.84200000
2018-02-28 17:01:45,0.05308100,0.14100000
2018-02-28 17:01:45,0.05316000,0.44900000
2018-02-28 17:01:45,0.05316100,1.16900000
2018-02-28 17:01:45,0.05304100,0.04800000
2018-02-28 17:01:45,0.05307200,0.04700000
2018-02-28 17:01:45,0.05316100,0.23100000
2018-02-28 17:01:46,0.05316100,0.04700000
2018-02-28 17:01:46,0.05316200,0.07500000
2018-02-28 17:01:46,0.05317800,0.02800000
2018-02-28 17:01:46,0.05317800,0.17100000
2018-02-28 17:01:46,0.05313000,0.15000000
2018-02-28 17:01:48,0.05316100,0.55100000
2018-02-28 17:01:48,0.05317800,1.68600000
2018-02-28 17:01:48,0.05317800,2.43400000
2018-02-28 17:01:49,0.05310100,0.12200000
2018-02-28 17:01:49,0.05310000,0.47900000
2018-02-28 17:01:49,0.05308200,0.34600000
2018-02-28 17:01:49,0.05317800,0.27800000
2018-02-28 17:01:50,0.05304500,0.02300000
2018-02-28 17:01:50,0.05317800,2.16200000
2018-02-28 17:01:50,0.05317800,4.95000000
2018-02-28 17:01:50,0.05317800,0.00100000
2018-02-28 17:01:51,0.05311000,0.17000000
2018-02-28 17:01:51,0.05311100,0.10000000
2018-02-28 17:01:51,0.05317800,0.42000000
2018-02-28 17:01:52,0.05317800,0.56100000
2018-02-28 17:01:52,0.05308200,0.96400000
2018-02-28 17:01:52,0.05316000,0.81900000
2018-02-28 17:01:52,0.05317800,6.32700000
2018-02-28 17:01:52,0.05319000,0.20900000
2018-02-28 17:01:52,0.05320000,0.81200000
2018-02-28 17:01:53,0.05320000,16.76600000
2018-02-28 17:01:53,0.05320800,0.08000000
2018-02-28 17:01:54,0.05323200,1.31200000
2018-02-28 17:01:54,0.05320800,2.88200000
2018-02-28 17:01:54,0.05320900,0.17000000
2018-02-28 17:01:54,0.05320800,0.59200000
2018-02-28 17:01:54,0.05320800,0.04200000
2018-02-28 17:01:56,0.05323100,0.31000000
2018-02-28 17:01:57,0.05323100,0.34800000
2018-02-28 17:01:57,0.05320800,0.14800000
2018-02-28 17:01:57,0.05320800,0.23900000
2018-02-28 17:01:57,0.05320800,0.76100000
2018-02-28 17:01:57,0.05323100,0.97600000
2018-02-28 17:01:58,0.05323100,0.80000000
2018-02-28 17:01:58,0.05323200,0.55300000
2018-02-28 17:01:58,0.05320000,0.12200000
2018-02-28 17:01:59,0.05320000,0.35000000
2018-02-28 17:01:59,0.05321600,0.10000000
2018-02-28 17:01:59,0.05323200,0.19100000
2018-02-28 17:01:59,0.05323800,0.95300000
2018-02-28 17:02:00,0.05320000,0.10100000
2018-02-28 17:02:00,0.05323800,0.36200000
2018-02-28 17:02:01,0.05323200,1.49700000
2018-02-28 17:02:02,0.05323800,0.18700000
2018-02-28 17:02:02,0.05324000,0.26400000
2018-02-28 17:02:03,0.05323800,0.39100000
2018-02-28 17:02:03,0.05323200,0.69100000
2018-02-28 17:02:03,0.05323000,0.05600000
2018-02-28 17:02:03,0.05324000,0.21500000
2018-02-28 17:02:03,0.05324000,0.18000000
2018-02-28 17:02:03,0.05324000,0.08600000
2018-02-28 17:02:03,0.05324500,0.09800000
2018-02-28 17:02:03,0.05324700,0.10300000
2018-02-28 17:02:03,0.05324700,0.49300000
2018-02-28 17:02:05,0.05323800,0.50000000
2018-02-28 17:02:07,0.05324700,1.47900000
2018-02-28 17:02:07,0.05326600,0.45100000
2018-02-28 17:02:07,0.05330000,2.47000000
2018-02-28 17:02:07,0.05332800,0.60200000
2018-02-28 17:02:07,0.05337600,0.58900000
2018-02-28 17:02:07,0.05337800,0.55900000
2018-02-28 17:02:07,0.05324700,0.06200000
2018-02-28 17:02:07,0.05337800,0.26600000
2018-02-28 17:02:07,0.05339300,0.14700000
2018-02-28 17:02:07,0.05339900,0.40100000
2018-02-28 17:02:08,0.05339800,0.09000000
2018-02-28 17:02:08,0.05339900,0.01000000
2018-02-28 17:02:09,0.05330000,0.05300000
2018-02-28 17:02:09,0.05330000,0.10900000
2018-02-28 17:02:10,0.05330100,0.07500000
2018-02-28 17:02:10,0.05330000,0.04300000
2018-02-28 17:02:10,0.05339900,0.03000000
2018-02-28 17:02:11,0.05339900,0.35300000
2018-02-28 17:02:11,0.05339900,0.15400000
2018-02-28 17:02:12,0.05339800,0.07500000
2018-02-28 17:02:12,0.05339900,4.52800000
2018-02-28 17:02:12,0.05330100,0.09000000
2018-02-28 17:02:12,0.05330000,0.71300000
2018-02-28 17:02:12,0.05330000,0.38200000
2018-02-28 17:02:12,0.05339900,0.02100000
2018-02-28 17:02:12,0.05330000,0.12500000
2018-02-28 17:02:12,0.05324700,1.59200000
2018-02-28 17:02:12,0.05324400,0.56300000
2018-02-28 17:02:12,0.05324300,1.89600000
2018-02-28 17:02:12,0.05323800,3.26200000
2018-02-28 17:02:12,0.05320000,6.48500000
2018-02-28 17:02:12,0.05330000,0.09400000
2018-02-28 17:02:12,0.05330000,0.10000000
2018-02-28 17:02:12,0.05330000,0.07700000
2018-02-28 17:02:12,0.05339900,0.73100000
2018-02-28 17:02:13,0.05339900,1.22100000
2018-02-28 17:02:13,0.05320300,15.04600000
2018-02-28 17:02:13,0.05320200,1.87700000
2018-02-28 17:02:13,0.05320000,37.76400000
2018-02-28 17:02:14,0.05339800,1.72400000
2018-02-28 17:02:14,0.05330000,0.24800000
2018-02-28 17:02:14,0.05330000,3.44700000
2018-02-28 17:02:14,0.05320400,0.41300000
2018-02-28 17:02:14,0.05320400,0.06500000
2018-02-28 17:02:14,0.05339500,0.27500000
2018-02-28 17:02:15,0.05339300,1.38800000
2018-02-28 17:02:15,0.05324300,0.65400000
2018-02-28 17:02:15,0.05320400,0.02200000
2018-02-28 17:02:15,0.05320300,0.23400000
2018-02-28 17:02:16,0.05320300,0.05700000
2018-02-28 17:02:16,0.05335000,0.48700000
2018-02-28 17:02:16,0.05324300,0.21700000
2018-02-28 17:02:16,0.05320400,0.20800000
2018-02-28 17:02:16,0.05320000,2.59700000
2018-02-28 17:02:16,0.05334900,0.32700000
2018-02-28 17:02:16,0.05335000,0.02500000
2018-02-28 17:02:16,0.05335500,0.25900000
2018-02-28 17:02:16,0.05339700,0.18200000
2018-02-28 17:02:17,0.05320000,0.04800000
2018-02-28 17:02:17,0.05334800,0.20800000
2018-02-28 17:02:17,0.05334900,0.18900000
2018-02-28 17:02:17,0.05339600,0.56300000
2018-02-28 17:02:17,0.05339700,0.18700000
2018-02-28 17:02:17,0.05320200,0.81300000
2018-02-28 17:02:18,0.05320400,0.05600000
2018-02-28 17:02:18,0.05320000,0.38300000
2018-02-28 17:02:18,0.05320200,0.81300000
2018-02-28 17:02:18,0.05320400,0.78800000
2018-02-28 17:02:18,0.05339700,0.05600000
2018-02-28 17:02:18,0.05320400,0.05500000
2018-02-28 17:02:18,0.05320400,1.12500000
2018-02-28 17:02:18,0.05320200,0.11700000
2018-02-28 17:02:18,0.05320200,0.04000000
2018-02-28 17:02:18,0.05320000,0.20600000
2018-02-28 17:02:19,0.05339600,0.14000000
2018-02-28 17:02:19,0.05320300,0.09400000
2018-02-28 17:02:19,0.05339300,0.14900000
2018-02-28 17:02:19,0.05339600,0.03300000
2018-02-28 17:02:19,0.05320300,0.22600000
2018-02-28 17:02:19,0.05320300,0.05700000
2018-02-28 17:02:19,0.05320400,0.02300000
2018-02-28 17:02:19,0.05320400,0.06000000
2018-02-28 17:02:19,0.05320600,0.04000000
2018-02-28 17:02:19,0.05320900,0.10600000
2018-02-28 17:02:19,0.05320900,0.21100000
2018-02-28 17:02:19,0.05320900,0.09700000
2018-02-28 17:02:19,0.05320900,0.02300000
2018-02-28 17:02:20,0.05320900,0.15200000
2018-02-28 17:02:20,0.05320900,0.08400000
2018-02-28 17:02:20,0.05320800,0.08600000
2018-02-28 17:02:20,0.05322300,0.10200000
2018-02-28 17:02:20,0.05322300,0.08500000
2018-02-28 17:02:20,0.05321100,0.21700000
2018-02-28 17:02:20,0.05339600,0.06800000
2018-02-28 17:02:20,0.05321100,0.16400000
2018-02-28 17:02:20,0.05321400,0.09400000
2018-02-28 17:02:20,0.05339500,0.67300000
2018-02-28 17:02:20,0.05339600,0.42900000
2018-02-28 17:02:20,0.05339700,1.76200000
2018-02-28 17:02:20,0.05339800,1.18400000
2018-02-28 17:02:21,0.05322900,0.15000000
2018-02-28 17:02:21,0.05321400,0.64600000
2018-02-28 17:02:21,0.05335000,0.18600000
2018-02-28 17:02:21,0.05335000,0.59600000
2018-02-28 17:02:21,0.05335000,1.46300000
2018-02-28 17:02:21,0.05335000,1.46300000
2018-02-28 17:02:21,0.05335000,1.46300000
2018-02-28 17:02:22,0.05321800,0.18600000
2018-02-28 17:02:22,0.05321800,0.02900000
2018-02-28 17:02:23,0.05322100,0.16200000
2018-02-28 17:02:23,0.05322100,0.11300000
2018-02-28 17:02:23,0.05322100,0.01400000
2018-02-28 17:02:23,0.05321900,0.17600000
2018-02-28 17:02:23,0.05321900,0.11600000
2018-02-28 17:02:24,0.05334900,0.39000000
2018-02-28 17:02:24,0.05321900,0.37800000
2018-02-28 17:02:24,0.05321600,0.22900000
2018-02-28 17:02:25,0.05321500,0.19300000
2018-02-28 17:02:25,0.05334400,1.33100000
2018-02-28 17:02:27,0.05333800,0.19500000
2018-02-28 17:02:27,0.05321600,0.17000000
2018-02-28 17:02:27,0.05321400,0.19400000
2018-02-28 17:02:27,0.05321400,0.04800000
2018-02-28 17:02:28,0.05333800,0.05600000
2018-02-28 17:02:28,0.05333800,0.28400000
2018-02-28 17:02:28,0.05321400,0.49900000
2018-02-28 17:02:29,0.05330000,0.07900000
2018-02-28 17:02:29,0.05330000,0.27800000
2018-02-28 17:02:30,0.05333200,0.01800000
2018-02-28 17:02:30,0.05333200,0.15800000
2018-02-28 17:02:30,0.05333400,0.17000000
2018-02-28 17:02:30,0.05333700,0.24800000
2018-02-28 17:02:30,0.05321700,0.07700000
2018-02-28 17:02:31,0.05321700,0.37800000
2018-02-28 17:02:31,0.05321700,0.04200000
2018-02-28 17:02:31,0.05321700,0.04000000
2018-02-28 17:02:31,0.05330000,0.01600000
2018-02-28 17:02:31,0.05330000,0.71800000
2018-02-28 17:02:31,0.05333700,11.50000000
2018-02-28 17:02:31,0.05334000,0.50500000
2018-02-28 17:02:31,0.05334400,0.06900000
2018-02-28 17:02:31,0.05335000,0.07000000
2018-02-28 17:02:31,0.05334800,9.70100000
2018-02-28 17:02:31,0.05334800,0.37000000
2018-02-28 17:02:32,0.05321600,0.04600000
2018-02-28 17:02:32,0.05321600,0.02300000
2018-02-28 17:02:33,0.05333500,0.16700000
2018-02-28 17:02:33,0.05333700,0.18800000
2018-02-28 17:02:33,0.05334000,0.17000000
2018-02-28 17:02:33,0.05334300,0.78300000
2018-02-28 17:02:33,0.05335000,0.98000000
2018-02-28 17:02:34,0.05335000,0.10500000
2018-02-28 17:02:34,0.05335000,1.91400000
2018-02-28 17:02:34,0.05321800,0.00100000
2018-02-28 17:02:37,0.05334400,0.01700000
2018-02-28 17:02:37,0.05334400,0.26800000
2018-02-28 17:02:37,0.05335300,0.08500000
2018-02-28 17:02:37,0.05335500,0.10700000
2018-02-28 17:02:38,0.05324100,0.03200000
2018-02-28 17:02:38,0.05334100,0.07100000
2018-02-28 17:02:38,0.05335500,0.62300000
2018-02-28 17:02:38,0.05324000,0.04600000
2018-02-28 17:02:38,0.05324100,0.10100000
2018-02-28 17:02:38,0.05324000,0.08700000
2018-02-28 17:02:39,0.05335500,0.00600000
2018-02-28 17:02:40,0.05335500,0.03400000
2018-02-28 17:02:40,0.05324200,0.05900000
2018-02-28 17:02:40,0.05324200,0.11000000
2018-02-28 17:02:40,0.05324200,0.14500000
2018-02-28 17:02:41,0.05324300,0.17000000
2018-02-28 17:02:41,0.05324200,0.13800000
2018-02-28 17:02:41,0.05324200,0.04200000
2018-02-28 17:02:42,0.05324600,0.09800000
2018-02-28 17:02:42,0.05334000,0.95200000
2018-02-28 17:02:42,0.05334200,0.52700000
2018-02-28 17:02:42,0.05334400,0.07200000
2018-02-28 17:02:42,0.05335000,0.08300000
2018-02-28 17:02:43,0.05335000,0.06800000
2018-02-28 17:02:43,0.05335200,0.17000000
2018-02-28 17:02:43,0.05335300,0.13300000
2018-02-28 17:02:43,0.05335500,0.87900000
2018-02-28 17:02:43,0.05335500,0.15300000
2018-02-28 17:02:44,0.05335500,1.14700000
2018-02-28 17:02:44,0.05339400,1.51800000
2018-02-28 17:02:45,0.05335000,7.10600000
2018-02-28 17:02:45,0.05335000,3.68800000
2018-02-28 17:02:45,0.05335000,1.71500000
2018-02-28 17:02:45,0.05325300,0.03800000
2018-02-28 17:02:46,0.05334900,0.17000000
2018-02-28 17:02:46,0.05335000,0.04900000
2018-02-28 17:02:46,0.05335900,0.09800000
2018-02-28 17:02:46,0.05339400,0.00100000
2018-02-28 17:02:46,0.05339500,0.40500000
2018-02-28 17:02:46,0.05335500,0.46700000
2018-02-28 17:02:46,0.05335500,0.83300000
2018-02-28 17:02:47,0.05339500,1.76100000
2018-02-28 17:02:47,0.05339700,0.19500000
2018-02-28 17:02:47,0.05339800,0.02800000
2018-02-28 17:02:47,0.05339800,4.92900000
2018-02-28 17:02:47,0.05330000,0.59900000
2018-02-28 17:02:48,0.05335000,1.72500000
2018-02-28 17:02:48,0.05335000,0.55700000
2018-02-28 17:02:49,0.05335000,0.36200000
2018-02-28 17:02:49,0.05335000,0.34300000
2018-02-28 17:02:49,0.05335000,0.10000000
2018-02-28 17:02:50,0.05335000,2.17500000
2018-02-28 17:02:50,0.05339900,3.60500000
2018-02-28 17:02:50,0.05339900,0.03800000
2018-02-28 17:02:51,0.05330100,0.15200000
2018-02-28 17:02:52,0.05339900,2.13700000
2018-02-28 17:02:52,0.05340000,3.51900000
2018-02-28 17:02:52,0.05330000,0.08200000
2018-02-28 17:02:52,0.05330000,1.93100000
2018-02-28 17:02:52,0.05330000,0.12800000
2018-02-28 17:02:52,0.05329200,0.09200000
2018-02-28 17:02:52,0.05339400,0.76700000
2018-02-28 17:02:53,0.05339400,2.21300000
2018-02-28 17:02:53,0.05339400,8.30100000
2018-02-28 17:02:53,0.05335000,0.26000000
2018-02-28 17:02:54,0.05339400,0.07800000
2018-02-28 17:02:54,0.05335000,0.13700000
2018-02-28 17:02:55,0.05339300,0.51500000
2018-02-28 17:02:55,0.05339400,0.50100000
2018-02-28 17:02:56,0.05329300,0.11300000
2018-02-28 17:02:56,0.05329300,0.05700000
2018-02-28 17:02:56,0.05329200,0.00600000
2018-02-28 17:02:56,0.05324600,0.10700000
2018-02-28 17:02:56,0.05324600,0.05700000
2018-02-28 17:02:57,0.05329200,0.18000000
2018-02-28 17:02:57,0.05339400,0.10000000
2018-02-28 17:02:57,0.05339400,3.30400000
2018-02-28 17:02:57,0.05339900,0.09200000
2018-02-28 17:02:57,0.05340000,3.93000000
2018-02-28 17:02:57,0.05324800,0.07900000
2018-02-28 17:02:57,0.05339000,0.14200000
2018-02-28 17:02:57,0.05340000,0.11200000
2018-02-28 17:02:57,0.05340000,0.17700000
2018-02-28 17:02:57,0.05339900,0.50000000
2018-02-28 17:02:57,0.05340000,1.87400000
2018-02-28 17:02:58,0.05325200,0.14600000
2018-02-28 17:02:58,0.05325200,0.24600000
2018-02-28 17:02:58,0.05324900,0.21700000
2018-02-28 17:02:58,0.05333000,0.02700000
2018-02-28 17:02:58,0.05325000,0.07900000
2018-02-28 17:02:59,0.05333100,0.02200000
2018-02-28 17:02:59,0.05333100,0.06100000
2018-02-28 17:02:59,0.05339500,0.07900000
2018-02-28 17:02:59,0.05339700,0.17000000
2018-02-28 17:02:59,0.05339800,0.17000000
2018-02-28 17:02:59,0.05340000,0.39200000
2018-02-28 17:02:59,0.05333100,0.09400000
2018-02-28 17:02:59,0.05333100,0.05700000
2018-02-28 17:03:00,0.05339900,0.07900000
2018-02-28 17:03:00,0.05340000,0.35500000
2018-02-28 17:03:00,0.05333000,0.17000000
2018-02-28 17:03:00,0.05329200,0.17000000
2018-02-28 17:03:00,0.05321400,1.95400000
2018-02-28 17:03:00,0.05320100,3.99800000
2018-02-28 17:03:00,0.05320000,8.40700000
2018-02-28 17:03:00,0.05320000,22.91500000
2018-02-28 17:03:00,0.05320000,1.68200000
2018-02-28 17:03:00,0.05319700,0.83300000
2018-02-28 17:03:01,0.05335000,0.27200000
2018-02-28 17:03:01,0.05338300,0.45100000
2018-02-28 17:03:01,0.05338400,0.18800000
2018-02-28 17:03:01,0.05339900,0.24200000
2018-02-28 17:03:02,0.05329400,0.20200000
2018-02-28 17:03:02,0.05329400,0.03000000
2018-02-28 17:03:02,0.05333100,0.15000000
2018-02-28 17:03:02,0.05335500,0.57500000
2018-02-28 17:03:02,0.05333100,0.90300000
2018-02-28 17:03:02,0.05329400,0.35800000
2018-02-28 17:03:02,0.05329300,1.49100000
2018-02-28 17:03:02,0.05316700,0.18800000
2018-02-28 17:03:02,0.05316500,0.15000000
2018-02-28 17:03:02,0.05314100,0.09400000
2018-02-28 17:03:03,0.05314100,0.28400000
2018-02-28 17:03:03,0.05314300,0.05700000
2018-02-28 17:03:03,0.05314300,0.19000000
2018-02-28 17:03:03,0.05314300,0.47400000
2018-02-28 17:03:03,0.05315300,0.09600000
2018-02-28 17:03:03,0.05320000,1.78400000
2018-02-28 17:03:03,0.05320000,1.78400000
2018-02-28 17:03:03,0.05315400,0.05000000
2018-02-28 17:03:03,0.05315400,0.11500000
2018-02-28 17:03:03,0.05320000,1.78400000
2018-02-28 17:03:03,0.05315400,0.02800000
2018-02-28 17:03:03,0.05320000,0.09100000
2018-02-28 17:03:04,0.05320200,0.04800000
2018-02-28 17:03:04,0.05320200,0.05600000
2018-02-28 17:03:04,0.05320200,0.04800000
2018-02-28 17:03:04,0.05320200,0.04200000
2018-02-28 17:03:04,0.05320200,0.86900000
2018-02-28 17:03:04,0.05320100,0.12200000
2018-02-28 17:03:04,0.05320000,1.69900000
2018-02-28 17:03:04,0.05313800,0.09400000
2018-02-28 17:03:04,0.05313700,0.05600000
2018-02-28 17:03:04,0.05312600,0.08500000
2018-02-28 17:03:04,0.05308200,1.54900000
2018-02-28 17:03:04,0.05308200,0.06900000
2018-02-28 17:03:05,0.05308300,0.70400000
2018-02-28 17:03:05,0.05308200,0.92300000
2018-02-28 17:03:05,0.05308200,0.03800000
2018-02-28 17:03:06,0.05308200,0.07600000
2018-02-28 17:03:06,0.05311200,0.08400000
2018-02-28 17:03:06,0.05311200,0.09600000
2018-02-28 17:03:06,0.05311200,0.10200000
2018-02-28 17:03:06,0.05308200,0.54000000
2018-02-28 17:03:06,0.05311200,0.06700000
2018-02-28 17:03:06,0.05337100,1.09000000
2018-02-28 17:03:06,0.05337200,0.81000000
2018-02-28 17:03:07,0.05311200,0.08300000
2018-02-28 17:03:07,0.05311200,0.15200000
2018-02-28 17:03:07,0.05311200,0.13200000
2018-02-28 17:03:07,0.05313900,0.75800000
2018-02-28 17:03:08,0.05313900,0.24200000
2018-02-28 17:03:08,0.05313800,0.18800000
2018-02-28 17:03:08,0.05311200,0.05300000
2018-02-28 17:03:08,0.05311200,0.07100000
2018-02-28 17:03:08,0.05311200,0.06800000
2018-02-28 17:03:08,0.05311200,3.27000000
2018-02-28 17:03:08,0.05308200,1.89700000
2018-02-28 17:03:08,0.05311000,0.04200000
2018-02-28 17:03:08,0.05308200,1.63800000
2018-02-28 17:03:09,0.05313800,0.08600000
2018-02-28 17:03:09,0.05319400,0.88200000
2018-02-28 17:03:10,0.05313800,0.04800000
2018-02-28 17:03:10,0.05313800,0.09800000
2018-02-28 17:03:10,0.05309300,0.18800000
2018-02-28 17:03:10,0.05308200,0.55600000
2018-02-28 17:03:10,0.05318800,0.18800000
2018-02-28 17:03:10,0.05319000,0.18300000
2018-02-28 17:03:12,0.05310000,0.27800000
2018-02-28 17:03:13,0.05310000,0.04800000
2018-02-28 17:03:13,0.05318600,0.01700000
2018-02-28 17:03:13,0.05310800,0.08400000
2018-02-28 17:03:13,0.05310000,0.03500000
2018-02-28 17:03:13,0.05309200,0.07200000
2018-02-28 17:03:13,0.05308200,0.35400000
2018-02-28 17:03:14,0.05308200,0.04300000
2018-02-28 17:03:14,0.05318300,0.70400000
2018-02-28 17:03:16,0.05308200,0.04500000
2018-02-28 17:03:16,0.05308100,0.07600000
2018-02-28 17:03:17,0.05309100,0.02000000
2018-02-28 17:03:17,0.05308100,0.00700000
2018-02-28 17:03:18,0.05317500,0.62100000
2018-02-28 17:03:18,0.05317600,4.24600000
2018-02-28 17:03:18,0.05317800,0.03100000
2018-02-28 17:03:18,0.05318300,4.94300000
2018-02-28 17:03:18,0.05306500,1.80200000
2018-02-28 17:03:18,0.05306500,0.08100000
2018-02-28 17:03:18,0.05306300,0.66900000
2018-02-28 17:03:19,0.05310000,0.03400000
2018-02-28 17:03:19,0.05310000,0.07500000
2018-02-28 17:03:19,0.05309100,0.25200000
2018-02-28 17:03:19,0.05309100,1.06600000
2018-02-28 17:03:19,0.05309100,0.34000000
2018-02-28 17:03:19,0.05306300,0.65900000
2018-02-28 17:03:20,0.05306300,0.52100000
2018-02-28 17:03:21,0.05308100,0.80000000
2018-02-28 17:03:21,0.05308100,0.09000000
2018-02-28 17:03:21,0.05308100,0.17800000
2018-02-28 17:03:21,0.05308100,0.02300000
2018-02-28 17:03:22,0.05308100,0.15400000
2018-02-28 17:03:22,0.05308100,0.00300000
2018-02-28 17:03:22,0.05300000,0.09300000
2018-02-28 17:03:22,0.05300000,0.54600000
2018-02-28 17:03:22,0.05292600,0.07000000
2018-02-28 17:03:22,0.05292600,0.02400000
2018-02-28 17:03:22,0.05291800,0.02600000
2018-02-28 17:03:22,0.05291100,0.42900000
2018-02-28 17:03:22,0.05300000,11.98600000
2018-02-28 17:03:22,0.05299800,1.88300000
2018-02-28 17:03:22,0.05309700,0.09400000
2018-02-28 17:03:22,0.05310000,2.08100000
2018-02-28 17:03:23,0.05309100,0.04000000
2018-02-28 17:03:23,0.05309100,0.32500000
2018-02-28 17:03:23,0.05309000,1.69000000
2018-02-28 17:03:23,0.05292600,0.14400000
2018-02-28 17:03:23,0.05292600,5.22000000
2018-02-28 17:03:23,0.05292600,5.21200000
2018-02-28 17:03:23,0.05292600,0.14400000
2018-02-28 17:03:23,0.05291200,0.14400000
2018-02-28 17:03:24,0.05292500,0.14400000
2018-02-28 17:03:24,0.05292600,25.40400000
2018-02-28 17:03:24,0.05291200,2.13200000
2018-02-28 17:03:24,0.05312800,0.15000000
2018-02-28 17:03:24,0.05312900,0.17000000
2018-02-28 17:03:24,0.05313000,0.02600000
2018-02-28 17:03:24,0.05317800,0.02400000
2018-02-28 17:03:24,0.05318300,0.00600000
2018-02-28 17:03:24,0.05291400,0.19100000
2018-02-28 17:03:25,0.05291700,0.28900000
2018-02-28 17:03:26,0.05292300,0.03900000
2018-02-28 17:03:26,0.05318100,0.04700000
2018-02-28 17:03:26,0.05310000,0.04000000
2018-02-28 17:03:27,0.05310100,0.07900000
2018-02-28 17:03:27,0.05310100,0.09100000
2018-02-28 17:03:27,0.05310000,0.00600000
2018-02-28 17:03:27,0.05291800,0.00300000
2018-02-28 17:03:28,0.05293100,0.12600000
2018-02-28 17:03:28,0.05293100,0.01800000
2018-02-28 17:03:28,0.05293000,0.09400000
2018-02-28 17:03:29,0.05293000,0.06200000
2018-02-28 17:03:29,0.05293100,0.02900000
2018-02-28 17:03:29,0.05293100,0.56000000
2018-02-28 17:03:29,0.05307600,0.48000000
2018-02-28 17:03:29,0.05307800,0.37900000
2018-02-28 17:03:29,0.05308000,0.67000000
2018-02-28 17:03:29,0.05308100,0.06900000
2018-02-28 17:03:29,0.05293000,0.13800000
2018-02-28 17:03:29,0.05290400,0.10300000
2018-02-28 17:03:29,0.05288000,0.12100000
2018-02-28 17:03:31,0.05292000,0.09000000
2018-02-28 17:03:31,0.05292200,0.96100000
2018-02-28 17:03:31,0.05310000,0.29900000
2018-02-28 17:03:31,0.05292200,0.92900000
2018-02-28 17:03:31,0.05292000,0.80600000
2018-02-28 17:03:31,0.05292100,0.13200000
2018-02-28 17:03:32,0.05292100,0.57900000
2018-02-28 17:03:32,0.05292100,0.02500000
2018-02-28 17:03:32,0.05291700,0.31800000
2018-02-28 17:03:32,0.05291700,0.10000000
2018-02-28 17:03:33,0.05292900,0.05200000
2018-02-28 17:03:33,0.05292900,1.83800000
2018-02-28 17:03:33,0.05293100,0.17600000
2018-02-28 17:03:34,0.05291900,0.24500000
2018-02-28 17:03:35,0.05308900,0.39600000
2018-02-28 17:03:35,0.05309000,1.17000000
2018-02-28 17:03:35,0.05309100,0.34000000
2018-02-28 17:03:35,0.05291900,0.96600000
2018-02-28 17:03:36,0.05292200,1.64300000
2018-02-28 17:03:36,0.05292000,0.73100000
2018-02-28 17:03:37,0.05292200,0.43900000
2018-02-28 17:03:37,0.05292100,0.14600000
2018-02-28 17:03:37,0.05291700,0.38200000
2018-02-28 17:03:37,0.05290400,0.34400000
2018-02-28 17:03:37,0.05308500,0.18800000
2018-02-28 17:03:37,0.05308300,0.02400000
2018-02-28 17:03:38,0.05292100,0.97900000
2018-02-28 17:03:38,0.05290400,0.42800000
2018-02-28 17:03:38,0.05291900,0.63000000
2018-02-28 17:03:38,0.05291900,0.09900000
2018-02-28 17:03:38,0.05291900,1.93700000
2018-02-28 17:03:38,0.05292100,0.32000000
2018-02-28 17:03:39,0.05308000,0.24300000
2018-02-28 17:03:40,0.05293200,0.04600000
2018-02-28 17:03:40,0.05293200,0.27400000
2018-02-28 17:03:40,0.05293200,0.28700000
2018-02-28 17:03:40,0.05293200,0.80800000
2018-02-28 17:03:40,0.05293200,0.03800000
2018-02-28 17:03:40,0.05293200,0.07700000
2018-02-28 17:03:41,0.05293200,0.21600000
2018-02-28 17:03:42,0.05293500,0.08400000
2018-02-28 17:03:42,0.05293500,0.25300000
2018-02-28 17:03:43,0.05293500,0.02000000
2018-02-28 17:03:43,0.05293300,0.07600000
2018-02-28 17:03:43,0.05306800,1.71400000
2018-02-28 17:03:43,0.05293300,0.29600000
2018-02-28 17:03:43,0.05293000,0.57200000
2018-02-28 17:03:44,0.05293000,0.07300000
2018-02-28 17:03:45,0.05306100,0.38900000
2018-02-28 17:03:45,0.05306300,0.38000000
2018-02-28 17:03:45,0.05306400,0.14100000
2018-02-28 17:03:47,0.05306100,0.52900000
2018-02-28 17:03:47,0.05306200,0.46900000
2018-02-28 17:03:47,0.05306300,1.77600000
2018-02-28 17:03:47,0.05307000,0.27200000
2018-02-28 17:03:47,0.05307000,0.53900000
2018-02-28 17:03:47,0.05307000,0.82300000
2018-02-28 17:03:48,0.05307000,0.29800000
2018-02-28 17:03:48,0.05307000,0.41900000
2018-02-28 17:03:48,0.05307100,0.05100000
2018-02-28 17:03:48,0.05307800,0.27900000
2018-02-28 17:03:48,0.05308300,0.18500000
2018-02-28 17:03:48,0.05309000,0.41400000
2018-02-28 17:03:49,0.05307000,0.11200000
2018-02-28 17:03:49,0.05307000,1.34200000
2018-02-28 17:03:49,0.05307000,0.19600000
2018-02-28 17:03:49,0.05307000,0.57100000
2018-02-28 17:03:49,0.05307000,0.02900000
2018-02-28 17:03:50,0.05307000,0.13600000
2018-02-28 17:03:50,0.05307000,0.09400000
2018-02-28 17:03:50,0.05307100,1.84400000
2018-02-28 17:03:51,0.05307000,0.18800000
2018-02-28 17:03:51,0.05307000,0.15300000
2018-02-28 17:03:52,0.05307000,0.09400000
2018-02-28 17:03:52,0.05307100,0.96600000
2018-02-28 17:03:52,0.05309000,0.03300000
2018-02-28 17:03:52,0.05309000,0.37200000
2018-02-28 17:03:52,0.05307000,0.34400000
2018-02-28 17:03:53,0.05307000,0.33800000
2018-02-28 17:03:53,0.05309200,0.76100000
2018-02-28 17:03:53,0.05310000,0.92900000
2018-02-28 17:03:53,0.05307000,3.31700000
2018-02-28 17:03:53,0.05310000,5.94400000
2018-02-28 17:03:55,0.05307100,0.15100000
2018-02-28 17:03:56,0.05310000,1.00000000
2018-02-28 17:03:56,0.05307100,0.00200000
2018-02-28 17:03:56,0.05307000,3.83600000
2018-02-28 17:03:57,0.05310000,0.82400000
2018-02-28 17:03:58,0.05307000,0.02500000
2018-02-28 17:04:00,0.05310000,4.59400000
2018-02-28 17:04:00,0.05313900,0.19700000
2018-02-28 17:04:00,0.05318100,0.43500000
2018-02-28 17:04:01,0.05307500,0.00300000
2018-02-28 17:04:02,0.05310000,0.10100000
2018-02-28 17:04:04,0.05318000,0.09000000
2018-02-28 17:04:04,0.05318100,0.03600000
2018-02-28 17:04:04,0.05318100,0.25900000
2018-02-28 17:04:04,0.05318600,0.17700000
2018-02-28 17:04:04,0.05319000,2.16700000
2018-02-28 17:04:04,0.05330000,1.90300000
2018-02-28 17:04:05,0.05310500,1.87900000
2018-02-28 17:04:05,0.05310400,0.03800000
2018-02-28 17:04:05,0.05310400,0.16600000
2018-02-28 17:04:05,0.05310300,1.77400000
2018-02-28 17:04:06,0.05310200,0.09000000
2018-02-28 17:04:06,0.05310100,0.56400000
2018-02-28 17:04:06,0.05310000,1.43500000
2018-02-28 17:04:06,0.05307500,2.12400000
2018-02-28 17:04:07,0.05310000,0.48000000
2018-02-28 17:04:07,0.05307000,2.50500000
2018-02-28 17:04:07,0.05318100,0.25500000
2018-02-28 17:04:08,0.05310800,0.09000000
2018-02-28 17:04:08,0.05310700,0.10000000
2018-02-28 17:04:08,0.05310400,1.67800000
2018-02-28 17:04:09,0.05317200,0.24600000
2018-02-28 17:04:10,0.05317000,1.88200000
2018-02-28 17:04:10,0.05317200,0.25400000
2018-02-28 17:04:10,0.05317500,1.23300000
2018-02-28 17:04:11,0.05317200,2.24500000
2018-02-28 17:04:13,0.05317400,0.02300000
2018-02-28 17:04:14,0.05317400,0.56700000
2018-02-28 17:04:14,0.05317500,0.00300000
2018-02-28 17:04:14,0.05317500,1.24600000
2018-02-28 17:04:15,0.05318000,0.09000000
2018-02-28 17:04:15,0.05318100,1.33000000
2018-02-28 17:04:15,0.05320700,0.10000000
2018-02-28 17:04:15,0.05321400,0.56400000
2018-02-28 17:04:15,0.05329700,0.44300000
2018-02-28 17:04:15,0.05329700,0.06100000
2018-02-28 17:04:16,0.05318000,0.77400000
2018-02-28 17:04:16,0.05329700,0.19500000
2018-02-28 17:04:16,0.05330000,0.05700000
2018-02-28 17:04:16,0.05333500,0.35400000
2018-02-28 17:04:16,0.05310300,1.88200000
2018-02-28 17:04:16,0.05310100,0.09000000
2018-02-28 17:04:16,0.05310000,0.63800000
2018-02-28 17:04:18,0.05311000,0.10000000
2018-02-28 17:04:18,0.05311100,0.08800000
2018-02-28 17:04:19,0.05307500,0.09100000
2018-02-28 17:04:19,0.05316700,1.88200000
2018-02-28 17:04:19,0.05316900,0.09000000
2018-02-28 17:04:19,0.05317200,2.19800000
2018-02-28 17:04:19,0.05330000,1.52500000
2018-02-28 17:04:20,0.05316000,0.10000000
2018-02-28 17:04:20,0.05318300,0.02400000
2018-02-28 17:04:20,0.05318300,1.85500000
2018-02-28 17:04:20,0.05318100,0.76300000
2018-02-28 17:04:20,0.05311100,0.16300000
2018-02-28 17:04:21,0.05330000,0.24300000
2018-02-28 17:04:22,0.05329500,1.87900000
2018-02-28 17:04:22,0.05329600,0.00100000
2018-02-28 17:04:24,0.05317000,1.88200000
2018-02-28 17:04:24,0.05316800,0.50000000
2018-02-28 17:04:24,0.05316700,0.38800000
2018-02-28 17:04:25,0.05328700,1.88200000
2018-02-28 17:04:25,0.05328900,0.20300000
2018-02-28 17:04:25,0.05329000,1.00000000
2018-02-28 17:04:25,0.05329300,0.08800000
2018-02-28 17:04:25,0.05330000,0.36300000
2018-02-28 17:04:26,0.05311600,0.05100000
2018-02-28 17:04:26,0.05317400,1.87800000
2018-02-28 17:04:26,0.05317200,0.99300000
2018-02-28 17:04:27,0.05311700,0.04600000
2018-02-28 17:04:28,0.05312100,0.03200000
2018-02-28 17:04:28,0.05329200,0.11300000
2018-02-28 17:04:28,0.05316800,0.56400000
2018-02-28 17:04:28,0.05316700,0.41300000
2018-02-28 17:04:28,0.05312100,0.57700000
2018-02-28 17:04:29,0.05328900,0.71600000
2018-02-28 17:04:30,0.05317300,0.21300000
2018-02-28 17:04:31,0.05312000,0.02100000
2018-02-28 17:04:31,0.05328300,0.19000000
2018-02-28 17:04:33,0.05316400,0.27300000
2018-02-28 17:04:33,0.05316500,0.56500000
2018-02-28 17:04:33,0.05316500,0.17700000
2018-02-28 17:04:33,0.05312200,1.29900000
2018-02-28 17:04:35,0.05316200,0.11700000
2018-02-28 17:04:35,0.05316400,1.29900000
2018-02-28 17:04:35,0.05316700,0.53500000
2018-02-28 17:04:37,0.05316700,0.34700000
2018-02-28 17:04:38,0.05320000,0.04700000
2018-02-28 17:04:38,0.05316700,0.66900000
2018-02-28 17:04:38,0.05313000,0.37100000
2018-02-28 17:04:43,0.05317100,0.04800000
2018-02-28 17:04:43,0.05317000,0.09400000
2018-02-28 17:04:43,0.05316700,0.09900000
2018-02-28 17:04:43,0.05313700,0.18800000
2018-02-28 17:04:43,0.05313100,0.13000000
2018-02-28 17:04:43,0.05313000,0.01400000
2018-02-28 17:04:44,0.05313000,0.03700000
2018-02-28 17:04:46,0.05312200,3.84000000
2018-02-28 17:04:46,0.05312000,0.97900000
2018-02-28 17:04:46,0.05311700,3.27400000
2018-02-28 17:04:46,0.05311700,0.10800000
2018-02-28 17:04:47,0.05313000,0.15200000
2018-02-28 17:04:49,0.05311800,0.06800000
2018-02-28 17:04:49,0.05311700,9.60100000
2018-02-28 17:04:50,0.05311700,1.69000000
2018-02-28 17:04:51,0.05313000,5.26300000
2018-02-28 17:04:53,0.05311700,5.89900000
2018-02-28 17:04:53,0.05312900,0.67100000
2018-02-28 17:04:53,0.05313000,5.02000000
2018-02-28 17:04:53,0.05311700,1.33400000
2018-02-28 17:04:54,0.05311700,0.55300000
2018-02-28 17:04:55,0.05311700,0.14300000
2018-02-28 17:04:55,0.05311700,0.06700000
2018-02-28 17:04:56,0.05311600,1.23300000
2018-02-28 17:04:56,0.05311100,0.45300000
2018-02-28 17:04:56,0.05311700,1.10200000
2018-02-28 17:04:58,0.05311600,0.13000000
2018-02-28 17:04:58,0.05311700,0.50200000
2018-02-28 17:04:59,0.05311100,0.00900000
2018-02-28 17:04:59,0.05311100,0.25600000
2018-02-28 17:05:00,0.05311100,0.17900000
2018-02-28 17:05:00,0.05311100,4.48100000
2018-02-28 17:05:00,0.05311700,0.06000000
2018-02-28 17:05:02,0.05313000,1.67600000
2018-02-28 17:05:03,0.05311700,0.14400000
2018-02-28 17:05:04,0.05312500,0.02800000
2018-02-28 17:05:05,0.05312500,0.07200000
2018-02-28 17:05:05,0.05313000,0.01600000
2018-02-28 17:05:06,0.05313000,0.06600000
2018-02-28 17:05:08,0.05313000,4.69000000
2018-02-28 17:05:09,0.05313000,0.04100000
2018-02-28 17:05:10,0.05313000,0.05600000
2018-02-28 17:05:12,0.05311700,1.00000000
2018-02-28 17:05:12,0.05312900,0.65600000
2018-02-28 17:05:12,0.05313000,1.49600000
2018-02-28 17:05:13,0.05313000,0.03200000
2018-02-28 17:05:14,0.05313000,0.10700000
2018-02-28 17:05:14,0.05313000,0.03800000
2018-02-28 17:05:14,0.05313000,0.73000000
2018-02-28 17:05:14,0.05313000,0.14500000
2018-02-28 17:05:16,0.05313000,0.82700000
2018-02-28 17:05:20,0.05317100,0.30700000
2018-02-28 17:05:22,0.05313000,0.45300000
2018-02-28 17:05:24,0.05317100,0.20500000
2018-02-28 17:05:25,0.05317100,0.11300000
2018-02-28 17:05:26,0.05313000,1.18100000
2018-02-28 17:05:30,0.05313000,0.09900000
2018-02-28 17:05:34,0.05317000,0.37200000
2018-02-28 17:05:34,0.05317000,0.18700000
2018-02-28 17:05:34,0.05317000,0.24800000
2018-02-28 17:05:34,0.05317000,0.37200000
2018-02-28 17:05:34,0.05317000,0.37200000
2018-02-28 17:05:34,0.05313000,0.18700000
2018-02-28 17:05:35,0.05313000,0.37200000
2018-02-28 17:05:36,0.05313000,0.94900000
2018-02-28 17:05:36,0.05317000,0.18500000
2018-02-28 17:05:39,0.05317000,0.06800000
2018-02-28 17:05:43,0.05317000,2.48500000
2018-02-28 17:05:44,0.05313000,2.16900000
2018-02-28 17:05:44,0.05311700,3.47900000
2018-02-28 17:05:44,0.05310000,5.17000000
2018-02-28 17:05:45,0.05313000,0.06600000
2018-02-28 17:05:45,0.05309700,0.05700000
2018-02-28 17:05:45,0.05307000,0.94400000
2018-02-28 17:05:47,0.05307500,0.05900000
2018-02-28 17:05:48,0.05307500,0.02500000
2018-02-28 17:05:49,0.05307100,0.09000000
2018-02-28 17:05:49,0.05307000,1.05700000
2018-02-28 17:05:49,0.05304000,0.20100000
2018-02-28 17:05:51,0.05304000,0.29900000
2018-02-28 17:05:51,0.05293000,4.73400000
2018-02-28 17:05:52,0.05293500,1.88600000
2018-02-28 17:05:52,0.05293300,0.50000000
2018-02-28 17:05:52,0.05293000,5.59100000
2018-02-28 17:05:52,0.05290400,1.01400000
2018-02-28 17:05:52,0.05307000,5.00000000
2018-02-28 17:05:52,0.05307300,0.59000000
2018-02-28 17:05:52,0.05307400,0.24800000
2018-02-28 17:05:52,0.05307500,1.39700000
2018-02-28 17:05:52,0.05312800,3.75300000
2018-02-28 17:05:52,0.05312900,0.62700000
2018-02-28 17:05:52,0.05315000,11.96700000
2018-02-28 17:05:52,0.05315000,0.50000000
2018-02-28 17:05:54,0.05290700,0.01600000
2018-02-28 17:05:54,0.05290700,0.26200000
2018-02-28 17:05:55,0.05313800,0.03200000
2018-02-28 17:05:55,0.05300100,0.15200000
2018-02-28 17:05:56,0.05300100,0.07000000
2018-02-28 17:05:56,0.05300000,1.03100000
2018-02-28 17:05:56,0.05300100,0.14900000
2018-02-28 17:05:56,0.05300000,0.43900000
2018-02-28 17:06:00,0.05300000,0.27800000
2018-02-28 17:06:00,0.05300000,1.75600000
2018-02-28 17:06:00,0.05290900,8.72000000
2018-02-28 17:06:00,0.05290400,0.67700000
2018-02-28 17:06:00,0.05287100,0.09400000
2018-02-28 17:06:00,0.05281900,10.00000000
2018-02-28 17:06:00,0.05281700,0.09500000
2018-02-28 17:06:00,0.05280000,0.84400000
2018-02-28 17:06:00,0.05279900,0.04800000
2018-02-28 17:06:00,0.05279200,0.38000000
2018-02-28 17:06:00,0.05279100,2.76600000
2018-02-28 17:06:01,0.05305800,0.80600000
2018-02-28 17:06:01,0.05305800,0.33200000
2018-02-28 17:06:02,0.05305800,0.71400000
2018-02-28 17:06:02,0.05305700,1.14900000
2018-02-28 17:06:02,0.05300000,0.34500000
2018-02-28 17:06:02,0.05300000,0.38300000
2018-02-28 17:06:02,0.05300200,0.17400000
2018-02-28 17:06:02,0.05306300,0.25500000
2018-02-28 17:06:02,0.05300200,0.08900000
2018-02-28 17:06:03,0.05300000,0.19900000
2018-02-28 17:06:03,0.05300000,0.40300000
2018-02-28 17:06:03,0.05300000,1.06400000
2018-02-28 17:06:04,0.05300100,0.59000000
2018-02-28 17:06:04,0.05300000,0.27000000
2018-02-28 17:06:06,0.05300000,1.84200000
2018-02-28 17:06:06,0.05279200,3.76900000
2018-02-28 17:06:06,0.05279100,2.13100000
2018-02-28 17:06:07,0.05280100,3.67300000
2018-02-28 17:06:08,0.05280700,0.50000000
2018-02-28 17:06:08,0.05280600,1.89400000
2018-02-28 17:06:08,0.05280000,2.44700000
2018-02-28 17:06:08,0.05279100,2.90100000
2018-02-28 17:06:10,0.05299000,0.21400000
2018-02-28 17:06:11,0.05286800,1.68200000
2018-02-28 17:06:11,0.05286900,0.59000000
2018-02-28 17:06:11,0.05287000,0.07400000
2018-02-28 17:06:11,0.05279300,0.63100000
2018-02-28 17:06:13,0.05279600,0.02300000
2018-02-28 17:06:14,0.05296900,4.37700000
2018-02-28 17:06:14,0.05280200,1.12000000
2018-02-28 17:06:15,0.05280500,0.11800000
2018-02-28 17:06:15,0.05280300,0.12500000
2018-02-28 17:06:15,0.05280300,0.28700000
2018-02-28 17:06:16,0.05280300,0.58800000
2018-02-28 17:06:16,0.05279700,0.10800000
2018-02-28 17:06:16,0.05279100,1.64900000
2018-02-28 17:06:16,0.05278100,0.12800000
2018-02-28 17:06:16,0.05276800,0.13300000
2018-02-28 17:06:16,0.05276700,0.64800000
2018-02-28 17:06:16,0.05276700,0.35900000
2018-02-28 17:06:16,0.05279000,0.14100000
2018-02-28 17:06:16,0.05279100,4.31500000
2018-02-28 17:06:16,0.05278800,0.03000000
2018-02-28 17:06:17,0.05278800,1.86200000
2018-02-28 17:06:22,0.05294100,0.11500000
2018-02-28 17:06:26,0.05278800,0.50000000
2018-02-28 17:06:26,0.05278700,1.89500000
2018-02-28 17:06:26,0.05278100,0.13900000
2018-02-28 17:06:26,0.05276700,0.26100000
2018-02-28 17:06:26,0.05273800,0.07800000
2018-02-28 17:06:26,0.05271400,0.03800000
2018-02-28 17:06:26,0.05271100,0.03800000
2018-02-28 17:06:26,0.05270600,0.32300000
2018-02-28 17:06:26,0.05270000,0.33500000
2018-02-28 17:06:26,0.05270000,0.02100000
2018-02-28 17:06:26,0.05270000,15.60900000
2018-02-28 17:06:27,0.05293300,0.12000000
2018-02-28 17:06:30,0.05268200,0.27800000
2018-02-28 17:06:30,0.05268200,1.64800000
2018-02-28 17:06:33,0.05278300,1.89500000
2018-02-28 17:06:33,0.05278500,0.52400000
2018-02-28 17:06:33,0.05278800,2.77900000
2018-02-28 17:06:33,0.05268200,0.25900000
2018-02-28 17:06:34,0.05268500,0.50000000
2018-02-28 17:06:34,0.05268400,1.89500000
2018-02-28 17:06:34,0.05268100,5.15300000
2018-02-28 17:06:34,0.05268100,0.77800000
2018-02-28 17:06:36,0.05288700,1.89500000
2018-02-28 17:06:36,0.05288800,0.04600000
2018-02-28 17:06:36,0.05288900,1.86700000
2018-02-28 17:06:38,0.05270300,0.96200000
2018-02-28 17:06:38,0.05270300,0.93400000
2018-02-28 17:06:38,0.05270200,0.20600000
2018-02-28 17:06:38,0.05270100,0.49800000
2018-02-28 17:06:38,0.05288700,0.49800000
2018-02-28 17:06:38,0.05288800,0.70200000
2018-02-28 17:06:39,0.05288600,1.28000000
2018-02-28 17:06:39,0.05288600,0.15800000
2018-02-28 17:06:40,0.05288000,0.66400000
2018-02-28 17:06:40,0.05288200,0.27400000
2018-02-28 17:06:44,0.05277200,0.12100000
2018-02-28 17:06:44,0.05277200,0.12000000
2018-02-28 17:06:44,0.05277200,0.12000000
2018-02-28 17:06:49,0.05287500,0.32200000
2018-02-28 17:06:52,0.05287200,1.40200000
2018-02-28 17:06:52,0.05287300,0.09400000
2018-02-28 17:06:52,0.05287400,0.02100000
2018-02-28 17:06:52,0.05287700,2.12400000
2018-02-28 17:06:52,0.05288000,0.58500000
2018-02-28 17:06:53,0.05288000,0.17400000
2018-02-28 17:06:54,0.05288000,0.43300000
2018-02-28 17:06:54,0.05288000,0.05400000
2018-02-28 17:06:55,0.05288000,0.09400000
2018-02-28 17:06:56,0.05288000,0.15100000
2018-02-28 17:06:56,0.05288000,0.26800000
2018-02-28 17:06:57,0.05288000,0.02600000
2018-02-28 17:06:58,0.05288000,0.38200000
2018-02-28 17:06:58,0.05288100,0.40000000
2018-02-28 17:06:58,0.05288100,0.54600000
2018-02-28 17:06:58,0.05288200,1.53700000
2018-02-28 17:06:58,0.05288000,0.06800000
2018-02-28 17:06:58,0.05288000,0.11300000
2018-02-28 17:06:59,0.05288000,0.74900000
2018-02-28 17:06:59,0.05288000,0.06500000
2018-02-28 17:06:59,0.05288100,0.28100000
2018-02-28 17:06:59,0.05288200,7.58500000
2018-02-28 17:07:00,0.05288300,0.09700000
2018-02-28 17:07:01,0.05288300,0.40300000
2018-02-28 17:07:01,0.05288200,0.29100000
2018-02-28 17:07:01,0.05288200,0.71100000
2018-02-28 17:07:01,0.05288000,29.50000000
2018-02-28 17:07:01,0.05288000,0.43400000
2018-02-28 17:07:02,0.05288600,0.13300000
2018-02-28 17:07:02,0.05290000,0.12400000
2018-02-28 17:07:02,0.05288000,2.21300000
2018-02-28 17:07:02,0.05280100,0.17000000
2018-02-28 17:07:02,0.05280000,0.26300000
2018-02-28 17:07:04,0.05288200,0.30400000
2018-02-28 17:07:04,0.05289900,0.09400000
2018-02-28 17:07:04,0.05290000,0.60200000
2018-02-28 17:07:06,0.05280200,0.10000000
2018-02-28 17:07:06,0.05280100,0.07100000
2018-02-28 17:07:08,0.05280100,0.01900000
2018-02-28 17:07:08,0.05280000,0.10900000
2018-02-28 17:07:11,0.05280200,0.09600000
2018-02-28 17:07:11,0.05289700,0.09000000
2018-02-28 17:07:11,0.05290000,0.03100000
2018-02-28 17:07:12,0.05289800,0.10000000
2018-02-28 17:07:12,0.05290000,0.45000000
2018-02-28 17:07:14,0.05280400,0.10000000
2018-02-28 17:07:14,0.05280300,0.09000000
2018-02-28 17:07:14,0.05280200,0.17500000
2018-02-28 17:07:14,0.05280000,0.35800000
2018-02-28 17:07:15,0.05289700,0.09000000
2018-02-28 17:07:15,0.05289800,0.57200000
2018-02-28 17:07:15,0.05290000,2.33600000
2018-02-28 17:07:16,0.05280200,0.05400000
2018-02-28 17:07:16,0.05280200,0.74900000
2018-02-28 17:07:17,0.05289500,0.09000000
2018-02-28 17:07:17,0.05289600,0.35000000
2018-02-28 17:07:19,0.05280300,0.04600000
2018-02-28 17:07:22,0.05280300,0.04400000
2018-02-28 17:07:22,0.05280200,0.10000000
2018-02-28 17:07:23,0.05280300,0.09000000
2018-02-28 17:07:23,0.05280200,6.78200000
2018-02-28 17:07:23,0.05280100,0.53200000
2018-02-28 17:07:23,0.05280000,0.61700000
2018-02-28 17:07:23,0.05277200,0.59800000
2018-02-28 17:07:23,0.05277000,1.14300000
2018-02-28 17:07:23,0.05276700,0.56800000
2018-02-28 17:07:23,0.05276600,43.25900000
2018-02-28 17:07:23,0.05270300,0.97800000
2018-02-28 17:07:23,0.05270000,0.06400000
2018-02-28 17:07:23,0.05268100,4.91800000
2018-02-28 17:07:23,0.05267400,0.65200000
2018-02-28 17:07:23,0.05267300,9.82300000
2018-02-28 17:07:23,0.05267200,7.46300000
2018-02-28 17:07:25,0.05270500,1.89500000
2018-02-28 17:07:25,0.05270400,0.21100000
2018-02-28 17:07:25,0.05270300,0.50000000
2018-02-28 17:07:25,0.05270000,18.95600000
2018-02-28 17:07:25,0.05267200,4.65300000
2018-02-28 17:07:27,0.05276300,0.59000000
2018-02-28 17:07:27,0.05276600,0.45000000
2018-02-28 17:07:27,0.05267300,0.86200000
2018-02-28 17:07:29,0.05276100,0.85600000
2018-02-28 17:07:30,0.05275800,0.23100000
2018-02-28 17:07:37,0.05273400,0.80800000
2018-02-28 17:07:37,0.05273600,0.17000000
2018-02-28 17:07:37,0.05273800,0.10000000
2018-02-28 17:07:39,0.05274000,0.07500000
2018-02-28 17:07:39,0.05267400,3.45700000
2018-02-28 17:07:40,0.05274900,0.17000000
2018-02-28 17:07:40,0.05275000,1.68800000
2018-02-28 17:07:40,0.05276600,0.95700000
2018-02-28 17:07:43,0.05267500,0.09500000
2018-02-28 17:07:45,0.05267500,0.04800000
2018-02-28 17:07:50,0.05270000,0.02100000
2018-02-28 17:07:52,0.05270000,8.35200000
2018-02-28 17:07:53,0.05276500,0.73000000
2018-02-28 17:07:53,0.05276600,0.33700000
2018-02-28 17:07:53,0.05276600,1.04600000
2018-02-28 17:07:54,0.05270000,1.87300000
2018-02-28 17:08:00,0.05270600,1.00000000
2018-02-28 17:08:00,0.05270000,6.26500000
2018-02-28 17:08:00,0.05276600,0.34300000
2018-02-28 17:08:02,0.05276700,0.02700000
2018-02-28 17:08:02,0.05276600,0.65700000
2018-02-28 17:08:03,0.05276600,5.63600000
2018-02-28 17:08:04,0.05276500,0.09000000
2018-02-28 17:08:08,0.05271600,1.89500000
2018-02-28 17:08:08,0.05271400,0.50000000
2018-02-28 17:08:08,0.05271000,1.16700000
2018-02-28 17:08:08,0.05270000,3.96100000
2018-02-28 17:08:12,0.05279300,0.05600000
2018-02-28 17:08:12,0.05279300,0.75200000
2018-02-28 17:08:13,0.05271700,0.01700000
2018-02-28 17:08:13,0.05279300,0.03600000
2018-02-28 17:08:26,0.05277200,1.05100000
2018-02-28 17:08:26,0.05277400,1.11000000
2018-02-28 17:08:38,0.05277300,5.95800000
2018-02-28 17:08:38,0.05277400,0.90500000
2018-02-28 17:08:38,0.05279800,0.53500000
2018-02-28 17:08:38,0.05288400,0.56800000
2018-02-28 17:08:38,0.05288800,0.21100000
2018-02-28 17:08:38,0.05288900,1.52700000
2018-02-28 17:08:38,0.05289600,2.21700000
2018-02-28 17:08:38,0.05289900,3.24200000
2018-02-28 17:08:38,0.05290000,0.83700000
2018-02-28 17:08:40,0.05277800,0.61300000
2018-02-28 17:08:41,0.05289900,0.50000000
2018-02-28 17:08:41,0.05290000,5.44700000
2018-02-28 17:08:42,0.05290000,0.05100000
2018-02-28 17:08:45,0.05279500,0.57300000
2018-02-28 17:08:45,0.05279200,0.03200000
2018-02-28 17:08:48,0.05289200,0.61300000
2018-02-28 17:08:48,0.05289400,0.59400000
2018-02-28 17:08:48,0.05289900,6.65100000
2018-02-28 17:08:48,0.05290000,1.14200000
2018-02-28 17:08:52,0.05289700,0.51200000
2018-02-28 17:08:52,0.05290000,0.59000000
2018-02-28 17:08:54,0.05290000,1.63100000
2018-02-28 17:08:55,0.05290000,0.04100000
2018-02-28 17:08:55,0.05290000,0.24200000
2018-02-28 17:08:57,0.05290000,0.63200000
2018-02-28 17:09:02,0.05288700,0.14900000
2018-02-28 17:09:02,0.05288700,0.00200000
2018-02-28 17:09:02,0.05290000,4.39500000
2018-02-28 17:09:02,0.05290000,2.29000000
2018-02-28 17:09:02,0.05280700,0.31000000
2018-02-28 17:09:05,0.05290000,0.13800000
2018-02-28 17:09:08,0.05280800,0.59400000
2018-02-28 17:09:08,0.05280300,3.24500000
2018-02-28 17:09:08,0.05280000,1.81700000
2018-02-28 17:09:10,0.05289900,0.09000000
2018-02-28 17:09:10,0.05290000,1.39100000
2018-02-28 17:09:12,0.05290000,1.95200000
2018-02-28 17:09:14,0.05289900,0.14000000
2018-02-28 17:09:15,0.05289900,0.26800000
2018-02-28 17:09:19,0.05289900,0.25700000
2018-02-28 17:09:19,0.05290000,2.41900000
2018-02-28 17:09:20,0.05290000,0.22700000
2018-02-28 17:09:21,0.05290000,0.04600000
2018-02-28 17:09:22,0.05290000,1.10200000
2018-02-28 17:09:22,0.05290000,0.11200000
2018-02-28 17:09:27,0.05290000,1.52800000
2018-02-28 17:09:29,0.05290000,3.29700000
2018-02-28 17:09:32,0.05289900,0.28600000
2018-02-28 17:09:32,0.05289900,0.20300000
2018-02-28 17:09:32,0.05290000,0.49400000
2018-02-28 17:09:35,0.05290000,16.99500000
2018-02-28 17:09:36,0.05290000,1.41600000
2018-02-28 17:09:37,0.05290000,28.90100000
2018-02-28 17:09:38,0.05291400,0.15500000
2018-02-28 17:09:38,0.05293800,0.18700000
2018-02-28 17:09:41,0.05293800,0.18500000
2018-02-28 17:09:43,0.05293800,0.22600000
2018-02-28 17:09:43,0.05297600,4.84000000
2018-02-28 17:09:43,0.05300000,0.37600000
2018-02-28 17:09:43,0.05290500,0.09000000
2018-02-28 17:09:43,0.05290400,0.03800000
2018-02-28 17:09:43,0.05290100,0.54300000
2018-02-28 17:09:44,0.05300000,3.74600000
2018-02-28 17:09:45,0.05299900,0.15800000
2018-02-28 17:09:45,0.05300000,2.87300000
2018-02-28 17:09:45,0.05293800,0.16600000
2018-02-28 17:09:48,0.05299800,0.09400000
2018-02-28 17:09:52,0.05299800,1.06900000
2018-02-28 17:09:52,0.05300000,7.31100000
2018-02-28 17:09:53,0.05300000,0.31300000
2018-02-28 17:09:53,0.05305000,0.40000000
2018-02-28 17:09:53,0.05306100,0.61300000
2018-02-28 17:09:53,0.05306200,0.70000000
2018-02-28 17:09:53,0.05307500,1.25800000
2018-02-28 17:09:53,0.05308000,0.03800000
2018-02-28 17:09:53,0.05308300,0.03800000
2018-02-28 17:09:53,0.05310000,0.55700000
2018-02-28 17:09:53,0.05313000,0.17900000
2018-02-28 17:09:53,0.05313600,0.36600000
2018-02-28 17:09:55,0.05295000,0.12100000
2018-02-28 17:09:56,0.05313300,0.04700000
2018-02-28 17:09:56,0.05307500,0.27700000
2018-02-28 17:09:57,0.05312800,0.12100000
2018-02-28 17:09:57,0.05313000,0.22700000
2018-02-28 17:09:58,0.05295500,2.72200000
2018-02-28 17:09:58,0.05299800,0.05000000
2018-02-28 17:10:00,0.05295500,0.69400000
2018-02-28 17:10:01,0.05299500,0.31600000
2018-02-28 17:10:02,0.05295500,0.33800000
2018-02-28 17:10:03,0.05290200,0.36500000
2018-02-28 17:10:03,0.05299300,0.18400000
2018-02-28 17:10:03,0.05299400,0.17000000
2018-02-28 17:10:03,0.05299800,0.31000000
2018-02-28 17:10:03,0.05299800,1.32600000
2018-02-28 17:10:04,0.05295500,1.16800000
2018-02-28 17:10:04,0.05290200,0.53300000
2018-02-28 17:10:04,0.05290000,0.51600000
2018-02-28 17:10:05,0.05290000,0.26100000
2018-02-28 17:10:05,0.05290000,6.58900000
2018-02-28 17:10:05,0.05281200,1.89100000
2018-02-28 17:10:05,0.05281000,1.21500000
2018-02-28 17:10:05,0.05277400,5.88500000
2018-02-28 17:10:06,0.05298900,0.00100000
2018-02-28 17:10:06,0.05298700,0.01900000
2018-02-28 17:10:07,0.05298100,0.02000000
2018-02-28 17:10:08,0.05290000,0.19000000
2018-02-28 17:10:13,0.05288300,0.90900000
2018-02-28 17:10:18,0.05288300,0.04700000
2018-02-28 17:10:21,0.05288000,0.05700000
2018-02-28 17:10:21,0.05288000,0.83900000
2018-02-28 17:10:21,0.05288100,0.07000000
2018-02-28 17:10:21,0.05288200,0.33900000
2018-02-28 17:10:23,0.05288200,0.26900000
2018-02-28 17:10:23,0.05288200,0.61600000
2018-02-28 17:10:24,0.05288500,0.09000000
2018-02-28 17:10:24,0.05289900,0.46800000
2018-02-28 17:10:24,0.05290000,1.59400000
2018-02-28 17:10:26,0.05290000,0.88100000
2018-02-28 17:10:28,0.05290100,0.09000000
2018-02-28 17:10:28,0.05290000,1.47400000
2018-02-28 17:10:31,0.05298900,0.04200000
2018-02-28 17:10:36,0.05290200,0.02900000
2018-02-28 17:10:41,0.05291200,0.00600000
2018-02-28 17:10:41,0.05298900,0.32000000
2018-02-28 17:10:43,0.05298900,0.00100000
2018-02-28 17:10:47,0.05298000,0.04900000
2018-02-28 17:10:52,0.05292200,0.09000000
2018-02-28 17:10:52,0.05291800,0.08700000
2018-02-28 17:10:52,0.05291000,0.53800000
2018-02-28 17:10:53,0.05291900,0.13800000
2018-02-28 17:10:54,0.05297900,0.09000000
2018-02-28 17:10:54,0.05298000,1.53200000
2018-02-28 17:10:59,0.05291400,0.09000000
2018-02-28 17:10:59,0.05291300,0.03800000
2018-02-28 17:10:59,0.05291000,8.26100000
2018-02-28 17:10:59,0.05290000,2.76100000
2018-02-28 17:10:59,0.05281500,1.84400000
2018-02-28 17:11:01,0.05277900,1.20200000
2018-02-28 17:11:01,0.05289800,0.07800000
2018-02-28 17:11:02,0.05278200,0.69100000
2018-02-28 17:11:02,0.05278000,0.57900000
2018-02-28 17:11:03,0.05277700,0.00400000
2018-02-28 17:11:03,0.05277700,0.08600000
2018-02-28 17:11:03,0.05277400,0.32100000
2018-02-28 17:11:04,0.05277400,0.50000000
2018-02-28 17:11:04,0.05281200,0.76200000
2018-02-28 17:11:04,0.05277400,3.03100000
2018-02-28 17:11:07,0.05280000,0.30000000
2018-02-28 17:11:08,0.05277400,1.70600000
2018-02-28 17:11:08,0.05272000,2.04000000
2018-02-28 17:11:09,0.05280800,1.13100000
2018-02-28 17:11:09,0.05281500,3.29400000
2018-02-28 17:11:09,0.05289800,0.09000000
2018-02-28 17:11:09,0.05289900,0.56600000
2018-02-28 17:11:09,0.05291000,0.77200000
2018-02-28 17:11:12,0.05273300,1.00000000
2018-02-28 17:11:12,0.05273000,0.56800000
2018-02-28 17:11:12,0.05272700,0.09000000
2018-02-28 17:11:12,0.05272000,3.60500000
2018-02-28 17:11:15,0.05273000,1.60800000
2018-02-28 17:11:15,0.05273000,0.47500000
2018-02-28 17:11:15,0.05280800,0.50000000
2018-02-28 17:11:15,0.05280900,0.09000000
2018-02-28 17:11:15,0.05281000,0.50000000
2018-02-28 17:11:15,0.05281100,0.04300000
2018-02-28 17:11:15,0.05281100,0.39500000
2018-02-28 17:11:15,0.05289200,0.09400000
2018-02-28 17:11:15,0.05291000,1.51500000
2018-02-28 17:11:15,0.05281100,1.21500000
2018-02-28 17:11:18,0.05281100,2.34300000
2018-02-28 17:11:19,0.05273100,1.42700000
2018-02-28 17:11:24,0.05273800,0.09000000
2018-02-28 17:11:25,0.05272000,1.42700000
2018-02-28 17:11:27,0.05272000,0.07300000
2018-02-28 17:11:29,0.05272000,0.69400000
2018-02-28 17:11:30,0.05272200,0.18300000
2018-02-28 17:11:30,0.05272200,0.17700000
2018-02-28 17:11:32,0.05272000,0.31600000
2018-02-28 17:11:37,0.05272100,0.06100000
2018-02-28 17:11:41,0.05272100,0.06700000
2018-02-28 17:11:41,0.05272100,0.00500000
2018-02-28 17:11:43,0.05272100,1.04700000
2018-02-28 17:11:43,0.05272200,0.16200000
2018-02-28 17:11:43,0.05272500,1.15500000
2018-02-28 17:11:43,0.05279400,0.09000000
2018-02-28 17:11:43,0.05279600,0.18900000
2018-02-28 17:11:43,0.05280000,0.18700000
2018-02-28 17:11:44,0.05280200,0.09000000
2018-02-28 17:11:44,0.05280100,0.25100000
2018-02-28 17:11:44,0.05280100,0.45500000
2018-02-28 17:11:50,0.05280000,0.85300000
2018-02-28 17:11:50,0.05280000,6.32000000
2018-02-28 17:11:51,0.05280100,1.01300000
2018-02-28 17:12:06,0.05289500,0.09000000
2018-02-28 17:12:06,0.05289600,0.41800000
2018-02-28 17:12:06,0.05289800,1.19500000
2018-02-28 17:12:06,0.05289900,0.76800000
2018-02-28 17:12:06,0.05290000,0.58200000
2018-02-28 17:12:06,0.05290500,0.56800000
2018-02-28 17:12:06,0.05290800,1.84400000
2018-02-28 17:12:06,0.05291200,1.25000000
2018-02-28 17:12:06,0.05292000,0.54900000
2018-02-28 17:12:07,0.05288300,0.05900000
2018-02-28 17:12:07,0.05288300,0.23000000
2018-02-28 17:12:08,0.05287700,0.04700000
2018-02-28 17:12:08,0.05287700,0.15400000
2018-02-28 17:12:09,0.05287800,0.08800000
2018-02-28 17:12:09,0.05288600,0.13800000
2018-02-28 17:12:10,0.05287900,0.08300000
2018-02-28 17:12:11,0.05287900,0.01700000
2018-02-28 17:12:11,0.05287400,0.56700000
2018-02-28 17:12:11,0.05280300,5.07200000
2018-02-28 17:12:11,0.05280200,0.73500000
2018-02-28 17:12:11,0.05280100,1.10800000
2018-02-28 17:12:11,0.05280100,3.60000000
2018-02-28 17:12:13,0.05280000,0.09000000
2018-02-28 17:12:13,0.05280100,0.36500000
2018-02-28 17:12:16,0.05280000,1.17300000
2018-02-28 17:12:17,0.05280000,0.16600000
2018-02-28 17:12:18,0.05280000,27.28200000
2018-02-28 17:12:18,0.05280100,0.75800000
2018-02-28 17:12:19,0.05280000,1.14300000
2018-02-28 17:12:20,0.05280000,12.29000000
2018-02-28 17:12:20,0.05280000,10.36900000
2018-02-28 17:12:22,0.05272200,0.09000000
2018-02-28 17:12:22,0.05272100,1.22300000
2018-02-28 17:12:22,0.05272000,0.09900000
2018-02-28 17:12:22,0.05270000,3.33000000
2018-02-28 17:12:26,0.05270000,1.61500000
2018-02-28 17:12:33,0.05270000,0.19300000
2018-02-28 17:12:33,0.05267400,0.37000000
2018-02-28 17:12:33,0.05267300,0.35400000
2018-02-28 17:12:33,0.05265200,0.23300000
2018-02-28 17:12:33,0.05265100,0.11800000
2018-02-28 17:12:34,0.05265400,0.24100000
2018-02-28 17:12:36,0.05270900,0.08500000
2018-02-28 17:12:36,0.05265100,1.26000000
2018-02-28 17:12:38,0.05267200,0.57000000
2018-02-28 17:12:38,0.05267200,0.07500000
2018-02-28 17:12:41,0.05267200,1.25300000
2018-02-28 17:12:41,0.05265200,0.51000000
2018-02-28 17:12:41,0.05265200,0.51000000
2018-02-28 17:12:41,0.05265200,0.18900000
2018-02-28 17:12:41,0.05265200,0.20900000
2018-02-28 17:12:41,0.05265200,0.12800000
2018-02-28 17:12:41,0.05265100,0.18900000
2018-02-28 17:12:41,0.05265100,1.89800000
2018-02-28 17:12:41,0.05265200,4.16800000
2018-02-28 17:12:47,0.05265100,0.22900000
2018-02-28 17:12:47,0.05269700,0.26600000
2018-02-28 17:12:48,0.05265500,0.09400000
2018-02-28 17:12:48,0.05265100,1.79100000
2018-02-28 17:12:48,0.05265000,23.66000000
2018-02-28 17:12:48,0.05264900,0.06300000
2018-02-28 17:12:48,0.05265000,1.76900000
2018-02-28 17:12:51,0.05264500,0.44500000
2018-02-28 17:12:51,0.05262000,1.65300000
2018-02-28 17:12:53,0.05264000,0.08700000
2018-02-28 17:12:56,0.05263800,0.10000000
2018-02-28 17:12:56,0.05264000,0.71100000
2018-02-28 17:12:56,0.05265000,0.31200000
2018-02-28 17:12:57,0.05265000,0.54900000
2018-02-28 17:12:58,0.05265000,17.26200000
2018-02-28 17:12:58,0.05265000,8.26100000
2018-02-28 17:12:58,0.05269700,0.39100000
2018-02-28 17:13:01,0.05265100,0.27200000
2018-02-28 17:13:01,0.05265100,0.27200000
2018-02-28 17:13:01,0.05262900,0.17000000
2018-02-28 17:13:01,0.05262000,4.57100000
2018-02-28 17:13:01,0.05265100,0.11300000
2018-02-28 17:13:01,0.05265100,0.11300000
2018-02-28 17:13:01,0.05265100,0.15700000
2018-02-28 17:13:01,0.05262000,0.00900000
2018-02-28 17:13:01,0.05279200,0.09100000
2018-02-28 17:13:03,0.05278900,0.07600000
2018-02-28 17:13:03,0.05279000,0.14800000
2018-02-28 17:13:05,0.05278800,0.02200000
2018-02-28 17:13:05,0.05278900,0.04200000
2018-02-28 17:13:06,0.05265600,0.35200000
2018-02-28 17:13:06,0.05265600,1.54400000
2018-02-28 17:13:07,0.05262000,1.05700000
2018-02-28 17:13:07,0.05260000,1.42000000
2018-02-28 17:13:09,0.05255000,0.09000000
2018-02-28 17:13:09,0.05254900,0.09500000
2018-02-28 17:13:10,0.05264300,0.09800000
2018-02-28 17:13:10,0.05251300,0.32400000
2018-02-28 17:13:10,0.05251000,0.50000000
2018-02-28 17:13:10,0.05250800,0.09500000
2018-02-28 17:13:11,0.05250600,0.03400000
2018-02-28 17:13:12,0.05250100,4.35900000
2018-02-28 17:13:12,0.05250000,2.33100000
2018-02-28 17:13:12,0.05250000,3.26400000
2018-02-28 17:13:13,0.05258900,0.08300000
2018-02-28 17:13:14,0.05258300,0.38000000
2018-02-28 17:13:15,0.05248000,0.19100000
2018-02-28 17:13:20,0.05247200,0.03400000
2018-02-28 17:13:21,0.05246900,0.09000000
2018-02-28 17:13:21,0.05244900,0.03000000
2018-02-28 17:13:22,0.05244900,0.09500000
2018-02-28 17:13:22,0.05244700,0.05700000
2018-02-28 17:13:22,0.05244500,0.09500000
2018-02-28 17:13:22,0.05243000,0.04800000
2018-02-28 17:13:22,0.05240300,0.09500000
2018-02-28 17:13:22,0.05240200,0.02100000
2018-02-28 17:13:22,0.05240000,0.97600000
2018-02-28 17:13:23,0.05246300,0.23900000
2018-02-28 17:13:23,0.05246000,0.09000000
2018-02-28 17:13:23,0.05246000,0.19000000
2018-02-28 17:13:24,0.05246000,0.07600000
2018-02-28 17:13:26,0.05245400,0.27400000
2018-02-28 17:13:26,0.05245300,0.09000000
2018-02-28 17:13:26,0.05245400,0.00500000
2018-02-28 17:13:27,0.05245400,0.03500000
2018-02-28 17:13:27,0.05240100,0.36300000
2018-02-28 17:13:27,0.05240000,2.56800000
2018-02-28 17:13:28,0.05244800,0.30200000
2018-02-28 17:13:28,0.05245000,1.41000000
2018-02-28 17:13:28,0.05248000,1.58900000
2018-02-28 17:13:28,0.05250500,0.52500000
2018-02-28 17:13:30,0.05245600,0.37400000
2018-02-28 17:13:31,0.05258000,0.15200000
2018-02-28 17:13:32,0.05258000,0.43800000
2018-02-28 17:13:32,0.05258100,0.21300000
2018-02-28 17:13:32,0.05258300,0.41800000
2018-02-28 17:13:32,0.05258900,0.95900000
2018-02-28 17:13:32,0.05260000,0.29700000
2018-02-28 17:13:32,0.05265000,0.59000000
2018-02-28 17:13:32,0.05270000,0.50000000
2018-02-28 17:13:34,0.05265100,0.09000000
2018-02-28 17:13:34,0.05265000,2.41700000
2018-02-28 17:13:36,0.05265000,1.89400000
2018-02-28 17:13:39,0.05270000,0.83700000
2018-02-28 17:13:39,0.05270700,0.09500000
2018-02-28 17:13:39,0.05276900,0.02100000
2018-02-28 17:13:39,0.05278700,0.38200000
2018-02-28 17:13:39,0.05279600,0.13300000
2018-02-28 17:13:39,0.05279700,0.14000000
2018-02-28 17:13:39,0.05265000,1.89000000
2018-02-28 17:13:40,0.05267900,1.89700000
2018-02-28 17:13:40,0.05267700,0.44800000
2018-02-28 17:13:41,0.05265600,0.56900000
2018-02-28 17:13:41,0.05265300,0.09000000
2018-02-28 17:13:43,0.05248800,0.50000000
2018-02-28 17:13:43,0.05248700,2.73100000
2018-02-28 17:13:43,0.05248500,0.15200000
2018-02-28 17:13:43,0.05245200,0.50000000
2018-02-28 17:13:44,0.05245100,0.40500000
2018-02-28 17:13:44,0.05245000,1.49200000
2018-02-28 17:13:44,0.05245200,0.53800000
2018-02-28 17:13:44,0.05278300,0.01900000
2018-02-28 17:13:45,0.05248700,1.90200000
2018-02-28 17:13:45,0.05248500,0.06300000
2018-02-28 17:13:45,0.05245300,0.37900000
2018-02-28 17:13:46,0.05245300,0.36300000
2018-02-28 17:13:46,0.05245000,0.04200000
2018-02-28 17:13:46,0.05245000,3.54100000
2018-02-28 17:13:46,0.05245000,3.25500000
2018-02-28 17:13:46,0.05245000,0.72500000
2018-02-28 17:13:47,0.05245100,0.07600000
2018-02-28 17:13:49,0.05244500,0.03500000
2018-02-28 17:13:49,0.05243700,0.09500000
2018-02-28 17:13:50,0.05243400,0.07600000
2018-02-28 17:13:51,0.05243400,0.15700000
2018-02-28 17:13:51,0.05243300,0.57100000
2018-02-28 17:13:51,0.05244000,0.12000000
2018-02-28 17:13:52,0.05241500,0.12300000
2018-02-28 17:13:52,0.05241300,0.37000000
2018-02-28 17:13:52,0.05240100,0.09600000
2018-02-28 17:13:54,0.05242800,1.39500000
2018-02-28 17:13:54,0.05242800,0.15400000
2018-02-28 17:13:59,0.05243000,0.84400000
2018-02-28 17:14:00,0.05245100,1.29500000
2018-02-28 17:14:00,0.05264400,1.21500000
2018-02-28 17:14:00,0.05264500,0.49700000
2018-02-28 17:14:02,0.05250200,1.90400000
2018-02-28 17:14:02,0.05250000,0.03100000
2018-02-28 17:14:05,0.05263300,0.06500000
2018-02-28 17:14:06,0.05262900,0.07200000
2018-02-28 17:14:06,0.05263000,0.02300000
2018-02-28 17:14:06,0.05263000,0.63400000
2018-02-28 17:14:09,0.05244700,0.50000000
2018-02-28 17:14:09,0.05244600,0.66200000
2018-02-28 17:14:09,0.05244500,0.19200000
2018-02-28 17:14:11,0.05260900,0.02100000
2018-02-28 17:14:12,0.05244200,0.03100000
2018-02-28 17:14:12,0.05244200,0.55900000
2018-02-28 17:14:12,0.05244300,1.16100000
2018-02-28 17:14:12,0.05244500,0.46000000
2018-02-28 17:14:14,0.05241400,0.90900000
2018-02-28 17:14:17,0.05242400,0.50000000
2018-02-28 17:14:17,0.05242300,0.99500000
2018-02-28 17:14:17,0.05242000,0.09000000
2018-02-28 17:14:17,0.05241500,0.06400000
2018-02-28 17:14:17,0.05241200,1.22000000
2018-02-28 17:14:18,0.05241200,0.68400000
2018-02-28 17:14:18,0.05241400,0.53600000
2018-02-28 17:14:18,0.05241400,0.68400000
2018-02-28 17:14:18,0.05240800,4.16100000
2018-02-28 17:14:18,0.05240300,1.79300000
2018-02-28 17:14:18,0.05240100,1.34000000
2018-02-28 17:14:18,0.05240000,1.61200000
2018-02-28 17:14:19,0.05260300,0.16400000
2018-02-28 17:14:21,0.05240000,2.59100000
2018-02-28 17:14:21,0.05240000,2.25000000
2018-02-28 17:14:21,0.05240000,1.90900000
2018-02-28 17:14:21,0.05240000,1.60400000
2018-02-28 17:14:21,0.05240000,1.32300000
2018-02-28 17:14:21,0.05240000,1.06700000
2018-02-28 17:14:22,0.05240000,3.34900000
2018-02-28 17:14:22,0.05240000,2.38600000
2018-02-28 17:14:22,0.05240000,1.60100000
2018-02-28 17:14:22,0.05240000,1.13700000
2018-02-28 17:14:23,0.05240000,2.17800000
2018-02-28 17:14:23,0.05240000,1.65300000
2018-02-28 17:14:23,0.05240000,1.31000000
2018-02-28 17:14:23,0.05240000,1.03700000
2018-02-28 17:14:24,0.05241800,3.65200000
2018-02-28 17:14:24,0.05241800,0.22700000
2018-02-28 17:14:25,0.05240000,3.01700000
2018-02-28 17:14:25,0.05240100,1.50000000
2018-02-28 17:14:26,0.05240100,3.79500000
2018-02-28 17:14:26,0.05240000,52.18800000
2018-02-28 17:14:26,0.05240000,16.35200000
2018-02-28 17:14:28,0.05240000,11.84100000
2018-02-28 17:14:29,0.05240000,3.04300000
2018-02-28 17:14:30,0.05240000,1.43600000
2018-02-28 17:14:30,0.05240000,0.43900000
2018-02-28 17:14:30,0.05239900,0.20300000
2018-02-28 17:14:31,0.05239900,0.14900000
2018-02-28 17:14:31,0.05239700,0.11300000
2018-02-28 17:14:31,0.05239300,0.07400000
2018-02-28 17:14:33,0.05239800,1.00000000
2018-02-28 17:14:33,0.05239300,0.11700000
2018-02-28 17:14:33,0.05235900,0.19200000
2018-02-28 17:14:33,0.05235000,1.29700000
2018-02-28 17:14:33,0.05239800,0.57200000
2018-02-28 17:14:35,0.05239700,0.09000000
2018-02-28 17:14:35,0.05239800,3.75400000
2018-02-28 17:14:35,0.05235000,3.65700000
2018-02-28 17:14:36,0.05234300,0.10400000
2018-02-28 17:14:36,0.05234300,0.37000000
2018-02-28 17:14:37,0.05235000,1.98600000
2018-02-28 17:14:37,0.05239500,3.25700000
2018-02-28 17:14:37,0.05239600,0.21800000
2018-02-28 17:14:37,0.05239900,2.01000000
2018-02-28 17:14:38,0.05234400,0.17000000
2018-02-28 17:14:38,0.05234300,0.12100000
2018-02-28 17:14:38,0.05233300,0.18600000
2018-02-28 17:14:38,0.05232900,0.02600000
2018-02-28 17:14:38,0.05230000,1.25600000
2018-02-28 17:14:40,0.05230000,0.09400000
2018-02-28 17:14:42,0.05239900,0.05700000
2018-02-28 17:14:42,0.05230900,0.14500000
2018-02-28 17:14:42,0.05230000,2.56300000
2018-02-28 17:14:43,0.05230900,0.07900000
2018-02-28 17:14:43,0.05230000,0.18200000
2018-02-28 17:14:48,0.05230000,7.08900000
2018-02-28 17:14:51,0.05230000,1.68600000
2018-02-28 17:14:51,0.05230000,7.20700000
2018-02-28 17:14:54,0.05232900,0.07600000
2018-02-28 17:14:57,0.05230000,4.41600000
2018-02-28 17:14:58,0.05230000,3.36000000
2018-02-28 17:14:58,0.05232900,0.36600000
2018-02-28 17:14:58,0.05232900,0.20300000
2018-02-28 17:15:02,0.05232900,0.43100000
2018-02-28 17:15:02,0.05230000,1.54700000
2018-02-28 17:15:02,0.05229000,0.36600000
2018-02-28 17:15:02,0.05230000,0.45000000
2018-02-28 17:15:02,0.05229000,0.17000000
2018-02-28 17:15:05,0.05230000,0.17600000
2018-02-28 17:15:05,0.05230000,0.20600000
2018-02-28 17:15:07,0.05229000,0.42000000
2018-02-28 17:15:07,0.05227000,0.05700000
2018-02-28 17:15:07,0.05224500,0.12000000
2018-02-28 17:15:07,0.05224000,0.16600000
2018-02-28 17:15:07,0.05223900,1.23200000
2018-02-28 17:15:07,0.05221100,0.03800000
2018-02-28 17:15:07,0.05221000,0.26800000
2018-02-28 17:15:07,0.05219300,0.03800000
2018-02-28 17:15:07,0.05217900,0.07100000
2018-02-28 17:15:07,0.05217600,0.09600000
2018-02-28 17:15:07,0.05215900,0.08000000
2018-02-28 17:15:07,0.05215800,0.10900000
2018-02-28 17:15:07,0.05213800,1.00000000
2018-02-28 17:15:07,0.05213200,0.19900000
2018-02-28 17:15:07,0.05210000,0.54500000
2018-02-28 17:15:07,0.05210000,4.04200000
2018-02-28 17:15:07,0.05209500,4.56500000
2018-02-28 17:15:07,0.05209500,4.56500000
2018-02-28 17:15:07,0.05209500,0.30000000
2018-02-28 17:15:07,0.05209500,0.20000000
2018-02-28 17:15:07,0.05209500,4.58000000
2018-02-28 17:15:07,0.05209500,0.30000000
2018-02-28 17:15:07,0.05209500,0.15700000
2018-02-28 17:15:07,0.05209500,0.42700000
2018-02-28 17:15:07,0.05209500,0.37300000
2018-02-28 17:15:07,0.05209500,0.18600000
2018-02-28 17:15:07,0.05209500,0.60000000
2018-02-28 17:15:08,0.05209500,0.12400000
2018-02-28 17:15:09,0.05209500,0.70000000
2018-02-28 17:15:09,0.05209500,0.11600000
2018-02-28 17:15:10,0.05207900,0.10000000
2018-02-28 17:15:10,0.05206300,0.04900000
2018-02-28 17:15:10,0.05204300,0.09400000
2018-02-28 17:15:10,0.05203700,0.38000000
2018-02-28 17:15:10,0.05201900,0.10600000
2018-02-28 17:15:10,0.05200000,0.05200000
2018-02-28 17:15:10,0.05206300,0.70000000
2018-02-28 17:15:11,0.05206300,0.03600000
2018-02-28 17:15:11,0.05206300,0.36700000
2018-02-28 17:15:11,0.05206200,0.05800000
2018-02-28 17:15:12,0.05206200,0.03200000
2018-02-28 17:15:12,0.05206300,0.02100000
2018-02-28 17:15:13,0.05206300,0.02900000
2018-02-28 17:15:13,0.05206300,0.05800000
2018-02-28 17:15:13,0.05206300,0.27800000
2018-02-28 17:15:13,0.05200100,0.09000000
2018-02-28 17:15:13,0.05200000,0.27200000
2018-02-28 17:15:15,0.05206300,0.62200000
2018-02-28 17:15:15,0.05206300,0.05200000
2018-02-28 17:15:15,0.05206300,0.05200000
2018-02-28 17:15:16,0.05200100,0.09000000
2018-02-28 17:15:16,0.05200000,3.30100000
2018-02-28 17:15:18,0.05203100,0.10000000
2018-02-28 17:15:18,0.05200000,0.08000000
2018-02-28 17:15:18,0.05206200,0.09000000
2018-02-28 17:15:18,0.05206300,0.25200000
2018-02-28 17:15:19,0.05200100,0.09000000
2018-02-28 17:15:19,0.05200000,4.36700000
2018-02-28 17:15:19,0.05206200,0.09000000
2018-02-28 17:15:20,0.05206200,0.13600000
2018-02-28 17:15:21,0.05200100,0.09000000
2018-02-28 17:15:21,0.05200000,1.53900000
2018-02-28 17:15:22,0.05200000,0.06900000
2018-02-28 17:15:22,0.05200000,0.07400000
2018-02-28 17:15:23,0.05201500,0.07300000
2018-02-28 17:15:23,0.05200000,1.10200000
2018-02-28 17:15:25,0.05200000,0.44100000
2018-02-28 17:15:27,0.05201300,0.02300000
2018-02-28 17:15:29,0.05200000,6.22600000
2018-02-28 17:15:29,0.05200000,5.09500000
2018-02-28 17:15:29,0.05201300,0.07800000
2018-02-28 17:15:29,0.05201400,0.09400000
2018-02-28 17:15:29,0.05201500,0.02800000
2018-02-28 17:15:30,0.05200000,7.49300000
2018-02-28 17:15:31,0.05201500,2.70000000
2018-02-28 17:15:34,0.05200100,0.23000000
2018-02-28 17:15:34,0.05200000,0.13400000
2018-02-28 17:15:35,0.05200000,1.48100000
2018-02-28 17:15:35,0.05201400,0.06000000
2018-02-28 17:15:38,0.05200000,0.06700000
2018-02-28 17:15:39,0.05200000,1.14600000
2018-02-28 17:15:40,0.05200000,0.19800000
2018-02-28 17:15:40,0.05201300,0.20000000
2018-02-28 17:15:45,0.05201400,0.04300000
2018-02-28 17:15:45,0.05201500,0.16600000
2018-02-28 17:15:45,0.05202400,0.09500000
2018-02-28 17:15:46,0.05205900,0.02600000
2018-02-28 17:15:46,0.05202400,0.76500000
2018-02-28 17:15:46,0.05200200,0.96900000
2018-02-28 17:15:46,0.05200000,1.61800000
2018-02-28 17:15:46,0.05200000,3.20400000
2018-02-28 17:15:47,0.05200000,0.61300000
2018-02-28 17:15:50,0.05198800,0.21300000
2018-02-28 17:15:51,0.05199900,0.00100000
2018-02-28 17:15:51,0.05199900,0.15100000
2018-02-28 17:15:51,0.05200000,1.34900000
2018-02-28 17:15:52,0.05198800,0.19200000
2018-02-28 17:15:52,0.05198400,0.04300000
2018-02-28 17:15:52,0.05199800,0.06300000
2018-02-28 17:15:52,0.05199900,0.83800000
2018-02-28 17:15:54,0.05198800,0.06900000
2018-02-28 17:15:54,0.05199900,1.40200000
2018-02-28 17:15:54,0.05200000,1.57300000
2018-02-28 17:15:58,0.05199900,0.17500000
2018-02-28 17:15:59,0.05199900,0.09500000
2018-02-28 17:15:59,0.05200000,4.52400000
2018-02-28 17:15:59,0.05200000,3.06300000
2018-02-28 17:16:00,0.05199900,0.16300000
2018-02-28 17:16:01,0.05198400,0.10800000
2018-02-28 17:16:01,0.05197500,0.24500000
2018-02-28 17:16:02,0.05197500,3.31200000
2018-02-28 17:16:03,0.05197500,0.65100000
2018-02-28 17:16:08,0.05197500,0.05300000
2018-02-28 17:16:12,0.05199500,0.02400000
2018-02-28 17:16:14,0.05199500,0.06600000
2018-02-28 17:16:14,0.05197500,0.65000000
2018-02-28 17:16:14,0.05197300,0.13600000
2018-02-28 17:16:18,0.05197300,0.15600000
2018-02-28 17:16:19,0.05196200,0.07400000
2018-02-28 17:16:19,0.05196000,0.80300000
2018-02-28 17:16:19,0.05190000,0.12200000
2018-02-28 17:16:21,0.05190100,0.09000000
2018-02-28 17:16:21,0.05190000,0.51700000
2018-02-28 17:16:23,0.05190000,0.11700000
2018-02-28 17:16:23,0.05187900,0.15700000
2018-02-28 17:16:23,0.05187000,0.49200000
2018-02-28 17:16:23,0.05186900,0.23900000
2018-02-28 17:16:23,0.05186200,0.28800000
2018-02-28 17:16:23,0.05185000,0.90900000
2018-02-28 17:16:23,0.05182100,0.13600000
2018-02-28 17:16:23,0.05180100,0.10000000
2018-02-28 17:16:23,0.05180000,8.90600000
2018-02-28 17:16:23,0.05178500,0.11700000
2018-02-28 17:16:23,0.05178200,0.28700000
2018-02-28 17:16:23,0.05175800,1.00000000
2018-02-28 17:16:23,0.05172400,0.19000000
2018-02-28 17:16:23,0.05171800,0.30400000
2018-02-28 17:16:23,0.05171700,1.54100000
2018-02-28 17:16:23,0.05170000,0.50000000
2018-02-28 17:16:23,0.05169900,0.04900000
2018-02-28 17:16:23,0.05168900,0.04800000
2018-02-28 17:16:23,0.05168800,0.33600000
2018-02-28 17:16:23,0.05167100,0.04800000
2018-02-28 17:16:23,0.05165700,0.08900000
2018-02-28 17:16:23,0.05164300,0.08000000
2018-02-28 17:16:23,0.05163100,5.00000000
2018-02-28 17:16:23,0.05161400,0.02100000
2018-02-28 17:16:23,0.05161000,2.65200000
2018-02-28 17:16:23,0.05164000,0.78300000
2018-02-28 17:16:26,0.05196200,0.04800000
2018-02-28 17:16:26,0.05165500,0.50800000
2018-02-28 17:16:28,0.05166500,0.50000000
2018-02-28 17:16:28,0.05166400,5.00600000
2018-02-28 17:16:28,0.05164000,0.00100000
2018-02-28 17:16:28,0.05164000,7.73300000
2018-02-28 17:16:29,0.05166600,0.71000000
2018-02-28 17:16:29,0.05164000,7.73000000
2018-02-28 17:16:29,0.05161000,2.25300000
2018-02-28 17:16:29,0.05160100,3.28300000
2018-02-28 17:16:30,0.05170000,0.05200000
2018-02-28 17:16:31,0.05195200,0.04800000
2018-02-28 17:16:33,0.05195000,0.36800000
2018-02-28 17:16:35,0.05171400,1.11500000
2018-02-28 17:16:37,0.05172000,0.05200000
2018-02-28 17:16:39,0.05193900,0.21800000
2018-02-28 17:16:41,0.05193500,0.28900000
2018-02-28 17:16:43,0.05193100,0.50200000
2018-02-28 17:16:43,0.05193200,0.06600000
2018-02-28 17:16:43,0.05180100,0.76400000
2018-02-28 17:16:43,0.05179900,0.03700000
2018-02-28 17:16:43,0.05173600,0.61500000
2018-02-28 17:16:43,0.05173500,0.11700000
2018-02-28 17:16:43,0.05171200,2.58200000
2018-02-28 17:16:43,0.05171100,1.77100000
2018-02-28 17:16:46,0.05180000,0.11500000
2018-02-28 17:16:49,0.05190300,1.00000000
2018-02-28 17:16:50,0.05189700,3.37200000
2018-02-28 17:16:50,0.05189900,0.13300000
2018-02-28 17:16:50,0.05190200,0.64400000
2018-02-28 17:16:50,0.05190400,0.09600000
2018-02-28 17:16:50,0.05190500,0.35400000
2018-02-28 17:16:50,0.05192600,0.19000000
2018-02-28 17:16:50,0.05192600,2.08900000
2018-02-28 17:16:50,0.05192800,0.42700000
2018-02-28 17:16:50,0.05193700,4.54000000
2018-02-28 17:16:53,0.05181400,0.02600000
2018-02-28 17:16:53,0.05192300,0.32300000
2018-02-28 17:16:54,0.05196800,0.06600000
2018-02-28 17:16:55,0.05196800,0.14400000
2018-02-28 17:16:55,0.05197300,0.85000000
2018-02-28 17:16:56,0.05196800,0.04200000
2018-02-28 17:16:57,0.05196800,0.24800000
2018-02-28 17:16:57,0.05196800,1.17200000
2018-02-28 17:16:59,0.05197300,22.22400000
2018-02-28 17:16:59,0.05197300,1.80100000
2018-02-28 17:16:59,0.05197500,3.09500000
2018-02-28 17:16:59,0.05199600,0.78400000
2018-02-28 17:16:59,0.05200000,1.21600000
2018-02-28 17:16:59,0.05200000,0.06200000
2018-02-28 17:16:59,0.05200000,0.09600000
2018-02-28 17:16:59,0.05200000,25.54700000
2018-02-28 17:16:59,0.05200000,24.81100000
2018-02-28 17:16:59,0.05200000,20.24300000
2018-02-28 17:17:00,0.05200000,0.22800000
2018-02-28 17:17:01,0.05205800,0.01600000
2018-02-28 17:17:01,0.05205800,0.46800000
2018-02-28 17:17:01,0.05209500,2.60800000
2018-02-28 17:17:02,0.05200100,0.13300000
2018-02-28 17:17:02,0.05200000,0.76300000
2018-02-28 17:17:02,0.05209500,0.07700000
2018-02-28 17:17:02,0.05200000,0.33600000
2018-02-28 17:17:02,0.05209500,0.09600000
2018-02-28 17:17:02,0.05209500,2.69800000
2018-02-28 17:17:04,0.05209400,0.04800000
2018-02-28 17:17:04,0.05209400,0.04200000
2018-02-28 17:17:04,0.05209500,3.33400000
2018-02-28 17:17:04,0.05209500,0.12900000
2018-02-28 17:17:04,0.05209500,0.04400000
2018-02-28 17:17:04,0.05209500,0.05800000
2018-02-28 17:17:04,0.05209500,0.02300000
2018-02-28 17:17:05,0.05209500,0.04400000
2018-02-28 17:17:05,0.05209500,0.07500000
2018-02-28 17:17:05,0.05209500,0.04000000
2018-02-28 17:17:05,0.05209500,0.96000000
2018-02-28 17:17:05,0.05209500,0.10400000
2018-02-28 17:17:06,0.05209500,1.16100000
2018-02-28 17:17:06,0.05209500,0.34400000
2018-02-28 17:17:06,0.05209500,0.04200000
2018-02-28 17:17:07,0.05209500,1.91900000
2018-02-28 17:17:07,0.05209500,0.30500000
2018-02-28 17:17:08,0.05209600,0.13600000
2018-02-28 17:17:08,0.05209600,0.04000000
2018-02-28 17:17:09,0.05209600,0.36000000
2018-02-28 17:17:09,0.05213600,0.07400000
2018-02-28 17:17:11,0.05213600,0.24500000
2018-02-28 17:17:11,0.05215900,0.08000000
2018-02-28 17:17:11,0.05226500,0.08500000
2018-02-28 17:17:11,0.05228300,0.19000000
2018-02-28 17:17:12,0.05210600,1.91500000
2018-02-28 17:17:12,0.05210400,0.09500000
2018-02-28 17:17:12,0.05210400,0.32100000
2018-02-28 17:17:12,0.05228100,0.60400000
2018-02-28 17:17:13,0.05227800,0.04200000
2018-02-28 17:17:13,0.05227700,0.41600000
2018-02-28 17:17:13,0.05227800,0.60800000
2018-02-28 17:17:14,0.05228300,0.50000000
2018-02-28 17:17:14,0.05234900,0.38000000
2018-02-28 17:17:14,0.05235000,0.49500000
2018-02-28 17:17:16,0.05234800,0.24600000
2018-02-28 17:17:17,0.05234800,0.27500000
2018-02-28 17:17:17,0.05234800,0.16600000
2018-02-28 17:17:18,0.05234800,1.25100000
2018-02-28 17:17:19,0.05235000,0.23800000
2018-02-28 17:17:19,0.05228100,0.09000000
2018-02-28 17:17:19,0.05228000,0.57000000
2018-02-28 17:17:19,0.05228000,0.42300000
2018-02-28 17:17:19,0.05221000,0.23700000
2018-02-28 17:17:20,0.05221200,1.91200000
2018-02-28 17:17:20,0.05221100,0.20700000
2018-02-28 17:17:20,0.05221000,0.11600000
2018-02-28 17:17:22,0.05233600,1.43600000
2018-02-28 17:17:24,0.05221700,0.09000000
2018-02-28 17:17:24,0.05221000,0.11100000
2018-02-28 17:17:25,0.05227800,0.47600000
2018-02-28 17:17:25,0.05228000,1.79400000
2018-02-28 17:17:25,0.05228000,0.04700000
2018-02-28 17:17:26,0.05227900,0.24300000
2018-02-28 17:17:29,0.05227900,0.25600000
2018-02-28 17:17:29,0.05228000,0.16900000
2018-02-28 17:17:29,0.05230000,0.57500000
2018-02-28 17:17:30,0.05229900,0.09000000
2018-02-28 17:17:30,0.05230000,0.08800000
2018-02-28 17:17:30,0.05227900,0.23500000
2018-02-28 17:17:32,0.05227900,0.26100000
2018-02-28 17:17:32,0.05224100,0.09000000
2018-02-28 17:17:32,0.05224000,1.15500000
2018-02-28 17:17:33,0.05227900,0.03600000
2018-02-28 17:17:33,0.05221000,0.04500000
2018-02-28 17:17:36,0.05227800,0.02900000
2018-02-28 17:17:38,0.05227800,0.06100000
2018-02-28 17:17:38,0.05227900,0.01800000
2018-02-28 17:17:38,0.05230000,0.30600000
2018-02-28 17:17:39,0.05221100,0.09000000
2018-02-28 17:17:39,0.05220300,3.18900000
2018-02-28 17:17:39,0.05209800,1.91600000
2018-02-28 17:17:39,0.05209600,1.16000000
2018-02-28 17:17:40,0.05229800,0.28000000
2018-02-28 17:17:40,0.05220500,0.10000000
2018-02-28 17:17:43,0.05220500,3.05500000
2018-02-28 17:17:43,0.05220500,0.09000000
2018-02-28 17:17:43,0.05218500,0.42800000
2018-02-28 17:17:46,0.05220000,0.11600000
2018-02-28 17:17:48,0.05219700,0.25500000
2018-02-28 17:17:49,0.05219400,1.00000000
2018-02-28 17:17:50,0.05219000,0.59000000
2018-02-28 17:17:50,0.05219100,0.66100000
2018-02-28 17:17:50,0.05219300,0.50100000
2018-02-28 17:17:50,0.05220500,0.51900000
2018-02-28 17:17:50,0.05218900,0.10000000
2018-02-28 17:17:50,0.05220500,1.64400000
2018-02-28 17:17:51,0.05220000,0.02300000
2018-02-28 17:17:51,0.05219700,1.28300000
2018-02-28 17:17:51,0.05220000,1.30200000
2018-02-28 17:17:51,0.05220500,0.50000000
2018-02-28 17:17:52,0.05220300,0.08000000
2018-02-28 17:17:52,0.05220000,0.15200000
2018-02-28 17:17:55,0.05220000,0.23500000
2018-02-28 17:17:58,0.05219900,0.10800000
2018-02-28 17:17:58,0.05220000,0.16900000
2018-02-28 17:17:58,0.05220500,0.62000000
2018-02-28 17:17:58,0.05220500,2.41900000
2018-02-28 17:17:58,0.05220000,5.84400000
2018-02-28 17:18:00,0.05228000,0.56700000
2018-02-28 17:18:00,0.05230000,0.94300000
2018-02-28 17:18:01,0.05233600,2.99400000
2018-02-28 17:18:03,0.05230100,0.10800000
2018-02-28 17:18:03,0.05230000,0.51300000
2018-02-28 17:18:06,0.05230000,0.16300000
2018-02-28 17:18:06,0.05230000,0.51300000
2018-02-28 17:18:07,0.05233600,0.32900000
2018-02-28 17:18:07,0.05230000,3.46300000
2018-02-28 17:18:09,0.05230000,0.19400000
2018-02-28 17:18:10,0.05230000,1.04500000
2018-02-28 17:18:10,0.05230000,0.38800000
2018-02-28 17:18:12,0.05230000,3.61300000
2018-02-28 17:18:14,0.05229900,0.09000000
2018-02-28 17:18:14,0.05230000,0.00600000
2018-02-28 17:18:17,0.05230000,0.05700000
2018-02-28 17:18:17,0.05230000,1.05100000
2018-02-28 17:18:18,0.05230000,4.00100000
2018-02-28 17:18:20,0.05233500,0.09400000
2018-02-28 17:18:21,0.05233500,0.02800000
2018-02-28 17:18:21,0.05233500,0.17500000
2018-02-28 17:18:21,0.05233600,0.39600000
2018-02-28 17:18:26,0.05233600,0.04800000
2018-02-28 17:18:29,0.05233600,0.11800000
2018-02-28 17:18:29,0.05233600,1.01500000
2018-02-28 17:18:30,0.05234600,0.20700000
2018-02-28 17:18:31,0.05234800,0.02000000
2018-02-28 17:18:31,0.05234700,0.29000000
2018-02-28 17:18:31,0.05234700,3.46700000
2018-02-28 17:18:33,0.05234800,0.09000000
2018-02-28 17:18:35,0.05234800,0.02100000
2018-02-28 17:18:35,0.05234800,2.10900000
2018-02-28 17:18:35,0.05234800,0.60300000
2018-02-28 17:18:35,0.05235000,0.57000000
2018-02-28 17:18:35,0.05235200,0.44300000
2018-02-28 17:18:41,0.05235200,0.15500000
2018-02-28 17:18:44,0.05235200,1.40200000
2018-02-28 17:18:47,0.05240000,0.06500000
2018-02-28 17:18:48,0.05240000,0.16000000
2018-02-28 17:18:49,0.05240000,4.34000000
2018-02-28 17:18:49,0.05240100,0.99900000
2018-02-28 17:18:49,0.05240500,0.35900000
2018-02-28 17:18:51,0.05235200,1.31800000
2018-02-28 17:18:51,0.05239900,0.26300000
2018-02-28 17:18:53,0.05240500,0.19700000
2018-02-28 17:18:54,0.05240500,0.07500000
2018-02-28 17:18:54,0.05240100,0.45700000
2018-02-28 17:18:57,0.05244000,0.30000000
2018-02-28 17:19:00,0.05240100,0.15300000
2018-02-28 17:19:08,0.05243900,0.06600000
2018-02-28 17:19:09,0.05243900,0.29900000
2018-02-28 17:19:11,0.05243900,0.25000000
2018-02-28 17:19:16,0.05244000,0.04800000
2018-02-28 17:19:17,0.05246100,0.05200000
2018-02-28 17:19:18,0.05244000,0.38000000
2018-02-28 17:19:19,0.05244000,0.13900000
2018-02-28 17:19:22,0.05244100,1.01500000
2018-02-28 17:19:24,0.05246100,0.32700000
2018-02-28 17:19:24,0.05249000,0.10000000
2018-02-28 17:19:24,0.05249200,3.50400000
2018-02-28 17:19:24,0.05250000,3.87700000
2018-02-28 17:19:25,0.05250000,0.83100000
2018-02-28 17:19:27,0.05250000,0.07900000
2018-02-28 17:19:28,0.05250000,1.00000000
2018-02-28 17:19:34,0.05252600,0.63300000
2018-02-28 17:19:34,0.05252700,0.38400000
2018-02-28 17:19:34,0.05252800,3.62500000
2018-02-28 17:19:34,0.05252900,1.14200000
2018-02-28 17:19:35,0.05252900,1.19700000
2018-02-28 17:19:35,0.05252900,0.61800000
2018-02-28 17:19:38,0.05252900,0.05000000
2018-02-28 17:19:38,0.05252900,2.14400000
2018-02-28 17:19:38,0.05253000,0.21700000
2018-02-28 17:19:38,0.05257100,0.02500000
2018-02-28 17:19:39,0.05252900,0.08500000
2018-02-28 17:19:41,0.05257100,0.40500000
2018-02-28 17:19:41,0.05257200,0.21700000
2018-02-28 17:19:41,0.05258600,0.67700000
2018-02-28 17:19:45,0.05257100,0.79300000
2018-02-28 17:19:47,0.05258500,0.02100000
2018-02-28 17:19:49,0.05257100,0.20500000
2018-02-28 17:19:49,0.05258500,0.06900000
2018-02-28 17:19:49,0.05258600,0.01600000
2018-02-28 17:19:49,0.05258700,0.72900000
2018-02-28 17:19:49,0.05260000,0.20300000
2018-02-28 17:19:52,0.05260200,0.09000000
2018-02-28 17:19:52,0.05260100,0.18100000
2018-02-28 17:19:55,0.05260100,1.15500000
2018-02-28 17:19:56,0.05260000,0.80200000
2018-02-28 17:19:57,0.05263700,0.23100000
2018-02-28 17:19:57,0.05268100,0.08000000
2018-02-28 17:19:57,0.05268600,0.25900000
2018-02-28 17:19:58,0.05268500,0.10000000
2018-02-28 17:20:00,0.05260500,0.05000000
2018-02-28 17:20:01,0.05260500,0.20300000
2018-02-28 17:20:03,0.05267000,0.05300000
2018-02-28 17:20:03,0.05260700,0.10000000
2018-02-28 17:20:03,0.05260500,1.94700000
2018-02-28 17:20:03,0.05260500,0.91700000
2018-02-28 17:20:05,0.05260500,1.00000000
2018-02-28 17:20:05,0.05265300,0.03600000
2018-02-28 17:20:06,0.05260500,0.60400000
2018-02-28 17:20:08,0.05265200,0.42700000
2018-02-28 17:20:08,0.05265300,0.01700000
2018-02-28 17:20:13,0.05268100,0.39800000
2018-02-28 17:20:13,0.05265300,0.26500000
2018-02-28 17:20:13,0.05265300,0.08000000
2018-02-28 17:20:14,0.05268000,0.09000000
2018-02-28 17:20:14,0.05268100,0.02900000
2018-02-28 17:20:14,0.05268400,0.10000000
2018-02-28 17:20:14,0.05268600,0.21900000
2018-02-28 17:20:14,0.05270000,7.65300000
2018-02-28 17:20:15,0.05265400,0.44000000
2018-02-28 17:20:17,0.05270000,1.39300000
2018-02-28 17:20:17,0.05270000,0.14900000
2018-02-28 17:20:17,0.05269800,0.09000000
2018-02-28 17:20:17,0.05266000,0.13300000
2018-02-28 17:20:18,0.05269800,0.00900000
2018-02-28 17:20:18,0.05270000,0.15000000
2018-02-28 17:20:18,0.05270000,0.96000000
2018-02-28 17:20:18,0.05270000,0.08000000
2018-02-28 17:20:18,0.05270000,0.62700000
2018-02-28 17:20:18,0.05272200,0.04000000
2018-02-28 17:20:19,0.05270000,0.13800000
2018-02-28 17:20:19,0.05270000,0.33800000
2018-02-28 17:20:20,0.05272200,0.80200000
2018-02-28 17:20:20,0.05270000,3.34900000
2018-02-28 17:20:20,0.05270000,0.18200000
2018-02-28 17:20:21,0.05269800,1.79900000
2018-02-28 17:20:21,0.05272200,3.88900000
2018-02-28 17:20:22,0.05265400,0.09000000
2018-02-28 17:20:22,0.05265300,0.36900000
2018-02-28 17:20:23,0.05270000,0.58700000
2018-02-28 17:20:26,0.05265300,0.02300000
2018-02-28 17:20:26,0.05270000,2.10900000
2018-02-28 17:20:27,0.05270000,1.90000000
2018-02-28 17:20:27,0.05270000,0.40000000
2018-02-28 17:20:29,0.05272100,0.09000000
2018-02-28 17:20:29,0.05272200,0.29200000
2018-02-28 17:20:32,0.05272000,0.02000000
2018-02-28 17:20:32,0.05270000,0.23900000
2018-02-28 17:20:33,0.05272200,1.73100000
2018-02-28 17:20:35,0.05270100,0.95200000
2018-02-28 17:20:36,0.05272200,0.95900000
2018-02-28 17:20:37,0.05272200,1.06900000
2018-02-28 17:20:37,0.05272900,0.02000000
2018-02-28 17:20:37,0.05272200,0.03800000
2018-02-28 17:20:38,0.05272200,0.34900000
2018-02-28 17:20:39,0.05272900,0.24600000
2018-02-28 17:20:39,0.05275500,0.17400000
2018-02-28 17:20:44,0.05272200,0.09500000
2018-02-28 17:20:45,0.05275500,0.01100000
2018-02-28 17:20:45,0.05272200,1.01500000
2018-02-28 17:20:47,0.05275500,0.07500000
2018-02-28 17:20:48,0.05273000,0.29900000
2018-02-28 17:20:48,0.05273000,0.02300000
2018-02-28 17:20:50,0.05275500,0.37600000
2018-02-28 17:20:51,0.05273000,0.97200000
2018-02-28 17:20:52,0.05272900,0.60000000
2018-02-28 17:20:53,0.05275400,0.25300000
2018-02-28 17:20:53,0.05275500,0.43100000
2018-02-28 17:20:54,0.05275500,0.15000000
2018-02-28 17:20:57,0.05275500,0.75900000
2018-02-28 17:20:57,0.05275500,0.02900000
2018-02-28 17:20:57,0.05275500,2.21200000
2018-02-28 17:20:58,0.05275500,1.89500000
2018-02-28 17:20:58,0.05275500,1.08200000
2018-02-28 17:20:59,0.05275400,1.35200000
2018-02-28 17:20:59,0.05275500,0.97700000
2018-02-28 17:21:00,0.05275500,0.08500000
2018-02-28 17:21:00,0.05275500,0.70400000
2018-02-28 17:21:01,0.05275500,1.16700000
2018-02-28 17:21:01,0.05272900,2.42900000
2018-02-28 17:21:01,0.05272900,0.02100000
2018-02-28 17:21:02,0.05273000,0.09000000
2018-02-28 17:21:02,0.05272900,0.06000000
2018-02-28 17:21:03,0.05275500,0.20000000
2018-02-28 17:21:08,0.05272900,0.30700000
2018-02-28 17:21:08,0.05272900,1.89400000
2018-02-28 17:21:09,0.05278300,0.09000000
2018-02-28 17:21:09,0.05278400,0.25600000
2018-02-28 17:21:09,0.05277000,0.18900000
2018-02-28 17:21:10,0.05277000,0.60000000
2018-02-28 17:21:10,0.05277000,0.02900000
2018-02-28 17:21:10,0.05277000,0.18800000
2018-02-28 17:21:10,0.05278400,0.08700000
2018-02-28 17:21:10,0.05280000,0.06700000
2018-02-28 17:21:10,0.05280300,0.14500000
2018-02-28 17:21:11,0.05277000,1.89500000
2018-02-28 17:21:11,0.05277000,3.16900000
2018-02-28 17:21:11,0.05277000,11.84400000
2018-02-28 17:21:12,0.05277000,2.30200000
2018-02-28 17:21:13,0.05277000,0.00100000
2018-02-28 17:21:13,0.05276000,0.13300000
2018-02-28 17:21:13,0.05276000,0.10100000
2018-02-28 17:21:16,0.05276000,0.00100000
2018-02-28 17:21:16,0.05275500,0.03700000
2018-02-28 17:21:16,0.05277000,0.20000000
2018-02-28 17:21:16,0.05278100,0.08300000
2018-02-28 17:21:17,0.05275500,0.81600000
2018-02-28 17:21:18,0.05275500,0.19400000
2018-02-28 17:21:18,0.05278100,1.00500000
2018-02-28 17:21:18,0.05278100,0.09900000
2018-02-28 17:21:21,0.05277000,0.05700000
2018-02-28 17:21:21,0.05272900,0.29900000
2018-02-28 17:21:23,0.05275000,0.46800000
2018-02-28 17:21:23,0.05275000,0.67700000
2018-02-28 17:21:23,0.05272900,0.50000000
2018-02-28 17:21:23,0.05278200,0.52600000
2018-02-28 17:21:23,0.05280000,0.22700000
2018-02-28 17:21:24,0.05275500,0.02100000
2018-02-28 17:21:24,0.05280000,0.14300000
2018-02-28 17:21:24,0.05280300,1.19800000
2018-02-28 17:21:24,0.05283000,2.17900000
2018-02-28 17:21:25,0.05275500,0.12700000
2018-02-28 17:21:26,0.05275600,0.08800000
2018-02-28 17:21:27,0.05278200,0.22500000
2018-02-28 17:21:29,0.05275500,0.35600000
2018-02-28 17:21:32,0.05275700,0.40700000
2018-02-28 17:21:32,0.05281400,0.05000000
2018-02-28 17:21:34,0.05281400,0.04000000
2018-02-28 17:21:34,0.05281500,0.13400000
2018-02-28 17:21:37,0.05275800,0.01100000
2018-02-28 17:21:37,0.05281400,0.08800000
2018-02-28 17:21:37,0.05281500,0.03900000
2018-02-28 17:21:38,0.05281500,0.32600000
2018-02-28 17:21:38,0.05281500,0.31200000
2018-02-28 17:21:39,0.05279900,1.04100000
2018-02-28 17:21:39,0.05275800,0.07900000
2018-02-28 17:21:40,0.05275700,0.00200000
2018-02-28 17:21:40,0.05275600,0.22200000
2018-02-28 17:21:41,0.05275600,0.10700000
2018-02-28 17:21:43,0.05275700,0.08800000
2018-02-28 17:21:44,0.05275600,0.02900000
2018-02-28 17:21:44,0.05275500,1.60400000
2018-02-28 17:21:50,0.05275500,0.00100000
2018-02-28 17:21:50,0.05272900,0.18500000
2018-02-28 17:21:52,0.05278200,0.22400000
2018-02-28 17:21:55,0.05279900,0.09000000
2018-02-28 17:21:55,0.05280000,0.11600000
2018-02-28 17:21:55,0.05281000,0.16000000
2018-02-28 17:21:55,0.05281100,0.23600000
2018-02-28 17:21:59,0.05282700,0.08800000
2018-02-28 17:21:59,0.05282800,0.52800000
2018-02-28 17:21:59,0.05282900,0.70200000
2018-02-28 17:21:59,0.05283000,2.09600000
2018-02-28 17:21:59,0.05283300,0.18600000
2018-02-28 17:21:59,0.05273300,1.89500000
2018-02-28 17:21:59,0.05289900,0.87900000
2018-02-28 17:21:59,0.05290000,0.02000000
2018-02-28 17:21:59,0.05290200,0.33500000
2018-02-28 17:21:59,0.05290300,1.51800000
2018-02-28 17:21:59,0.05291100,0.41400000
2018-02-28 17:21:59,0.05293100,0.24200000
2018-02-28 17:21:59,0.05297800,0.19200000
2018-02-28 17:22:00,0.05278200,0.08800000
2018-02-28 17:22:00,0.05273400,0.53700000
2018-02-28 17:22:00,0.05273400,0.55300000
2018-02-28 17:22:00,0.05278000,0.33400000
2018-02-28 17:22:02,0.05277400,1.56100000
2018-02-28 17:22:02,0.05277600,0.50000000
2018-02-28 17:22:02,0.05278200,1.61600000
2018-02-28 17:22:02,0.05297800,0.15200000
2018-02-28 17:22:02,0.05297800,9.76100000
2018-02-28 17:22:02,0.05297800,9.74000000
2018-02-28 17:22:03,0.05297800,0.29100000
2018-02-28 17:22:04,0.05297800,0.50100000
2018-02-28 17:22:04,0.05297800,1.61000000
2018-02-28 17:22:04,0.05297800,0.05700000
2018-02-28 17:22:06,0.05297800,0.14100000
2018-02-28 17:22:06,0.05298400,0.06400000
2018-02-28 17:22:07,0.05297800,0.14100000
2018-02-28 17:22:07,0.05298400,0.03600000
2018-02-28 17:22:07,0.05299000,0.84600000
2018-02-28 17:22:07,0.05300000,10.91100000
2018-02-28 17:22:08,0.05297800,0.68300000
2018-02-28 17:22:11,0.05299900,0.23100000
2018-02-28 17:22:14,0.05300000,2.70500000
2018-02-28 17:22:14,0.05300000,1.99700000
2018-02-28 17:22:14,0.05299900,0.04900000
2018-02-28 17:22:15,0.05299900,0.27300000
2018-02-28 17:22:15,0.05299900,0.59200000
2018-02-28 17:22:15,0.05299900,0.08400000
2018-02-28 17:22:15,0.05300500,0.46300000
2018-02-28 17:22:17,0.05299900,0.08300000
2018-02-28 17:22:18,0.05299900,0.26400000
2018-02-28 17:22:19,0.05299900,0.23700000
2018-02-28 17:22:19,0.05299900,1.12200000
2018-02-28 17:22:21,0.05300500,0.24500000
2018-02-28 17:22:22,0.05300500,0.08700000
2018-02-28 17:22:22,0.05306300,0.29700000
2018-02-28 17:22:22,0.05310000,1.56900000
2018-02-28 17:22:22,0.05312900,0.01400000
2018-02-28 17:22:25,0.05301000,0.19000000
2018-02-28 17:22:25,0.05312800,0.09800000
2018-02-28 17:22:26,0.05301100,0.19000000
2018-02-28 17:22:26,0.05306700,0.06500000
2018-02-28 17:22:29,0.05301200,0.09900000
2018-02-28 17:22:29,0.05301100,0.37500000
2018-02-28 17:22:29,0.05300500,0.74900000
2018-02-28 17:22:29,0.05306700,0.12500000
2018-02-28 17:22:31,0.05306700,0.19000000
2018-02-28 17:22:31,0.05306700,0.46500000
2018-02-28 17:22:31,0.05306700,0.05300000
2018-02-28 17:22:31,0.05306700,0.30200000
2018-02-28 17:22:31,0.05306900,0.10000000
2018-02-28 17:22:31,0.05311800,0.19000000
2018-02-28 17:22:31,0.05312800,0.22600000
2018-02-28 17:22:31,0.05312800,0.10000000
2018-02-28 17:22:31,0.05312800,1.38400000
2018-02-28 17:22:31,0.05306700,2.00000000
2018-02-28 17:22:32,0.05312500,0.10000000
2018-02-28 17:22:32,0.05312600,0.03900000
2018-02-28 17:22:32,0.05306800,0.09900000
2018-02-28 17:22:32,0.05306700,1.88300000
2018-02-28 17:22:32,0.05306700,17.33800000
2018-02-28 17:22:32,0.05306700,0.62000000
2018-02-28 17:22:33,0.05312600,0.06300000
2018-02-28 17:22:33,0.05312800,0.30600000
2018-02-28 17:22:33,0.05312900,0.08700000
2018-02-28 17:22:33,0.05312800,0.19000000
2018-02-28 17:22:33,0.05312800,0.39000000
2018-02-28 17:22:34,0.05306800,0.15400000
2018-02-28 17:22:34,0.05306700,1.21900000
2018-02-28 17:22:36,0.05312800,0.15400000
2018-02-28 17:22:36,0.05312800,0.29200000
2018-02-28 17:22:38,0.05312900,9.28100000
2018-02-28 17:22:38,0.05306700,0.20200000
2018-02-28 17:22:38,0.05306800,0.17000000
2018-02-28 17:22:38,0.05306700,0.43400000
2018-02-28 17:22:38,0.05306700,0.09500000
2018-02-28 17:22:39,0.05306700,0.07900000
2018-02-28 17:22:41,0.05309700,0.10000000
2018-02-28 17:22:42,0.05310000,5.58400000
2018-02-28 17:22:42,0.05312800,0.45000000
2018-02-28 17:22:45,0.05312900,1.30500000
2018-02-28 17:22:45,0.05312800,0.09000000
2018-02-28 17:22:46,0.05312800,0.61200000
