DATE,PRICE,VOLUME
2018-02-28 02:59:59,0.04550100,0.02700000
2018-02-28 03:00:07,0.04550100,0.12000000
2018-02-28 03:00:13,0.04552500,0.03100000
2018-02-28 03:00:14,0.04554100,0.10000000
2018-02-28 03:00:40,0.04552500,0.16600000
2018-02-28 03:00:40,0.04550100,1.29300000
2018-02-28 03:00:42,0.04554100,0.40000000
2018-02-28 03:00:49,0.04554100,0.00200000
2018-02-28 03:00:57,0.04554100,0.02300000
2018-02-28 03:01:17,0.04554200,0.00200000
2018-02-28 03:01:19,0.04555000,0.11800000
2018-02-28 03:01:19,0.04554100,1.14500000
2018-02-28 03:01:19,0.04550200,0.38400000
2018-02-28 03:01:19,0.04550100,13.46900000
2018-02-28 03:02:58,0.04550100,0.32700000
2018-02-28 03:03:17,0.04550100,0.28200000
2018-02-28 03:03:20,0.04550100,6.12600000
2018-02-28 03:03:24,0.04550100,0.18800000
2018-02-28 03:03:39,0.04550200,0.80400000
2018-02-28 03:03:44,0.04553900,1.05500000
2018-02-28 03:03:44,0.04553900,1.05500000
2018-02-28 03:03:44,0.04553900,1.05500000
2018-02-28 03:03:44,0.04553900,1.06000000
2018-02-28 03:03:44,0.04553900,0.21800000
2018-02-28 03:03:44,0.04553900,0.91300000
2018-02-28 03:03:45,0.04553900,0.08700000
2018-02-28 03:03:49,0.04550200,1.79600000
2018-02-28 03:04:08,0.04550300,0.02200000
2018-02-28 03:04:08,0.04550200,0.39900000
2018-02-28 03:04:16,0.04550200,1.10700000
2018-02-28 03:04:55,0.04559200,0.21900000
2018-02-28 03:04:57,0.04550200,2.40700000
2018-02-28 03:05:03,0.04559200,0.02100000
2018-02-28 03:05:07,0.04559300,0.32100000
2018-02-28 03:05:09,0.04559200,0.10800000
2018-02-28 03:05:38,0.04559100,0.02300000
2018-02-28 03:05:44,0.04555000,0.13300000
2018-02-28 03:05:44,0.04550300,0.03700000
2018-02-28 03:05:45,0.04554100,0.02300000
2018-02-28 03:05:56,0.04554100,4.12200000
2018-02-28 03:05:56,0.04559100,2.96800000
2018-02-28 03:05:56,0.04559200,0.91000000
2018-02-28 03:06:18,0.04550300,2.69800000
2018-02-28 03:06:18,0.04550200,1.98000000
2018-02-28 03:06:25,0.04550400,0.06300000
2018-02-28 03:06:25,0.04550200,0.10900000
2018-02-28 03:06:27,0.04550200,0.17100000
2018-02-28 03:06:40,0.04558300,0.08000000
2018-02-28 03:06:43,0.04558300,0.03000000
2018-02-28 03:06:56,0.04558100,0.11000000
2018-02-28 03:06:56,0.04558200,0.09900000
2018-02-28 03:06:56,0.04558300,0.20400000
2018-02-28 03:06:56,0.04558300,1.60800000
2018-02-28 03:06:58,0.04558300,0.10000000
2018-02-28 03:07:01,0.04558300,0.38200000
2018-02-28 03:07:04,0.04550300,0.03600000
2018-02-28 03:07:05,0.04550300,0.27600000
2018-02-28 03:07:20,0.04559100,0.39600000
2018-02-28 03:07:30,0.04559100,3.11200000
2018-02-28 03:08:11,0.04550500,0.22700000
2018-02-28 03:08:11,0.04550400,0.06900000
2018-02-28 03:08:18,0.04559200,0.48200000
2018-02-28 03:08:18,0.04559300,0.35100000
2018-02-28 03:08:21,0.04550500,0.50000000
2018-02-28 03:08:21,0.04550400,1.22800000
2018-02-28 03:08:47,0.04550700,0.04800000
2018-02-28 03:08:52,0.04550700,0.02200000
2018-02-28 03:08:53,0.04552400,0.19700000
2018-02-28 03:08:57,0.04550700,0.03000000
2018-02-28 03:08:57,0.04550600,0.06300000
2018-02-28 03:08:57,0.04550500,0.00700000
2018-02-28 03:08:58,0.04552500,0.02900000
2018-02-28 03:09:10,0.04559400,0.43400000
2018-02-28 03:09:11,0.04552500,0.00200000
2018-02-28 03:09:11,0.04550500,0.10100000
2018-02-28 03:09:11,0.04550400,0.08500000
2018-02-28 03:09:15,0.04550400,0.07600000
2018-02-28 03:09:28,0.04550400,0.11600000
2018-02-28 03:09:29,0.04550400,0.85900000
2018-02-28 03:09:34,0.04550400,0.09400000
2018-02-28 03:09:36,0.04557700,0.04200000
2018-02-28 03:09:38,0.04550400,3.61400000
2018-02-28 03:10:10,0.04550400,0.78100000
2018-02-28 03:10:20,0.04555500,0.01500000
2018-02-28 03:10:21,0.04550700,0.14800000
2018-02-28 03:10:34,0.04555500,0.06800000
2018-02-28 03:10:34,0.04550700,0.00200000
2018-02-28 03:10:34,0.04550400,0.02500000
2018-02-28 03:10:34,0.04550400,0.19100000
2018-02-28 03:10:35,0.04550400,1.21500000
2018-02-28 03:10:55,0.04550700,0.40900000
2018-02-28 03:10:55,0.04550400,3.13100000
2018-02-28 03:11:04,0.04551000,0.02700000
2018-02-28 03:11:09,0.04551000,0.07000000
2018-02-28 03:11:38,0.04551100,0.42800000
2018-02-28 03:11:43,0.04555500,0.13700000
2018-02-28 03:11:43,0.04559800,0.05000000
2018-02-28 03:11:46,0.04551100,0.35000000
2018-02-28 03:11:50,0.04558700,0.82600000
2018-02-28 03:11:50,0.04558800,0.17400000
2018-02-28 03:12:01,0.04551200,0.03500000
2018-02-28 03:12:04,0.04551200,0.03500000
2018-02-28 03:12:10,0.04551500,0.03500000
2018-02-28 03:12:11,0.04551500,0.78400000
2018-02-28 03:12:11,0.04551200,0.52900000
2018-02-28 03:12:14,0.04551100,0.04100000
2018-02-28 03:12:23,0.04551300,0.03600000
2018-02-28 03:12:24,0.04551300,0.03700000
2018-02-28 03:12:31,0.04551300,0.74600000
2018-02-28 03:12:31,0.04551200,0.00100000
2018-02-28 03:12:31,0.04551200,0.74400000
2018-02-28 03:12:31,0.04551200,0.53400000
2018-02-28 03:12:48,0.04551200,0.16200000
2018-02-28 03:12:48,0.04551200,2.00000000
2018-02-28 03:12:49,0.04551200,0.03500000
2018-02-28 03:12:50,0.04551200,2.16900000
2018-02-28 03:13:24,0.04559800,0.05000000
2018-02-28 03:13:24,0.04551200,0.72500000
2018-02-28 03:13:24,0.04551300,0.43400000
2018-02-28 03:13:24,0.04551200,0.56600000
2018-02-28 03:13:25,0.04551200,0.93700000
2018-02-28 03:14:22,0.04551300,0.63100000
2018-02-28 03:14:22,0.04551200,0.00100000
2018-02-28 03:14:23,0.04551200,0.15300000
2018-02-28 03:14:32,0.04551200,3.88100000
2018-02-28 03:15:20,0.04552000,0.04000000
2018-02-28 03:15:35,0.04552000,5.16300000
2018-02-28 03:16:26,0.04555900,0.22000000
2018-02-28 03:16:26,0.04556000,0.25700000
2018-02-28 03:16:26,0.04557500,0.17700000
2018-02-28 03:16:26,0.04557700,0.50000000
2018-02-28 03:16:26,0.04559100,1.05700000
2018-02-28 03:16:26,0.04560000,0.06100000
2018-02-28 03:16:26,0.04560100,0.87700000
2018-02-28 03:16:26,0.04560300,0.09400000
2018-02-28 03:16:26,0.04561700,3.05700000
2018-02-28 03:16:35,0.04560700,0.21900000
2018-02-28 03:16:35,0.04561700,2.81200000
2018-02-28 03:16:36,0.04561700,1.18700000
2018-02-28 03:16:36,0.04561700,0.21900000
2018-02-28 03:16:36,0.04561700,0.25300000
2018-02-28 03:16:36,0.04561700,0.05000000
2018-02-28 03:16:36,0.04561700,0.21800000
2018-02-28 03:16:36,0.04561700,0.22800000
2018-02-28 03:16:44,0.04559900,0.11000000
2018-02-28 03:16:48,0.04560000,0.10900000
2018-02-28 03:17:12,0.04561700,1.01900000
2018-02-28 03:17:12,0.04561900,0.20100000
2018-02-28 03:17:14,0.04561900,0.21300000
2018-02-28 03:17:14,0.04564900,2.00000000
2018-02-28 03:17:17,0.04567000,0.39400000
2018-02-28 03:17:23,0.04567000,0.75400000
2018-02-28 03:17:25,0.04567000,0.45800000
2018-02-28 03:17:26,0.04567000,0.10600000
2018-02-28 03:17:26,0.04567000,0.42700000
2018-02-28 03:17:30,0.04567000,0.26200000
2018-02-28 03:17:35,0.04567000,1.47000000
2018-02-28 03:17:36,0.04565000,1.80200000
2018-02-28 03:17:39,0.04565000,0.71600000
2018-02-28 03:17:40,0.04565000,0.03700000
2018-02-28 03:17:41,0.04565000,0.08500000
2018-02-28 03:17:50,0.04567000,0.97900000
2018-02-28 03:17:52,0.04567000,0.04800000
2018-02-28 03:17:52,0.04567000,0.05200000
2018-02-28 03:17:52,0.04567000,0.81300000
2018-02-28 03:17:52,0.04567000,0.12800000
2018-02-28 03:17:52,0.04567000,0.12800000
2018-02-28 03:17:54,0.04567000,0.84500000
2018-02-28 03:17:55,0.04567000,0.08400000
2018-02-28 03:17:55,0.04569900,0.59700000
2018-02-28 03:17:59,0.04569900,0.27000000
2018-02-28 03:17:59,0.04570000,2.53100000
2018-02-28 03:17:59,0.04570000,0.20700000
2018-02-28 03:18:02,0.04570100,0.03500000
2018-02-28 03:18:03,0.04570100,0.28600000
2018-02-28 03:18:03,0.04570100,0.21400000
2018-02-28 03:18:03,0.04570100,0.03500000
2018-02-28 03:18:04,0.04570100,0.03500000
2018-02-28 03:18:06,0.04570100,0.03500000
2018-02-28 03:18:06,0.04570100,1.00600000
2018-02-28 03:18:07,0.04570100,0.03500000
2018-02-28 03:18:07,0.04570100,0.72400000
2018-02-28 03:18:08,0.04570100,0.03500000
2018-02-28 03:18:08,0.04570100,0.18300000
2018-02-28 03:18:08,0.04572000,0.46400000
2018-02-28 03:18:08,0.04580000,0.31000000
2018-02-28 03:18:08,0.04588800,2.40500000
2018-02-28 03:18:08,0.04588900,3.20000000
2018-02-28 03:18:09,0.04587900,0.61300000
2018-02-28 03:18:09,0.04588900,3.21000000
2018-02-28 03:18:09,0.04588900,2.55500000
2018-02-28 03:18:09,0.04588900,0.00100000
2018-02-28 03:18:09,0.04570000,2.55600000
2018-02-28 03:18:12,0.04570200,0.66500000
2018-02-28 03:18:15,0.04570200,7.03900000
2018-02-28 03:18:15,0.04571900,0.06300000
2018-02-28 03:18:15,0.04589900,0.22800000
2018-02-28 03:18:15,0.04590000,0.70900000
2018-02-28 03:18:16,0.04589800,0.67600000
2018-02-28 03:18:16,0.04570300,0.67600000
2018-02-28 03:18:36,0.04572000,0.21800000
2018-02-28 03:18:36,0.04571900,0.55300000
2018-02-28 03:18:46,0.04585500,0.12800000
2018-02-28 03:18:47,0.04580000,4.84800000
2018-02-28 03:18:51,0.04579200,0.02400000
2018-02-28 03:18:56,0.04572700,2.49700000
2018-02-28 03:18:56,0.04572500,0.72000000
2018-02-28 03:18:59,0.04578400,0.66900000
2018-02-28 03:18:59,0.04578500,0.10900000
2018-02-28 03:18:59,0.04578800,0.07300000
2018-02-28 03:18:59,0.04579100,0.32600000
2018-02-28 03:18:59,0.04579200,0.29200000
2018-02-28 03:19:01,0.04579200,0.58200000
2018-02-28 03:19:06,0.04579200,1.94500000
2018-02-28 03:19:06,0.04579200,1.38500000
2018-02-28 03:19:20,0.04579100,0.31300000
2018-02-28 03:19:20,0.04579200,0.61800000
2018-02-28 03:19:29,0.04578900,0.01300000
2018-02-28 03:19:30,0.04572500,0.33000000
2018-02-28 03:19:33,0.04578900,0.00400000
2018-02-28 03:19:33,0.04572500,1.00000000
2018-02-28 03:19:36,0.04578900,0.59300000
2018-02-28 03:19:44,0.04578900,0.07000000
2018-02-28 03:19:48,0.04575000,0.53700000
2018-02-28 03:19:48,0.04578900,0.53500000
2018-02-28 03:19:49,0.04578900,0.03500000
2018-02-28 03:19:49,0.04578900,0.18100000
2018-02-28 03:19:49,0.04578900,0.65100000
2018-02-28 03:19:50,0.04579100,0.37100000
2018-02-28 03:19:57,0.04578400,0.54500000
2018-02-28 03:20:01,0.04578300,0.05700000
2018-02-28 03:20:01,0.04578400,0.19300000
2018-02-28 03:20:12,0.04572500,0.06800000
2018-02-28 03:20:15,0.04578400,0.92100000
2018-02-28 03:20:15,0.04578400,0.00900000
2018-02-28 03:20:17,0.04572500,0.95100000
2018-02-28 03:20:34,0.04573400,0.28200000
2018-02-28 03:20:34,0.04572500,0.00200000
2018-02-28 03:20:34,0.04571700,0.02400000
2018-02-28 03:20:34,0.04571100,0.28400000
2018-02-28 03:20:37,0.04571100,0.12400000
2018-02-28 03:20:41,0.04571100,0.71600000
2018-02-28 03:21:31,0.04575000,0.01900000
2018-02-28 03:22:01,0.04574000,0.19600000
2018-02-28 03:22:01,0.04571100,0.19000000
2018-02-28 03:22:04,0.04571100,1.59900000
2018-02-28 03:22:04,0.04574000,0.10300000
2018-02-28 03:22:04,0.04575000,0.31800000
2018-02-28 03:22:10,0.04575000,0.71300000
2018-02-28 03:22:11,0.04575000,7.40000000
2018-02-28 03:22:12,0.04575000,1.58000000
2018-02-28 03:22:19,0.04571100,0.11100000
2018-02-28 03:22:25,0.04571100,0.23500000
2018-02-28 03:22:31,0.04579200,0.06200000
2018-02-28 03:22:31,0.04579500,0.71600000
2018-02-28 03:22:31,0.04580000,4.84700000
2018-02-28 03:22:36,0.04576900,0.41800000
2018-02-28 03:22:59,0.04571400,0.00100000
2018-02-28 03:23:13,0.04571900,0.25000000
2018-02-28 03:23:35,0.04571800,0.06300000
2018-02-28 03:23:41,0.04571300,0.13300000
2018-02-28 03:23:55,0.04571800,0.18800000
2018-02-28 03:23:55,0.04571900,0.22600000
2018-02-28 03:23:55,0.04579200,1.65800000
2018-02-28 03:23:55,0.04580000,0.00100000
2018-02-28 03:23:55,0.04580200,0.43700000
2018-02-28 03:23:55,0.04580300,0.36400000
2018-02-28 03:23:55,0.04588000,2.49500000
2018-02-28 03:23:55,0.04589700,0.13100000
2018-02-28 03:23:55,0.04571300,0.68500000
2018-02-28 03:23:55,0.04571200,3.38300000
2018-02-28 03:23:55,0.04570200,0.28800000
2018-02-28 03:23:55,0.04570000,0.02300000
2018-02-28 03:23:57,0.04571700,1.01800000
2018-02-28 03:23:57,0.04571600,0.43700000
2018-02-28 03:23:57,0.04571500,1.00000000
2018-02-28 03:23:58,0.04571500,0.25800000
2018-02-28 03:23:58,0.04571100,1.04300000
2018-02-28 03:24:09,0.04567000,0.05500000
2018-02-28 03:24:24,0.04567000,0.10800000
2018-02-28 03:24:24,0.04565000,0.75500000
2018-02-28 03:24:24,0.04561600,0.01000000
2018-02-28 03:24:24,0.04561600,0.91500000
2018-02-28 03:24:24,0.04560000,0.30400000
2018-02-28 03:24:24,0.04560000,0.50000000
2018-02-28 03:24:30,0.04563100,0.50000000
2018-02-28 03:24:30,0.04563200,1.01800000
2018-02-28 03:24:30,0.04563300,0.54500000
2018-02-28 03:24:30,0.04576600,0.25800000
2018-02-28 03:24:30,0.04576700,0.43700000
2018-02-28 03:24:30,0.04578300,0.81700000
2018-02-28 03:24:30,0.04579400,1.42500000
2018-02-28 03:24:56,0.04568400,0.50000000
2018-02-28 03:24:56,0.04568300,1.01700000
2018-02-28 03:24:56,0.04568100,0.43700000
2018-02-28 03:25:18,0.04568100,3.85800000
2018-02-28 03:25:21,0.04568100,1.23200000
2018-02-28 03:25:25,0.04568300,0.12500000
2018-02-28 03:25:32,0.04567000,0.41800000
2018-02-28 03:26:07,0.04568300,0.11700000
2018-02-28 03:26:08,0.04568300,0.32000000
2018-02-28 03:26:08,0.04568000,0.22700000
2018-02-28 03:26:08,0.04567000,14.29600000
2018-02-28 03:26:09,0.04567000,1.63200000
2018-02-28 03:26:09,0.04560000,0.01700000
2018-02-28 03:26:19,0.04560100,0.50000000
2018-02-28 03:26:19,0.04560100,2.23200000
2018-02-28 03:26:19,0.04560000,2.06600000
2018-02-28 03:26:23,0.04561500,0.02300000
2018-02-28 03:26:24,0.04561500,3.56300000
2018-02-28 03:26:26,0.04561500,0.51200000
2018-02-28 03:26:27,0.04561500,0.11200000
2018-02-28 03:26:43,0.04568000,1.00000000
2018-02-28 03:26:43,0.04568100,1.01700000
2018-02-28 03:26:43,0.04569500,0.43700000
2018-02-28 03:26:43,0.04570000,0.92500000
2018-02-28 03:26:43,0.04578200,0.21900000
2018-02-28 03:26:43,0.04579400,1.37700000
2018-02-28 03:26:43,0.04589600,0.02500000
2018-02-28 03:26:48,0.04589300,0.24000000
2018-02-28 03:26:51,0.04589300,0.24600000
2018-02-28 03:26:51,0.04564300,1.36200000
2018-02-28 03:26:51,0.04564200,0.43800000
2018-02-28 03:26:51,0.04563400,0.07300000
2018-02-28 03:26:52,0.04563100,0.28400000
2018-02-28 03:26:52,0.04563100,0.50000000
2018-02-28 03:26:53,0.04563000,3.90700000
2018-02-28 03:26:53,0.04563000,0.56900000
2018-02-28 03:26:53,0.04589000,0.03300000
2018-02-28 03:26:57,0.04563700,3.49100000
2018-02-28 03:26:57,0.04561600,3.38000000
2018-02-28 03:26:57,0.04561500,15.06300000
2018-02-28 03:26:58,0.04561700,4.07600000
2018-02-28 03:26:59,0.04588300,0.30500000
2018-02-28 03:26:59,0.04561800,0.30500000
2018-02-28 03:26:59,0.04561700,0.94900000
2018-02-28 03:26:59,0.04560600,0.92700000
2018-02-28 03:27:06,0.04562100,0.23300000
2018-02-28 03:27:07,0.04562100,0.77500000
2018-02-28 03:27:09,0.04586900,0.00600000
2018-02-28 03:27:10,0.04562000,0.58500000
2018-02-28 03:27:11,0.04562000,0.21800000
2018-02-28 03:27:13,0.04562000,0.02800000
2018-02-28 03:27:14,0.04562000,0.35000000
2018-02-28 03:27:20,0.04575400,0.28900000
2018-02-28 03:27:22,0.04562200,0.28700000
2018-02-28 03:27:25,0.04573500,4.05700000
2018-02-28 03:27:30,0.04569800,0.26500000
2018-02-28 03:27:32,0.04562200,0.00200000
2018-02-28 03:27:32,0.04562100,0.94700000
2018-02-28 03:27:33,0.04562100,0.17100000
2018-02-28 03:27:36,0.04569000,0.76500000
2018-02-28 03:27:36,0.04569100,0.26700000
2018-02-28 03:27:36,0.04569200,0.23500000
2018-02-28 03:27:36,0.04569300,0.46600000
2018-02-28 03:27:36,0.04570000,0.96300000
2018-02-28 03:27:36,0.04573000,0.43800000
2018-02-28 03:27:36,0.04573500,2.38100000
2018-02-28 03:27:36,0.04573500,0.38600000
2018-02-28 03:27:36,0.04573500,0.09000000
2018-02-28 03:27:36,0.04573500,9.00900000
2018-02-28 03:27:40,0.04562100,0.38000000
2018-02-28 03:27:40,0.04562100,0.84100000
2018-02-28 03:27:40,0.04562100,0.16800000
2018-02-28 03:27:40,0.04560000,0.84000000
2018-02-28 03:27:40,0.04566400,0.02300000
2018-02-28 03:27:40,0.04560000,0.11000000
2018-02-28 03:27:40,0.04560000,23.30500000
2018-02-28 03:27:42,0.04562800,0.07200000
2018-02-28 03:27:42,0.04560000,5.27300000
2018-02-28 03:27:43,0.04560000,5.80900000
2018-02-28 03:27:44,0.04560000,0.28300000
2018-02-28 03:27:45,0.04560000,0.19600000
2018-02-28 03:27:53,0.04560000,1.00000000
2018-02-28 03:27:54,0.04560000,11.45000000
2018-02-28 03:27:57,0.04560000,0.06400000
2018-02-28 03:27:57,0.04560000,0.21800000
2018-02-28 03:27:57,0.04560000,0.28300000
2018-02-28 03:27:57,0.04560000,0.18400000
2018-02-28 03:28:03,0.04563700,0.02600000
2018-02-28 03:28:05,0.04563700,0.54400000
2018-02-28 03:28:10,0.04561700,0.05000000
2018-02-28 03:28:10,0.04560000,5.22400000
2018-02-28 03:28:13,0.04560000,0.46300000
2018-02-28 03:28:19,0.04560000,0.92700000
2018-02-28 03:28:28,0.04560300,0.86800000
2018-02-28 03:28:34,0.04560100,0.22800000
2018-02-28 03:28:45,0.04560100,0.44100000
2018-02-28 03:28:45,0.04560000,17.27600000
2018-02-28 03:28:51,0.04566300,0.04400000
2018-02-28 03:28:59,0.04560000,0.40900000
2018-02-28 03:28:59,0.04554400,0.43900000
2018-02-28 03:28:59,0.04554000,0.03000000
2018-02-28 03:29:08,0.04551200,4.85000000
2018-02-28 03:29:12,0.04550100,3.25300000
2018-02-28 03:29:12,0.04550100,0.38300000
2018-02-28 03:29:18,0.04550000,0.18600000
2018-02-28 03:29:18,0.04550000,4.60500000
2018-02-28 03:29:19,0.04550000,2.15500000
2018-02-28 03:29:22,0.04550000,1.56800000
2018-02-28 03:29:24,0.04550100,0.13100000
2018-02-28 03:29:24,0.04550000,9.48600000
2018-02-28 03:29:24,0.04550000,0.21800000
2018-02-28 03:29:28,0.04550000,1.44400000
2018-02-28 03:29:29,0.04550100,1.19200000
2018-02-28 03:29:29,0.04550100,0.93200000
2018-02-28 03:29:30,0.04550000,1.72700000
2018-02-28 03:29:32,0.04551200,3.29200000
2018-02-28 03:29:35,0.04554000,0.32200000
2018-02-28 03:29:36,0.04566000,0.24500000
2018-02-28 03:29:36,0.04550100,0.04100000
2018-02-28 03:29:40,0.04550500,0.52100000
2018-02-28 03:29:43,0.04551000,0.21800000
2018-02-28 03:29:43,0.04551000,0.76700000
2018-02-28 03:29:43,0.04550900,0.25800000
2018-02-28 03:29:43,0.04550100,0.70400000
2018-02-28 03:29:43,0.04550000,5.30400000
2018-02-28 03:29:45,0.04550000,1.09100000
2018-02-28 03:29:47,0.04553900,0.50000000
2018-02-28 03:29:47,0.04554000,9.16100000
2018-02-28 03:30:08,0.04560300,0.20000000
2018-02-28 03:30:11,0.04561400,0.04800000
2018-02-28 03:30:11,0.04561300,0.04800000
2018-02-28 03:30:12,0.04561100,0.04800000
2018-02-28 03:30:13,0.04561100,0.04800000
2018-02-28 03:30:16,0.04560800,0.45200000
2018-02-28 03:30:16,0.04560900,1.10200000
2018-02-28 03:30:16,0.04561000,0.43900000
2018-02-28 03:30:16,0.04561300,0.11700000
2018-02-28 03:30:16,0.04562300,0.21900000
2018-02-28 03:30:19,0.04563800,0.25800000
2018-02-28 03:30:19,0.04561300,0.04200000
2018-02-28 03:30:19,0.04561300,0.33800000
2018-02-28 03:30:20,0.04561300,0.40000000
2018-02-28 03:30:20,0.04561300,5.37800000
2018-02-28 03:30:21,0.04561300,0.05700000
2018-02-28 03:30:21,0.04561300,0.22800000
2018-02-28 03:30:22,0.04561300,0.32400000
2018-02-28 03:30:22,0.04561300,0.12300000
2018-02-28 03:30:22,0.04561300,3.99500000
2018-02-28 03:30:22,0.04561300,0.06400000
2018-02-28 03:30:22,0.04566100,1.00000000
2018-02-28 03:30:22,0.04566100,1.42900000
2018-02-28 03:30:23,0.04566100,0.40500000
2018-02-28 03:30:23,0.04561300,1.42900000
2018-02-28 03:30:23,0.04561300,0.61700000
2018-02-28 03:30:23,0.04561300,0.21900000
2018-02-28 03:30:26,0.04566100,1.84000000
2018-02-28 03:30:26,0.04566200,0.47700000
2018-02-28 03:30:26,0.04566200,5.73500000
2018-02-28 03:30:26,0.04566300,0.51500000
2018-02-28 03:30:40,0.04579000,0.04800000
2018-02-28 03:30:40,0.04566300,0.24500000
2018-02-28 03:30:40,0.04563300,0.03300000
2018-02-28 03:30:41,0.04579000,0.04800000
2018-02-28 03:30:42,0.04566400,0.13500000
2018-02-28 03:30:42,0.04566400,0.12100000
2018-02-28 03:30:50,0.04565900,0.09600000
2018-02-28 03:30:52,0.04567000,0.07000000
2018-02-28 03:30:52,0.04577900,0.25600000
2018-02-28 03:30:52,0.04578000,0.22500000
2018-02-28 03:30:52,0.04578200,13.97200000
2018-02-28 03:30:52,0.04578200,13.96000000
2018-02-28 03:30:53,0.04578200,0.75300000
2018-02-28 03:30:53,0.04578200,0.05800000
2018-02-28 03:30:58,0.04578200,1.00600000
2018-02-28 03:30:58,0.04578800,0.10600000
2018-02-28 03:31:03,0.04578200,0.03900000
2018-02-28 03:31:05,0.04578800,4.89400000
2018-02-28 03:31:06,0.04578800,1.46900000
2018-02-28 03:31:06,0.04578800,0.06300000
2018-02-28 03:31:07,0.04578800,0.03500000
2018-02-28 03:31:08,0.04578800,0.23800000
2018-02-28 03:31:10,0.04579000,1.96300000
2018-02-28 03:31:10,0.04579700,0.25900000
2018-02-28 03:31:11,0.04578800,0.30600000
2018-02-28 03:31:13,0.04578800,0.07200000
2018-02-28 03:31:14,0.04578800,0.21400000
2018-02-28 03:31:18,0.04578800,0.73600000
2018-02-28 03:31:19,0.04578800,3.48800000
2018-02-28 03:31:21,0.04579700,0.04500000
2018-02-28 03:31:22,0.04579700,0.69600000
2018-02-28 03:31:24,0.04579700,0.81600000
2018-02-28 03:31:26,0.04579700,0.02600000
2018-02-28 03:31:28,0.04579700,0.03000000
2018-02-28 03:31:30,0.04580000,0.35500000
2018-02-28 03:31:32,0.04579700,0.03500000
2018-02-28 03:31:33,0.04579700,0.02500000
2018-02-28 03:31:38,0.04580000,0.15300000
2018-02-28 03:31:47,0.04585500,0.22000000
2018-02-28 03:31:48,0.04585500,0.02700000
2018-02-28 03:31:52,0.04585500,2.73200000
2018-02-28 03:31:52,0.04585500,1.62100000
2018-02-28 03:31:54,0.04585500,1.44100000
2018-02-28 03:32:00,0.04585500,0.03800000
2018-02-28 03:32:07,0.04585500,4.01900000
2018-02-28 03:32:14,0.04585500,7.66200000
2018-02-28 03:32:15,0.04585500,3.88100000
2018-02-28 03:32:15,0.04585500,1.61100000
2018-02-28 03:32:15,0.04585500,0.24600000
2018-02-28 03:32:17,0.04585500,1.04900000
2018-02-28 03:32:19,0.04585500,10.24700000
2018-02-28 03:32:19,0.04585500,2.88300000
2018-02-28 03:32:19,0.04588100,0.00100000
2018-02-28 03:32:22,0.04588100,0.00100000
2018-02-28 03:32:26,0.04588100,0.22300000
2018-02-28 03:32:26,0.04588900,0.00100000
2018-02-28 03:32:28,0.04588100,0.21200000
2018-02-28 03:32:33,0.04588100,2.17700000
2018-02-28 03:32:33,0.04588100,2.77400000
2018-02-28 03:32:33,0.04588100,0.08800000
2018-02-28 03:32:33,0.04588100,0.03500000
2018-02-28 03:32:34,0.04588900,2.68800000
2018-02-28 03:32:34,0.04588900,0.70800000
2018-02-28 03:32:34,0.04588900,0.26100000
2018-02-28 03:32:34,0.04588900,1.80400000
2018-02-28 03:32:34,0.04588900,1.38200000
2018-02-28 03:32:34,0.04588900,0.04300000
2018-02-28 03:32:35,0.04589000,0.06600000
2018-02-28 03:32:36,0.04589000,0.03400000
2018-02-28 03:32:36,0.04588900,1.19000000
2018-02-28 03:32:37,0.04588900,0.03500000
2018-02-28 03:32:37,0.04588900,1.55600000
2018-02-28 03:32:39,0.04588900,0.28100000
2018-02-28 03:32:40,0.04588900,0.33000000
2018-02-28 03:32:42,0.04589000,1.94900000
2018-02-28 03:32:42,0.04589600,4.15600000
2018-02-28 03:32:45,0.04589600,0.57800000
2018-02-28 03:32:46,0.04589600,1.72000000
2018-02-28 03:32:48,0.04589000,3.59000000
2018-02-28 03:32:50,0.04589000,0.21800000
2018-02-28 03:32:53,0.04589000,0.21900000
2018-02-28 03:32:54,0.04589600,0.05100000
2018-02-28 03:32:56,0.04589000,0.08100000
2018-02-28 03:33:02,0.04589000,0.10000000
2018-02-28 03:33:06,0.04589600,0.96200000
2018-02-28 03:33:06,0.04589700,4.49600000
2018-02-28 03:33:09,0.04589600,0.88100000
2018-02-28 03:33:09,0.04589000,1.11600000
2018-02-28 03:33:11,0.04589700,0.32900000
2018-02-28 03:33:13,0.04589700,0.44500000
2018-02-28 03:33:15,0.04589700,0.18800000
2018-02-28 03:33:16,0.04589700,0.06600000
2018-02-28 03:33:17,0.04589800,0.69200000
2018-02-28 03:33:18,0.04589800,0.30800000
2018-02-28 03:33:18,0.04590000,0.47500000
2018-02-28 03:33:18,0.04591300,2.17800000
2018-02-28 03:33:19,0.04591300,0.12900000
2018-02-28 03:33:21,0.04598900,0.10900000
2018-02-28 03:33:24,0.04591300,3.24700000
2018-02-28 03:33:27,0.04598900,1.04600000
2018-02-28 03:33:27,0.04598900,1.70700000
2018-02-28 03:33:27,0.04598900,1.29500000
2018-02-28 03:33:27,0.04598900,0.23100000
2018-02-28 03:33:28,0.04598900,0.11700000
2018-02-28 03:33:28,0.04598900,10.25100000
2018-02-28 03:33:29,0.04598900,0.74100000
2018-02-28 03:33:30,0.04598900,0.55900000
2018-02-28 03:33:30,0.04599000,1.58700000
2018-02-28 03:33:33,0.04598200,0.07500000
2018-02-28 03:33:33,0.04599000,1.42800000
2018-02-28 03:33:34,0.04591300,0.03700000
2018-02-28 03:33:34,0.04591300,0.05500000
2018-02-28 03:33:37,0.04591300,0.53000000
2018-02-28 03:33:47,0.04599000,0.16600000
2018-02-28 03:33:47,0.04599000,0.13700000
2018-02-28 03:33:50,0.04599000,0.09500000
2018-02-28 03:33:50,0.04599000,0.10000000
2018-02-28 03:33:50,0.04599000,0.21700000
2018-02-28 03:33:50,0.04599000,0.10000000
2018-02-28 03:33:51,0.04599300,2.13200000
2018-02-28 03:33:51,0.04599000,0.14500000
2018-02-28 03:33:53,0.04599300,0.70700000
2018-02-28 03:33:54,0.04599300,0.23600000
2018-02-28 03:33:55,0.04599300,0.16400000
2018-02-28 03:33:57,0.04599500,0.08400000
2018-02-28 03:33:58,0.04600000,9.94100000
2018-02-28 03:33:59,0.04600000,0.10100000
2018-02-28 03:34:00,0.04600000,5.45600000
2018-02-28 03:34:01,0.04600000,0.03500000
2018-02-28 03:34:01,0.04600500,0.27800000
2018-02-28 03:34:02,0.04600000,0.03500000
2018-02-28 03:34:03,0.04602700,0.03500000
2018-02-28 03:34:03,0.04603000,2.62200000
2018-02-28 03:34:03,0.04610000,0.21200000
2018-02-28 03:34:03,0.04600000,0.50000000
2018-02-28 03:34:05,0.04610000,0.21600000
2018-02-28 03:34:05,0.04600100,0.10500000
2018-02-28 03:34:08,0.04600100,0.32900000
2018-02-28 03:34:08,0.04600000,13.17100000
2018-02-28 03:34:09,0.04609900,0.10500000
2018-02-28 03:34:09,0.04610000,0.47200000
2018-02-28 03:34:09,0.04600100,0.10500000
2018-02-28 03:34:09,0.04600000,0.97900000
2018-02-28 03:34:10,0.04600000,0.13200000
2018-02-28 03:34:10,0.04609900,0.32900000
2018-02-28 03:34:10,0.04610000,2.67800000
2018-02-28 03:34:10,0.04610000,1.34000000
2018-02-28 03:34:10,0.04610000,0.00100000
2018-02-28 03:34:10,0.04600000,1.34000000
2018-02-28 03:34:10,0.04600000,1.34100000
2018-02-28 03:34:10,0.04605900,0.11900000
2018-02-28 03:34:16,0.04600100,0.21300000
2018-02-28 03:34:16,0.04605900,0.25800000
2018-02-28 03:34:16,0.04605900,0.09700000
2018-02-28 03:34:16,0.04605900,0.21700000
2018-02-28 03:34:16,0.04605900,0.03500000
2018-02-28 03:34:16,0.04605900,0.07500000
2018-02-28 03:34:16,0.04605900,0.21600000
2018-02-28 03:34:16,0.04605900,0.21700000
2018-02-28 03:34:16,0.04605900,0.21700000
2018-02-28 03:34:16,0.04605900,0.21700000
2018-02-28 03:34:16,0.04605900,0.03300000
2018-02-28 03:34:17,0.04605900,1.20000000
2018-02-28 03:34:20,0.04609800,0.29500000
2018-02-28 03:34:20,0.04605900,0.24100000
2018-02-28 03:34:21,0.04605900,0.40900000
2018-02-28 03:34:22,0.04605900,0.31700000
2018-02-28 03:34:22,0.04605900,0.19300000
2018-02-28 03:34:22,0.04605900,0.21200000
2018-02-28 03:34:25,0.04609800,0.18400000
2018-02-28 03:34:27,0.04609800,0.63800000
2018-02-28 03:34:27,0.04610000,0.37200000
2018-02-28 03:34:27,0.04610100,0.83000000
2018-02-28 03:34:27,0.04610500,0.19400000
2018-02-28 03:34:27,0.04610600,1.26400000
2018-02-28 03:34:27,0.04610600,1.85900000
2018-02-28 03:34:27,0.04611300,0.83000000
2018-02-28 03:34:28,0.04605900,0.10000000
2018-02-28 03:34:28,0.04605900,0.08400000
2018-02-28 03:34:30,0.04612300,0.09900000
2018-02-28 03:34:30,0.04612700,0.02200000
2018-02-28 03:34:30,0.04612800,0.13100000
2018-02-28 03:34:31,0.04614500,0.05400000
2018-02-28 03:34:31,0.04615100,0.10500000
2018-02-28 03:34:31,0.04615200,0.06600000
2018-02-28 03:34:31,0.04618000,0.10200000
2018-02-28 03:34:32,0.04618000,0.02900000
2018-02-28 03:34:32,0.04618800,0.01900000
2018-02-28 03:34:33,0.04606200,0.03400000
2018-02-28 03:34:33,0.04606300,0.43400000
2018-02-28 03:34:33,0.04606200,0.96200000
2018-02-28 03:34:33,0.04606200,0.43300000
2018-02-28 03:34:33,0.04606100,2.42400000
2018-02-28 03:34:33,0.04606200,0.17100000
2018-02-28 03:34:34,0.04606100,0.18900000
2018-02-28 03:34:34,0.04605900,2.04100000
2018-02-28 03:34:36,0.04618500,0.13800000
2018-02-28 03:34:38,0.04618300,0.43400000
2018-02-28 03:34:41,0.04606500,0.39000000
2018-02-28 03:34:45,0.04617600,0.03400000
2018-02-28 03:34:46,0.04606600,0.02400000
2018-02-28 03:34:50,0.04617200,0.40000000
2018-02-28 03:34:50,0.04617300,0.44800000
2018-02-28 03:34:50,0.04618800,0.49000000
2018-02-28 03:34:50,0.04619800,0.14600000
2018-02-28 03:34:50,0.04620000,4.44900000
2018-02-28 03:34:50,0.04620500,0.48800000
2018-02-28 03:34:50,0.04620800,0.27500000
2018-02-28 03:34:50,0.04621100,0.24800000
2018-02-28 03:34:50,0.04623500,0.10900000
2018-02-28 03:34:50,0.04624800,0.65600000
2018-02-28 03:34:50,0.04617300,0.04200000
2018-02-28 03:34:50,0.04617300,0.05500000
2018-02-28 03:34:51,0.04617300,0.18800000
2018-02-28 03:34:51,0.04606700,0.12100000
2018-02-28 03:34:51,0.04606600,1.03400000
2018-02-28 03:34:51,0.04606500,0.23700000
2018-02-28 03:34:51,0.04606500,0.76300000
2018-02-28 03:34:52,0.04625900,0.07200000
2018-02-28 03:34:52,0.04626900,0.10000000
2018-02-28 03:34:53,0.04626900,1.17900000
2018-02-28 03:34:53,0.04627000,0.21900000
2018-02-28 03:34:53,0.04627100,0.04900000
2018-02-28 03:34:53,0.04627300,1.72100000
2018-02-28 03:34:53,0.04627500,0.65300000
2018-02-28 03:34:53,0.04628000,0.24300000
2018-02-28 03:34:53,0.04628100,0.54400000
2018-02-28 03:34:55,0.04629100,0.05700000
2018-02-28 03:34:55,0.04629100,0.19100000
2018-02-28 03:34:55,0.04618200,0.99100000
2018-02-28 03:34:55,0.04618200,1.75900000
2018-02-28 03:34:55,0.04623600,0.10000000
2018-02-28 03:34:56,0.04618100,0.14000000
2018-02-28 03:34:56,0.04618100,0.36000000
2018-02-28 03:34:56,0.04618000,2.49000000
2018-02-28 03:34:57,0.04618100,0.03500000
2018-02-28 03:34:57,0.04628000,0.12500000
2018-02-28 03:34:58,0.04618100,0.39800000
2018-02-28 03:34:58,0.04618000,0.83000000
2018-02-28 03:34:58,0.04627900,0.50400000
2018-02-28 03:34:59,0.04618000,0.10300000
2018-02-28 03:35:01,0.04618100,0.71900000
2018-02-28 03:35:02,0.04618100,0.03500000
2018-02-28 03:35:02,0.04627500,0.36200000
2018-02-28 03:35:02,0.04627600,0.05300000
2018-02-28 03:35:03,0.04618100,0.10000000
2018-02-28 03:35:03,0.04618100,1.78200000
2018-02-28 03:35:03,0.04618000,0.12700000
2018-02-28 03:35:04,0.04628000,0.38000000
2018-02-28 03:35:04,0.04628100,0.85400000
2018-02-28 03:35:05,0.04628000,0.02100000
2018-02-28 03:35:06,0.04618100,0.08100000
2018-02-28 03:35:06,0.04618100,1.33600000
2018-02-28 03:35:06,0.04618200,0.02900000
2018-02-28 03:35:06,0.04618200,0.02600000
2018-02-28 03:35:07,0.04618200,0.27800000
2018-02-28 03:35:07,0.04628100,2.22500000
2018-02-28 03:35:07,0.04618200,0.10000000
2018-02-28 03:35:08,0.04618100,0.04200000
2018-02-28 03:35:08,0.04618100,0.05500000
2018-02-28 03:35:09,0.04618100,0.06800000
2018-02-28 03:35:10,0.04623000,0.10000000
2018-02-28 03:35:10,0.04628000,0.43300000
2018-02-28 03:35:10,0.04628100,10.41000000
2018-02-28 03:35:10,0.04618100,0.05300000
2018-02-28 03:35:11,0.04618200,0.25100000
2018-02-28 03:35:11,0.04618200,0.18000000
2018-02-28 03:35:11,0.04627800,0.11700000
2018-02-28 03:35:11,0.04618200,0.00200000
2018-02-28 03:35:11,0.04618100,0.11500000
2018-02-28 03:35:11,0.04618100,0.11700000
2018-02-28 03:35:12,0.04618100,0.88000000
2018-02-28 03:35:12,0.04628100,2.25300000
2018-02-28 03:35:13,0.04618100,0.23400000
2018-02-28 03:35:14,0.04618100,0.26400000
2018-02-28 03:35:14,0.04618100,1.97900000
2018-02-28 03:35:18,0.04620000,1.70500000
2018-02-28 03:35:18,0.04623000,0.10000000
2018-02-28 03:35:19,0.04627800,0.43300000
2018-02-28 03:35:19,0.04627900,0.37500000
2018-02-28 03:35:19,0.04628000,0.80000000
2018-02-28 03:35:19,0.04628100,2.80600000
2018-02-28 03:35:19,0.04628100,2.63400000
2018-02-28 03:35:21,0.04629900,0.56500000
2018-02-28 03:35:21,0.04630000,0.04400000
2018-02-28 03:35:21,0.04630300,0.23800000
2018-02-28 03:35:21,0.04630400,0.02300000
2018-02-28 03:35:21,0.04630500,0.05000000
2018-02-28 03:35:21,0.04634800,0.07300000
2018-02-28 03:35:21,0.04638200,0.34300000
2018-02-28 03:35:21,0.04639000,0.19000000
2018-02-28 03:35:21,0.04639800,0.12300000
2018-02-28 03:35:21,0.04639900,1.00000000
2018-02-28 03:35:21,0.04640000,11.64900000
2018-02-28 03:35:21,0.04640700,0.05700000
2018-02-28 03:35:21,0.04640900,0.23800000
2018-02-28 03:35:21,0.04641100,0.08700000
2018-02-28 03:35:21,0.04641600,0.32700000
2018-02-28 03:35:21,0.04644200,0.22000000
2018-02-28 03:35:22,0.04628100,4.42100000
2018-02-28 03:35:22,0.04644100,0.03600000
2018-02-28 03:35:23,0.04627900,0.34900000
2018-02-28 03:35:24,0.04628000,0.08300000
2018-02-28 03:35:24,0.04628000,0.16400000
2018-02-28 03:35:25,0.04628200,0.08300000
2018-02-28 03:35:25,0.04628100,0.25700000
2018-02-28 03:35:26,0.04628100,0.04700000
2018-02-28 03:35:27,0.04628100,0.05000000
2018-02-28 03:35:29,0.04628200,0.05000000
2018-02-28 03:35:31,0.04628200,0.13500000
2018-02-28 03:35:33,0.04628100,0.03100000
2018-02-28 03:35:33,0.04627800,0.24800000
2018-02-28 03:35:36,0.04627800,0.05000000
2018-02-28 03:35:41,0.04635000,1.06000000
2018-02-28 03:35:41,0.04642700,0.63900000
2018-02-28 03:35:41,0.04642800,0.43200000
2018-02-28 03:35:41,0.04643900,0.42600000
2018-02-28 03:35:41,0.04644000,0.56400000
2018-02-28 03:35:41,0.04644200,0.26100000
2018-02-28 03:35:41,0.04649700,4.81800000
2018-02-28 03:35:41,0.04644900,0.10000000
2018-02-28 03:35:41,0.04642800,0.04000000
2018-02-28 03:35:42,0.04633400,0.04000000
2018-02-28 03:35:44,0.04628000,0.06600000
2018-02-28 03:35:44,0.04628000,0.36400000
2018-02-28 03:35:44,0.04628200,0.74200000
2018-02-28 03:35:45,0.04628200,0.75200000
2018-02-28 03:35:46,0.04641300,0.43000000
2018-02-28 03:35:46,0.04641400,0.04000000
2018-02-28 03:35:46,0.04642700,0.04000000
2018-02-28 03:35:46,0.04649700,0.18200000
2018-02-28 03:35:46,0.04649800,4.24500000
2018-02-28 03:35:46,0.04650000,3.16300000
2018-02-28 03:35:49,0.04629000,0.81400000
2018-02-28 03:35:49,0.04628900,1.42300000
2018-02-28 03:35:49,0.04628700,0.15800000
2018-02-28 03:35:49,0.04628500,2.65600000
2018-02-28 03:35:49,0.04628200,8.94600000
2018-02-28 03:35:49,0.04627800,0.66700000
2018-02-28 03:35:51,0.04620200,0.11000000
2018-02-28 03:35:51,0.04620200,0.05700000
2018-02-28 03:35:52,0.04626700,1.49100000
2018-02-28 03:35:52,0.04626800,8.16200000
2018-02-28 03:35:53,0.04620200,0.06600000
2018-02-28 03:35:53,0.04620200,0.03300000
2018-02-28 03:35:53,0.04620200,0.09000000
2018-02-28 03:35:53,0.04620200,0.09400000
2018-02-28 03:35:54,0.04620200,0.06500000
2018-02-28 03:35:54,0.04626700,0.14300000
2018-02-28 03:35:55,0.04626700,0.09800000
2018-02-28 03:35:55,0.04620200,0.01200000
2018-02-28 03:35:55,0.04620200,0.05500000
2018-02-28 03:35:55,0.04620300,0.05500000
2018-02-28 03:35:55,0.04620300,0.03300000
2018-02-28 03:35:55,0.04625000,0.14800000
2018-02-28 03:35:55,0.04620300,3.48500000
2018-02-28 03:35:56,0.04620300,0.21900000
2018-02-28 03:35:56,0.04626800,0.48900000
2018-02-28 03:35:56,0.04620300,0.17300000
2018-02-28 03:35:56,0.04620300,0.37100000
2018-02-28 03:35:58,0.04626800,1.78200000
2018-02-28 03:36:01,0.04626800,0.23500000
2018-02-28 03:36:03,0.04626800,17.56200000
2018-02-28 03:36:03,0.04620300,0.02400000
2018-02-28 03:36:03,0.04626800,19.10600000
2018-02-28 03:36:03,0.04629400,0.43200000
2018-02-28 03:36:09,0.04631200,0.19100000
2018-02-28 03:36:11,0.04631200,0.19200000
2018-02-28 03:36:13,0.04640800,0.01200000
2018-02-28 03:36:13,0.04632000,0.02900000
2018-02-28 03:36:14,0.04632000,0.00100000
2018-02-28 03:36:14,0.04632000,0.32500000
2018-02-28 03:36:15,0.04631200,1.12700000
2018-02-28 03:36:16,0.04635000,0.09400000
2018-02-28 03:36:16,0.04640600,0.18800000
2018-02-28 03:36:19,0.04635000,0.02600000
2018-02-28 03:36:19,0.04635000,0.03400000
2018-02-28 03:36:19,0.04635000,2.25300000
2018-02-28 03:36:20,0.04635000,0.79700000
2018-02-28 03:36:20,0.04635000,1.72900000
2018-02-28 03:36:20,0.04635000,0.34100000
2018-02-28 03:36:21,0.04640600,0.48800000
2018-02-28 03:36:21,0.04640700,0.15700000
2018-02-28 03:36:21,0.04641000,0.19200000
2018-02-28 03:36:22,0.04640700,0.06200000
2018-02-28 03:36:22,0.04635000,0.93800000
2018-02-28 03:36:22,0.04636000,0.03000000
2018-02-28 03:36:22,0.04635000,2.72900000
2018-02-28 03:36:22,0.04631100,0.19100000
2018-02-28 03:36:22,0.04630000,0.11100000
2018-02-28 03:36:22,0.04629400,5.08900000
2018-02-28 03:36:24,0.04641200,0.85600000
2018-02-28 03:36:25,0.04635000,0.03500000
2018-02-28 03:36:25,0.04635000,0.06500000
2018-02-28 03:36:25,0.04635000,2.19200000
2018-02-28 03:36:25,0.04629500,0.43200000
2018-02-28 03:36:25,0.04629400,5.52600000
2018-02-28 03:36:25,0.04629400,0.10000000
2018-02-28 03:36:27,0.04629400,0.07600000
2018-02-28 03:36:28,0.04629400,0.32600000
2018-02-28 03:36:28,0.04629400,0.06600000
2018-02-28 03:36:28,0.04629400,0.09100000
2018-02-28 03:36:29,0.04629500,0.17500000
2018-02-28 03:36:30,0.04641100,0.08600000
2018-02-28 03:36:30,0.04629500,0.21900000
2018-02-28 03:36:30,0.04641100,0.04700000
2018-02-28 03:36:30,0.04630000,0.03300000
2018-02-28 03:36:30,0.04630000,0.08800000
2018-02-28 03:36:32,0.04641100,0.29900000
2018-02-28 03:36:32,0.04641200,0.33900000
2018-02-28 03:36:33,0.04641000,0.07000000
2018-02-28 03:36:35,0.04630100,0.05500000
2018-02-28 03:36:36,0.04641000,0.80600000
2018-02-28 03:36:36,0.04641000,1.61200000
2018-02-28 03:36:39,0.04632900,0.03800000
2018-02-28 03:36:39,0.04630100,0.37600000
2018-02-28 03:36:39,0.04630100,0.31000000
2018-02-28 03:36:41,0.04630100,1.09900000
2018-02-28 03:36:41,0.04630100,0.04700000
2018-02-28 03:36:41,0.04630100,0.17300000
2018-02-28 03:36:41,0.04641000,0.21900000
2018-02-28 03:36:42,0.04630400,0.10100000
2018-02-28 03:36:43,0.04630400,0.03700000
2018-02-28 03:36:47,0.04630500,0.11700000
2018-02-28 03:36:47,0.04640900,0.06100000
2018-02-28 03:36:48,0.04640900,0.18000000
2018-02-28 03:36:49,0.04631200,0.16100000
2018-02-28 03:36:49,0.04631100,0.33900000
2018-02-28 03:36:49,0.04640900,1.05000000
2018-02-28 03:36:50,0.04640900,0.15900000
2018-02-28 03:36:54,0.04631200,0.17500000
2018-02-28 03:36:54,0.04631200,0.09500000
2018-02-28 03:36:59,0.04640700,0.27000000
2018-02-28 03:36:59,0.04640800,0.16100000
2018-02-28 03:36:59,0.04640900,1.49000000
2018-02-28 03:36:59,0.04640900,1.29600000
2018-02-28 03:37:01,0.04640900,1.25900000
2018-02-28 03:37:01,0.04641100,0.32700000
2018-02-28 03:37:01,0.04640900,0.04800000
2018-02-28 03:37:02,0.04641100,0.18700000
2018-02-28 03:37:02,0.04641200,0.81300000
2018-02-28 03:37:02,0.04641200,0.55100000
2018-02-28 03:37:02,0.04641400,0.16500000
2018-02-28 03:37:02,0.04640900,0.11800000
2018-02-28 03:37:02,0.04640900,0.45400000
2018-02-28 03:37:03,0.04632200,0.10800000
2018-02-28 03:37:03,0.04632100,3.76900000
2018-02-28 03:37:04,0.04640700,0.40500000
2018-02-28 03:37:04,0.04640800,0.11900000
2018-02-28 03:37:04,0.04641400,0.27100000
2018-02-28 03:37:06,0.04632100,0.07600000
2018-02-28 03:37:08,0.04641300,0.07600000
2018-02-28 03:37:08,0.04641400,0.18900000
2018-02-28 03:37:08,0.04640900,0.44300000
2018-02-28 03:37:09,0.04640800,0.00100000
2018-02-28 03:37:09,0.04640900,0.20200000
2018-02-28 03:37:09,0.04640900,0.08100000
2018-02-28 03:37:09,0.04640900,0.78000000
2018-02-28 03:37:10,0.04632100,0.01200000
2018-02-28 03:37:11,0.04632100,1.04500000
2018-02-28 03:37:12,0.04632100,0.85600000
2018-02-28 03:37:12,0.04632000,0.48800000
2018-02-28 03:37:12,0.04641300,0.14200000
2018-02-28 03:37:12,0.04632000,0.53700000
2018-02-28 03:37:12,0.04640900,2.77000000
2018-02-28 03:37:12,0.04632000,0.21400000
2018-02-28 03:37:15,0.04635000,0.54300000
2018-02-28 03:37:16,0.04632000,1.02300000
2018-02-28 03:37:16,0.04632000,0.05600000
2018-02-28 03:37:18,0.04635500,0.10000000
2018-02-28 03:37:18,0.04639000,0.11600000
2018-02-28 03:37:18,0.04632000,0.18600000
2018-02-28 03:37:20,0.04638900,2.23200000
2018-02-28 03:37:21,0.04638900,0.14500000
2018-02-28 03:37:23,0.04631100,1.48500000
2018-02-28 03:37:23,0.04630400,0.55900000
2018-02-28 03:37:23,0.04630100,0.81700000
2018-02-28 03:37:23,0.04630000,31.88400000
2018-02-28 03:37:23,0.04629400,4.36000000
2018-02-28 03:37:23,0.04629400,11.56000000
2018-02-28 03:37:23,0.04620500,1.00400000
2018-02-28 03:37:23,0.04620300,0.87200000
2018-02-28 03:37:25,0.04632200,0.06600000
2018-02-28 03:37:25,0.04632200,0.06600000
2018-02-28 03:37:25,0.04632200,0.05500000
2018-02-28 03:37:25,0.04632200,0.06500000
2018-02-28 03:37:25,0.04632200,0.10900000
2018-02-28 03:37:25,0.04632200,1.01000000
2018-02-28 03:37:25,0.04618300,0.07200000
2018-02-28 03:37:26,0.04618200,0.20000000
2018-02-28 03:37:26,0.04618200,0.07500000
2018-02-28 03:37:27,0.04618200,0.08500000
2018-02-28 03:37:27,0.04618200,0.03300000
2018-02-28 03:37:27,0.04618200,0.02200000
2018-02-28 03:37:27,0.04618200,0.29400000
2018-02-28 03:37:28,0.04618200,0.25200000
2018-02-28 03:37:28,0.04618100,0.04300000
2018-02-28 03:37:28,0.04618100,0.05000000
2018-02-28 03:37:29,0.04618100,0.10100000
2018-02-28 03:37:30,0.04618100,0.32600000
2018-02-28 03:37:31,0.04618100,0.04600000
2018-02-28 03:37:31,0.04618100,0.11100000
2018-02-28 03:37:31,0.04618100,0.05500000
2018-02-28 03:37:32,0.04618100,0.10600000
2018-02-28 03:37:32,0.04618100,0.03700000
2018-02-28 03:37:34,0.04631500,0.10300000
2018-02-28 03:37:34,0.04618100,0.17200000
2018-02-28 03:37:34,0.04618100,0.58700000
2018-02-28 03:37:34,0.04618100,0.28200000
2018-02-28 03:37:36,0.04618200,0.04800000
2018-02-28 03:37:37,0.04630000,0.11600000
2018-02-28 03:37:37,0.04631100,1.00000000
2018-02-28 03:37:37,0.04631200,0.27100000
2018-02-28 03:37:37,0.04631500,1.38900000
2018-02-28 03:37:37,0.04632100,0.57000000
2018-02-28 03:37:37,0.04618300,0.04200000
2018-02-28 03:37:37,0.04618300,0.03300000
2018-02-28 03:37:38,0.04618400,0.43300000
2018-02-28 03:37:38,0.04618300,0.42500000
2018-02-28 03:37:38,0.04618200,0.02000000
2018-02-28 03:37:38,0.04618400,0.00300000
2018-02-28 03:37:39,0.04618400,0.16400000
2018-02-28 03:37:39,0.04618400,0.02200000
2018-02-28 03:37:39,0.04618400,0.12700000
2018-02-28 03:37:39,0.04618400,0.04800000
2018-02-28 03:37:39,0.04618400,0.05500000
2018-02-28 03:37:40,0.04618500,0.04400000
2018-02-28 03:37:41,0.04618500,0.05500000
2018-02-28 03:37:41,0.04618500,0.04800000
2018-02-28 03:37:41,0.04618500,0.04200000
2018-02-28 03:37:41,0.04618500,0.02600000
2018-02-28 03:37:41,0.04618500,0.05600000
2018-02-28 03:37:44,0.04618500,0.06600000
2018-02-28 03:37:44,0.04618500,0.05500000
2018-02-28 03:37:48,0.04618500,0.10800000
2018-02-28 03:37:48,0.04618400,2.25400000
2018-02-28 03:37:50,0.04618400,1.11400000
2018-02-28 03:37:51,0.04618500,0.71400000
2018-02-28 03:37:51,0.04618400,0.23100000
2018-02-28 03:37:51,0.04618200,3.60100000
2018-02-28 03:37:51,0.04619400,0.06600000
2018-02-28 03:37:53,0.04619400,0.04200000
2018-02-28 03:37:53,0.04618200,0.05900000
2018-02-28 03:37:54,0.04618500,0.90600000
2018-02-28 03:37:54,0.04618200,0.30100000
2018-02-28 03:37:57,0.04628400,0.43300000
2018-02-28 03:37:57,0.04628500,0.70900000
2018-02-28 03:37:57,0.04632100,1.37600000
2018-02-28 03:37:58,0.04628300,0.10100000
2018-02-28 03:38:03,0.04627900,0.31800000
2018-02-28 03:38:03,0.04628000,0.25200000
2018-02-28 03:38:03,0.04629800,0.08700000
2018-02-28 03:38:07,0.04627900,0.31800000
2018-02-28 03:38:07,0.04618600,0.78900000
2018-02-28 03:38:07,0.04629800,0.08000000
2018-02-28 03:38:09,0.04629400,0.04000000
2018-02-28 03:38:09,0.04629500,0.32800000
2018-02-28 03:38:09,0.04629500,0.17200000
2018-02-28 03:38:09,0.04629800,0.00700000
2018-02-28 03:38:09,0.04630100,0.50000000
2018-02-28 03:38:09,0.04630000,0.28900000
2018-02-28 03:38:11,0.04630000,0.03500000
2018-02-28 03:38:13,0.04632100,1.36200000
2018-02-28 03:38:14,0.04633000,0.09000000
2018-02-28 03:38:14,0.04630000,0.29900000
2018-02-28 03:38:17,0.04630000,0.10800000
2018-02-28 03:38:18,0.04628500,0.10800000
2018-02-28 03:38:18,0.04631900,0.10500000
2018-02-28 03:38:19,0.04630000,0.06500000
2018-02-28 03:38:30,0.04631900,0.29600000
2018-02-28 03:38:34,0.04631900,2.22200000
2018-02-28 03:38:34,0.04633000,1.42100000
2018-02-28 03:38:42,0.04631900,1.75400000
2018-02-28 03:38:42,0.04631900,0.28700000
2018-02-28 03:38:43,0.04631900,0.19300000
2018-02-28 03:38:46,0.04630000,0.19700000
2018-02-28 03:38:51,0.04631800,0.50000000
2018-02-28 03:38:51,0.04631900,0.28700000
2018-02-28 03:38:51,0.04633000,1.72500000
2018-02-28 03:38:51,0.04639000,2.43800000
2018-02-28 03:38:52,0.04620400,0.07300000
2018-02-28 03:39:00,0.04631800,0.18000000
2018-02-28 03:39:06,0.04631800,0.01400000
2018-02-28 03:39:07,0.04631900,0.49800000
2018-02-28 03:39:08,0.04631800,0.42100000
2018-02-28 03:39:12,0.04639000,0.27800000
2018-02-28 03:39:12,0.04640000,0.07100000
2018-02-28 03:39:12,0.04641400,0.16800000
2018-02-28 03:39:14,0.04630000,0.40000000
2018-02-28 03:39:17,0.04631900,0.04400000
2018-02-28 03:39:19,0.04633400,0.19400000
2018-02-28 03:39:20,0.04631900,0.13100000
2018-02-28 03:39:21,0.04640000,0.03300000
2018-02-28 03:39:21,0.04630100,0.21200000
2018-02-28 03:39:24,0.04639900,0.05000000
2018-02-28 03:39:27,0.04630000,0.18800000
2018-02-28 03:39:27,0.04621300,1.06500000
2018-02-28 03:39:30,0.04621300,0.04400000
2018-02-28 03:39:31,0.04621300,0.07200000
2018-02-28 03:39:37,0.04630100,0.04100000
2018-02-28 03:39:37,0.04630100,0.62000000
2018-02-28 03:39:37,0.04630000,0.29000000
2018-02-28 03:39:37,0.04639900,0.06000000
2018-02-28 03:39:39,0.04621400,0.00200000
2018-02-28 03:39:41,0.04639500,0.00300000
2018-02-28 03:39:44,0.04621800,1.46300000
2018-02-28 03:39:44,0.04621700,0.98700000
2018-02-28 03:39:44,0.04621400,0.54000000
2018-02-28 03:39:44,0.04639400,0.50000000
2018-02-28 03:39:44,0.04639500,0.27400000
2018-02-28 03:39:44,0.04639500,1.74400000
2018-02-28 03:39:44,0.04621500,0.50000000
2018-02-28 03:39:44,0.04621400,0.15700000
2018-02-28 03:39:44,0.04621300,0.33000000
2018-02-28 03:39:45,0.04639300,0.19700000
2018-02-28 03:39:45,0.04639800,0.18700000
2018-02-28 03:39:50,0.04631900,0.06500000
2018-02-28 03:39:53,0.04631900,1.73300000
2018-02-28 03:39:53,0.04631900,6.27700000
2018-02-28 03:39:53,0.04631900,0.21400000
2018-02-28 03:39:53,0.04631900,0.45900000
2018-02-28 03:39:54,0.04631900,0.62800000
2018-02-28 03:39:57,0.04638200,0.26600000
2018-02-28 03:39:57,0.04638300,0.31300000
2018-02-28 03:39:57,0.04638600,1.07000000
2018-02-28 03:39:57,0.04638800,0.15700000
2018-02-28 03:39:57,0.04638900,1.74300000
2018-02-28 03:39:57,0.04639600,5.24100000
2018-02-28 03:39:57,0.04639900,0.44200000
2018-02-28 03:39:57,0.04640000,0.84500000
2018-02-28 03:39:57,0.04641400,0.00700000
2018-02-28 03:39:57,0.04645100,8.39100000
2018-02-28 03:39:57,0.04645200,1.03400000
2018-02-28 03:39:57,0.04648300,0.02400000
2018-02-28 03:39:57,0.04649700,2.32600000
2018-02-28 03:39:57,0.04649800,8.14100000
2018-02-28 03:39:57,0.04630100,0.11700000
2018-02-28 03:39:59,0.04639800,0.06500000
2018-02-28 03:39:59,0.04639800,3.52100000
2018-02-28 03:39:59,0.04639800,0.92100000
2018-02-28 03:39:59,0.04639800,3.52000000
2018-02-28 03:39:59,0.04639800,0.50000000
2018-02-28 03:39:59,0.04639800,7.46400000
2018-02-28 03:39:59,0.04639800,4.97000000
2018-02-28 03:40:00,0.04639800,0.18800000
2018-02-28 03:40:00,0.04639800,1.71800000
2018-02-28 03:40:04,0.04639700,0.01800000
2018-02-28 03:40:08,0.04639600,0.04400000
2018-02-28 03:40:08,0.04639600,0.10400000
2018-02-28 03:40:09,0.04632100,0.20200000
2018-02-28 03:40:09,0.04632100,0.06500000
2018-02-28 03:40:11,0.04639500,0.12800000
2018-02-28 03:40:15,0.04632100,0.13100000
2018-02-28 03:40:21,0.04639000,0.18800000
2018-02-28 03:40:23,0.04638900,0.22400000
2018-02-28 03:40:23,0.04639000,0.62400000
2018-02-28 03:40:23,0.04639700,0.01200000
2018-02-28 03:40:26,0.04639700,0.22200000
2018-02-28 03:40:26,0.04639700,0.15300000
2018-02-28 03:40:26,0.04632300,0.10200000
2018-02-28 03:40:26,0.04632200,0.45800000
2018-02-28 03:40:28,0.04639700,0.03500000
2018-02-28 03:40:28,0.04639700,0.09100000
2018-02-28 03:40:28,0.04632200,0.12600000
2018-02-28 03:40:28,0.04632200,0.18000000
2018-02-28 03:40:33,0.04633000,0.05400000
2018-02-28 03:40:39,0.04633600,1.29200000
2018-02-28 03:40:42,0.04633000,0.05400000
2018-02-28 03:40:43,0.04633000,0.11700000
2018-02-28 03:40:45,0.04635000,0.02700000
2018-02-28 03:40:46,0.04639500,0.15400000
2018-02-28 03:40:46,0.04639700,1.35500000
2018-02-28 03:40:46,0.04640000,0.02700000
2018-02-28 03:40:47,0.04642000,1.07200000
2018-02-28 03:40:48,0.04641100,0.19400000
2018-02-28 03:40:49,0.04639700,0.25900000
2018-02-28 03:40:49,0.04639700,0.21500000
2018-02-28 03:40:50,0.04648000,2.64000000
2018-02-28 03:40:54,0.04648000,3.75300000
2018-02-28 03:40:56,0.04648000,0.69900000
2018-02-28 03:40:56,0.04648000,1.96500000
2018-02-28 03:40:56,0.04648000,0.30700000
2018-02-28 03:40:56,0.04648000,0.00200000
2018-02-28 03:40:56,0.04639700,0.21500000
2018-02-28 03:40:56,0.04639700,0.00800000
2018-02-28 03:40:57,0.04647900,0.30700000
2018-02-28 03:40:57,0.04649500,0.20000000
2018-02-28 03:40:57,0.04649800,1.15900000
2018-02-28 03:40:59,0.04639800,0.43100000
2018-02-28 03:40:59,0.04639700,0.88100000
2018-02-28 03:41:01,0.04639400,3.75300000
2018-02-28 03:41:02,0.04639400,1.32700000
2018-02-28 03:41:02,0.04639700,0.72700000
2018-02-28 03:41:12,0.04639800,8.39100000
2018-02-28 03:41:12,0.04639700,1.19800000
2018-02-28 03:41:13,0.04649700,0.43100000
2018-02-28 03:41:13,0.04649800,4.58400000
2018-02-28 03:41:13,0.04649800,0.49100000
2018-02-28 03:41:13,0.04649900,0.40600000
2018-02-28 03:41:13,0.04650000,7.78200000
2018-02-28 03:41:14,0.04639700,0.05500000
2018-02-28 03:41:14,0.04650000,16.31000000
2018-02-28 03:41:14,0.04650000,8.74200000
2018-02-28 03:41:14,0.04651100,4.26900000
2018-02-28 03:41:14,0.04651100,4.30000000
2018-02-28 03:41:14,0.04651900,1.31700000
2018-02-28 03:41:14,0.04652000,0.18900000
2018-02-28 03:41:15,0.04640100,0.04300000
2018-02-28 03:41:15,0.04654700,0.50000000
2018-02-28 03:41:15,0.04654800,0.15600000
2018-02-28 03:41:15,0.04640200,0.05300000
2018-02-28 03:41:16,0.04655900,0.50200000
2018-02-28 03:41:16,0.04657500,0.03100000
2018-02-28 03:41:16,0.04657400,0.05300000
2018-02-28 03:41:16,0.04657500,0.01300000
2018-02-28 03:41:16,0.04658200,0.12800000
2018-02-28 03:41:16,0.04658300,0.09900000
2018-02-28 03:41:16,0.04658700,0.08400000
2018-02-28 03:41:16,0.04658800,0.07800000
2018-02-28 03:41:17,0.04658800,0.00500000
2018-02-28 03:41:17,0.04659800,0.74500000
2018-02-28 03:41:17,0.04659900,1.50000000
2018-02-28 03:41:17,0.04660000,0.46200000
2018-02-28 03:41:17,0.04660000,4.41500000
2018-02-28 03:41:17,0.04660000,4.61900000
2018-02-28 03:41:17,0.04660000,3.10100000
2018-02-28 03:41:17,0.04660300,1.99400000
2018-02-28 03:41:17,0.04640400,0.21800000
2018-02-28 03:41:18,0.04660300,1.33700000
2018-02-28 03:41:18,0.04661200,0.87200000
2018-02-28 03:41:18,0.04661200,1.15800000
2018-02-28 03:41:18,0.04640400,0.05300000
2018-02-28 03:41:20,0.04661700,0.02400000
2018-02-28 03:41:20,0.04662400,0.10900000
2018-02-28 03:41:20,0.04662400,0.01900000
2018-02-28 03:41:21,0.04640800,0.05300000
2018-02-28 03:41:21,0.04662400,0.04300000
2018-02-28 03:41:21,0.04640800,0.02300000
2018-02-28 03:41:21,0.04662400,0.40000000
2018-02-28 03:41:22,0.04661700,0.20300000
2018-02-28 03:41:22,0.04661700,0.20000000
2018-02-28 03:41:22,0.04661700,0.23800000
2018-02-28 03:41:22,0.04662300,0.07600000
2018-02-28 03:41:22,0.04662400,0.35400000
2018-02-28 03:41:22,0.04669700,1.30800000
2018-02-28 03:41:22,0.04669700,0.35400000
2018-02-28 03:41:23,0.04661800,0.05600000
2018-02-28 03:41:24,0.04661700,0.05300000
2018-02-28 03:41:27,0.04661700,0.05300000
2018-02-28 03:41:27,0.04661700,0.45500000
2018-02-28 03:41:28,0.04669700,0.23100000
2018-02-28 03:41:28,0.04669800,0.80300000
2018-02-28 03:41:28,0.04669900,5.13100000
2018-02-28 03:41:28,0.04670000,14.19900000
2018-02-28 03:41:28,0.04670900,1.28200000
2018-02-28 03:41:28,0.04671600,0.10800000
2018-02-28 03:41:28,0.04672000,0.48100000
2018-02-28 03:41:28,0.04677000,8.41400000
2018-02-28 03:41:29,0.04661900,0.37000000
2018-02-28 03:41:30,0.04661900,0.05300000
2018-02-28 03:41:32,0.04663500,0.10000000
2018-02-28 03:41:32,0.04663500,0.05300000
2018-02-28 03:41:35,0.04669800,0.37000000
2018-02-28 03:41:35,0.04669900,6.31100000
2018-02-28 03:41:35,0.04675000,5.29500000
2018-02-28 03:41:35,0.04677000,6.43000000
2018-02-28 03:41:36,0.04663500,0.03900000
2018-02-28 03:41:36,0.04662000,0.42900000
2018-02-28 03:41:36,0.04661900,0.11700000
2018-02-28 03:41:36,0.04661700,0.92900000
2018-02-28 03:41:36,0.04661900,0.28900000
2018-02-28 03:41:36,0.04663600,0.03900000
2018-02-28 03:41:37,0.04663700,0.05300000
2018-02-28 03:41:40,0.04665000,0.13100000
2018-02-28 03:41:42,0.04669700,0.19100000
2018-02-28 03:41:44,0.04665000,0.05200000
2018-02-28 03:41:44,0.04665000,0.06700000
2018-02-28 03:41:45,0.04665000,0.22700000
2018-02-28 03:41:46,0.04665200,0.19000000
2018-02-28 03:41:47,0.04665200,0.02600000
2018-02-28 03:41:48,0.04665200,0.43500000
2018-02-28 03:41:49,0.04669700,0.19000000
2018-02-28 03:41:49,0.04669800,0.11800000
2018-02-28 03:41:49,0.04665200,0.10700000
2018-02-28 03:41:51,0.04665200,2.19400000
2018-02-28 03:41:51,0.04665100,2.16400000
2018-02-28 03:41:51,0.04665000,1.95400000
2018-02-28 03:41:51,0.04669800,2.20700000
2018-02-28 03:41:52,0.04669700,0.10100000
2018-02-28 03:41:52,0.04669800,0.25000000
2018-02-28 03:41:53,0.04669800,0.05600000
2018-02-28 03:41:53,0.04669800,0.18400000
2018-02-28 03:41:54,0.04669800,0.00200000
2018-02-28 03:41:54,0.04669700,0.00200000
2018-02-28 03:41:54,0.04668000,0.49100000
2018-02-28 03:41:56,0.04668000,0.03900000
2018-02-28 03:41:57,0.04668600,0.25000000
2018-02-28 03:41:57,0.04668000,0.48200000
2018-02-28 03:41:57,0.04668000,0.27800000
2018-02-28 03:41:58,0.04669700,1.48700000
2018-02-28 03:41:59,0.04669700,0.26700000
2018-02-28 03:41:59,0.04669700,0.05500000
2018-02-28 03:41:59,0.04669700,2.65300000
2018-02-28 03:41:59,0.04668000,3.99100000
2018-02-28 03:41:59,0.04676200,0.03900000
2018-02-28 03:42:00,0.04668000,0.02700000
2018-02-28 03:42:00,0.04668000,0.05500000
2018-02-28 03:42:00,0.04668000,0.69100000
2018-02-28 03:42:02,0.04668000,0.23800000
2018-02-28 03:42:02,0.04668600,0.29800000
2018-02-28 03:42:02,0.04668600,0.05200000
2018-02-28 03:42:03,0.04668600,0.26900000
2018-02-28 03:42:03,0.04668600,0.02900000
2018-02-28 03:42:03,0.04668100,0.18900000
2018-02-28 03:42:04,0.04668600,0.02600000
2018-02-28 03:42:04,0.04668600,0.05500000
2018-02-28 03:42:06,0.04668600,0.05500000
2018-02-28 03:42:06,0.04668600,0.10000000
2018-02-28 03:42:07,0.04675200,0.68400000
2018-02-28 03:42:07,0.04675200,0.21300000
2018-02-28 03:42:07,0.04675200,0.74300000
2018-02-28 03:42:07,0.04669800,0.89800000
2018-02-28 03:42:07,0.04669800,0.28000000
2018-02-28 03:42:07,0.04668600,3.70000000
2018-02-28 03:42:07,0.04668600,0.05500000
2018-02-28 03:42:07,0.04668600,0.21300000
2018-02-28 03:42:08,0.04669800,0.54700000
2018-02-28 03:42:08,0.04674500,0.13700000
2018-02-28 03:42:08,0.04668600,0.49300000
2018-02-28 03:42:13,0.04668800,2.63200000
2018-02-28 03:42:13,0.04668600,1.32500000
2018-02-28 03:42:14,0.04668600,0.21600000
2018-02-28 03:42:15,0.04668600,0.76400000
2018-02-28 03:42:15,0.04670000,0.11600000
2018-02-28 03:42:16,0.04670000,0.77700000
2018-02-28 03:42:16,0.04670000,0.05500000
2018-02-28 03:42:17,0.04670000,0.20800000
2018-02-28 03:42:18,0.04674500,0.07600000
2018-02-28 03:42:18,0.04675000,0.52400000
2018-02-28 03:42:18,0.04675000,0.27300000
2018-02-28 03:42:18,0.04675100,0.89900000
2018-02-28 03:42:18,0.04676000,2.65000000
2018-02-28 03:42:18,0.04676200,0.23900000
2018-02-28 03:42:18,0.04676900,4.99900000
2018-02-28 03:42:18,0.04677000,1.85200000
2018-02-28 03:42:18,0.04677000,12.68900000
2018-02-28 03:42:19,0.04670000,0.03500000
2018-02-28 03:42:19,0.04677000,1.25800000
2018-02-28 03:42:20,0.04670000,0.03400000
2018-02-28 03:42:20,0.04670000,1.51200000
2018-02-28 03:42:21,0.04670000,0.63900000
2018-02-28 03:42:21,0.04670000,1.94600000
2018-02-28 03:42:21,0.04677000,1.40200000
2018-02-28 03:42:22,0.04670000,0.08500000
2018-02-28 03:42:22,0.04677000,5.05600000
2018-02-28 03:42:23,0.04670000,0.03400000
2018-02-28 03:42:23,0.04676800,0.09800000
2018-02-28 03:42:23,0.04677000,0.22800000
2018-02-28 03:42:23,0.04677000,0.04000000
2018-02-28 03:42:24,0.04670000,2.14100000
2018-02-28 03:42:24,0.04670000,3.67600000
2018-02-28 03:42:25,0.04671000,3.18200000
2018-02-28 03:42:25,0.04670200,0.41300000
2018-02-28 03:42:25,0.04670000,3.62700000
2018-02-28 03:42:25,0.04670000,5.57000000
2018-02-28 03:42:25,0.04670000,3.32400000
2018-02-28 03:42:26,0.04670000,0.07600000
2018-02-28 03:42:26,0.04670000,4.59900000
2018-02-28 03:42:27,0.04675100,0.04000000
2018-02-28 03:42:27,0.04676800,0.29800000
2018-02-28 03:42:27,0.04676800,2.90200000
2018-02-28 03:42:27,0.04676800,0.21300000
2018-02-28 03:42:27,0.04676800,0.58800000
2018-02-28 03:42:27,0.04676800,10.79900000
2018-02-28 03:42:32,0.04670000,0.10000000
2018-02-28 03:42:33,0.04670000,1.32000000
2018-02-28 03:42:33,0.04670000,0.25300000
2018-02-28 03:42:33,0.04670000,0.12400000
2018-02-28 03:42:34,0.04670000,0.06700000
2018-02-28 03:42:34,0.04677000,3.59500000
2018-02-28 03:42:35,0.04676800,0.21300000
2018-02-28 03:42:35,0.04676800,0.68300000
2018-02-28 03:42:35,0.04676800,0.03500000
2018-02-28 03:42:35,0.04677000,3.95800000
2018-02-28 03:42:35,0.04676800,7.31700000
2018-02-28 03:42:35,0.04676800,5.84200000
2018-02-28 03:42:35,0.04676800,4.57800000
2018-02-28 03:42:35,0.04676800,3.55300000
2018-02-28 03:42:35,0.04676800,2.74500000
2018-02-28 03:42:35,0.04676800,1.23600000
2018-02-28 03:42:36,0.04670100,1.32000000
2018-02-28 03:42:39,0.04670200,0.05300000
2018-02-28 03:42:40,0.04670200,0.05500000
2018-02-28 03:42:41,0.04670200,0.05500000
2018-02-28 03:42:41,0.04670200,0.06700000
2018-02-28 03:42:41,0.04670100,0.25500000
2018-02-28 03:42:41,0.04670100,0.20900000
2018-02-28 03:42:42,0.04670100,0.05300000
2018-02-28 03:42:43,0.04670200,3.37800000
2018-02-28 03:42:45,0.04670100,0.05300000
2018-02-28 03:42:45,0.04670200,0.56100000
2018-02-28 03:42:46,0.04670200,0.06100000
2018-02-28 03:42:48,0.04670200,0.05300000
2018-02-28 03:42:48,0.04676000,0.10200000
2018-02-28 03:42:49,0.04676000,0.31100000
2018-02-28 03:42:49,0.04676800,0.09700000
2018-02-28 03:42:49,0.04677000,2.03700000
2018-02-28 03:42:49,0.04677200,0.05700000
2018-02-28 03:42:50,0.04677200,0.04300000
2018-02-28 03:42:50,0.04677600,17.30500000
2018-02-28 03:42:51,0.04676000,0.05300000
2018-02-28 03:42:51,0.04676000,0.76700000
2018-02-28 03:42:52,0.04676000,0.04700000
2018-02-28 03:42:52,0.04670200,0.00700000
2018-02-28 03:42:54,0.04677600,0.00200000
2018-02-28 03:42:54,0.04670200,0.05300000
2018-02-28 03:42:54,0.04670200,0.02200000
2018-02-28 03:42:56,0.04677600,0.41800000
2018-02-28 03:42:56,0.04677000,0.05300000
2018-02-28 03:42:57,0.04677000,0.08900000
2018-02-28 03:42:57,0.04677000,0.49900000
2018-02-28 03:42:59,0.04670200,0.10100000
2018-02-28 03:42:59,0.04676000,0.05300000
2018-02-28 03:43:01,0.04676000,0.10100000
2018-02-28 03:43:01,0.04677000,0.06200000
2018-02-28 03:43:02,0.04676000,0.02600000
2018-02-28 03:43:03,0.04676000,0.12600000
2018-02-28 03:43:03,0.04676000,0.05300000
2018-02-28 03:43:03,0.04676100,0.04300000
2018-02-28 03:43:05,0.04676000,0.12600000
2018-02-28 03:43:06,0.04676000,0.05300000
2018-02-28 03:43:07,0.04676000,0.07900000
2018-02-28 03:43:08,0.04676000,0.84100000
2018-02-28 03:43:09,0.04676100,0.05300000
2018-02-28 03:43:09,0.04677000,0.12600000
2018-02-28 03:43:09,0.04677600,0.38800000
2018-02-28 03:43:10,0.04676100,0.12600000
2018-02-28 03:43:12,0.04676100,0.05300000
2018-02-28 03:43:13,0.04676100,0.84100000
2018-02-28 03:43:14,0.04676100,1.16900000
2018-02-28 03:43:16,0.04676100,0.75800000
2018-02-28 03:43:16,0.04677600,0.86400000
2018-02-28 03:43:16,0.04676000,0.96600000
2018-02-28 03:43:16,0.04677600,0.37800000
2018-02-28 03:43:16,0.04677600,0.34100000
2018-02-28 03:43:16,0.04676100,0.08700000
2018-02-28 03:43:17,0.04676000,0.39900000
2018-02-28 03:43:17,0.04676100,0.14400000
2018-02-28 03:43:17,0.04676000,1.20200000
2018-02-28 03:43:18,0.04676000,0.07800000
2018-02-28 03:43:18,0.04676100,0.05000000
2018-02-28 03:43:19,0.04676000,0.41000000
2018-02-28 03:43:19,0.04676100,4.61900000
2018-02-28 03:43:20,0.04676200,0.03500000
2018-02-28 03:43:20,0.04676100,0.14500000
2018-02-28 03:43:21,0.04677600,0.15100000
2018-02-28 03:43:23,0.04677600,0.07500000
2018-02-28 03:43:24,0.04677600,0.76600000
2018-02-28 03:43:25,0.04677600,0.02800000
2018-02-28 03:43:25,0.04677700,0.30700000
2018-02-28 03:43:25,0.04676100,0.19200000
2018-02-28 03:43:26,0.04677600,0.19400000
2018-02-28 03:43:33,0.04677700,2.46400000
2018-02-28 03:43:35,0.04677700,1.14500000
2018-02-28 03:43:35,0.04678000,0.28400000
2018-02-28 03:43:37,0.04678000,0.46100000
2018-02-28 03:43:38,0.04678100,0.07600000
2018-02-28 03:43:38,0.04679500,0.92100000
2018-02-28 03:43:38,0.04679800,0.72000000
2018-02-28 03:43:40,0.04679800,0.00100000
2018-02-28 03:43:40,0.04680000,4.97100000
2018-02-28 03:43:41,0.04680500,0.35900000
2018-02-28 03:43:42,0.04680000,0.10300000
2018-02-28 03:43:43,0.04680500,0.12000000
2018-02-28 03:43:45,0.04680000,0.08700000
2018-02-28 03:43:46,0.04680500,0.84000000
2018-02-28 03:43:47,0.04680600,0.13400000
2018-02-28 03:43:47,0.04685000,0.04300000
2018-02-28 03:43:48,0.04680600,1.42600000
2018-02-28 03:43:48,0.04680500,0.08900000
2018-02-28 03:43:48,0.04680000,0.05300000
2018-02-28 03:43:50,0.04680500,2.77000000
2018-02-28 03:43:50,0.04680000,1.17500000
2018-02-28 03:43:51,0.04680500,9.79800000
2018-02-28 03:43:52,0.04685000,0.03400000
2018-02-28 03:43:53,0.04685000,5.20000000
2018-02-28 03:43:53,0.04685900,0.30000000
2018-02-28 03:43:53,0.04689000,0.05100000
2018-02-28 03:43:53,0.04689900,2.59600000
2018-02-28 03:43:58,0.04689900,0.31600000
2018-02-28 03:44:00,0.04689900,0.33700000
2018-02-28 03:44:01,0.04689900,0.81400000
2018-02-28 03:44:01,0.04690000,1.37900000
2018-02-28 03:44:02,0.04689000,0.27700000
2018-02-28 03:44:02,0.04690000,0.25600000
2018-02-28 03:44:03,0.04689900,0.06600000
2018-02-28 03:44:04,0.04689900,0.02900000
2018-02-28 03:44:04,0.04690000,8.73700000
2018-02-28 03:44:05,0.04690000,0.76900000
2018-02-28 03:44:06,0.04690000,0.03400000
2018-02-28 03:44:06,0.04690000,2.15100000
2018-02-28 03:44:07,0.04690000,0.36700000
2018-02-28 03:44:08,0.04690000,0.02200000
2018-02-28 03:44:09,0.04689900,0.02200000
2018-02-28 03:44:09,0.04689900,0.09400000
2018-02-28 03:44:09,0.04681000,0.02200000
2018-02-28 03:44:10,0.04681000,2.13600000
2018-02-28 03:44:10,0.04689900,0.23700000
2018-02-28 03:44:10,0.04690000,0.22700000
2018-02-28 03:44:11,0.04690000,0.30900000
2018-02-28 03:44:12,0.04690000,0.27500000
2018-02-28 03:44:12,0.04690000,0.28900000
2018-02-28 03:44:12,0.04681800,0.16900000
2018-02-28 03:44:12,0.04690300,0.42000000
2018-02-28 03:44:12,0.04691700,0.11800000
2018-02-28 03:44:12,0.04692700,0.01500000
2018-02-28 03:44:14,0.04681900,0.04400000
2018-02-28 03:44:14,0.04690000,0.78400000
2018-02-28 03:44:15,0.04682000,0.06100000
2018-02-28 03:44:15,0.04682100,0.05300000
2018-02-28 03:44:15,0.04682100,0.87800000
2018-02-28 03:44:15,0.04682000,0.29700000
2018-02-28 03:44:15,0.04682000,0.06900000
2018-02-28 03:44:16,0.04690000,1.81900000
2018-02-28 03:44:16,0.04690300,0.18100000
2018-02-28 03:44:16,0.04690300,0.77900000
2018-02-28 03:44:16,0.04690000,0.06400000
2018-02-28 03:44:17,0.04689900,0.13200000
2018-02-28 03:44:17,0.04690300,0.30000000
2018-02-28 03:44:17,0.04692700,2.92800000
2018-02-28 03:44:17,0.04692700,0.41800000
2018-02-28 03:44:18,0.04692700,0.56200000
2018-02-28 03:44:18,0.04692700,0.00200000
2018-02-28 03:44:18,0.04681800,0.05100000
2018-02-28 03:44:18,0.04690300,0.01100000
2018-02-28 03:44:19,0.04681900,0.05400000
2018-02-28 03:44:19,0.04681800,0.07200000
2018-02-28 03:44:20,0.04690300,0.07600000
2018-02-28 03:44:20,0.04691200,0.42700000
2018-02-28 03:44:20,0.04694500,0.10800000
2018-02-28 03:44:20,0.04697800,0.08500000
2018-02-28 03:44:20,0.04697900,0.10000000
2018-02-28 03:44:20,0.04681800,0.21900000
2018-02-28 03:44:20,0.04681900,0.05300000
2018-02-28 03:44:20,0.04681900,0.13000000
2018-02-28 03:44:21,0.04690000,0.05900000
2018-02-28 03:44:22,0.04682000,0.07200000
2018-02-28 03:44:22,0.04689800,0.23700000
2018-02-28 03:44:22,0.04690000,0.18900000
2018-02-28 03:44:23,0.04682000,0.30600000
2018-02-28 03:44:23,0.04690000,0.19900000
2018-02-28 03:44:23,0.04682000,0.10900000
2018-02-28 03:44:23,0.04682000,0.05300000
2018-02-28 03:44:24,0.04682000,0.05500000
2018-02-28 03:44:24,0.04689900,0.06600000
2018-02-28 03:44:24,0.04689900,0.64500000
2018-02-28 03:44:24,0.04682000,0.02600000
2018-02-28 03:44:24,0.04682000,0.35000000
2018-02-28 03:44:25,0.04682000,0.17500000
2018-02-28 03:44:25,0.04682000,0.65400000
2018-02-28 03:44:25,0.04682000,0.04300000
2018-02-28 03:44:25,0.04682000,0.03900000
2018-02-28 03:44:26,0.04682000,0.02800000
2018-02-28 03:44:27,0.04682000,0.05300000
2018-02-28 03:44:28,0.04682900,0.15900000
2018-02-28 03:44:29,0.04682900,0.12800000
2018-02-28 03:44:29,0.04682900,0.04600000
2018-02-28 03:44:29,0.04688000,0.58900000
2018-02-28 03:44:29,0.04682900,0.05300000
2018-02-28 03:44:30,0.04682900,0.05200000
2018-02-28 03:44:30,0.04682100,0.05700000
2018-02-28 03:44:30,0.04682100,6.73300000
2018-02-28 03:44:30,0.04682000,4.21000000
2018-02-28 03:44:30,0.04688000,0.21300000
2018-02-28 03:44:31,0.04682000,2.41200000
2018-02-28 03:44:31,0.04681800,0.22400000
2018-02-28 03:44:31,0.04688000,6.84700000
2018-02-28 03:44:31,0.04689900,7.68000000
2018-02-28 03:44:31,0.04690000,22.88100000
2018-02-28 03:44:32,0.04690000,0.13200000
2018-02-28 03:44:33,0.04681800,0.05300000
2018-02-28 03:44:34,0.04690000,9.35500000
2018-02-28 03:44:35,0.04687800,0.29500000
2018-02-28 03:44:35,0.04681900,0.05300000
2018-02-28 03:44:36,0.04681900,0.27000000
2018-02-28 03:44:36,0.04681800,2.23000000
2018-02-28 03:44:36,0.04681800,0.04900000
2018-02-28 03:44:38,0.04681800,0.05300000
2018-02-28 03:44:39,0.04687900,0.58400000
2018-02-28 03:44:40,0.04681800,0.05300000
2018-02-28 03:44:42,0.04681800,0.18000000
2018-02-28 03:44:43,0.04687900,0.26600000
2018-02-28 03:44:43,0.04688000,2.06000000
2018-02-28 03:44:44,0.04681800,0.05300000
2018-02-28 03:44:46,0.04681800,0.55300000
2018-02-28 03:44:46,0.04681800,0.59000000
2018-02-28 03:44:47,0.04688000,0.20000000
2018-02-28 03:44:49,0.04688000,0.02800000
2018-02-28 03:44:49,0.04681800,0.56100000
2018-02-28 03:44:54,0.04681900,0.03300000
2018-02-28 03:44:54,0.04686000,0.26300000
2018-02-28 03:44:55,0.04686000,0.00300000
2018-02-28 03:45:03,0.04686000,0.06800000
2018-02-28 03:45:03,0.04682200,0.67600000
2018-02-28 03:45:08,0.04682200,3.64300000
2018-02-28 03:45:10,0.04686000,0.10700000
2018-02-28 03:45:10,0.04682200,0.25800000
2018-02-28 03:45:12,0.04686000,0.05900000
2018-02-28 03:45:12,0.04686000,0.57700000
2018-02-28 03:45:13,0.04682200,3.10900000
2018-02-28 03:45:16,0.04682200,2.14400000
2018-02-28 03:45:17,0.04682200,0.19300000
2018-02-28 03:45:20,0.04686000,0.23400000
2018-02-28 03:45:21,0.04686000,0.10000000
2018-02-28 03:45:22,0.04686000,0.14000000
2018-02-28 03:45:22,0.04682300,1.82200000
2018-02-28 03:45:24,0.04682300,1.30000000
2018-02-28 03:45:24,0.04686000,0.50000000
2018-02-28 03:45:27,0.04686000,0.01600000
2018-02-28 03:45:28,0.04682300,0.01900000
2018-02-28 03:45:28,0.04686000,0.00100000
2018-02-28 03:45:29,0.04682300,0.06600000
2018-02-28 03:45:32,0.04682400,0.37900000
2018-02-28 03:45:33,0.04686000,0.25700000
2018-02-28 03:45:33,0.04682400,0.09100000
2018-02-28 03:45:33,0.04682300,0.05700000
2018-02-28 03:45:34,0.04686000,0.08500000
2018-02-28 03:45:35,0.04682300,6.00000000
2018-02-28 03:45:36,0.04685000,2.26600000
2018-02-28 03:45:36,0.04685000,1.25800000
2018-02-28 03:45:37,0.04685000,1.90900000
2018-02-28 03:45:37,0.04685000,1.01200000
2018-02-28 03:45:38,0.04685000,0.89400000
2018-02-28 03:45:38,0.04685000,1.14600000
2018-02-28 03:45:43,0.04682500,0.31600000
2018-02-28 03:45:43,0.04685000,3.07400000
2018-02-28 03:45:43,0.04685000,1.39100000
2018-02-28 03:45:45,0.04682500,6.34000000
2018-02-28 03:45:46,0.04682500,0.05300000
2018-02-28 03:45:48,0.04685000,0.54800000
2018-02-28 03:45:48,0.04685000,0.65700000
2018-02-28 03:45:48,0.04685000,0.21300000
2018-02-28 03:45:49,0.04685000,0.21300000
2018-02-28 03:45:49,0.04682500,0.05300000
2018-02-28 03:45:50,0.04682700,0.10500000
2018-02-28 03:45:50,0.04682500,28.67500000
2018-02-28 03:45:50,0.04682300,4.56900000
2018-02-28 03:45:50,0.04682200,3.52600000
2018-02-28 03:45:50,0.04682100,0.63900000
2018-02-28 03:45:50,0.04682000,5.02600000
2018-02-28 03:45:50,0.04680500,0.29700000
2018-02-28 03:45:51,0.04680500,0.05300000
2018-02-28 03:45:52,0.04680500,1.06300000
2018-02-28 03:45:52,0.04682600,2.08600000
2018-02-28 03:45:52,0.04680500,15.26200000
2018-02-28 03:45:53,0.04680500,0.05400000
2018-02-28 03:45:53,0.04680500,0.05400000
2018-02-28 03:45:53,0.04680500,0.03000000
2018-02-28 03:45:53,0.04680500,0.21900000
2018-02-28 03:45:53,0.04680500,0.03700000
2018-02-28 03:45:53,0.04680500,13.01800000
2018-02-28 03:45:54,0.04680000,0.43900000
2018-02-28 03:45:54,0.04677600,0.05300000
2018-02-28 03:45:55,0.04679900,1.97300000
2018-02-28 03:45:55,0.04677600,0.03400000
2018-02-28 03:45:56,0.04677800,0.17100000
2018-02-28 03:45:56,0.04677600,0.17100000
2018-02-28 03:45:57,0.04680000,0.04400000
2018-02-28 03:45:57,0.04677600,0.07600000
2018-02-28 03:45:57,0.04677600,0.05300000
2018-02-28 03:45:57,0.04680000,1.13500000
2018-02-28 03:45:57,0.04677600,0.65600000
2018-02-28 03:45:58,0.04677600,2.16700000
2018-02-28 03:45:58,0.04677100,0.92300000
2018-02-28 03:45:58,0.04676100,2.03600000
2018-02-28 03:45:58,0.04673900,0.32900000
2018-02-28 03:45:58,0.04670200,0.82100000
2018-02-28 03:45:58,0.04670100,1.00000000
2018-02-28 03:45:58,0.04670000,0.91300000
2018-02-28 03:45:58,0.04667100,0.18000000
2018-02-28 03:45:58,0.04666100,0.37900000
2018-02-28 03:45:58,0.04665000,0.21400000
2018-02-28 03:45:58,0.04663500,0.11600000
2018-02-28 03:45:58,0.04662300,0.06900000
2018-02-28 03:45:58,0.04661700,2.33900000
2018-02-28 03:45:58,0.04660100,0.38000000
2018-02-28 03:45:58,0.04660000,2.40300000
2018-02-28 03:45:58,0.04659500,0.11000000
2018-02-28 03:45:58,0.04654600,4.66100000
2018-02-28 03:45:58,0.04677600,1.02600000
2018-02-28 03:45:58,0.04677600,0.33000000
2018-02-28 03:45:58,0.04654600,0.43500000
2018-02-28 03:45:58,0.04677600,3.07800000
2018-02-28 03:45:59,0.04677400,0.41000000
2018-02-28 03:45:59,0.04677500,0.42700000
2018-02-28 03:45:59,0.04677600,0.39500000
2018-02-28 03:45:59,0.04680000,0.90000000
2018-02-28 03:45:59,0.04680400,0.39500000
2018-02-28 03:45:59,0.04655000,0.16400000
2018-02-28 03:45:59,0.04654900,0.14100000
2018-02-28 03:45:59,0.04654900,0.44900000
2018-02-28 03:45:59,0.04654700,0.04300000
2018-02-28 03:45:59,0.04654600,4.90400000
2018-02-28 03:45:59,0.04654500,3.78700000
2018-02-28 03:46:00,0.04654900,0.05300000
2018-02-28 03:46:00,0.04655100,0.10000000
2018-02-28 03:46:00,0.04655000,0.07500000
2018-02-28 03:46:01,0.04655100,0.78400000
2018-02-28 03:46:01,0.04655100,0.14500000
2018-02-28 03:46:01,0.04655000,0.20600000
2018-02-28 03:46:01,0.04655000,0.39200000
2018-02-28 03:46:01,0.04654900,0.09800000
2018-02-28 03:46:01,0.04655000,0.22700000
2018-02-28 03:46:01,0.04654900,0.24400000
2018-02-28 03:46:01,0.04654500,0.92000000
2018-02-28 03:46:01,0.04653700,0.10700000
2018-02-28 03:46:01,0.04649900,0.06500000
2018-02-28 03:46:01,0.04643000,0.59900000
2018-02-28 03:46:01,0.04648000,0.29000000
2018-02-28 03:46:01,0.04648000,0.22600000
2018-02-28 03:46:01,0.04648000,0.22700000
2018-02-28 03:46:02,0.04648000,1.13100000
2018-02-28 03:46:02,0.04649900,0.50000000
2018-02-28 03:46:02,0.04650000,2.09200000
2018-02-28 03:46:02,0.04654300,0.37600000
2018-02-28 03:46:03,0.04677100,0.21400000
2018-02-28 03:46:03,0.04640300,0.43600000
2018-02-28 03:46:03,0.04676900,0.50000000
2018-02-28 03:46:03,0.04677000,0.13600000
2018-02-28 03:46:03,0.04640400,0.06300000
2018-02-28 03:46:03,0.04643000,0.21400000
2018-02-28 03:46:03,0.04643000,0.47700000
2018-02-28 03:46:04,0.04643000,0.26500000
2018-02-28 03:46:04,0.04643000,0.33700000
2018-02-28 03:46:04,0.04658100,0.03000000
2018-02-28 03:46:05,0.04648000,0.15800000
2018-02-28 03:46:05,0.04648100,0.05500000
2018-02-28 03:46:07,0.04651000,0.02200000
2018-02-28 03:46:08,0.04651000,0.15800000
2018-02-28 03:46:08,0.04651000,0.32900000
2018-02-28 03:46:08,0.04650900,1.35100000
2018-02-28 03:46:08,0.04650900,0.06500000
2018-02-28 03:46:08,0.04650900,0.67500000
2018-02-28 03:46:08,0.04648300,0.27000000
2018-02-28 03:46:08,0.04648000,0.34000000
2018-02-28 03:46:09,0.04648100,1.58100000
2018-02-28 03:46:09,0.04648100,1.13200000
2018-02-28 03:46:09,0.04648100,1.91200000
2018-02-28 03:46:09,0.04648100,0.21300000
2018-02-28 03:46:09,0.04648100,1.91200000
2018-02-28 03:46:09,0.04648100,1.91200000
2018-02-28 03:46:09,0.04648100,1.59000000
2018-02-28 03:46:10,0.04648100,0.21700000
2018-02-28 03:46:10,0.04675800,0.05600000
2018-02-28 03:46:10,0.04651100,0.10700000
2018-02-28 03:46:10,0.04651100,0.02700000
2018-02-28 03:46:11,0.04675600,0.20600000
2018-02-28 03:46:13,0.04651200,2.25400000
2018-02-28 03:46:13,0.04651100,0.13600000
2018-02-28 03:46:13,0.04648100,0.47200000
2018-02-28 03:46:13,0.04648000,7.15500000
2018-02-28 03:46:13,0.04643000,0.08800000
2018-02-28 03:46:13,0.04640200,0.71000000
2018-02-28 03:46:13,0.04640000,2.13400000
2018-02-28 03:46:13,0.04638500,2.15500000
2018-02-28 03:46:13,0.04637500,0.43100000
2018-02-28 03:46:13,0.04637300,0.10100000
2018-02-28 03:46:13,0.04635500,0.06500000
2018-02-28 03:46:13,0.04635200,0.66200000
2018-02-28 03:46:13,0.04635100,0.24000000
2018-02-28 03:46:13,0.04648300,0.13600000
2018-02-28 03:46:13,0.04635100,0.08400000
2018-02-28 03:46:13,0.04635000,0.01400000
2018-02-28 03:46:15,0.04648100,0.16600000
2018-02-28 03:46:15,0.04650600,0.50000000
2018-02-28 03:46:15,0.04650700,0.11000000
2018-02-28 03:46:15,0.04650800,0.21600000
2018-02-28 03:46:15,0.04651100,0.90900000
2018-02-28 03:46:16,0.04648100,0.04500000
2018-02-28 03:46:16,0.04648100,1.36300000
2018-02-28 03:46:16,0.04648100,0.80900000
2018-02-28 03:46:16,0.04650500,0.50000000
2018-02-28 03:46:17,0.04648000,1.09800000
2018-02-28 03:46:17,0.04648000,0.04800000
2018-02-28 03:46:18,0.04648100,0.10500000
2018-02-28 03:46:18,0.04648100,0.05500000
2018-02-28 03:46:19,0.04648000,0.03900000
2018-02-28 03:46:19,0.04648000,3.78000000
2018-02-28 03:46:19,0.04648000,0.53800000
2018-02-28 03:46:20,0.04647800,0.30000000
2018-02-28 03:46:21,0.04647800,0.00100000
2018-02-28 03:46:21,0.04647800,0.20600000
2018-02-28 03:46:21,0.04647800,1.56900000
2018-02-28 03:46:22,0.04647700,0.16000000
2018-02-28 03:46:22,0.04647800,2.20200000
2018-02-28 03:46:22,0.04647900,1.52500000
2018-02-28 03:46:22,0.04648000,0.54200000
2018-02-28 03:46:22,0.04651100,1.59600000
2018-02-28 03:46:22,0.04640000,0.21900000
2018-02-28 03:46:22,0.04651000,0.29300000
2018-02-28 03:46:22,0.04651100,0.42200000
2018-02-28 03:46:22,0.04662500,0.04900000
2018-02-28 03:46:22,0.04662800,0.10100000
2018-02-28 03:46:22,0.04674900,0.63500000
2018-02-28 03:46:25,0.04640400,0.43000000
2018-02-28 03:46:25,0.04640300,0.50000000
2018-02-28 03:46:25,0.04640100,0.36600000
2018-02-28 03:46:25,0.04640400,0.25500000
2018-02-28 03:46:25,0.04640100,0.71200000
2018-02-28 03:46:25,0.04640000,0.10300000
2018-02-28 03:46:26,0.04640200,0.50000000
2018-02-28 03:46:26,0.04640000,0.11000000
2018-02-28 03:46:26,0.04635000,0.02900000
2018-02-28 03:46:26,0.04634100,0.06900000
2018-02-28 03:46:30,0.04634500,0.02400000
2018-02-28 03:46:33,0.04637700,0.10300000
2018-02-28 03:46:33,0.04634600,0.11000000
2018-02-28 03:46:35,0.04634000,1.33500000
2018-02-28 03:46:35,0.04637700,0.10300000
2018-02-28 03:46:36,0.04637700,0.10000000
2018-02-28 03:46:36,0.04634000,0.14400000
2018-02-28 03:46:36,0.04634100,0.10700000
2018-02-28 03:46:36,0.04634000,0.36200000
2018-02-28 03:46:37,0.04634000,0.05900000
2018-02-28 03:46:39,0.04637100,0.02600000
2018-02-28 03:46:41,0.04637100,0.15100000
2018-02-28 03:46:41,0.04634100,0.81000000
2018-02-28 03:46:41,0.04634000,1.26200000
2018-02-28 03:46:41,0.04634200,0.81000000
2018-02-28 03:46:41,0.04634100,2.11000000
2018-02-28 03:46:41,0.04634100,0.28700000
2018-02-28 03:46:41,0.04664500,0.06900000
2018-02-28 03:46:41,0.04664600,0.93000000
2018-02-28 03:46:41,0.04664700,1.00000000
2018-02-28 03:46:41,0.04664800,0.02400000
2018-02-28 03:46:41,0.04664900,0.04400000
2018-02-28 03:46:41,0.04665100,0.04200000
2018-02-28 03:46:42,0.04639800,0.03200000
2018-02-28 03:46:42,0.04634400,0.02300000
2018-02-28 03:46:43,0.04640000,0.23500000
2018-02-28 03:46:44,0.04637100,0.05500000
2018-02-28 03:46:44,0.04637100,0.19600000
2018-02-28 03:46:45,0.04664600,0.00100000
2018-02-28 03:46:45,0.04637500,0.04800000
2018-02-28 03:46:47,0.04637600,0.10700000
2018-02-28 03:46:52,0.04638300,0.43100000
2018-02-28 03:46:52,0.04638200,0.57500000
2018-02-28 03:46:54,0.04638200,0.05500000
2018-02-28 03:46:55,0.04638200,0.08000000
2018-02-28 03:46:57,0.04638200,1.67600000
2018-02-28 03:46:57,0.04637900,0.08600000
2018-02-28 03:46:57,0.04637600,7.88100000
2018-02-28 03:46:58,0.04637500,0.10700000
2018-02-28 03:47:01,0.04638600,0.87600000
2018-02-28 03:47:01,0.04637500,0.50000000
2018-02-28 03:47:01,0.04636300,0.19000000
2018-02-28 03:47:01,0.04637400,1.48300000
2018-02-28 03:47:01,0.04637500,9.82900000
2018-02-28 03:47:02,0.04637300,0.50000000
2018-02-28 03:47:03,0.04635100,2.70000000
2018-02-28 03:47:04,0.04635300,0.50000000
2018-02-28 03:47:04,0.04635100,0.26200000
2018-02-28 03:47:04,0.04637200,1.07800000
2018-02-28 03:47:05,0.04662200,0.21300000
2018-02-28 03:47:09,0.04640100,0.56300000
2018-02-28 03:47:10,0.04640100,0.05500000
2018-02-28 03:47:13,0.04659800,0.11000000
2018-02-28 03:47:14,0.04640000,0.02200000
2018-02-28 03:47:14,0.04639900,0.50000000
2018-02-28 03:47:14,0.04640000,0.36000000
2018-02-28 03:47:14,0.04640100,4.41700000
2018-02-28 03:47:21,0.04640100,0.15000000
2018-02-28 03:47:22,0.04640100,0.55900000
2018-02-28 03:47:25,0.04658000,0.04300000
2018-02-28 03:47:27,0.04643100,0.10300000
2018-02-28 03:47:27,0.04657700,0.50000000
2018-02-28 03:47:27,0.04657800,0.06800000
2018-02-28 03:47:28,0.04643200,0.08300000
2018-02-28 03:47:28,0.04657700,0.14400000
2018-02-28 03:47:28,0.04657800,0.40000000
2018-02-28 03:47:28,0.04658000,0.05100000
2018-02-28 03:47:28,0.04658000,0.47200000
2018-02-28 03:47:28,0.04643200,0.05100000
2018-02-28 03:47:29,0.04643400,0.05300000
2018-02-28 03:47:30,0.04648000,0.95500000
2018-02-28 03:47:31,0.04648100,0.03400000
2018-02-28 03:47:31,0.04648100,0.27900000
2018-02-28 03:47:31,0.04648000,0.23300000
2018-02-28 03:47:31,0.04648000,0.27900000
2018-02-28 03:47:32,0.04657300,0.45700000
2018-02-28 03:47:32,0.04657400,0.08500000
2018-02-28 03:47:32,0.04657500,0.10700000
2018-02-28 03:47:32,0.04657600,0.03400000
2018-02-28 03:47:32,0.04648000,0.10500000
2018-02-28 03:47:32,0.04648000,0.05300000
2018-02-28 03:47:32,0.04648000,0.67100000
2018-02-28 03:47:32,0.04643500,0.16400000
2018-02-28 03:47:33,0.04643700,0.22900000
2018-02-28 03:47:35,0.04644000,0.05300000
2018-02-28 03:47:35,0.04657300,0.27600000
2018-02-28 03:47:37,0.04644400,0.05300000
2018-02-28 03:47:43,0.04645100,0.72100000
2018-02-28 03:47:44,0.04645100,0.00200000
2018-02-28 03:47:44,0.04644900,0.32400000
2018-02-28 03:47:44,0.04644800,0.50000000
2018-02-28 03:47:44,0.04644900,0.22400000
2018-02-28 03:47:46,0.04655900,0.18900000
2018-02-28 03:47:47,0.04644300,0.03500000
2018-02-28 03:47:49,0.04655500,0.06900000
2018-02-28 03:47:49,0.04655600,0.45600000
2018-02-28 03:47:49,0.04655800,0.65900000
2018-02-28 03:47:52,0.04645400,0.33400000
2018-02-28 03:47:55,0.04655300,0.22900000
2018-02-28 03:47:55,0.04655400,0.02400000
2018-02-28 03:47:57,0.04650000,0.19800000
2018-02-28 03:47:57,0.04656600,0.33400000
2018-02-28 03:47:57,0.04656700,1.18200000
2018-02-28 03:47:59,0.04650100,0.50000000
2018-02-28 03:47:59,0.04650000,0.04800000
2018-02-28 03:48:02,0.04650000,0.41100000
2018-02-28 03:48:05,0.04657000,0.02300000
2018-02-28 03:48:09,0.04657000,1.00500000
2018-02-28 03:48:13,0.04659800,0.09500000
2018-02-28 03:48:13,0.04659800,0.12900000
2018-02-28 03:48:16,0.04660000,0.04300000
2018-02-28 03:48:17,0.04659800,0.02400000
2018-02-28 03:48:19,0.04660000,0.41300000
2018-02-28 03:48:21,0.04660000,1.00000000
2018-02-28 03:48:21,0.04661000,1.24500000
2018-02-28 03:48:21,0.04661000,1.09400000
2018-02-28 03:48:25,0.04660000,0.55600000
2018-02-28 03:48:28,0.04659900,0.10600000
2018-02-28 03:48:28,0.04659900,0.00100000
2018-02-28 03:48:29,0.04660000,0.15800000
2018-02-28 03:48:35,0.04660000,0.43100000
2018-02-28 03:48:35,0.04661000,0.27300000
2018-02-28 03:48:36,0.04660000,0.02900000
2018-02-28 03:48:36,0.04661000,2.30500000
2018-02-28 03:48:37,0.04657000,0.46100000
2018-02-28 03:48:38,0.04661000,1.39200000
2018-02-28 03:48:38,0.04661000,0.31200000
2018-02-28 03:48:40,0.04662000,0.05300000
2018-02-28 03:48:40,0.04666700,0.02400000
2018-02-28 03:48:40,0.04667800,4.47600000
2018-02-28 03:48:42,0.04662000,0.05300000
2018-02-28 03:48:43,0.04667800,0.65300000
2018-02-28 03:48:43,0.04669800,0.02700000
2018-02-28 03:48:45,0.04662000,0.05300000
2018-02-28 03:48:48,0.04662100,0.05300000
2018-02-28 03:48:52,0.04662100,0.05300000
2018-02-28 03:48:55,0.04666700,0.02400000
2018-02-28 03:48:55,0.04663000,0.02900000
2018-02-28 03:48:58,0.04663700,0.05300000
2018-02-28 03:49:04,0.04670000,0.95800000
2018-02-28 03:49:04,0.04670000,0.19100000
2018-02-28 03:49:04,0.04671800,0.05300000
2018-02-28 03:49:04,0.04671900,0.05300000
2018-02-28 03:49:04,0.04672000,1.19900000
2018-02-28 03:49:07,0.04666400,0.10700000
2018-02-28 03:49:07,0.04671800,0.01100000
2018-02-28 03:49:16,0.04666600,0.11000000
2018-02-28 03:49:17,0.04666600,0.16800000
2018-02-28 03:49:17,0.04666500,0.08000000
2018-02-28 03:49:17,0.04666000,0.99500000
2018-02-28 03:49:19,0.04666100,0.43100000
2018-02-28 03:49:19,0.04666000,0.63500000
2018-02-28 03:49:22,0.04666000,1.09300000
2018-02-28 03:49:24,0.04666600,0.06500000
2018-02-28 03:49:30,0.04671700,0.95700000
2018-02-28 03:49:30,0.04671800,0.71100000
2018-02-28 03:49:30,0.04667100,0.04300000
2018-02-28 03:49:30,0.04666600,0.62200000
2018-02-28 03:49:31,0.04666600,0.07400000
2018-02-28 03:49:37,0.04666000,0.75600000
2018-02-28 03:49:38,0.04666600,0.96400000
2018-02-28 03:49:38,0.04671800,0.53700000
2018-02-28 03:49:38,0.04672000,1.12700000
2018-02-28 03:49:38,0.04672000,1.71400000
2018-02-28 03:49:38,0.04672100,0.04300000
2018-02-28 03:49:38,0.04677000,0.06200000
2018-02-28 03:49:38,0.04677200,0.06500000
2018-02-28 03:49:38,0.04677600,0.74600000
2018-02-28 03:49:38,0.04677600,0.39300000
2018-02-28 03:49:38,0.04680000,0.56800000
2018-02-28 03:49:41,0.04677100,0.05100000
2018-02-28 03:49:44,0.04677000,0.01700000
2018-02-28 03:49:45,0.04674000,0.15400000
2018-02-28 03:49:45,0.04677000,0.39000000
2018-02-28 03:49:47,0.04670000,0.06300000
2018-02-28 03:49:49,0.04677000,1.83600000
2018-02-28 03:49:49,0.04677000,0.38500000
2018-02-28 03:49:49,0.04677100,0.87100000
2018-02-28 03:49:49,0.04680000,1.78500000
2018-02-28 03:49:49,0.04680400,0.05500000
2018-02-28 03:49:49,0.04677100,0.38500000
2018-02-28 03:49:49,0.04677000,0.18400000
2018-02-28 03:49:50,0.04680400,0.01400000
2018-02-28 03:49:50,0.04680500,0.33100000
2018-02-28 03:49:50,0.04680500,1.50000000
2018-02-28 03:49:54,0.04677000,1.09800000
2018-02-28 03:49:55,0.04680400,0.10700000
2018-02-28 03:49:59,0.04680000,0.03300000
2018-02-28 03:50:00,0.04680400,1.14900000
2018-02-28 03:50:00,0.04680400,13.20200000
2018-02-28 03:50:00,0.04680400,1.54400000
2018-02-28 03:50:01,0.04671200,0.05300000
2018-02-28 03:50:05,0.04680500,0.02500000
2018-02-28 03:50:06,0.04672100,0.04300000
2018-02-28 03:50:12,0.04680400,0.03800000
2018-02-28 03:50:14,0.04671200,8.09600000
2018-02-28 03:50:16,0.04680000,0.02400000
2018-02-28 03:50:18,0.04680400,0.03800000
2018-02-28 03:50:18,0.04680400,0.67800000
2018-02-28 03:50:19,0.04680400,5.28200000
2018-02-28 03:50:20,0.04680400,0.85100000
2018-02-28 03:50:22,0.04680300,0.11800000
2018-02-28 03:50:23,0.04680000,0.12600000
2018-02-28 03:50:23,0.04680300,0.76800000
2018-02-28 03:50:24,0.04680300,0.13100000
2018-02-28 03:50:27,0.04680300,1.16500000
2018-02-28 03:50:28,0.04680300,0.15600000
2018-02-28 03:50:29,0.04680300,1.65500000
2018-02-28 03:50:39,0.04680300,0.17200000
2018-02-28 03:50:43,0.04680500,2.14000000
2018-02-28 03:50:43,0.04682300,1.76000000
2018-02-28 03:50:46,0.04680500,0.20400000
2018-02-28 03:50:50,0.04682300,0.57200000
2018-02-28 03:50:50,0.04682300,0.36300000
2018-02-28 03:50:55,0.04688000,5.36200000
2018-02-28 03:50:57,0.04688000,2.47800000
2018-02-28 03:50:58,0.04688800,2.76100000
2018-02-28 03:50:59,0.04688800,10.90700000
2018-02-28 03:51:00,0.04688800,0.34900000
2018-02-28 03:51:00,0.04688800,0.41500000
2018-02-28 03:51:01,0.04688800,1.75900000
2018-02-28 03:51:02,0.04688800,0.02000000
2018-02-28 03:51:02,0.04688400,0.12300000
2018-02-28 03:51:03,0.04688800,0.56400000
2018-02-28 03:51:04,0.04688800,2.04300000
2018-02-28 03:51:04,0.04688800,0.14200000
2018-02-28 03:51:05,0.04688800,1.66500000
2018-02-28 03:51:05,0.04688800,3.16600000
2018-02-28 03:51:07,0.04688800,0.75000000
2018-02-28 03:51:09,0.04688800,1.21500000
2018-02-28 03:51:09,0.04688400,0.05300000
2018-02-28 03:51:10,0.04690000,5.94500000
2018-02-28 03:51:10,0.04690000,1.08900000
2018-02-28 03:51:11,0.04690000,17.64100000
2018-02-28 03:51:11,0.04690000,2.41000000
2018-02-28 03:51:11,0.04690000,0.07300000
2018-02-28 03:51:12,0.04688800,0.84800000
2018-02-28 03:51:13,0.04690000,0.45200000
2018-02-28 03:51:14,0.04688800,0.45200000
2018-02-28 03:51:15,0.04688800,0.22300000
2018-02-28 03:51:16,0.04688800,0.23000000
2018-02-28 03:51:16,0.04695000,1.00000000
2018-02-28 03:51:16,0.04695600,0.10700000
2018-02-28 03:51:18,0.04695600,0.09100000
2018-02-28 03:51:21,0.04695600,0.05400000
2018-02-28 03:51:25,0.04695600,0.36700000
2018-02-28 03:51:27,0.04697900,0.17500000
2018-02-28 03:51:29,0.04698000,0.00100000
2018-02-28 03:51:36,0.04698000,0.07000000
2018-02-28 03:51:36,0.04698000,0.96800000
2018-02-28 03:51:37,0.04698100,0.21600000
2018-02-28 03:51:37,0.04698500,0.48700000
2018-02-28 03:51:40,0.04698000,0.13800000
2018-02-28 03:51:41,0.04698500,0.01300000
2018-02-28 03:51:41,0.04699000,1.08200000
2018-02-28 03:51:41,0.04699100,0.02300000
2018-02-28 03:51:41,0.04699800,3.78000000
2018-02-28 03:51:45,0.04699800,0.58800000
2018-02-28 03:51:46,0.04699800,1.47700000
2018-02-28 03:51:46,0.04699900,1.85800000
2018-02-28 03:51:48,0.04699900,1.07600000
2018-02-28 03:51:51,0.04699800,0.48600000
2018-02-28 03:51:51,0.04699900,9.51400000
2018-02-28 03:51:52,0.04699900,1.26700000
2018-02-28 03:51:52,0.04700000,16.23800000
2018-02-28 03:51:53,0.04699700,3.82100000
2018-02-28 03:51:55,0.04699700,3.79000000
2018-02-28 03:51:55,0.04700000,4.81600000
2018-02-28 03:51:56,0.04699900,0.22600000
2018-02-28 03:51:56,0.04700000,0.72900000
2018-02-28 03:51:56,0.04698100,6.12700000
2018-02-28 03:51:56,0.04698100,0.12000000
2018-02-28 03:51:57,0.04700000,0.68200000
2018-02-28 03:51:58,0.04698100,0.14500000
2018-02-28 03:51:58,0.04698100,0.04300000
2018-02-28 03:51:58,0.04700000,0.04300000
2018-02-28 03:51:59,0.04700000,0.48900000
2018-02-28 03:51:59,0.04698100,4.11300000
2018-02-28 03:51:59,0.04698000,5.15800000
2018-02-28 03:51:59,0.04700000,2.16800000
2018-02-28 03:52:00,0.04695600,4.89800000
2018-02-28 03:52:01,0.04699900,0.09400000
2018-02-28 03:52:01,0.04690300,0.15500000
2018-02-28 03:52:02,0.04690300,0.06100000
2018-02-28 03:52:03,0.04699900,0.21600000
2018-02-28 03:52:03,0.04700000,1.31300000
2018-02-28 03:52:04,0.04683400,0.25200000
2018-02-28 03:52:04,0.04683400,0.24800000
2018-02-28 03:52:04,0.04683300,1.18900000
2018-02-28 03:52:04,0.04683200,0.21000000
2018-02-28 03:52:04,0.04683100,0.59800000
2018-02-28 03:52:05,0.04683200,0.07800000
2018-02-28 03:52:06,0.04699400,0.04500000
2018-02-28 03:52:07,0.04683300,0.21200000
2018-02-28 03:52:07,0.04683200,0.13900000
2018-02-28 03:52:08,0.04699000,0.41600000
2018-02-28 03:52:08,0.04683000,0.02200000
2018-02-28 03:52:09,0.04683100,0.16200000
2018-02-28 03:52:09,0.04683100,0.06500000
2018-02-28 03:52:10,0.04683100,0.02200000
2018-02-28 03:52:10,0.04683100,0.16700000
2018-02-28 03:52:10,0.04683000,0.21000000
2018-02-28 03:52:10,0.04690100,0.24600000
2018-02-28 03:52:10,0.04690200,0.30400000
2018-02-28 03:52:10,0.04690200,0.21100000
2018-02-28 03:52:10,0.04690200,0.03800000
2018-02-28 03:52:10,0.04690300,0.18800000
2018-02-28 03:52:11,0.04690400,0.18800000
2018-02-28 03:52:11,0.04680500,0.08700000
2018-02-28 03:52:12,0.04698700,0.08500000
2018-02-28 03:52:13,0.04680500,0.05300000
2018-02-28 03:52:14,0.04698400,0.05100000
2018-02-28 03:52:15,0.04690000,1.10000000
2018-02-28 03:52:15,0.04698300,0.25800000
2018-02-28 03:52:15,0.04698400,0.45700000
2018-02-28 03:52:16,0.04698300,0.34400000
2018-02-28 03:52:16,0.04680500,0.21700000
2018-02-28 03:52:17,0.04680500,0.29500000
2018-02-28 03:52:17,0.04698100,0.15400000
2018-02-28 03:52:17,0.04698200,0.02500000
2018-02-28 03:52:18,0.04690000,0.23300000
2018-02-28 03:52:19,0.04683000,9.23000000
2018-02-28 03:52:20,0.04683000,2.09300000
2018-02-28 03:52:20,0.04690000,0.06000000
2018-02-28 03:52:21,0.04690000,1.19400000
2018-02-28 03:52:23,0.04680700,0.02400000
2018-02-28 03:52:25,0.04681000,0.05900000
2018-02-28 03:52:26,0.04681100,0.04700000
2018-02-28 03:52:26,0.04681100,0.04400000
2018-02-28 03:52:27,0.04681200,0.05500000
2018-02-28 03:52:28,0.04681300,1.73400000
2018-02-28 03:52:28,0.04681200,1.36400000
2018-02-28 03:52:28,0.04680400,1.38000000
2018-02-28 03:52:28,0.04680300,0.01700000
2018-02-28 03:52:29,0.04696900,0.39600000
2018-02-28 03:52:30,0.04680400,0.10900000
2018-02-28 03:52:32,0.04680400,0.28700000
2018-02-28 03:52:32,0.04680300,1.38600000
2018-02-28 03:52:32,0.04680000,1.18400000
2018-02-28 03:52:32,0.04680000,0.92500000
2018-02-28 03:52:32,0.04679200,0.07500000
2018-02-28 03:52:32,0.04679200,0.25300000
2018-02-28 03:52:33,0.04681100,1.47800000
2018-02-28 03:52:33,0.04681200,4.06900000
2018-02-28 03:52:33,0.04696200,0.25800000
2018-02-28 03:52:33,0.04696400,0.40200000
2018-02-28 03:52:33,0.04697100,0.65400000
2018-02-28 03:52:35,0.04695900,0.50000000
2018-02-28 03:52:35,0.04696000,0.38000000
2018-02-28 03:52:35,0.04696200,0.50000000
2018-02-28 03:52:35,0.04697000,3.24500000
2018-02-28 03:52:36,0.04672100,0.13200000
2018-02-28 03:52:37,0.04672300,0.79100000
2018-02-28 03:52:37,0.04672400,0.42800000
2018-02-28 03:52:37,0.04672300,0.33600000
2018-02-28 03:52:37,0.04672200,4.01200000
2018-02-28 03:52:39,0.04681100,2.32100000
2018-02-28 03:52:41,0.04680300,0.12200000
2018-02-28 03:52:41,0.04680300,0.14700000
2018-02-28 03:52:41,0.04680300,0.14700000
2018-02-28 03:52:41,0.04680300,0.08400000
2018-02-28 03:52:41,0.04680400,0.06300000
2018-02-28 03:52:41,0.04680400,0.15000000
2018-02-28 03:52:42,0.04680300,0.14700000
2018-02-28 03:52:45,0.04671800,0.21800000
2018-02-28 03:52:45,0.04671800,0.21800000
2018-02-28 03:52:46,0.04680200,0.70700000
2018-02-28 03:52:46,0.04680300,0.21900000
2018-02-28 03:52:46,0.04680400,0.41400000
2018-02-28 03:52:46,0.04672300,0.21800000
2018-02-28 03:52:47,0.04672300,0.47200000
2018-02-28 03:52:49,0.04677100,0.92100000
2018-02-28 03:52:49,0.04672300,0.75900000
2018-02-28 03:52:49,0.04671800,1.48300000
2018-02-28 03:52:49,0.04672300,0.08600000
2018-02-28 03:52:49,0.04672300,0.08600000
2018-02-28 03:52:49,0.04671800,0.00100000
2018-02-28 03:52:49,0.04672300,0.21300000
2018-02-28 03:52:49,0.04672300,0.10400000
2018-02-28 03:52:53,0.04679900,0.00200000
2018-02-28 03:52:56,0.04672400,0.39100000
2018-02-28 03:52:56,0.04679900,1.46900000
2018-02-28 03:52:59,0.04672600,0.07600000
2018-02-28 03:52:59,0.04679900,2.00000000
2018-02-28 03:53:00,0.04672600,0.96200000
2018-02-28 03:53:00,0.04672500,2.40400000
2018-02-28 03:53:00,0.04679900,0.41700000
2018-02-28 03:53:03,0.04680400,1.06800000
2018-02-28 03:53:04,0.04679800,1.00000000
2018-02-28 03:53:06,0.04679800,0.23400000
2018-02-28 03:53:08,0.04679800,0.40200000
2018-02-28 03:53:11,0.04673900,0.31900000
2018-02-28 03:53:11,0.04673300,0.10600000
2018-02-28 03:53:11,0.04672600,0.10800000
2018-02-28 03:53:11,0.04672500,0.04700000
2018-02-28 03:53:11,0.04672400,0.67400000
2018-02-28 03:53:11,0.04671500,0.41200000
2018-02-28 03:53:12,0.04679800,0.02900000
2018-02-28 03:53:13,0.04679800,0.12500000
2018-02-28 03:53:15,0.04674900,0.10600000
2018-02-28 03:53:15,0.04671500,0.59600000
2018-02-28 03:53:16,0.04671500,0.05300000
2018-02-28 03:53:18,0.04672300,0.02000000
2018-02-28 03:53:18,0.04672300,0.05300000
2018-02-28 03:53:19,0.04679800,0.17400000
2018-02-28 03:53:21,0.04679800,0.33300000
2018-02-28 03:53:21,0.04672300,0.03400000
2018-02-28 03:53:21,0.04671400,0.01900000
2018-02-28 03:53:22,0.04672300,0.05100000
2018-02-28 03:53:22,0.04671400,0.35900000
2018-02-28 03:53:22,0.04671200,0.19900000
2018-02-28 03:53:22,0.04670000,1.23400000
2018-02-28 03:53:24,0.04670000,0.65600000
2018-02-28 03:53:24,0.04670000,0.05300000
2018-02-28 03:53:24,0.04670000,0.21800000
2018-02-28 03:53:26,0.04672000,0.21800000
2018-02-28 03:53:26,0.04680000,0.05000000
2018-02-28 03:53:26,0.04680300,0.09600000
2018-02-28 03:53:27,0.04672000,3.90100000
2018-02-28 03:53:27,0.04670000,0.05300000
2018-02-28 03:53:29,0.04670000,0.05300000
2018-02-28 03:53:31,0.04671400,0.07400000
2018-02-28 03:53:33,0.04670000,0.05300000
2018-02-28 03:53:36,0.04670000,0.05300000
2018-02-28 03:53:40,0.04670000,0.07900000
2018-02-28 03:53:41,0.04670100,0.61000000
2018-02-28 03:53:47,0.04671400,0.04000000
2018-02-28 03:53:59,0.04672500,0.97400000
2018-02-28 03:54:00,0.04670300,0.64900000
2018-02-28 03:54:00,0.04670200,2.87300000
2018-02-28 03:54:01,0.04670200,0.95100000
2018-02-28 03:54:02,0.04675100,0.17600000
2018-02-28 03:54:02,0.04670200,0.68600000
2018-02-28 03:54:05,0.04670200,1.26200000
2018-02-28 03:54:08,0.04670200,0.76700000
2018-02-28 03:54:16,0.04680000,0.53400000
2018-02-28 03:54:16,0.04680100,0.92500000
2018-02-28 03:54:16,0.04680400,3.82000000
2018-02-28 03:54:17,0.04680600,0.50000000
2018-02-28 03:54:17,0.04680500,0.42700000
2018-02-28 03:54:17,0.04680400,0.14000000
2018-02-28 03:54:17,0.04680400,0.17100000
2018-02-28 03:54:18,0.04692200,0.14500000
2018-02-28 03:54:19,0.04680400,0.06200000
2018-02-28 03:54:22,0.04688800,0.50000000
2018-02-28 03:54:22,0.04688900,0.15800000
2018-02-28 03:54:26,0.04688800,0.25900000
2018-02-28 03:54:27,0.04688800,0.56700000
2018-02-28 03:54:28,0.04688900,0.11000000
2018-02-28 03:54:32,0.04688800,0.17000000
2018-02-28 03:54:49,0.04688800,1.83000000
2018-02-28 03:54:49,0.04688900,0.31000000
2018-02-28 03:54:51,0.04681900,0.00200000
2018-02-28 03:54:51,0.04688900,0.14500000
2018-02-28 03:54:52,0.04688900,0.69000000
2018-02-28 03:54:52,0.04681900,0.14300000
2018-02-28 03:54:53,0.04682600,0.07500000
2018-02-28 03:54:53,0.04681200,0.17000000
2018-02-28 03:54:53,0.04680400,0.55800000
2018-02-28 03:54:53,0.04672300,0.02900000
2018-02-28 03:54:54,0.04688800,0.25100000
2018-02-28 03:54:54,0.04688800,0.24700000
2018-02-28 03:54:56,0.04682000,0.16000000
2018-02-28 03:55:03,0.04688000,0.05300000
2018-02-28 03:55:04,0.04677500,0.00400000
2018-02-28 03:55:05,0.04687800,0.08400000
2018-02-28 03:55:08,0.04678700,0.17900000
2018-02-28 03:55:08,0.04677700,0.00500000
2018-02-28 03:55:09,0.04687800,0.02400000
2018-02-28 03:55:12,0.04687800,0.00100000
2018-02-28 03:55:13,0.04687800,0.07700000
2018-02-28 03:55:15,0.04687900,0.11300000
2018-02-28 03:55:15,0.04680500,0.10600000
2018-02-28 03:55:15,0.04679700,0.00400000
2018-02-28 03:55:18,0.04688900,0.06400000
2018-02-28 03:55:20,0.04687800,0.13500000
2018-02-28 03:55:23,0.04687800,0.63300000
2018-02-28 03:55:25,0.04687800,0.80100000
2018-02-28 03:55:34,0.04687800,0.22900000
2018-02-28 03:55:42,0.04688900,1.00000000
2018-02-28 03:55:43,0.04687900,0.34000000
2018-02-28 03:55:46,0.04687900,0.04500000
2018-02-28 03:55:46,0.04687900,0.10200000
2018-02-28 03:55:46,0.04687800,0.64400000
2018-02-28 03:56:02,0.04688100,0.30000000
2018-02-28 03:56:03,0.04688100,0.27200000
2018-02-28 03:56:04,0.04688900,0.06000000
2018-02-28 03:56:08,0.04688900,0.08400000
2018-02-28 03:56:11,0.04688900,0.04100000
2018-02-28 03:56:11,0.04689200,0.00100000
2018-02-28 03:56:11,0.04689200,0.04200000
2018-02-28 03:56:12,0.04689000,0.50000000
2018-02-28 03:56:13,0.04689200,0.10400000
2018-02-28 03:56:13,0.04689200,0.10100000
2018-02-28 03:56:17,0.04689200,0.40900000
2018-02-28 03:56:18,0.04689500,0.04600000
2018-02-28 03:56:19,0.04692000,0.23000000
2018-02-28 03:56:19,0.04695000,0.60800000
2018-02-28 03:56:19,0.04695200,0.70600000
2018-02-28 03:56:19,0.04696900,0.02700000
2018-02-28 03:56:19,0.04698800,0.09500000
2018-02-28 03:56:21,0.04694100,0.18700000
2018-02-28 03:56:23,0.04698800,0.51200000
2018-02-28 03:56:27,0.04689500,0.68700000
2018-02-28 03:56:27,0.04689400,0.14300000
2018-02-28 03:56:27,0.04689000,3.16200000
2018-02-28 03:56:27,0.04688900,1.18800000
2018-02-28 03:56:27,0.04688100,0.57700000
2018-02-28 03:56:27,0.04688100,2.44600000
2018-02-28 03:56:27,0.04687800,0.17700000
2018-02-28 03:56:28,0.04689700,2.93500000
2018-02-28 03:56:28,0.04698700,0.30400000
2018-02-28 03:56:30,0.04698500,0.19600000
2018-02-28 03:56:30,0.04698600,0.01600000
2018-02-28 03:56:33,0.04698700,0.40900000
2018-02-28 03:56:33,0.04698800,2.02200000
2018-02-28 03:56:34,0.04698800,9.03200000
2018-02-28 03:56:34,0.04678200,0.29800000
2018-02-28 03:56:38,0.04681900,0.10400000
2018-02-28 03:56:42,0.04681900,0.00200000
2018-02-28 03:56:43,0.04690500,0.29800000
2018-02-28 03:56:43,0.04690600,0.17000000
2018-02-28 03:56:43,0.04691300,0.03900000
2018-02-28 03:56:43,0.04699000,0.19800000
2018-02-28 03:56:45,0.04683100,0.63400000
2018-02-28 03:56:47,0.04698900,0.00100000
2018-02-28 03:56:50,0.04698900,0.00100000
2018-02-28 03:56:51,0.04698900,0.00100000
2018-02-28 03:56:53,0.04698900,0.17400000
2018-02-28 03:56:53,0.04690000,0.10000000
2018-02-28 03:56:53,0.04688900,0.42600000
2018-02-28 03:56:53,0.04688800,1.51800000
2018-02-28 03:56:54,0.04688800,1.42100000
2018-02-28 03:56:54,0.04698900,5.91600000
2018-02-28 03:56:55,0.04698900,5.05400000
2018-02-28 03:56:57,0.04696900,0.02700000
2018-02-28 03:56:58,0.04698900,0.04700000
2018-02-28 03:56:59,0.04698600,0.45300000
2018-02-28 03:56:59,0.04698700,0.07600000
2018-02-28 03:56:59,0.04698800,0.20100000
2018-02-28 03:57:00,0.04698800,0.22500000
2018-02-28 03:57:01,0.04698900,0.59600000
2018-02-28 03:57:02,0.04698800,0.04700000
2018-02-28 03:57:05,0.04698600,0.04700000
2018-02-28 03:57:07,0.04698700,0.04700000
2018-02-28 03:57:07,0.04698800,0.03300000
2018-02-28 03:57:08,0.04698800,0.39800000
2018-02-28 03:57:09,0.04689100,0.16300000
2018-02-28 03:57:11,0.04698800,0.02500000
2018-02-28 03:57:15,0.04698800,2.51000000
2018-02-28 03:57:17,0.04698900,0.28300000
2018-02-28 03:57:17,0.04698900,0.11400000
2018-02-28 03:57:20,0.04698900,3.59900000
2018-02-28 03:57:20,0.04699000,6.52000000
2018-02-28 03:57:20,0.04699600,3.94000000
2018-02-28 03:57:20,0.04699900,8.86100000
2018-02-28 03:57:20,0.04700000,49.34200000
2018-02-28 03:57:21,0.04700000,17.53700000
2018-02-28 03:57:21,0.04700000,0.64900000
2018-02-28 03:57:21,0.04700000,0.33700000
2018-02-28 03:57:22,0.04700000,19.18100000
2018-02-28 03:57:22,0.04700000,17.11500000
2018-02-28 03:57:22,0.04700000,13.04200000
2018-02-28 03:57:22,0.04700000,9.37900000
2018-02-28 03:57:22,0.04700000,4.33400000
2018-02-28 03:57:22,0.04700000,1.98300000
2018-02-28 03:57:22,0.04700000,13.00000000
2018-02-28 03:57:22,0.04700000,7.89900000
2018-02-28 03:57:22,0.04700000,3.57800000
2018-02-28 03:57:23,0.04700000,3.63000000
2018-02-28 03:57:23,0.04700000,2.13300000
2018-02-28 03:57:23,0.04700600,0.02500000
2018-02-28 03:57:23,0.04700900,0.11600000
2018-02-28 03:57:23,0.04701100,0.06500000
2018-02-28 03:57:23,0.04701300,0.25200000
2018-02-28 03:57:23,0.04701400,2.54200000
2018-02-28 03:57:23,0.04701400,0.20800000
2018-02-28 03:57:24,0.04701400,0.58900000
2018-02-28 03:57:27,0.04700200,0.09200000
2018-02-28 03:57:27,0.04701400,2.05600000
2018-02-28 03:57:27,0.04704700,0.03000000
2018-02-28 03:57:27,0.04705000,0.59600000
2018-02-28 03:57:27,0.04706600,0.99200000
2018-02-28 03:57:27,0.04708500,0.02200000
2018-02-28 03:57:27,0.04709900,0.17200000
2018-02-28 03:57:27,0.04710000,1.54300000
2018-02-28 03:57:29,0.04704000,0.04500000
2018-02-28 03:57:29,0.04710000,0.07700000
2018-02-28 03:57:31,0.04710000,18.90800000
2018-02-28 03:57:31,0.04710000,5.98200000
2018-02-28 03:57:31,0.04712000,2.76100000
2018-02-28 03:57:31,0.04712100,0.43100000
2018-02-28 03:57:31,0.04712100,0.05300000
2018-02-28 03:57:32,0.04712100,0.29800000
2018-02-28 03:57:32,0.04712300,0.14900000
2018-02-28 03:57:32,0.04712400,0.17300000
2018-02-28 03:57:32,0.04712500,1.02400000
2018-02-28 03:57:34,0.04712200,0.05300000
2018-02-28 03:57:35,0.04712500,5.35700000
2018-02-28 03:57:36,0.04712500,0.36900000
2018-02-28 03:57:36,0.04712500,0.00100000
2018-02-28 03:57:36,0.04712500,0.05100000
2018-02-28 03:57:37,0.04712500,0.28800000
2018-02-28 03:57:37,0.04712500,1.21200000
2018-02-28 03:57:37,0.04714600,0.03300000
2018-02-28 03:57:37,0.04715500,0.40600000
2018-02-28 03:57:37,0.04715900,0.04200000
2018-02-28 03:57:37,0.04716100,1.76000000
2018-02-28 03:57:38,0.04716100,0.24700000
2018-02-28 03:57:39,0.04716100,0.24500000
2018-02-28 03:57:40,0.04714600,0.09300000
2018-02-28 03:57:40,0.04714600,0.02500000
2018-02-28 03:57:41,0.04714600,0.85800000
2018-02-28 03:57:41,0.04714600,2.10900000
