DATE,PRICE,VOLUME
2018-02-23 05:00:17,0.03246900,3.08600000
2018-02-23 05:00:17,0.03246700,0.92400000
2018-02-23 05:00:18,0.03247100,0.12400000
2018-02-23 05:00:20,0.03252100,0.06800000
2018-02-23 05:00:21,0.03251800,1.76200000
2018-02-23 05:00:37,0.03249400,0.01000000
2018-02-23 05:00:41,0.03248500,1.24600000
2018-02-23 05:00:41,0.03248700,0.92400000
2018-02-23 05:00:41,0.03249000,0.13600000
2018-02-23 05:00:41,0.03251800,1.97100000
2018-02-23 05:00:43,0.03251800,0.06800000
2018-02-23 05:00:47,0.03251800,0.03300000
2018-02-23 05:00:56,0.03251800,0.18500000
2018-02-23 05:01:05,0.03251800,0.08900000
2018-02-23 05:01:07,0.03251800,0.47600000
2018-02-23 05:01:10,0.03251800,0.04000000
2018-02-23 05:01:10,0.03247300,0.07700000
2018-02-23 05:01:12,0.03247500,0.12400000
2018-02-23 05:01:12,0.03247300,0.04700000
2018-02-23 05:01:12,0.03247100,0.05200000
2018-02-23 05:01:12,0.03246900,0.92300000
2018-02-23 05:01:13,0.03246900,0.14600000
2018-02-23 05:01:16,0.03251300,0.06800000
2018-02-23 05:01:16,0.03251400,0.34600000
2018-02-23 05:01:23,0.03246300,3.07900000
2018-02-23 05:01:24,0.03246100,0.27700000
2018-02-23 05:01:24,0.03246100,0.26100000
2018-02-23 05:01:24,0.03246100,0.92300000
2018-02-23 05:01:24,0.03246100,1.34300000
2018-02-23 05:01:24,0.03246100,0.27500000
2018-02-23 05:01:24,0.03245500,0.12400000
2018-02-23 05:01:24,0.03241400,0.15100000
2018-02-23 05:01:27,0.03246200,0.06600000
2018-02-23 05:01:32,0.03242900,0.15400000
2018-02-23 05:01:32,0.03242600,0.26500000
2018-02-23 05:01:32,0.03242200,0.26500000
2018-02-23 05:01:32,0.03242200,0.92200000
2018-02-23 05:01:32,0.03242200,0.11600000
2018-02-23 05:01:32,0.03242200,0.92300000
2018-02-23 05:01:32,0.03242200,0.26500000
2018-02-23 05:01:32,0.03242200,1.58500000
2018-02-23 05:01:32,0.03242200,0.30900000
2018-02-23 05:01:32,0.03242200,2.11400000
2018-02-23 05:01:32,0.03242200,0.92300000
2018-02-23 05:01:32,0.03242200,2.96400000
2018-02-23 05:01:33,0.03246200,0.00200000
2018-02-23 05:01:33,0.03246300,0.03600000
2018-02-23 05:01:33,0.03251200,0.57700000
2018-02-23 05:01:33,0.03251600,0.35500000
2018-02-23 05:01:43,0.03251600,0.01700000
2018-02-23 05:01:43,0.03251800,1.54000000
2018-02-23 05:01:45,0.03251800,5.45400000
2018-02-23 05:01:45,0.03251900,2.82900000
2018-02-23 05:01:56,0.03251800,0.06600000
2018-02-23 05:01:57,0.03247700,0.15300000
2018-02-23 05:01:57,0.03247500,0.12400000
2018-02-23 05:01:57,0.03247300,0.25700000
2018-02-23 05:01:57,0.03247300,0.92200000
2018-02-23 05:01:58,0.03247300,0.92200000
2018-02-23 05:01:58,0.03247300,0.54200000
2018-02-23 05:01:58,0.03247300,0.92200000
2018-02-23 05:01:58,0.03247300,0.57500000
2018-02-23 05:01:58,0.03241600,0.57500000
2018-02-23 05:02:06,0.03244100,0.06200000
2018-02-23 05:02:14,0.03247400,0.17500000
2018-02-23 05:02:14,0.03246700,0.30800000
2018-02-23 05:02:14,0.03245900,0.92400000
2018-02-23 05:02:14,0.03245600,0.30800000
2018-02-23 05:02:14,0.03245000,0.13200000
2018-02-23 05:02:14,0.03244400,1.05300000
2018-02-23 05:02:21,0.03248900,0.32800000
2018-02-23 05:02:32,0.03247100,0.04900000
2018-02-23 05:02:32,0.03247100,0.19800000
2018-02-23 05:02:45,0.03249300,0.06200000
2018-02-23 05:02:45,0.03249400,0.92200000
2018-02-23 05:02:52,0.03247100,0.16800000
2018-02-23 05:03:08,0.03251600,0.00800000
2018-02-23 05:03:10,0.03248500,0.23100000
2018-02-23 05:03:10,0.03247300,0.12400000
2018-02-23 05:03:10,0.03247100,2.37500000
2018-02-23 05:03:15,0.03248700,0.12400000
2018-02-23 05:03:15,0.03247100,0.67100000
2018-02-23 05:03:16,0.03247100,0.15400000
2018-02-23 05:03:17,0.03247100,1.66400000
2018-02-23 05:03:34,0.03251400,0.04400000
2018-02-23 05:03:35,0.03251400,0.20400000
2018-02-23 05:03:44,0.03248900,0.10000000
2018-02-23 05:03:44,0.03247700,0.02900000
2018-02-23 05:03:46,0.03249100,0.09500000
2018-02-23 05:03:51,0.03247700,0.13100000
2018-02-23 05:03:51,0.03247100,9.61500000
2018-02-23 05:03:51,0.03247100,3.03700000
2018-02-23 05:03:51,0.03247100,4.12900000
2018-02-23 05:03:51,0.03246500,0.92200000
2018-02-23 05:03:52,0.03247700,1.60700000
2018-02-23 05:03:52,0.03246700,1.09200000
2018-02-23 05:03:52,0.03246700,1.98400000
2018-02-23 05:03:52,0.03251200,3.07600000
2018-02-23 05:03:52,0.03251400,1.87200000
2018-02-23 05:03:53,0.03251400,1.52800000
2018-02-23 05:03:53,0.03251600,0.11600000
2018-02-23 05:03:54,0.03252700,0.92100000
2018-02-23 05:03:54,0.03251400,0.92100000
2018-02-23 05:03:55,0.03251400,0.65100000
2018-02-23 05:03:55,0.03252600,0.92100000
2018-02-23 05:03:56,0.03251600,0.79100000
2018-02-23 05:03:57,0.03247800,3.07800000
2018-02-23 05:03:57,0.03247300,0.14100000
2018-02-23 05:03:57,0.03252500,0.92100000
2018-02-23 05:03:57,0.03252500,0.92100000
2018-02-23 05:03:57,0.03252500,0.92100000
2018-02-23 05:03:58,0.03252500,0.31500000
2018-02-23 05:03:58,0.03252700,0.03600000
2018-02-23 05:03:58,0.03245300,0.13200000
2018-02-23 05:04:05,0.03248000,1.00000000
2018-02-23 05:04:06,0.03248000,1.94600000
2018-02-23 05:04:06,0.03247900,0.14100000
2018-02-23 05:04:06,0.03247800,0.07500000
2018-02-23 05:04:07,0.03248000,0.50800000
2018-02-23 05:04:08,0.03247600,0.07600000
2018-02-23 05:04:09,0.03248000,0.14100000
2018-02-23 05:04:15,0.03248000,0.11600000
2018-02-23 05:04:16,0.03248000,0.02500000
2018-02-23 05:04:18,0.03248800,0.14100000
2018-02-23 05:04:19,0.03247700,0.92000000
2018-02-23 05:04:19,0.03247600,0.15300000
2018-02-23 05:04:19,0.03247000,0.47900000
2018-02-23 05:04:20,0.03245400,0.33900000
2018-02-23 05:04:20,0.03245300,1.75100000
2018-02-23 05:04:20,0.03245300,0.33900000
2018-02-23 05:04:21,0.03251900,0.76000000
2018-02-23 05:04:21,0.03251900,0.68500000
2018-02-23 05:04:24,0.03244100,0.34600000
2018-02-23 05:04:26,0.03251200,0.26100000
2018-02-23 05:04:26,0.03251000,0.82400000
2018-02-23 05:04:26,0.03251000,0.80900000
2018-02-23 05:04:30,0.03246500,0.29000000
2018-02-23 05:04:30,0.03246700,0.12400000
2018-02-23 05:04:30,0.03246500,2.17200000
2018-02-23 05:04:31,0.03246300,0.14100000
2018-02-23 05:04:31,0.03245400,0.14100000
2018-02-23 05:04:31,0.03244800,0.15400000
2018-02-23 05:04:31,0.03244100,0.43400000
2018-02-23 05:04:49,0.03244400,2.67500000
2018-02-23 05:04:49,0.03244300,2.08200000
2018-02-23 05:04:49,0.03244100,1.71800000
2018-02-23 05:04:52,0.03244100,0.19600000
2018-02-23 05:05:00,0.03246000,1.78400000
2018-02-23 05:05:00,0.03245900,0.07800000
2018-02-23 05:05:00,0.03246000,0.67800000
2018-02-23 05:05:08,0.03250600,0.92300000
2018-02-23 05:05:08,0.03250700,0.30900000
2018-02-23 05:05:08,0.03250900,1.12900000
2018-02-23 05:05:08,0.03251000,4.40100000
2018-02-23 05:05:16,0.03246700,0.04000000
2018-02-23 05:05:20,0.03246900,0.12400000
2018-02-23 05:05:29,0.03244100,1.67200000
2018-02-23 05:05:39,0.03244100,0.37000000
2018-02-23 05:06:04,0.03244100,0.97700000
2018-02-23 05:06:04,0.03242000,0.92500000
2018-02-23 05:06:04,0.03241400,0.76600000
2018-02-23 05:06:09,0.03241900,2.00100000
2018-02-23 05:06:11,0.03246600,0.30200000
2018-02-23 05:06:11,0.03246700,0.92500000
2018-02-23 05:06:11,0.03246800,0.06800000
2018-02-23 05:06:11,0.03246900,0.20500000
2018-02-23 05:06:46,0.03246900,0.14900000
2018-02-23 05:06:47,0.03246700,2.04100000
2018-02-23 05:06:47,0.03246900,0.04900000
2018-02-23 05:06:48,0.03246900,0.69700000
2018-02-23 05:07:17,0.03242500,1.54200000
2018-02-23 05:07:17,0.03242400,0.12400000
2018-02-23 05:07:17,0.03242000,0.30600000
2018-02-23 05:07:21,0.03246700,0.12400000
2018-02-23 05:07:21,0.03246800,0.15900000
2018-02-23 05:07:26,0.03246800,1.30200000
2018-02-23 05:07:26,0.03246900,6.01400000
2018-02-23 05:07:31,0.03242700,0.12400000
2018-02-23 05:07:32,0.03242900,0.12400000
2018-02-23 05:07:37,0.03246500,0.30600000
2018-02-23 05:07:37,0.03246600,0.24800000
2018-02-23 05:07:37,0.03246800,1.83700000
2018-02-23 05:07:40,0.03246800,2.43000000
2018-02-23 05:07:47,0.03246000,0.11500000
2018-02-23 05:07:47,0.03246800,0.47800000
2018-02-23 05:07:47,0.03246900,0.96500000
2018-02-23 05:07:47,0.03246900,0.23800000
2018-02-23 05:07:48,0.03246900,0.59500000
2018-02-23 05:07:51,0.03243800,0.92400000
2018-02-23 05:07:51,0.03243700,3.08000000
2018-02-23 05:07:51,0.03243500,0.33900000
2018-02-23 05:07:51,0.03243400,0.12400000
2018-02-23 05:07:51,0.03243200,2.97900000
2018-02-23 05:07:56,0.03242900,1.78300000
2018-02-23 05:07:56,0.03242900,1.65000000
2018-02-23 05:07:56,0.03242900,1.49300000
2018-02-23 05:07:57,0.03242900,1.32800000
2018-02-23 05:07:57,0.03242900,0.25600000
2018-02-23 05:08:03,0.03241900,0.12400000
2018-02-23 05:08:05,0.03241400,0.10100000
2018-02-23 05:08:06,0.03241400,0.01400000
2018-02-23 05:08:13,0.03240600,0.07700000
2018-02-23 05:08:15,0.03240000,0.42100000
2018-02-23 05:08:22,0.03239000,0.33000000
2018-02-23 05:08:23,0.03238900,0.12900000
2018-02-23 05:08:27,0.03231300,3.09400000
2018-02-23 05:08:27,0.03230200,0.06600000
2018-02-23 05:08:31,0.03237000,0.14200000
2018-02-23 05:08:31,0.03237000,0.16900000
2018-02-23 05:08:35,0.03236200,3.09400000
2018-02-23 05:08:35,0.03236400,0.92400000
2018-02-23 05:08:35,0.03236700,2.90200000
2018-02-23 05:08:35,0.03237000,6.74300000
2018-02-23 05:08:36,0.03236100,0.24800000
2018-02-23 05:08:36,0.03237000,0.54200000
2018-02-23 05:08:36,0.03236100,0.21000000
2018-02-23 05:08:37,0.03240000,0.33100000
2018-02-23 05:08:39,0.03231600,0.98400000
2018-02-23 05:08:59,0.03236800,0.72400000
2018-02-23 05:09:08,0.03239800,0.06800000
2018-02-23 05:09:09,0.03239800,0.06800000
2018-02-23 05:09:12,0.03239200,1.57200000
2018-02-23 05:09:12,0.03239400,2.96500000
2018-02-23 05:09:12,0.03240000,0.55900000
2018-02-23 05:09:29,0.03241600,0.16300000
2018-02-23 05:09:57,0.03246300,0.25700000
2018-02-23 05:09:57,0.03246900,0.07400000
2018-02-23 05:09:57,0.03249300,0.01400000
2018-02-23 05:10:05,0.03246100,0.06700000
2018-02-23 05:10:17,0.03242000,0.12400000
2018-02-23 05:10:17,0.03241800,0.11600000
2018-02-23 05:10:27,0.03245700,0.06800000
2018-02-23 05:10:46,0.03245600,0.06800000
2018-02-23 05:10:59,0.03245800,0.06800000
2018-02-23 05:10:59,0.03245900,0.12400000
2018-02-23 05:10:59,0.03249300,0.11100000
2018-02-23 05:11:04,0.03249300,1.11800000
2018-02-23 05:11:18,0.03249300,0.01000000
2018-02-23 05:11:36,0.03247200,0.60400000
2018-02-23 05:11:36,0.03247000,0.30700000
2018-02-23 05:11:36,0.03246600,0.15400000
2018-02-23 05:11:36,0.03245800,0.32200000
2018-02-23 05:11:36,0.03245700,0.12400000
2018-02-23 05:11:36,0.03244400,0.50900000
2018-02-23 05:11:44,0.03242900,2.17700000
2018-02-23 05:11:48,0.03248300,0.12100000
2018-02-23 05:12:20,0.03247700,2.20500000
2018-02-23 05:12:20,0.03247900,0.38800000
2018-02-23 05:12:20,0.03248000,0.11600000
2018-02-23 05:12:22,0.03248000,0.06000000
2018-02-23 05:12:22,0.03248000,0.92300000
2018-02-23 05:12:37,0.03248000,0.64100000
2018-02-23 05:12:37,0.03248000,0.12800000
2018-02-23 05:12:37,0.03242100,0.14700000
2018-02-23 05:12:37,0.03241800,0.62200000
2018-02-23 05:12:37,0.03241800,0.92500000
2018-02-23 05:12:37,0.03241800,2.62700000
2018-02-23 05:12:37,0.03241800,0.38300000
2018-02-23 05:12:38,0.03236800,0.89700000
2018-02-23 05:12:38,0.03241700,0.14700000
2018-02-23 05:12:38,0.03241800,0.72500000
2018-02-23 05:12:38,0.03236900,0.76800000
2018-02-23 05:12:39,0.03242000,0.12400000
2018-02-23 05:12:40,0.03237200,0.34200000
2018-02-23 05:12:41,0.03236600,0.31200000
2018-02-23 05:12:41,0.03236600,0.45700000
2018-02-23 05:12:41,0.03237000,0.89700000
2018-02-23 05:12:41,0.03237200,0.42700000
2018-02-23 05:12:42,0.03236700,0.76900000
2018-02-23 05:12:43,0.03236700,0.76900000
2018-02-23 05:12:44,0.03236900,0.12700000
2018-02-23 05:12:53,0.03242700,0.76800000
2018-02-23 05:12:53,0.03242800,0.34200000
2018-02-23 05:12:53,0.03243500,0.12400000
2018-02-23 05:12:53,0.03243700,0.64100000
2018-02-23 05:13:04,0.03240700,0.19500000
2018-02-23 05:13:05,0.03241000,0.92500000
2018-02-23 05:13:05,0.03241000,0.42800000
2018-02-23 05:13:05,0.03240900,0.92500000
2018-02-23 05:13:06,0.03240600,0.12400000
2018-02-23 05:13:06,0.03237000,0.30400000
2018-02-23 05:13:06,0.03240700,3.08600000
2018-02-23 05:13:06,0.03240900,0.42900000
2018-02-23 05:13:09,0.03246800,0.11200000
2018-02-23 05:13:09,0.03246800,0.06800000
2018-02-23 05:13:14,0.03246400,0.06800000
2018-02-23 05:13:18,0.03246200,0.06800000
2018-02-23 05:13:57,0.03238900,0.72200000
2018-02-23 05:14:04,0.03239100,0.12400000
2018-02-23 05:14:04,0.03239000,4.75600000
2018-02-23 05:14:08,0.03237800,0.01000000
2018-02-23 05:14:08,0.03238500,0.06800000
2018-02-23 05:14:11,0.03237800,0.26000000
2018-02-23 05:14:12,0.03237800,0.34200000
2018-02-23 05:14:12,0.03237800,0.35700000
2018-02-23 05:14:17,0.03237600,0.65400000
2018-02-23 05:14:17,0.03237800,0.24200000
2018-02-23 05:14:17,0.03238100,0.08000000
2018-02-23 05:14:17,0.03238900,1.30500000
2018-02-23 05:14:18,0.03238900,1.12000000
2018-02-23 05:14:24,0.03238900,5.56100000
2018-02-23 05:14:28,0.03238900,0.12500000
2018-02-23 05:14:35,0.03238900,1.16000000
2018-02-23 05:14:35,0.03238900,2.01800000
2018-02-23 05:14:35,0.03238900,0.93700000
2018-02-23 05:14:38,0.03237600,3.08600000
2018-02-23 05:14:38,0.03237400,0.34000000
2018-02-23 05:14:39,0.03237100,0.05200000
2018-02-23 05:14:39,0.03237200,3.08600000
2018-02-23 05:14:39,0.03237400,2.68400000
2018-02-23 05:14:39,0.03237400,3.44600000
2018-02-23 05:14:39,0.03237400,4.18500000
2018-02-23 05:14:39,0.03237400,1.15000000
2018-02-23 05:14:50,0.03242800,0.92500000
2018-02-23 05:14:50,0.03242900,0.34000000
2018-02-23 05:14:50,0.03243700,0.12400000
2018-02-23 05:14:50,0.03243700,0.38800000
2018-02-23 05:14:50,0.03243700,0.25600000
2018-02-23 05:14:50,0.03237300,0.05100000
2018-02-23 05:14:50,0.03237400,0.25600000
2018-02-23 05:14:51,0.03243000,7.09700000
2018-02-23 05:14:51,0.03237700,1.56300000
2018-02-23 05:14:51,0.03237400,0.80400000
2018-02-23 05:14:51,0.03237400,0.92500000
2018-02-23 05:14:55,0.03244600,0.06800000
2018-02-23 05:14:57,0.03244500,0.06900000
2018-02-23 05:14:58,0.03244400,0.43100000
2018-02-23 05:14:58,0.03244500,1.49400000
2018-02-23 05:14:58,0.03244900,1.55300000
2018-02-23 05:14:58,0.03244900,2.09900000
2018-02-23 05:14:58,0.03244900,0.92300000
2018-02-23 05:14:58,0.03244900,0.26000000
2018-02-23 05:14:58,0.03244900,0.33300000
2018-02-23 05:15:06,0.03244800,0.50000000
2018-02-23 05:15:21,0.03242100,0.10200000
2018-02-23 05:15:25,0.03242100,0.02100000
2018-02-23 05:15:39,0.03240500,0.12400000
2018-02-23 05:15:39,0.03241900,0.12400000
2018-02-23 05:15:39,0.03244700,0.89700000
2018-02-23 05:15:39,0.03244800,1.33700000
2018-02-23 05:15:39,0.03244900,6.10700000
2018-02-23 05:15:39,0.03244900,3.74000000
2018-02-23 05:15:39,0.03244900,1.95500000
2018-02-23 05:15:39,0.03244900,1.02700000
2018-02-23 05:15:39,0.03244900,0.49400000
2018-02-23 05:15:49,0.03244800,0.36900000
2018-02-23 05:15:49,0.03244800,0.92400000
2018-02-23 05:15:49,0.03244800,0.92400000
2018-02-23 05:15:49,0.03244800,0.47600000
2018-02-23 05:15:49,0.03242300,0.12400000
2018-02-23 05:15:49,0.03242100,0.50600000
2018-02-23 05:15:49,0.03240800,0.10800000
2018-02-23 05:15:49,0.03240800,0.47600000
2018-02-23 05:15:49,0.03240800,0.34100000
2018-02-23 05:15:49,0.03239600,0.13400000
2018-02-23 05:15:52,0.03239900,0.16400000
2018-02-23 05:15:53,0.03244600,0.31600000
2018-02-23 05:15:54,0.03240000,0.92500000
2018-02-23 05:16:08,0.03244200,0.30800000
2018-02-23 05:16:08,0.03244200,0.47200000
2018-02-23 05:16:08,0.03244200,0.47000000
2018-02-23 05:16:08,0.03244200,0.85600000
2018-02-23 05:16:08,0.03240000,0.92400000
2018-02-23 05:16:11,0.03240000,7.87600000
2018-02-23 05:16:11,0.03240000,0.12400000
2018-02-23 05:16:11,0.03240000,1.20200000
2018-02-23 05:16:12,0.03240000,3.46100000
2018-02-23 05:16:20,0.03240000,1.83600000
2018-02-23 05:16:31,0.03240000,1.53800000
2018-02-23 05:16:31,0.03237400,0.10000000
2018-02-23 05:16:37,0.03237400,3.91400000
2018-02-23 05:16:40,0.03240000,3.53100000
2018-02-23 05:16:43,0.03237300,1.78800000
2018-02-23 05:16:44,0.03237300,3.00200000
2018-02-23 05:17:02,0.03237300,1.81700000
2018-02-23 05:17:05,0.03237300,1.68100000
2018-02-23 05:17:05,0.03237300,5.45300000
2018-02-23 05:17:11,0.03237300,5.60800000
2018-02-23 05:17:16,0.03234600,3.09100000
2018-02-23 05:17:16,0.03234400,1.85300000
2018-02-23 05:17:16,0.03234200,0.11500000
2018-02-23 05:17:27,0.03235600,0.07700000
2018-02-23 05:17:28,0.03230700,0.42900000
2018-02-23 05:17:28,0.03230700,0.32900000
2018-02-23 05:17:28,0.03230700,0.32900000
2018-02-23 05:17:28,0.03230700,0.45100000
2018-02-23 05:17:28,0.03234000,0.39100000
2018-02-23 05:17:33,0.03233600,0.13400000
2018-02-23 05:17:33,0.03233700,0.71000000
2018-02-23 05:17:33,0.03233700,0.00700000
2018-02-23 05:17:41,0.03233400,0.04800000
2018-02-23 05:17:45,0.03230700,0.12400000
2018-02-23 05:17:45,0.03230500,0.61600000
2018-02-23 05:17:45,0.03230500,0.37400000
2018-02-23 05:17:45,0.03230500,0.37400000
2018-02-23 05:17:45,0.03230300,0.84800000
2018-02-23 05:17:45,0.03230300,0.37400000
2018-02-23 05:17:45,0.03230300,0.37400000
2018-02-23 05:17:45,0.03230300,0.26200000
2018-02-23 05:17:45,0.03230500,0.18400000
2018-02-23 05:17:45,0.03233200,0.12400000
2018-02-23 05:17:45,0.03233600,0.32000000
2018-02-23 05:18:01,0.03230900,0.12400000
2018-02-23 05:18:01,0.03230200,4.28900000
2018-02-23 05:18:01,0.03230000,0.92700000
2018-02-23 05:18:01,0.03228800,0.18600000
2018-02-23 05:18:01,0.03230000,0.92700000
2018-02-23 05:18:01,0.03230000,0.92700000
2018-02-23 05:18:01,0.03223000,0.12100000
2018-02-23 05:18:01,0.03230000,0.92700000
2018-02-23 05:18:01,0.03230000,1.28900000
2018-02-23 05:18:01,0.03230000,0.92700000
2018-02-23 05:18:01,0.03230000,0.92800000
2018-02-23 05:18:02,0.03230000,1.72100000
2018-02-23 05:18:03,0.03230000,0.92700000
2018-02-23 05:18:06,0.03229900,0.60900000
2018-02-23 05:18:07,0.03229800,0.24800000
2018-02-23 05:18:07,0.03230000,0.67900000
2018-02-23 05:18:07,0.03230000,0.92800000
2018-02-23 05:18:07,0.03230000,0.92800000
2018-02-23 05:18:07,0.03230000,0.92800000
2018-02-23 05:18:07,0.03230000,0.92800000
2018-02-23 05:18:07,0.03230000,0.90500000
2018-02-23 05:18:07,0.03230000,0.90500000
2018-02-23 05:18:07,0.03224400,0.90500000
2018-02-23 05:18:09,0.03229800,0.10800000
2018-02-23 05:18:09,0.03230000,0.07000000
2018-02-23 05:18:12,0.03225300,0.48000000
2018-02-23 05:18:23,0.03227000,0.18200000
2018-02-23 05:18:23,0.03225700,0.15500000
2018-02-23 05:18:23,0.03225300,0.11000000
2018-02-23 05:18:23,0.03225100,0.14200000
2018-02-23 05:18:23,0.03224500,0.93000000
2018-02-23 05:18:23,0.03224200,0.14200000
2018-02-23 05:18:23,0.03222800,0.15500000
2018-02-23 05:18:23,0.03221600,0.59900000
2018-02-23 05:18:23,0.03221500,0.08000000
2018-02-23 05:18:23,0.03220000,2.57700000
2018-02-23 05:18:27,0.03221100,0.20600000
2018-02-23 05:18:29,0.03221300,0.45400000
2018-02-23 05:18:31,0.03228400,0.04600000
2018-02-23 05:18:32,0.03220300,1.14000000
2018-02-23 05:18:48,0.03224800,0.31000000
2018-02-23 05:18:48,0.03221300,0.44100000
2018-02-23 05:18:49,0.03221300,0.01800000
2018-02-23 05:18:49,0.03220300,0.89300000
2018-02-23 05:18:51,0.03223600,0.31000000
2018-02-23 05:18:56,0.03222700,0.07800000
2018-02-23 05:18:56,0.03220700,0.12800000
2018-02-23 05:18:56,0.03220500,0.12800000
2018-02-23 05:18:57,0.03220300,0.25900000
2018-02-23 05:18:57,0.03220300,0.12400000
2018-02-23 05:18:57,0.03220300,0.37900000
2018-02-23 05:18:57,0.03220500,0.06000000
2018-02-23 05:19:01,0.03222500,0.45400000
2018-02-23 05:19:01,0.03222600,0.08000000
2018-02-23 05:19:02,0.03222600,0.07800000
2018-02-23 05:19:03,0.03222600,0.04800000
2018-02-23 05:19:08,0.03222800,0.12800000
2018-02-23 05:19:08,0.03223700,0.11300000
2018-02-23 05:19:12,0.03223700,0.01500000
2018-02-23 05:19:21,0.03224200,0.32500000
2018-02-23 05:19:27,0.03229700,0.67100000
2018-02-23 05:19:29,0.03229500,0.21600000
2018-02-23 05:19:34,0.03229500,0.06200000
2018-02-23 05:19:37,0.03229500,0.04700000
2018-02-23 05:19:37,0.03229500,0.15500000
2018-02-23 05:19:37,0.03229500,0.01800000
2018-02-23 05:19:37,0.03225300,0.12800000
2018-02-23 05:19:37,0.03229300,0.12800000
2018-02-23 05:19:38,0.03229500,1.21500000
2018-02-23 05:19:49,0.03228900,0.07700000
2018-02-23 05:19:56,0.03228500,1.12900000
2018-02-23 05:19:56,0.03228900,0.07600000
2018-02-23 05:19:56,0.03229500,0.67500000
2018-02-23 05:19:56,0.03229500,0.13500000
2018-02-23 05:19:56,0.03226000,0.67500000
2018-02-23 05:19:56,0.03226000,0.81000000
2018-02-23 05:20:03,0.03226000,0.92900000
2018-02-23 05:20:03,0.03226000,0.55800000
2018-02-23 05:20:03,0.03226000,0.41900000
2018-02-23 05:20:04,0.03225300,0.12700000
2018-02-23 05:20:10,0.03229300,0.09300000
2018-02-23 05:20:17,0.03225400,0.67000000
2018-02-23 05:20:20,0.03225300,0.03300000
2018-02-23 05:20:20,0.03225100,1.42600000
2018-02-23 05:20:24,0.03225100,0.93000000
2018-02-23 05:20:26,0.03225100,0.57300000
2018-02-23 05:20:26,0.03224400,0.41100000
2018-02-23 05:20:26,0.03220700,0.07900000
2018-02-23 05:20:26,0.03220600,4.54300000
2018-02-23 05:20:35,0.03228300,0.05900000
2018-02-23 05:20:40,0.03223200,0.12000000
2018-02-23 05:20:41,0.03223200,2.98400000
2018-02-23 05:20:41,0.03223100,0.12800000
2018-02-23 05:20:41,0.03220600,1.22000000
2018-02-23 05:20:42,0.03223300,0.09300000
2018-02-23 05:20:42,0.03223300,0.11200000
2018-02-23 05:20:42,0.03223300,0.14100000
2018-02-23 05:20:42,0.03220600,0.00800000
2018-02-23 05:20:42,0.03220000,0.33800000
2018-02-23 05:20:42,0.03220000,10.07000000
2018-02-23 05:20:42,0.03220000,1.61800000
2018-02-23 05:20:42,0.03219800,0.18600000
2018-02-23 05:20:42,0.03219700,0.30600000
2018-02-23 05:20:42,0.03223100,0.18700000
2018-02-23 05:20:42,0.03219700,0.93000000
2018-02-23 05:20:42,0.03219700,0.18300000
2018-02-23 05:20:44,0.03219700,7.84600000
2018-02-23 05:20:44,0.03219700,1.89300000
2018-02-23 05:20:44,0.03219600,0.46600000
2018-02-23 05:20:45,0.03219900,0.12800000
2018-02-23 05:20:45,0.03218000,0.09300000
2018-02-23 05:20:47,0.03220000,0.12500000
2018-02-23 05:20:48,0.03222300,0.03700000
2018-02-23 05:20:50,0.03216900,0.12800000
2018-02-23 05:20:50,0.03216700,0.31100000
2018-02-23 05:20:50,0.03216200,0.52900000
2018-02-23 05:20:50,0.03216100,0.40400000
2018-02-23 05:20:50,0.03215800,1.05800000
2018-02-23 05:20:50,0.03215500,0.28600000
2018-02-23 05:20:56,0.03215500,0.02500000
2018-02-23 05:20:56,0.03215000,0.94200000
2018-02-23 05:20:57,0.03215000,9.73600000
2018-02-23 05:20:59,0.03215300,0.07800000
2018-02-23 05:21:00,0.03215300,0.07500000
2018-02-23 05:21:00,0.03215100,1.61700000
2018-02-23 05:21:00,0.03215000,4.69800000
2018-02-23 05:21:00,0.03215300,3.04400000
2018-02-23 05:21:04,0.03215500,0.09300000
2018-02-23 05:21:07,0.03215300,0.17600000
2018-02-23 05:21:07,0.03215300,0.38900000
2018-02-23 05:21:10,0.03215300,0.16300000
2018-02-23 05:21:10,0.03215300,0.15500000
2018-02-23 05:21:12,0.03215400,0.00300000
2018-02-23 05:21:13,0.03215300,1.60600000
2018-02-23 05:21:14,0.03215300,0.34300000
2018-02-23 05:21:14,0.03215300,0.19400000
2018-02-23 05:21:16,0.03215400,0.15200000
2018-02-23 05:21:16,0.03215500,0.25000000
2018-02-23 05:21:17,0.03215700,0.34300000
2018-02-23 05:21:21,0.03220400,0.21700000
2018-02-23 05:21:23,0.03220200,0.15400000
2018-02-23 05:21:27,0.03215900,0.12800000
2018-02-23 05:21:27,0.03215700,0.34400000
2018-02-23 05:21:27,0.03219600,0.18900000
2018-02-23 05:21:33,0.03216100,0.03300000
2018-02-23 05:21:34,0.03219500,0.12900000
2018-02-23 05:21:34,0.03220200,0.12800000
2018-02-23 05:21:34,0.03220700,0.67000000
2018-02-23 05:21:38,0.03220700,1.06300000
2018-02-23 05:21:41,0.03220700,6.36700000
2018-02-23 05:21:41,0.03216100,0.09500000
2018-02-23 05:21:41,0.03215500,2.15000000
2018-02-23 05:21:42,0.03215500,1.03100000
2018-02-23 05:21:43,0.03215500,1.09300000
2018-02-23 05:21:43,0.03215300,0.90900000
2018-02-23 05:21:45,0.03215700,0.12800000
2018-02-23 05:21:45,0.03215300,1.99300000
2018-02-23 05:21:51,0.03219200,0.06800000
2018-02-23 05:21:54,0.03219200,0.06000000
2018-02-23 05:22:05,0.03219400,0.12800000
2018-02-23 05:22:11,0.03221600,0.07800000
2018-02-23 05:22:17,0.03221600,0.07700000
2018-02-23 05:22:18,0.03221400,0.22000000
2018-02-23 05:22:22,0.03221400,1.66000000
2018-02-23 05:22:22,0.03221600,0.90700000
2018-02-23 05:22:23,0.03221600,0.10600000
2018-02-23 05:22:24,0.03219600,0.12800000
2018-02-23 05:22:24,0.03219400,0.72500000
2018-02-23 05:22:25,0.03221400,0.12800000
2018-02-23 05:22:25,0.03221600,0.60500000
2018-02-23 05:22:26,0.03219800,0.12800000
2018-02-23 05:22:35,0.03221600,2.90000000
2018-02-23 05:22:45,0.03221600,0.39900000
2018-02-23 05:22:49,0.03217300,0.37400000
2018-02-23 05:22:49,0.03217300,0.14200000
2018-02-23 05:22:50,0.03217500,0.12800000
2018-02-23 05:22:50,0.03217300,0.01400000
2018-02-23 05:22:58,0.03217900,0.15500000
2018-02-23 05:22:58,0.03217800,0.13000000
2018-02-23 05:22:58,0.03217300,0.50100000
2018-02-23 05:23:00,0.03217000,0.93200000
2018-02-23 05:23:00,0.03215900,0.48400000
2018-02-23 05:23:00,0.03215800,5.76400000
2018-02-23 05:23:00,0.03215300,0.93100000
2018-02-23 05:23:00,0.03215000,5.12500000
2018-02-23 05:23:00,0.03215000,7.27500000
2018-02-23 05:23:00,0.03215000,0.83700000
2018-02-23 05:23:00,0.03214700,0.09300000
2018-02-23 05:23:01,0.03217300,0.13200000
2018-02-23 05:23:01,0.03217300,0.37300000
2018-02-23 05:23:01,0.03217300,0.09600000
2018-02-23 05:23:03,0.03213200,0.17100000
2018-02-23 05:23:04,0.03213000,1.00100000
2018-02-23 05:23:04,0.03212800,0.10800000
2018-02-23 05:23:04,0.03212800,0.16200000
2018-02-23 05:23:04,0.03214500,0.28000000
2018-02-23 05:23:05,0.03214500,0.13700000
2018-02-23 05:23:05,0.03212600,0.62200000
2018-02-23 05:23:05,0.03212400,0.48400000
2018-02-23 05:23:10,0.03214500,0.07800000
2018-02-23 05:23:13,0.03214500,1.85800000
2018-02-23 05:23:13,0.03217300,21.00300000
2018-02-23 05:23:15,0.03214500,0.61300000
2018-02-23 05:23:16,0.03214500,0.37300000
2018-02-23 05:23:18,0.03214500,0.11400000
2018-02-23 05:23:24,0.03219000,0.86100000
2018-02-23 05:23:27,0.03217300,0.11100000
2018-02-23 05:23:33,0.03214500,0.06200000
2018-02-23 05:23:35,0.03212400,3.25200000
2018-02-23 05:23:35,0.03211200,0.19400000
2018-02-23 05:23:35,0.03210700,0.07200000
2018-02-23 05:23:35,0.03210300,0.00200000
2018-02-23 05:23:38,0.03214500,0.11200000
2018-02-23 05:23:45,0.03210300,0.07600000
2018-02-23 05:23:46,0.03210300,0.23300000
2018-02-23 05:23:46,0.03210200,5.32600000
2018-02-23 05:23:49,0.03214500,0.07800000
2018-02-23 05:23:50,0.03210200,1.30000000
2018-02-23 05:23:57,0.03213400,0.04400000
2018-02-23 05:23:57,0.03210200,4.40000000
2018-02-23 05:23:57,0.03210200,1.37800000
2018-02-23 05:23:57,0.03210200,0.07800000
2018-02-23 05:23:58,0.03210200,0.03000000
2018-02-23 05:24:01,0.03210000,7.10100000
2018-02-23 05:24:01,0.03210200,2.38900000
2018-02-23 05:24:02,0.03210200,0.04000000
2018-02-23 05:24:02,0.03210200,0.06200000
2018-02-23 05:24:02,0.03210200,5.93700000
2018-02-23 05:24:02,0.03210000,0.57500000
2018-02-23 05:24:02,0.03209800,0.18600000
2018-02-23 05:24:04,0.03210200,1.50000000
2018-02-23 05:24:04,0.03210200,0.13400000
2018-02-23 05:24:04,0.03210200,0.06900000
2018-02-23 05:24:05,0.03210200,0.21200000
2018-02-23 05:24:05,0.03210200,0.06200000
2018-02-23 05:24:07,0.03208100,0.12500000
2018-02-23 05:24:07,0.03207700,0.31200000
2018-02-23 05:24:07,0.03207000,0.99800000
2018-02-23 05:24:07,0.03206900,0.03400000
2018-02-23 05:24:18,0.03206900,0.18100000
2018-02-23 05:24:19,0.03206900,0.09400000
2018-02-23 05:24:19,0.03205500,0.34800000
2018-02-23 05:24:19,0.03202800,0.17900000
2018-02-23 05:24:19,0.03202000,0.67000000
2018-02-23 05:24:20,0.03202000,0.12400000
2018-02-23 05:24:20,0.03201000,0.22400000
2018-02-23 05:24:20,0.03202200,3.12200000
2018-02-23 05:24:20,0.03206900,0.09400000
2018-02-23 05:24:22,0.03206400,1.24700000
2018-02-23 05:24:23,0.03206400,0.03700000
2018-02-23 05:24:23,0.03206400,0.05500000
2018-02-23 05:24:23,0.03206400,0.07800000
2018-02-23 05:24:24,0.03200700,0.34700000
2018-02-23 05:24:24,0.03200600,0.31200000
2018-02-23 05:24:26,0.03205800,0.09400000
2018-02-23 05:24:27,0.03205800,0.07800000
2018-02-23 05:24:27,0.03205700,0.09400000
2018-02-23 05:24:28,0.03205500,0.46800000
2018-02-23 05:24:29,0.03205500,0.09400000
2018-02-23 05:24:32,0.03200600,0.07500000
2018-02-23 05:24:32,0.03204600,0.18700000
2018-02-23 05:24:33,0.03204600,0.18700000
2018-02-23 05:24:35,0.03204300,0.07800000
2018-02-23 05:24:36,0.03204300,0.07800000
2018-02-23 05:24:37,0.03202700,0.10000000
2018-02-23 05:24:38,0.03202500,0.07800000
2018-02-23 05:24:39,0.03202500,0.31200000
2018-02-23 05:24:39,0.03202400,0.07800000
2018-02-23 05:24:39,0.03202400,0.09400000
2018-02-23 05:24:40,0.03202400,0.17500000
2018-02-23 05:24:40,0.03202700,0.44200000
2018-02-23 05:24:41,0.03204300,0.26400000
2018-02-23 05:24:43,0.03204300,0.13600000
2018-02-23 05:24:47,0.03200600,0.12800000
2018-02-23 05:24:47,0.03200000,5.08700000
2018-02-23 05:24:47,0.03198900,0.18600000
2018-02-23 05:24:47,0.03197700,0.24300000
2018-02-23 05:24:47,0.03196500,0.37600000
2018-02-23 05:24:47,0.03195700,0.12100000
2018-02-23 05:24:47,0.03195000,0.26600000
2018-02-23 05:24:47,0.03194900,0.05000000
2018-02-23 05:24:47,0.03194000,0.04700000
2018-02-23 05:24:47,0.03193400,0.31300000
2018-02-23 05:24:47,0.03192300,0.14000000
2018-02-23 05:24:47,0.03191700,0.74100000
2018-02-23 05:24:47,0.03191600,0.11600000
2018-02-23 05:24:47,0.03191500,0.09300000
2018-02-23 05:24:47,0.03190100,0.78400000
2018-02-23 05:24:47,0.03190000,21.17400000
2018-02-23 05:24:47,0.03190000,0.18500000
2018-02-23 05:24:47,0.03188800,1.16700000
2018-02-23 05:24:47,0.03188400,0.14800000
2018-02-23 05:24:47,0.03188400,0.18900000
2018-02-23 05:24:47,0.03187500,0.51200000
2018-02-23 05:24:47,0.03200600,0.10900000
2018-02-23 05:24:48,0.03200500,0.77100000
2018-02-23 05:24:48,0.03200600,1.23300000
2018-02-23 05:24:48,0.03202700,1.60000000
2018-02-23 05:24:48,0.03204300,2.52000000
2018-02-23 05:24:51,0.03196700,1.57200000
2018-02-23 05:24:51,0.03196400,0.10000000
2018-02-23 05:24:51,0.03195700,0.93800000
2018-02-23 05:24:51,0.03189700,0.15600000
2018-02-23 05:24:51,0.03188700,0.38000000
2018-02-23 05:24:51,0.03188600,0.10900000
2018-02-23 05:24:51,0.03187500,4.37600000
2018-02-23 05:24:51,0.03200600,0.11600000
2018-02-23 05:24:55,0.03203900,0.09400000
2018-02-23 05:24:57,0.03203800,0.15600000
2018-02-23 05:24:57,0.03203800,0.03400000
2018-02-23 05:24:57,0.03203800,0.46800000
2018-02-23 05:25:01,0.03203600,0.62200000
2018-02-23 05:25:03,0.03200600,0.13900000
2018-02-23 05:25:04,0.03203500,0.15900000
2018-02-23 05:25:05,0.03203400,0.95000000
2018-02-23 05:25:05,0.03203500,1.15400000
2018-02-23 05:25:06,0.03203500,0.12500000
2018-02-23 05:25:07,0.03203400,0.06600000
2018-02-23 05:25:07,0.03203400,0.08900000
2018-02-23 05:25:07,0.03203500,0.06700000
2018-02-23 05:25:07,0.03203500,0.18300000
2018-02-23 05:25:08,0.03200600,0.00100000
2018-02-23 05:25:08,0.03200600,0.49300000
2018-02-23 05:25:08,0.03203500,1.19000000
2018-02-23 05:25:08,0.03203500,1.73500000
2018-02-23 05:25:10,0.03199800,0.31300000
2018-02-23 05:25:10,0.03198500,0.37700000
2018-02-23 05:25:10,0.03197900,0.18600000
2018-02-23 05:25:10,0.03197500,0.17300000
2018-02-23 05:25:10,0.03197200,1.14300000
2018-02-23 05:25:10,0.03188600,0.82200000
2018-02-23 05:25:11,0.03203400,0.69300000
2018-02-23 05:25:11,0.03203500,1.54800000
2018-02-23 05:25:11,0.03203500,0.78800000
2018-02-23 05:25:11,0.03203500,2.11700000
2018-02-23 05:25:11,0.03203500,1.96300000
2018-02-23 05:25:13,0.03203200,0.25000000
2018-02-23 05:25:14,0.03203200,0.12700000
2018-02-23 05:25:14,0.03203400,0.16300000
2018-02-23 05:25:14,0.03203100,0.10100000
2018-02-23 05:25:15,0.03203100,0.14700000
2018-02-23 05:25:15,0.03203100,0.09700000
2018-02-23 05:25:16,0.03194100,3.00000000
2018-02-23 05:25:20,0.03203100,0.09100000
2018-02-23 05:25:22,0.03203100,0.85800000
2018-02-23 05:25:24,0.03195900,0.13100000
2018-02-23 05:25:24,0.03195700,0.93800000
2018-02-23 05:25:24,0.03195300,3.12900000
2018-02-23 05:25:24,0.03195300,0.93700000
2018-02-23 05:25:24,0.03195300,1.07500000
2018-02-23 05:25:26,0.03203400,0.15600000
2018-02-23 05:25:26,0.03203400,0.04700000
2018-02-23 05:25:27,0.03203100,1.34800000
2018-02-23 05:25:27,0.03203100,1.32100000
2018-02-23 05:25:28,0.03203100,0.07800000
2018-02-23 05:25:29,0.03203100,0.09400000
2018-02-23 05:25:29,0.03195800,0.01800000
2018-02-23 05:25:30,0.03202800,0.13800000
2018-02-23 05:25:30,0.03203000,0.93800000
2018-02-23 05:25:30,0.03203100,0.76900000
2018-02-23 05:25:30,0.03203100,0.09400000
2018-02-23 05:25:34,0.03203100,0.04100000
2018-02-23 05:25:35,0.03203000,0.03700000
2018-02-23 05:25:38,0.03203000,0.10000000
2018-02-23 05:25:39,0.03202000,0.03700000
2018-02-23 05:25:43,0.03202000,3.74400000
2018-02-23 05:25:43,0.03197900,0.05000000
2018-02-23 05:25:43,0.03197900,0.07800000
2018-02-23 05:25:43,0.03197700,0.76100000
2018-02-23 05:25:48,0.03197700,0.06100000
2018-02-23 05:25:51,0.03197700,0.06200000
2018-02-23 05:25:53,0.03196900,0.10000000
2018-02-23 05:25:53,0.03196200,0.12800000
2018-02-23 05:25:53,0.03195400,0.17700000
2018-02-23 05:25:53,0.03195300,0.33200000
2018-02-23 05:25:54,0.03194100,0.33200000
2018-02-23 05:25:55,0.03195300,0.07800000
2018-02-23 05:25:56,0.03195300,0.06700000
2018-02-23 05:25:56,0.03195300,0.49200000
2018-02-23 05:25:57,0.03194100,2.13800000
2018-02-23 05:25:57,0.03197500,0.12800000
2018-02-23 05:25:57,0.03194200,1.98000000
2018-02-23 05:25:58,0.03195200,0.25600000
2018-02-23 05:26:03,0.03201600,0.07800000
2018-02-23 05:26:04,0.03201600,0.21900000
2018-02-23 05:26:04,0.03195300,3.12700000
2018-02-23 05:26:04,0.03201600,0.14100000
2018-02-23 05:26:06,0.03201100,0.14100000
2018-02-23 05:26:06,0.03195100,0.14400000
2018-02-23 05:26:06,0.03195100,0.19000000
2018-02-23 05:26:06,0.03194100,2.03700000
2018-02-23 05:26:11,0.03194100,5.76300000
2018-02-23 05:26:12,0.03199900,0.46900000
2018-02-23 05:26:12,0.03197100,0.07400000
2018-02-23 05:26:12,0.03197100,0.02600000
2018-02-23 05:26:12,0.03194300,0.07400000
2018-02-23 05:26:13,0.03199500,0.01700000
2018-02-23 05:26:17,0.03198900,0.09400000
2018-02-23 05:26:19,0.03196600,0.10000000
2018-02-23 05:26:20,0.03198300,0.07800000
2018-02-23 05:26:23,0.03197700,0.11100000
2018-02-23 05:26:26,0.03197100,0.15600000
2018-02-23 05:26:29,0.03195600,0.10000000
2018-02-23 05:26:30,0.03196200,0.13800000
2018-02-23 05:26:31,0.03194700,0.12800000
2018-02-23 05:26:31,0.03194500,0.07100000
2018-02-23 05:26:33,0.03194500,0.05700000
2018-02-23 05:26:33,0.03194300,0.05400000
2018-02-23 05:26:34,0.03194200,0.62000000
2018-02-23 05:26:34,0.03194100,0.77500000
2018-02-23 05:26:35,0.03194000,0.55400000
2018-02-23 05:26:35,0.03190500,3.04500000
2018-02-23 05:26:35,0.03190300,0.10900000
2018-02-23 05:26:36,0.03190100,0.43200000
2018-02-23 05:26:37,0.03190100,0.10800000
2018-02-23 05:26:37,0.03190300,0.77500000
2018-02-23 05:26:37,0.03190000,0.18100000
2018-02-23 05:26:38,0.03190000,0.15300000
2018-02-23 05:26:39,0.03194100,0.12500000
2018-02-23 05:26:39,0.03194100,0.14500000
2018-02-23 05:26:40,0.03193800,0.06800000
2018-02-23 05:26:41,0.03193800,0.20500000
2018-02-23 05:26:42,0.03193800,0.25600000
2018-02-23 05:26:43,0.03193800,0.30800000
2018-02-23 05:26:43,0.03193800,0.24400000
2018-02-23 05:26:46,0.03193700,0.16200000
2018-02-23 05:26:50,0.03193700,0.09400000
2018-02-23 05:26:51,0.03190100,0.35900000
2018-02-23 05:26:51,0.03190100,0.33600000
2018-02-23 05:26:51,0.03190100,0.33600000
2018-02-23 05:26:51,0.03190100,0.29600000
2018-02-23 05:26:51,0.03190100,0.07400000
2018-02-23 05:26:52,0.03190100,0.94900000
2018-02-23 05:26:53,0.03193700,0.16200000
2018-02-23 05:26:55,0.03193700,0.16200000
2018-02-23 05:26:58,0.03193700,1.40500000
2018-02-23 05:26:58,0.03193900,0.30800000
2018-02-23 05:26:58,0.03194000,0.25600000
2018-02-23 05:26:58,0.03194100,3.15600000
2018-02-23 05:26:58,0.03194100,0.02500000
2018-02-23 05:26:58,0.03194500,2.02400000
2018-02-23 05:26:58,0.03193100,0.09400000
2018-02-23 05:27:02,0.03196000,0.07800000
2018-02-23 05:27:04,0.03196000,0.15600000
2018-02-23 05:27:07,0.03196000,0.14400000
2018-02-23 05:27:07,0.03196000,0.10300000
2018-02-23 05:27:11,0.03196000,0.15300000
2018-02-23 05:27:21,0.03194300,0.22000000
2018-02-23 05:27:21,0.03191400,1.69600000
2018-02-23 05:27:23,0.03191400,0.75200000
2018-02-23 05:27:25,0.03191400,0.11900000
2018-02-23 05:27:27,0.03191400,0.35000000
2018-02-23 05:27:29,0.03191400,0.09400000
2018-02-23 05:27:35,0.03191400,0.10000000
2018-02-23 05:27:39,0.03191400,0.03400000
2018-02-23 05:27:40,0.03191400,0.21000000
2018-02-23 05:27:48,0.03191400,0.11000000
2018-02-23 05:27:48,0.03191400,0.04900000
2018-02-23 05:27:49,0.03191300,1.00000000
2018-02-23 05:27:50,0.03191300,0.10900000
2018-02-23 05:27:52,0.03191300,0.08000000
2018-02-23 05:27:52,0.03191400,1.24500000
2018-02-23 05:27:54,0.03191000,0.13600000
2018-02-23 05:27:54,0.03188300,6.30300000
2018-02-23 05:27:54,0.03187700,2.16100000
2018-02-23 05:27:54,0.03191400,0.10900000
2018-02-23 05:27:57,0.03191000,4.00000000
2018-02-23 05:27:57,0.03187700,0.83900000
2018-02-23 05:27:58,0.03187700,0.08100000
2018-02-23 05:27:58,0.03187700,0.37700000
2018-02-23 05:27:59,0.03187700,0.06600000
2018-02-23 05:28:00,0.03187700,0.08800000
2018-02-23 05:28:01,0.03187700,0.04600000
2018-02-23 05:28:01,0.03187700,0.03700000
2018-02-23 05:28:06,0.03187700,1.57500000
2018-02-23 05:28:07,0.03190000,0.37700000
2018-02-23 05:28:08,0.03190000,0.21000000
2018-02-23 05:28:08,0.03190000,0.05400000
2018-02-23 05:28:08,0.03191400,0.00900000
2018-02-23 05:28:09,0.03191400,0.07700000
2018-02-23 05:28:09,0.03191400,0.37700000
2018-02-23 05:28:11,0.03190000,0.37700000
2018-02-23 05:28:12,0.03190000,0.07200000
2018-02-23 05:28:13,0.03190000,0.37700000
2018-02-23 05:28:13,0.03190000,0.34500000
2018-02-23 05:28:15,0.03187400,0.47100000
2018-02-23 05:28:15,0.03187100,0.18600000
2018-02-23 05:28:15,0.03186600,0.94100000
2018-02-23 05:28:15,0.03185600,0.67700000
2018-02-23 05:28:15,0.03190000,0.30800000
2018-02-23 05:28:16,0.03190000,1.00000000
2018-02-23 05:28:25,0.03185500,2.45600000
2018-02-23 05:28:26,0.03189900,0.94100000
2018-02-23 05:28:26,0.03190000,2.62200000
2018-02-23 05:28:36,0.03185800,0.57000000
2018-02-23 05:28:36,0.03185600,0.87300000
2018-02-23 05:28:36,0.03185500,4.15800000
2018-02-23 05:28:44,0.03189900,0.09500000
2018-02-23 05:28:51,0.03189900,1.48300000
2018-02-23 05:28:57,0.03189900,0.07800000
2018-02-23 05:29:03,0.03185900,0.30900000
2018-02-23 05:29:03,0.03185800,0.12200000
2018-02-23 05:29:03,0.03185700,0.15700000
2018-02-23 05:29:03,0.03185600,0.44100000
2018-02-23 05:29:03,0.03185500,1.61700000
2018-02-23 05:29:03,0.03185200,0.94100000
2018-02-23 05:29:03,0.03185100,0.01800000
2018-02-23 05:29:08,0.03189900,7.31700000
2018-02-23 05:29:08,0.03190000,1.97500000
2018-02-23 05:29:14,0.03185300,0.94100000
2018-02-23 05:29:14,0.03185300,0.94000000
2018-02-23 05:29:14,0.03185300,0.32400000
2018-02-23 05:29:15,0.03190000,1.44000000
2018-02-23 05:29:15,0.03190000,0.20400000
2018-02-23 05:29:15,0.03185300,0.93000000
2018-02-23 05:29:15,0.03185200,1.96500000
2018-02-23 05:29:15,0.03185100,3.72200000
2018-02-23 05:29:16,0.03185000,3.13500000
2018-02-23 05:29:17,0.03185000,5.51700000
2018-02-23 05:29:17,0.03185000,3.89200000
2018-02-23 05:29:17,0.03185000,2.69000000
2018-02-23 05:29:17,0.03185000,1.40500000
2018-02-23 05:29:17,0.03185100,0.24200000
2018-02-23 05:29:18,0.03185000,2.47400000
2018-02-23 05:29:22,0.03185100,0.14100000
2018-02-23 05:29:24,0.03185100,0.45500000
2018-02-23 05:29:25,0.03185300,3.13500000
2018-02-23 05:29:25,0.03185100,1.32600000
2018-02-23 05:29:25,0.03185000,33.83900000
2018-02-23 05:29:27,0.03184800,1.54300000
2018-02-23 05:29:27,0.03184800,0.08800000
2018-02-23 05:29:28,0.03184800,0.11000000
2018-02-23 05:29:30,0.03184800,0.39500000
2018-02-23 05:29:30,0.03184800,0.99900000
2018-02-23 05:29:31,0.03184600,0.49400000
2018-02-23 05:29:32,0.03184600,0.39500000
2018-02-23 05:29:33,0.03184600,0.16000000
2018-02-23 05:29:35,0.03184100,0.13100000
2018-02-23 05:29:38,0.03184600,0.31400000
2018-02-23 05:29:38,0.03184100,0.06900000
2018-02-23 05:29:40,0.03184100,0.29500000
2018-02-23 05:29:40,0.03184000,0.12800000
2018-02-23 05:29:40,0.03184000,0.12800000
2018-02-23 05:29:40,0.03184000,0.12800000
2018-02-23 05:29:41,0.03184100,0.07400000
2018-02-23 05:29:41,0.03184600,0.02000000
2018-02-23 05:29:42,0.03184600,0.05000000
2018-02-23 05:29:43,0.03184600,0.29500000
2018-02-23 05:29:44,0.03184100,2.03200000
2018-02-23 05:29:49,0.03184600,3.38800000
2018-02-23 05:29:51,0.03184600,0.87400000
2018-02-23 05:29:51,0.03184600,0.05000000
2018-02-23 05:29:52,0.03184600,2.74100000
2018-02-23 05:29:52,0.03184900,3.56700000
2018-02-23 05:29:52,0.03185000,3.76200000
2018-02-23 05:29:52,0.03185100,1.06500000
2018-02-23 05:29:52,0.03185100,2.43400000
2018-02-23 05:29:53,0.03189900,1.76900000
2018-02-23 05:29:53,0.03190000,17.56500000
2018-02-23 05:29:53,0.03190000,3.09700000
2018-02-23 05:29:53,0.03191400,9.38700000
2018-02-23 05:29:53,0.03191400,1.40000000
2018-02-23 05:29:54,0.03195900,0.21100000
2018-02-23 05:29:54,0.03195900,0.07800000
2018-02-23 05:29:54,0.03195900,0.04700000
2018-02-23 05:29:54,0.03195900,0.07800000
2018-02-23 05:29:54,0.03195900,0.52700000
2018-02-23 05:29:54,0.03196000,0.47300000
2018-02-23 05:29:54,0.03196000,0.05200000
2018-02-23 05:29:55,0.03196000,0.06900000
2018-02-23 05:29:55,0.03196000,0.07800000
2018-02-23 05:29:55,0.03196000,0.40700000
2018-02-23 05:29:56,0.03185400,0.28700000
2018-02-23 05:29:56,0.03185400,0.34500000
2018-02-23 05:29:56,0.03185400,0.34500000
2018-02-23 05:29:56,0.03185400,0.34300000
2018-02-23 05:29:56,0.03185400,0.34400000
2018-02-23 05:29:56,0.03185400,0.34300000
2018-02-23 05:29:56,0.03185400,1.13100000
2018-02-23 05:29:56,0.03185200,0.34500000
2018-02-23 05:29:56,0.03184900,1.57800000
2018-02-23 05:29:56,0.03184600,1.79900000
2018-02-23 05:29:56,0.03184200,2.78800000
2018-02-23 05:29:56,0.03196000,0.78500000
2018-02-23 05:29:56,0.03185500,0.94100000
2018-02-23 05:29:56,0.03195800,0.08800000
2018-02-23 05:29:56,0.03184200,1.80700000
2018-02-23 05:29:56,0.03184100,0.65900000
2018-02-23 05:29:56,0.03184000,0.27700000
2018-02-23 05:29:56,0.03183900,0.45300000
2018-02-23 05:29:56,0.03195800,0.06900000
2018-02-23 05:29:56,0.03195800,0.86700000
2018-02-23 05:29:56,0.03194300,0.03900000
2018-02-23 05:29:57,0.03194100,0.07800000
2018-02-23 05:29:57,0.03194100,0.07800000
2018-02-23 05:29:57,0.03194100,0.07800000
2018-02-23 05:29:57,0.03194100,0.07800000
2018-02-23 05:29:57,0.03194100,0.07800000
2018-02-23 05:29:57,0.03194100,0.12500000
2018-02-23 05:29:57,0.03194100,0.07800000
2018-02-23 05:29:57,0.03189400,0.06300000
2018-02-23 05:29:57,0.03189400,0.09400000
2018-02-23 05:29:57,0.03194100,0.13400000
2018-02-23 05:29:57,0.03185400,0.07700000
2018-02-23 05:29:57,0.03185400,0.20300000
2018-02-23 05:29:58,0.03185200,1.00000000
2018-02-23 05:29:58,0.03185200,0.07800000
2018-02-23 05:29:58,0.03185200,0.06600000
2018-02-23 05:29:58,0.03185200,0.18800000
2018-02-23 05:29:58,0.03185200,0.05500000
2018-02-23 05:29:58,0.03185400,0.01400000
2018-02-23 05:29:58,0.03185400,0.09400000
2018-02-23 05:29:58,0.03185400,23.01400000
2018-02-23 05:29:58,0.03185400,0.07800000
2018-02-23 05:29:58,0.03185400,0.47000000
2018-02-23 05:29:58,0.03185400,0.09400000
2018-02-23 05:29:58,0.03185400,0.07800000
2018-02-23 05:29:58,0.03185400,0.28200000
2018-02-23 05:29:58,0.03185400,3.98400000
2018-02-23 05:29:58,0.03185400,0.09400000
2018-02-23 05:29:59,0.03185400,0.04400000
2018-02-23 05:29:59,0.03185400,0.07800000
2018-02-23 05:29:59,0.03185400,2.94300000
2018-02-23 05:30:00,0.03194000,0.04700000
2018-02-23 05:30:01,0.03194000,0.15400000
2018-02-23 05:30:01,0.03194000,0.09600000
2018-02-23 05:30:02,0.03193900,0.94100000
2018-02-23 05:30:02,0.03194300,0.05900000
2018-02-23 05:30:02,0.03194300,0.13200000
2018-02-23 05:30:02,0.03193800,0.04700000
2018-02-23 05:30:03,0.03193800,0.00100000
2018-02-23 05:30:03,0.03196000,0.05300000
2018-02-23 05:30:03,0.03193800,0.24300000
2018-02-23 05:30:03,0.03184700,0.69900000
2018-02-23 05:30:03,0.03184700,0.11300000
2018-02-23 05:30:04,0.03196000,0.05000000
2018-02-23 05:30:04,0.03196000,0.07800000
2018-02-23 05:30:04,0.03196000,0.11000000
2018-02-23 05:30:05,0.03196000,0.01300000
2018-02-23 05:30:05,0.03196000,0.31300000
2018-02-23 05:30:05,0.03195900,0.07800000
2018-02-23 05:30:06,0.03194000,0.07800000
2018-02-23 05:30:06,0.03194000,0.22000000
2018-02-23 05:30:06,0.03193900,0.07800000
2018-02-23 05:30:07,0.03193900,1.42200000
2018-02-23 05:30:07,0.03196000,1.04800000
2018-02-23 05:30:07,0.03196000,0.33200000
2018-02-23 05:30:07,0.03196000,0.20600000
2018-02-23 05:30:07,0.03196000,0.59900000
2018-02-23 05:30:07,0.03196000,1.30300000
2018-02-23 05:30:07,0.03196000,0.70200000
2018-02-23 05:30:07,0.03196000,0.26400000
2018-02-23 05:30:08,0.03196000,0.18800000
2018-02-23 05:30:08,0.03185800,0.05900000
2018-02-23 05:30:08,0.03196000,0.12500000
2018-02-23 05:30:08,0.03196000,0.02200000
2018-02-23 05:30:09,0.03194000,0.93900000
2018-02-23 05:30:09,0.03194000,0.21600000
2018-02-23 05:30:09,0.03198800,1.20500000
2018-02-23 05:30:09,0.03198800,0.20100000
2018-02-23 05:30:09,0.03198800,2.14100000
2018-02-23 05:30:09,0.03194000,0.20700000
2018-02-23 05:30:09,0.03194000,0.83200000
2018-02-23 05:30:09,0.03194200,0.65600000
2018-02-23 05:30:09,0.03194300,0.43600000
2018-02-23 05:30:09,0.03194300,0.50300000
2018-02-23 05:30:09,0.03194200,1.17000000
2018-02-23 05:30:09,0.03194200,0.50200000
2018-02-23 05:30:09,0.03194000,0.43700000
2018-02-23 05:30:09,0.03194000,0.04400000
2018-02-23 05:30:09,0.03194000,0.12400000
2018-02-23 05:30:10,0.03194000,0.30800000
2018-02-23 05:30:10,0.03194000,1.37700000
2018-02-23 05:30:10,0.03194000,0.03900000
2018-02-23 05:30:10,0.03194000,0.56500000
2018-02-23 05:30:10,0.03196000,0.61500000
2018-02-23 05:30:11,0.03196000,0.12300000
2018-02-23 05:30:11,0.03195800,0.08800000
2018-02-23 05:30:11,0.03194300,0.12300000
2018-02-23 05:30:11,0.03194300,0.22500000
2018-02-23 05:30:11,0.03195600,3.14000000
2018-02-23 05:30:11,0.03195800,0.52700000
2018-02-23 05:30:11,0.03195900,0.61600000
2018-02-23 05:30:12,0.03201900,0.12800000
2018-02-23 05:30:13,0.03194000,1.76600000
2018-02-23 05:30:13,0.03194000,0.26900000
2018-02-23 05:30:13,0.03201700,0.09400000
2018-02-23 05:30:15,0.03201700,0.25400000
2018-02-23 05:30:15,0.03201600,0.09400000
2018-02-23 05:30:15,0.03201600,0.84500000
2018-02-23 05:30:15,0.03213000,0.02400000
2018-02-23 05:30:15,0.03213000,7.50800000
2018-02-23 05:30:15,0.03213800,0.25200000
2018-02-23 05:30:15,0.03213900,18.47600000
2018-02-23 05:30:16,0.03213900,1.00000000
2018-02-23 05:30:18,0.03202500,0.11600000
2018-02-23 05:30:18,0.03202500,0.06400000
2018-02-23 05:30:19,0.03202800,0.26400000
2018-02-23 05:30:19,0.03213900,0.05400000
2018-02-23 05:30:19,0.03214800,0.26400000
2018-02-23 05:30:19,0.03215000,0.26800000
2018-02-23 05:30:19,0.03202900,1.34200000
2018-02-23 05:30:20,0.03203100,3.01800000
2018-02-23 05:30:20,0.03202900,4.53400000
2018-02-23 05:30:20,0.03202300,0.82700000
2018-02-23 05:30:20,0.03202300,1.62800000
2018-02-23 05:30:20,0.03202500,3.25300000
2018-02-23 05:30:20,0.03198100,0.39000000
2018-02-23 05:30:21,0.03203300,2.52900000
2018-02-23 05:30:21,0.03203200,1.51900000
2018-02-23 05:30:22,0.03203300,0.34900000
2018-02-23 05:30:24,0.03211600,0.90000000
2018-02-23 05:30:26,0.03198500,0.46800000
2018-02-23 05:30:26,0.03198200,0.81500000
2018-02-23 05:30:26,0.03198100,2.10000000
2018-02-23 05:30:26,0.03196800,0.31200000
2018-02-23 05:30:27,0.03194100,2.56200000
2018-02-23 05:30:27,0.03193900,0.22000000
2018-02-23 05:30:27,0.03193900,1.62200000
2018-02-23 05:30:27,0.03193900,0.72000000
2018-02-23 05:30:27,0.03194100,0.22000000
2018-02-23 05:30:27,0.03194100,0.71700000
2018-02-23 05:30:27,0.03197500,0.46800000
2018-02-23 05:30:27,0.03198100,0.96800000
2018-02-23 05:30:28,0.03197200,4.52900000
2018-02-23 05:30:29,0.03197900,0.18800000
2018-02-23 05:30:30,0.03197800,3.53000000
2018-02-23 05:30:30,0.03197800,0.31200000
2018-02-23 05:30:30,0.03191500,0.71700000
2018-02-23 05:30:37,0.03191800,0.93800000
2018-02-23 05:30:37,0.03191800,0.93900000
2018-02-23 05:30:38,0.03191800,0.12300000
2018-02-23 05:30:39,0.03197000,0.07800000
2018-02-23 05:30:41,0.03191800,0.41300000
2018-02-23 05:30:42,0.03191600,3.13000000
2018-02-23 05:30:44,0.03191600,0.21100000
2018-02-23 05:30:44,0.03191700,0.07800000
2018-02-23 05:30:45,0.03191600,2.03400000
2018-02-23 05:30:45,0.03191600,0.81400000
2018-02-23 05:30:45,0.03191600,1.31100000
2018-02-23 05:30:46,0.03191500,3.01900000
2018-02-23 05:30:47,0.03191600,1.03000000
2018-02-23 05:30:47,0.03191800,1.52700000
2018-02-23 05:30:48,0.03191800,0.07800000
2018-02-23 05:30:48,0.03191500,0.24300000
2018-02-23 05:30:49,0.03191700,0.07800000
2018-02-23 05:30:51,0.03191500,2.80100000
2018-02-23 05:30:54,0.03191600,0.07800000
2018-02-23 05:30:56,0.03191500,2.35400000
2018-02-23 05:30:56,0.03191500,2.49400000
2018-02-23 05:30:56,0.03191600,0.37600000
2018-02-23 05:31:01,0.03191600,0.10300000
2018-02-23 05:31:02,0.03191300,0.14200000
2018-02-23 05:31:02,0.03188000,0.04800000
2018-02-23 05:31:04,0.03191500,0.26900000
2018-02-23 05:31:07,0.03191300,0.05200000
2018-02-23 05:31:10,0.03191300,0.21900000
2018-02-23 05:31:10,0.03191400,0.15600000
2018-02-23 05:31:10,0.03191500,0.02200000
2018-02-23 05:31:14,0.03191600,0.06900000
2018-02-23 05:31:16,0.03191600,1.23700000
2018-02-23 05:31:18,0.03191600,0.29200000
2018-02-23 05:31:19,0.03191600,0.93900000
2018-02-23 05:31:19,0.03191600,1.43500000
2018-02-23 05:31:20,0.03188000,0.06100000
2018-02-23 05:31:23,0.03189600,0.56500000
2018-02-23 05:31:23,0.03191700,0.07800000
2018-02-23 05:31:27,0.03188000,4.74400000
2018-02-23 05:31:28,0.03188000,0.24300000
2018-02-23 05:31:28,0.03188000,0.32600000
2018-02-23 05:31:28,0.03188000,0.07800000
2018-02-23 05:31:28,0.03186400,7.07700000
2018-02-23 05:31:29,0.03188000,0.28100000
2018-02-23 05:31:30,0.03188000,0.07800000
2018-02-23 05:31:30,0.03188000,0.07800000
2018-02-23 05:31:31,0.03188000,0.07700000
2018-02-23 05:31:33,0.03187700,0.24800000
2018-02-23 05:31:33,0.03187900,0.06400000
2018-02-23 05:31:33,0.03187900,0.03500000
2018-02-23 05:31:33,0.03188000,0.04200000
2018-02-23 05:31:33,0.03188000,0.21700000
2018-02-23 05:31:36,0.03188000,0.07700000
2018-02-23 05:31:39,0.03187700,1.92800000
2018-02-23 05:31:39,0.03186400,5.54600000
2018-02-23 05:31:41,0.03188000,0.11000000
2018-02-23 05:31:45,0.03186500,0.03200000
2018-02-23 05:31:46,0.03185800,0.63900000
2018-02-23 05:31:56,0.03185100,0.05500000
2018-02-23 05:31:59,0.03184000,0.08200000
2018-02-23 05:31:59,0.03183900,0.35200000
2018-02-23 05:31:59,0.03183600,1.32200000
2018-02-23 05:31:59,0.03183300,0.42700000
2018-02-23 05:31:59,0.03182600,0.11600000
2018-02-23 05:31:59,0.03182500,0.50000000
2018-02-23 05:31:59,0.03182400,0.30400000
2018-02-23 05:31:59,0.03182000,0.38900000
2018-02-23 05:32:01,0.03185800,0.31500000
2018-02-23 05:32:03,0.03185100,0.15400000
2018-02-23 05:32:03,0.03185000,0.10800000
2018-02-23 05:32:05,0.03185000,0.38500000
2018-02-23 05:32:09,0.03182100,0.31500000
2018-02-23 05:32:14,0.03185000,0.33100000
2018-02-23 05:32:16,0.03186400,1.00000000
2018-02-23 05:32:17,0.03185000,1.70000000
2018-02-23 05:32:17,0.03182000,0.71800000
2018-02-23 05:32:19,0.03186400,0.31300000
2018-02-23 05:32:22,0.03186400,0.07800000
2018-02-23 05:32:24,0.03186400,0.15700000
2018-02-23 05:32:29,0.03186400,0.06500000
2018-02-23 05:32:29,0.03186400,0.47100000
2018-02-23 05:32:50,0.03186300,5.00000000
2018-02-23 05:32:54,0.03185000,0.14200000
2018-02-23 05:32:56,0.03182100,6.73900000
2018-02-23 05:32:56,0.03181000,0.33900000
2018-02-23 05:32:58,0.03185000,0.10100000
2018-02-23 05:32:59,0.03186000,0.62100000
2018-02-23 05:33:01,0.03181400,0.31500000
2018-02-23 05:33:08,0.03186300,0.93600000
2018-02-23 05:33:08,0.03186400,2.18200000
2018-02-23 05:33:09,0.03186400,2.76600000
2018-02-23 05:33:10,0.03186400,2.55800000
2018-02-23 05:33:10,0.03188000,14.44200000
2018-02-23 05:33:12,0.03188000,4.55000000
2018-02-23 05:33:12,0.03190000,7.00000000
2018-02-23 05:33:12,0.03191700,0.92100000
2018-02-23 05:33:12,0.03193500,0.30000000
2018-02-23 05:33:12,0.03196800,4.32900000
2018-02-23 05:33:14,0.03188000,0.12400000
2018-02-23 05:33:15,0.03199800,0.07800000
2018-02-23 05:33:15,0.03199800,0.23800000
2018-02-23 05:33:15,0.03199900,1.16800000
2018-02-23 05:33:16,0.03199900,0.07800000
2018-02-23 05:33:16,0.03199900,0.07800000
2018-02-23 05:33:17,0.03199800,0.03800000
2018-02-23 05:33:18,0.03199800,0.04700000
2018-02-23 05:33:18,0.03199800,0.06900000
2018-02-23 05:33:19,0.03199800,0.07800000
2018-02-23 05:33:19,0.03199800,0.08100000
2018-02-23 05:33:20,0.03199800,0.04700000
2018-02-23 05:33:20,0.03199800,0.12800000
2018-02-23 05:33:23,0.03199800,0.56300000
2018-02-23 05:33:24,0.03199800,0.07800000
2018-02-23 05:33:32,0.03188600,0.05500000
2018-02-23 05:33:33,0.03199800,0.27200000
2018-02-23 05:33:34,0.03199700,0.08200000
2018-02-23 05:33:34,0.03199800,0.19900000
2018-02-23 05:33:34,0.03199800,4.27700000
2018-02-23 05:33:34,0.03199800,0.34100000
2018-02-23 05:33:34,0.03199800,0.31500000
2018-02-23 05:33:34,0.03199800,0.26400000
2018-02-23 05:33:34,0.03199800,0.26400000
2018-02-23 05:33:34,0.03199800,0.05300000
2018-02-23 05:33:35,0.03199800,0.34100000
2018-02-23 05:33:35,0.03199800,1.52100000
2018-02-23 05:33:36,0.03200000,0.31200000
2018-02-23 05:33:36,0.03200000,2.06100000
2018-02-23 05:33:42,0.03200000,0.04400000
2018-02-23 05:33:43,0.03200000,0.03300000
2018-02-23 05:33:46,0.03200000,0.03300000
2018-02-23 05:33:48,0.03199800,0.63800000
2018-02-23 05:33:48,0.03194400,0.59900000
2018-02-23 05:33:48,0.03200000,0.93700000
2018-02-23 05:33:48,0.03200000,0.93700000
2018-02-23 05:33:48,0.03200000,0.93700000
2018-02-23 05:33:49,0.03200000,0.64500000
2018-02-23 05:33:49,0.03194400,0.05600000
2018-02-23 05:33:50,0.03200000,0.34000000
2018-02-23 05:33:50,0.03199900,2.71000000
2018-02-23 05:33:51,0.03199900,0.08200000
2018-02-23 05:33:53,0.03199900,0.07800000
2018-02-23 05:33:59,0.03195200,1.52100000
2018-02-23 05:33:59,0.03199900,0.62500000
2018-02-23 05:33:59,0.03199900,0.45300000
2018-02-23 05:34:00,0.03195200,0.60100000
2018-02-23 05:34:00,0.03199900,0.07800000
2018-02-23 05:34:06,0.03199700,2.83200000
2018-02-23 05:34:06,0.03199900,2.82200000
2018-02-23 05:34:07,0.03199900,1.23500000
2018-02-23 05:34:07,0.03199900,0.07800000
2018-02-23 05:34:11,0.03197800,0.12700000
2018-02-23 05:34:11,0.03197600,0.20300000
2018-02-23 05:34:11,0.03196000,0.30200000
2018-02-23 05:34:11,0.03195600,0.03300000
2018-02-23 05:34:11,0.03195000,0.93800000
2018-02-23 05:34:11,0.03194400,0.17200000
2018-02-23 05:34:11,0.03191800,2.20700000
2018-02-23 05:34:11,0.03191600,1.62400000
2018-02-23 05:34:16,0.03199600,0.93800000
2018-02-23 05:34:16,0.03199900,5.06200000
2018-02-23 05:34:18,0.03199500,0.93700000
2018-02-23 05:34:27,0.03198800,0.05600000
2018-02-23 05:34:28,0.03198800,0.29400000
2018-02-23 05:34:28,0.03198800,0.09100000
2018-02-23 05:34:36,0.03198800,0.07800000
2018-02-23 05:34:39,0.03194300,0.23700000
2018-02-23 05:34:41,0.03198700,0.07800000
2018-02-23 05:35:01,0.03194700,3.59700000
2018-02-23 05:35:10,0.03194700,0.32000000
2018-02-23 05:35:15,0.03194700,0.12600000
2018-02-23 05:35:15,0.03194500,4.72700000
2018-02-23 05:35:15,0.03194300,0.07800000
2018-02-23 05:35:15,0.03193700,0.93900000
2018-02-23 05:35:17,0.03198400,0.03800000
2018-02-23 05:35:21,0.03198300,0.05400000
2018-02-23 05:35:21,0.03198400,0.19200000
2018-02-23 05:35:23,0.03193100,0.34700000
2018-02-23 05:35:31,0.03191800,3.13300000
2018-02-23 05:35:31,0.03191600,1.16300000
2018-02-23 05:35:33,0.03190000,0.08000000
2018-02-23 05:35:34,0.03189800,1.25400000
2018-02-23 05:35:35,0.03189800,0.12500000
2018-02-23 05:35:36,0.03189800,0.31200000
2018-02-23 05:35:39,0.03189800,0.29000000
2018-02-23 05:35:39,0.03189800,0.30800000
2018-02-23 05:35:43,0.03189800,0.07800000
2018-02-23 05:35:51,0.03188000,1.23400000
2018-02-23 05:35:58,0.03188000,4.54700000
2018-02-23 05:35:58,0.03187700,0.20000000
2018-02-23 05:36:01,0.03188000,0.09500000
2018-02-23 05:36:02,0.03187700,0.34700000
2018-02-23 05:36:05,0.03187800,0.76600000
2018-02-23 05:36:05,0.03188000,4.47700000
2018-02-23 05:36:05,0.03189600,0.12800000
2018-02-23 05:36:05,0.03189800,1.17400000
2018-02-23 05:36:06,0.03187700,5.74300000
2018-02-23 05:36:06,0.03186600,0.78600000
2018-02-23 05:36:06,0.03185000,3.90900000
2018-02-23 05:36:06,0.03182800,0.06500000
2018-02-23 05:36:06,0.03181500,2.35000000
2018-02-23 05:36:17,0.03189800,0.00100000
2018-02-23 05:36:17,0.03191500,0.70900000
2018-02-23 05:36:17,0.03191600,2.49200000
2018-02-23 05:36:17,0.03191800,5.79800000
2018-02-23 05:36:28,0.03191600,0.33400000
2018-02-23 05:36:39,0.03191500,0.10000000
2018-02-23 05:36:42,0.03186900,0.28100000
2018-02-23 05:36:44,0.03191400,0.09500000
2018-02-23 05:36:44,0.03191500,2.66400000
2018-02-23 05:36:47,0.03186900,0.89800000
2018-02-23 05:36:47,0.03186900,0.66200000
2018-02-23 05:36:47,0.03186900,0.94100000
2018-02-23 05:36:48,0.03186900,0.94100000
2018-02-23 05:36:55,0.03187000,0.42600000
2018-02-23 05:37:06,0.03186800,0.28000000
2018-02-23 05:37:10,0.03186800,2.26400000
2018-02-23 05:37:11,0.03186800,1.05300000
2018-02-23 05:37:12,0.03186800,2.22200000
2018-02-23 05:37:12,0.03186400,0.12800000
2018-02-23 05:37:12,0.03182000,1.85400000
2018-02-23 05:37:12,0.03182000,0.05300000
2018-02-23 05:37:12,0.03182000,0.05300000
2018-02-23 05:37:12,0.03182000,0.94200000
2018-02-23 05:37:12,0.03182000,0.23800000
2018-02-23 05:37:12,0.03182000,0.94200000
2018-02-23 05:37:12,0.03182000,0.94200000
2018-02-23 05:37:12,0.03182000,0.94100000
2018-02-23 05:37:12,0.03182000,0.94200000
2018-02-23 05:37:12,0.03182000,0.94100000
2018-02-23 05:37:13,0.03182000,0.94200000
2018-02-23 05:37:13,0.03182000,0.94200000
2018-02-23 05:37:13,0.03182000,2.32900000
2018-02-23 05:37:13,0.03182000,0.94200000
2018-02-23 05:37:13,0.03182000,1.77800000
2018-02-23 05:37:13,0.03182000,0.83500000
2018-02-23 05:37:13,0.03182000,0.94200000
2018-02-23 05:37:13,0.03181400,0.83500000
2018-02-23 05:37:13,0.03182000,0.94200000
2018-02-23 05:37:13,0.03182000,0.83800000
2018-02-23 05:37:13,0.03182000,0.91200000
2018-02-23 05:37:13,0.03181400,0.44700000
2018-02-23 05:37:13,0.03182000,0.07400000
2018-02-23 05:37:13,0.03182000,3.02500000
2018-02-23 05:37:14,0.03181000,0.91200000
2018-02-23 05:37:14,0.03182000,0.94200000
2018-02-23 05:37:14,0.03181000,0.49400000
2018-02-23 05:37:14,0.03182000,0.94200000
2018-02-23 05:37:14,0.03182000,0.94200000
2018-02-23 05:37:14,0.03182000,0.94200000
2018-02-23 05:37:14,0.03182000,0.54700000
2018-02-23 05:37:14,0.03182000,0.94100000
2018-02-23 05:37:14,0.03182000,0.94100000
2018-02-23 05:37:14,0.03182000,0.94200000
2018-02-23 05:37:14,0.03182000,0.91200000
2018-02-23 05:37:14,0.03181000,0.94200000
2018-02-23 05:37:15,0.03182000,0.94800000
2018-02-23 05:37:17,0.03181500,0.10000000
2018-02-23 05:37:17,0.03181100,0.47100000
2018-02-23 05:37:17,0.03181000,1.96900000
2018-02-23 05:37:19,0.03181900,0.03300000
2018-02-23 05:37:19,0.03182000,0.72800000
2018-02-23 05:37:20,0.03182000,0.06700000
2018-02-23 05:37:26,0.03182000,3.12000000
2018-02-23 05:37:30,0.03181500,0.10000000
2018-02-23 05:37:39,0.03181100,0.34700000
2018-02-23 05:37:39,0.03181000,0.85500000
2018-02-23 05:37:39,0.03180800,10.00000000
2018-02-23 05:37:39,0.03180700,2.41100000
2018-02-23 05:37:39,0.03180500,2.78300000
2018-02-23 05:37:39,0.03181500,1.44100000
2018-02-23 05:37:39,0.03181500,2.92000000
2018-02-23 05:37:39,0.03181500,2.11100000
2018-02-23 05:37:42,0.03182000,1.56400000
2018-02-23 05:37:42,0.03182000,0.13600000
2018-02-23 05:37:42,0.03182000,0.09700000
2018-02-23 05:37:43,0.03180500,5.04700000
2018-02-23 05:37:43,0.03182000,0.09400000
2018-02-23 05:37:44,0.03182000,0.10700000
2018-02-23 05:37:48,0.03182000,2.70000000
2018-02-23 05:37:50,0.03182000,0.10000000
2018-02-23 05:37:51,0.03181500,0.07900000
2018-02-23 05:37:52,0.03180700,0.12800000
2018-02-23 05:37:52,0.03180500,0.37700000
2018-02-23 05:37:52,0.03180000,54.93900000
2018-02-23 05:37:52,0.03180000,1.39200000
2018-02-23 05:37:52,0.03179000,0.15700000
2018-02-23 05:37:52,0.03178300,0.04900000
2018-02-23 05:37:52,0.03178000,0.39100000
2018-02-23 05:37:52,0.03177700,0.05800000
2018-02-23 05:37:52,0.03176000,5.97500000
2018-02-23 05:37:52,0.03175600,0.39000000
2018-02-23 05:37:52,0.03175200,0.29300000
2018-02-23 05:37:52,0.03175100,0.18900000
2018-02-23 05:37:52,0.03174900,0.16500000
2018-02-23 05:37:52,0.03174900,1.13000000
2018-02-23 05:37:52,0.03174700,1.06100000
2018-02-23 05:37:52,0.03174400,0.18600000
2018-02-23 05:37:52,0.03174300,0.04800000
2018-02-23 05:37:52,0.03174100,1.57100000
2018-02-23 05:37:52,0.03181500,3.14200000
2018-02-23 05:37:53,0.03181500,2.65700000
2018-02-23 05:37:53,0.03174300,3.14900000
2018-02-23 05:37:53,0.03174100,0.91100000
2018-02-23 05:37:53,0.03174500,0.12800000
2018-02-23 05:37:53,0.03174100,2.67400000
2018-02-23 05:37:53,0.03174100,1.12800000
2018-02-23 05:37:54,0.03181300,0.12800000
2018-02-23 05:37:54,0.03181500,2.99300000
2018-02-23 05:37:54,0.03180100,0.15700000
2018-02-23 05:37:54,0.03174400,0.34800000
2018-02-23 05:37:56,0.03181000,0.31400000
2018-02-23 05:37:56,0.03180200,0.15700000
2018-02-23 05:37:56,0.03181000,2.83500000
2018-02-23 05:37:56,0.03181200,0.07400000
2018-02-23 05:38:02,0.03180900,0.27400000
2018-02-23 05:38:03,0.03180900,0.30000000
2018-02-23 05:38:05,0.03174700,0.34900000
2018-02-23 05:38:05,0.03174600,0.65100000
2018-02-23 05:38:05,0.03174600,0.86900000
2018-02-23 05:38:06,0.03180800,0.26500000
2018-02-23 05:38:07,0.03180800,0.06600000
2018-02-23 05:38:14,0.03179800,0.12800000
2018-02-23 05:38:16,0.03180600,1.00000000
2018-02-23 05:38:16,0.03175900,0.01800000
2018-02-23 05:38:21,0.03177100,0.31400000
2018-02-23 05:38:21,0.03177000,0.15400000
2018-02-23 05:38:22,0.03177300,0.12800000
2018-02-23 05:38:24,0.03177000,0.31400000
2018-02-23 05:38:24,0.03176500,0.14200000
2018-02-23 05:38:24,0.03176500,0.12800000
2018-02-23 05:38:24,0.03176500,0.22200000
2018-02-23 05:38:24,0.03176500,0.22300000
2018-02-23 05:38:24,0.03176300,0.22300000
2018-02-23 05:38:24,0.03176300,0.22200000
2018-02-23 05:38:25,0.03175700,0.12800000
2018-02-23 05:38:25,0.03175500,0.94400000
2018-02-23 05:38:25,0.03174900,0.40400000
2018-02-23 05:38:25,0.03174600,2.81100000
2018-02-23 05:38:25,0.03174300,0.12800000
2018-02-23 05:38:25,0.03176200,0.15700000
2018-02-23 05:38:26,0.03176000,0.10000000
2018-02-23 05:38:27,0.03176000,0.07500000
2018-02-23 05:38:28,0.03176200,0.09400000
2018-02-23 05:38:28,0.03176200,0.00500000
2018-02-23 05:38:29,0.03176300,0.07000000
2018-02-23 05:38:29,0.03173100,0.31500000
2018-02-23 05:38:29,0.03176300,0.15200000
2018-02-23 05:38:29,0.03176500,0.16200000
2018-02-23 05:38:32,0.03176500,2.37000000
2018-02-23 05:38:33,0.03172800,0.12800000
2018-02-23 05:38:33,0.03172600,0.03200000
2018-02-23 05:38:33,0.03172400,0.15700000
2018-02-23 05:38:33,0.03170200,1.11900000
2018-02-23 05:38:33,0.03170000,2.06900000
2018-02-23 05:38:33,0.03170000,7.34000000
2018-02-23 05:38:45,0.03173000,0.10000000
2018-02-23 05:38:45,0.03170000,0.50100000
2018-02-23 05:38:46,0.03175800,0.10000000
2018-02-23 05:38:49,0.03175700,0.03200000
2018-02-23 05:38:53,0.03175700,0.91200000
2018-02-23 05:38:53,0.03175800,0.08800000
2018-02-23 05:39:01,0.03175800,0.31400000
2018-02-23 05:39:03,0.03173700,0.12800000
2018-02-23 05:39:03,0.03173500,0.12800000
2018-02-23 05:39:03,0.03173500,3.54000000
2018-02-23 05:39:05,0.03173500,0.07900000
2018-02-23 05:39:06,0.03173500,6.56000000
2018-02-23 05:39:06,0.03173500,0.34000000
2018-02-23 05:39:06,0.03173500,0.07700000
2018-02-23 05:39:06,0.03173500,0.32700000
2018-02-23 05:39:06,0.03173500,0.07500000
2018-02-23 05:39:07,0.03173500,0.03200000
2018-02-23 05:39:07,0.03173500,0.09500000
2018-02-23 05:39:07,0.03173500,0.20500000
2018-02-23 05:39:07,0.03173500,1.13500000
2018-02-23 05:39:07,0.03173500,0.77900000
2018-02-23 05:39:10,0.03173500,0.03200000
2018-02-23 05:39:12,0.03173300,0.10000000
2018-02-23 05:39:12,0.03171000,0.90000000
2018-02-23 05:39:12,0.03173500,0.03200000
2018-02-23 05:39:13,0.03173500,0.06300000
2018-02-23 05:39:15,0.03170000,21.00900000
2018-02-23 05:39:18,0.03170300,0.47200000
2018-02-23 05:39:18,0.03170000,5.06500000
2018-02-23 05:39:18,0.03173400,0.23700000
2018-02-23 05:39:19,0.03173400,0.20400000
2018-02-23 05:39:19,0.03173500,0.23000000
2018-02-23 05:39:21,0.03170000,2.40100000
2018-02-23 05:39:26,0.03170500,0.31500000
2018-02-23 05:39:26,0.03170000,2.52600000
2018-02-23 05:39:27,0.03170000,3.52300000
2018-02-23 05:39:27,0.03169700,0.11900000
2018-02-23 05:39:27,0.03169500,0.08800000
2018-02-23 05:39:27,0.03168700,0.66700000
2018-02-23 05:39:27,0.03168100,0.06300000
2018-02-23 05:39:27,0.03168000,5.46600000
2018-02-23 05:39:27,0.03167600,0.11100000
2018-02-23 05:39:27,0.03169700,0.24300000
2018-02-23 05:39:27,0.03169700,2.43400000
2018-02-23 05:39:27,0.03169700,0.43300000
2018-02-23 05:39:28,0.03169700,0.07900000
2018-02-23 05:39:30,0.03169700,0.25400000
2018-02-23 05:39:32,0.03168600,0.10000000
2018-02-23 05:39:32,0.03167600,0.35600000
2018-02-23 05:39:32,0.03166800,0.14500000
2018-02-23 05:39:32,0.03166600,0.21000000
2018-02-23 05:39:33,0.03169600,0.03300000
2018-02-23 05:39:33,0.03169600,0.22300000
2018-02-23 05:39:33,0.03169700,12.65800000
2018-02-23 05:39:33,0.03172300,0.04500000
2018-02-23 05:39:33,0.03173400,1.34300000
2018-02-23 05:39:33,0.03173500,0.39200000
2018-02-23 05:39:33,0.03166600,0.86900000
2018-02-23 05:39:35,0.03175500,0.03700000
2018-02-23 05:39:36,0.03175500,0.09100000
2018-02-23 05:39:38,0.03175600,0.07600000
2018-02-23 05:39:38,0.03174900,0.09300000
2018-02-23 05:39:38,0.03174900,0.03400000
2018-02-23 05:39:39,0.03174900,0.03000000
2018-02-23 05:39:39,0.03175600,0.02500000
2018-02-23 05:39:41,0.03175600,0.02700000
2018-02-23 05:39:42,0.03172700,0.12800000
2018-02-23 05:39:42,0.03172500,0.10000000
2018-02-23 05:39:42,0.03168700,0.13500000
2018-02-23 05:39:43,0.03175300,0.12300000
2018-02-23 05:39:43,0.03175300,0.07700000
2018-02-23 05:39:43,0.03175300,0.07900000
2018-02-23 05:39:43,0.03175300,0.07900000
2018-02-23 05:39:44,0.03175300,0.07700000
2018-02-23 05:39:44,0.03175300,0.11000000
2018-02-23 05:39:45,0.03175300,0.11500000
2018-02-23 05:39:45,0.03175300,0.07700000
2018-02-23 05:39:46,0.03175200,0.04000000
2018-02-23 05:39:47,0.03175200,0.02200000
2018-02-23 05:39:47,0.03175300,0.16300000
2018-02-23 05:39:48,0.03175400,0.08400000
2018-02-23 05:39:50,0.03174800,0.07700000
2018-02-23 05:39:53,0.03174800,0.15000000
2018-02-23 05:39:56,0.03174800,0.06500000
2018-02-23 05:40:02,0.03174900,0.09400000
2018-02-23 05:40:05,0.03174900,0.24100000
2018-02-23 05:40:08,0.03175300,0.07900000
2018-02-23 05:40:09,0.03175300,0.08800000
2018-02-23 05:40:09,0.03175300,0.39400000
2018-02-23 05:40:13,0.03175300,0.07900000
2018-02-23 05:40:15,0.03174800,0.04000000
2018-02-23 05:40:16,0.03175300,2.47000000
2018-02-23 05:40:16,0.03175400,0.04400000
2018-02-23 05:40:16,0.03180800,1.00000000
2018-02-23 05:40:16,0.03181200,0.31400000
2018-02-23 05:40:16,0.03181500,6.17200000
2018-02-23 05:40:17,0.03181500,9.73000000
2018-02-23 05:40:18,0.03181500,0.14100000
2018-02-23 05:40:18,0.03181500,0.24100000
2018-02-23 05:40:19,0.03181500,0.06900000
2018-02-23 05:40:19,0.03181500,0.15700000
2018-02-23 05:40:19,0.03181500,1.46200000
2018-02-23 05:40:20,0.03181500,0.27600000
2018-02-23 05:40:20,0.03181500,0.03700000
2018-02-23 05:40:20,0.03181500,0.06300000
2018-02-23 05:40:20,0.03181500,0.07900000
2018-02-23 05:40:22,0.03181500,0.06900000
2018-02-23 05:40:22,0.03181500,0.15700000
2018-02-23 05:40:22,0.03181500,0.18800000
2018-02-23 05:40:23,0.03181500,0.03400000
2018-02-23 05:40:23,0.03181500,0.06300000
2018-02-23 05:40:23,0.03181500,0.07800000
2018-02-23 05:40:23,0.03181500,0.10800000
2018-02-23 05:40:23,0.03181500,0.05300000
2018-02-23 05:40:24,0.03181500,0.14100000
2018-02-23 05:40:24,0.03181500,0.09400000
2018-02-23 05:40:25,0.03181500,0.03800000
2018-02-23 05:40:25,0.03181500,0.09400000
2018-02-23 05:40:26,0.03177000,0.12800000
2018-02-23 05:40:26,0.03177000,0.34400000
2018-02-23 05:40:27,0.03181300,0.09400000
2018-02-23 05:40:27,0.03177200,0.12800000
2018-02-23 05:40:28,0.03181100,0.12300000
2018-02-23 05:40:28,0.03181100,0.00500000
2018-02-23 05:40:28,0.03181300,0.03400000
2018-02-23 05:40:28,0.03181500,0.22700000
2018-02-23 05:40:30,0.03177400,0.42500000
2018-02-23 05:40:30,0.03177600,0.18700000
2018-02-23 05:40:32,0.03177900,0.17200000
2018-02-23 05:40:33,0.03185000,0.09400000
2018-02-23 05:40:35,0.03185000,0.18800000
2018-02-23 05:40:36,0.03185000,0.14300000
2018-02-23 05:40:40,0.03185100,3.43700000
2018-02-23 05:40:40,0.03185200,0.03300000
2018-02-23 05:40:40,0.03186500,0.15800000
2018-02-23 05:40:40,0.03187000,2.37200000
2018-02-23 05:40:41,0.03185100,0.21800000
2018-02-23 05:40:41,0.03185100,0.26400000
2018-02-23 05:40:42,0.03186800,0.35900000
2018-02-23 05:40:42,0.03187000,0.01400000
2018-02-23 05:40:44,0.03185200,1.34500000
2018-02-23 05:40:44,0.03187000,0.25900000
2018-02-23 05:40:44,0.03188000,0.24500000
2018-02-23 05:40:45,0.03188600,3.13400000
2018-02-23 05:40:47,0.03188800,1.29200000
2018-02-23 05:40:47,0.03188700,1.53100000
2018-02-23 05:40:47,0.03188400,2.81200000
2018-02-23 05:40:47,0.03188000,1.21000000
2018-02-23 05:40:48,0.03188500,0.32000000
2018-02-23 05:40:55,0.03183000,0.39300000
2018-02-23 05:40:56,0.03183000,0.24800000
2018-02-23 05:40:58,0.03182700,1.34900000
2018-02-23 05:41:00,0.03182100,0.06800000
2018-02-23 05:41:00,0.03182100,0.07700000
2018-02-23 05:41:01,0.03181800,0.07700000
2018-02-23 05:41:02,0.03180200,0.12800000
2018-02-23 05:41:02,0.03180000,0.92200000
2018-02-23 05:41:03,0.03180100,2.81200000
2018-02-23 05:41:03,0.03180200,2.87900000
2018-02-23 05:41:03,0.03180200,2.81200000
2018-02-23 05:41:03,0.03180000,0.48200000
2018-02-23 05:41:04,0.03180100,0.35200000
2018-02-23 05:41:04,0.03181600,1.34500000
2018-02-23 05:41:04,0.03181700,0.20100000
2018-02-23 05:41:04,0.03181700,1.69700000
2018-02-23 05:41:05,0.03182800,0.12800000
2018-02-23 05:41:11,0.03184400,0.53600000
2018-02-23 05:41:13,0.03180400,0.42900000
2018-02-23 05:41:13,0.03183800,0.31400000
2018-02-23 05:41:13,0.03194900,0.07000000
2018-02-23 05:41:14,0.03194900,0.15600000
2018-02-23 05:41:16,0.03184000,0.23000000
2018-02-23 05:41:16,0.03194700,0.71400000
2018-02-23 05:41:16,0.03194800,0.42900000
2018-02-23 05:41:16,0.03194900,0.47100000
2018-02-23 05:41:16,0.03195000,0.59400000
2018-02-23 05:41:16,0.03181500,1.92500000
2018-02-23 05:41:16,0.03181400,0.47100000
2018-02-23 05:41:16,0.03180700,0.78200000
2018-02-23 05:41:16,0.03180100,4.75400000
2018-02-23 05:41:16,0.03183600,0.47100000
2018-02-23 05:41:17,0.03194900,0.03800000
2018-02-23 05:41:19,0.03194600,8.21600000
2018-02-23 05:41:19,0.03194700,1.57800000
2018-02-23 05:41:19,0.03194900,0.35500000
2018-02-23 05:41:19,0.03195000,3.19500000
2018-02-23 05:41:19,0.03195000,7.56800000
2018-02-23 05:41:19,0.03195000,1.26200000
2018-02-23 05:41:20,0.03194600,0.34700000
2018-02-23 05:41:20,0.03196000,0.65300000
2018-02-23 05:41:20,0.03196000,0.23700000
2018-02-23 05:41:24,0.03199900,0.44400000
2018-02-23 05:41:24,0.03199900,0.31300000
2018-02-23 05:41:26,0.03196000,0.21100000
2018-02-23 05:41:26,0.03196000,0.60300000
2018-02-23 05:41:26,0.03196000,0.10400000
2018-02-23 05:41:26,0.03196000,0.14900000
2018-02-23 05:41:29,0.03199900,0.06900000
2018-02-23 05:41:30,0.03199900,0.06900000
2018-02-23 05:41:30,0.03199900,0.31200000
2018-02-23 05:41:30,0.03199800,0.10900000
2018-02-23 05:41:32,0.03199800,0.02900000
2018-02-23 05:41:32,0.03199900,1.84500000
2018-02-23 05:41:32,0.03199900,0.05400000
2018-02-23 05:41:32,0.03199900,0.50800000
2018-02-23 05:41:35,0.03200000,0.50000000
2018-02-23 05:41:36,0.03200000,2.18400000
2018-02-23 05:41:37,0.03200000,2.44900000
2018-02-23 05:41:37,0.03200000,0.26200000
2018-02-23 05:41:38,0.03200000,0.07800000
2018-02-23 05:41:38,0.03200000,0.23100000
2018-02-23 05:41:39,0.03200000,1.00000000
2018-02-23 05:41:40,0.03200000,15.15900000
2018-02-23 05:41:40,0.03200000,5.61600000
2018-02-23 05:41:41,0.03200100,3.09300000
2018-02-23 05:41:43,0.03200100,0.62700000
2018-02-23 05:41:45,0.03200000,0.22200000
2018-02-23 05:41:46,0.03200000,0.71300000
2018-02-23 05:41:46,0.03200000,0.75000000
2018-02-23 05:41:46,0.03200100,3.74000000
2018-02-23 05:41:47,0.03200600,3.12300000
2018-02-23 05:41:47,0.03200400,0.35000000
2018-02-23 05:41:47,0.03200100,5.08800000
2018-02-23 05:41:47,0.03200000,2.84500000
2018-02-23 05:41:48,0.03200600,2.50900000
2018-02-23 05:41:48,0.03200500,0.12800000
2018-02-23 05:41:48,0.03196400,0.12800000
2018-02-23 05:41:51,0.03198900,0.04400000
2018-02-23 05:41:53,0.03198400,0.15500000
2018-02-23 05:41:53,0.03189800,0.14200000
2018-02-23 05:41:53,0.03188300,0.12800000
2018-02-23 05:41:53,0.03185900,0.19800000
2018-02-23 05:41:53,0.03181600,0.38000000
2018-02-23 05:41:53,0.03180000,0.35300000
2018-02-23 05:41:53,0.03179200,5.41900000
2018-02-23 05:41:53,0.03179000,0.11600000
2018-02-23 05:41:53,0.03178100,0.09300000
2018-02-23 05:41:53,0.03178000,0.57500000
2018-02-23 05:41:53,0.03176600,0.15900000
2018-02-23 05:41:53,0.03174800,1.43800000
2018-02-23 05:41:53,0.03171100,0.83700000
2018-02-23 05:41:54,0.03198100,2.96800000
2018-02-23 05:41:54,0.03198200,0.89300000
2018-02-23 05:41:54,0.03198300,3.44300000
2018-02-23 05:41:54,0.03199000,0.12800000
2018-02-23 05:41:54,0.03199800,0.12800000
2018-02-23 05:41:54,0.03200000,1.57200000
2018-02-23 05:41:54,0.03200200,0.19700000
2018-02-23 05:41:55,0.03200500,0.26400000
2018-02-23 05:41:55,0.03201600,0.06500000
2018-02-23 05:41:55,0.03200400,0.09300000
2018-02-23 05:41:56,0.03200600,0.11600000
2018-02-23 05:41:57,0.03200600,0.30000000
2018-02-23 05:41:58,0.03209100,0.46100000
2018-02-23 05:41:58,0.03209600,0.12800000
2018-02-23 05:41:58,0.03209600,2.11500000
2018-02-23 05:41:58,0.03209600,0.33700000
2018-02-23 05:41:58,0.03209600,0.68200000
2018-02-23 05:41:58,0.03209900,0.01000000
2018-02-23 05:41:59,0.03209600,0.09300000
2018-02-23 05:42:01,0.03209600,5.12900000
2018-02-23 05:42:01,0.03209600,7.36700000
2018-02-23 05:42:03,0.03209600,0.06900000
2018-02-23 05:42:03,0.03209600,0.11800000
2018-02-23 05:42:05,0.03209300,0.06900000
2018-02-23 05:42:05,0.03209400,0.02400000
2018-02-23 05:42:06,0.03209400,0.39200000
2018-02-23 05:42:06,0.03209600,3.16200000
2018-02-23 05:42:06,0.03209600,0.25900000
2018-02-23 05:42:07,0.03202500,3.12200000
2018-02-23 05:42:07,0.03202300,1.27700000
2018-02-23 05:42:07,0.03202000,3.06400000
2018-02-23 05:42:07,0.03200900,0.01700000
2018-02-23 05:42:08,0.03209200,0.34100000
2018-02-23 05:42:08,0.03209300,0.35200000
2018-02-23 05:42:08,0.03209300,0.46800000
2018-02-23 05:42:11,0.03202400,0.22200000
2018-02-23 05:42:14,0.03208100,0.07200000
2018-02-23 05:42:15,0.03202800,0.10000000
2018-02-23 05:42:17,0.03202800,0.02800000
2018-02-23 05:42:17,0.03202600,0.12800000
2018-02-23 05:42:17,0.03202600,0.33600000
2018-02-23 05:42:17,0.03202400,2.23000000
2018-02-23 05:42:17,0.03202600,11.05900000
2018-02-23 05:42:17,0.03207600,0.22200000
2018-02-23 05:42:17,0.03207900,1.06400000
2018-02-23 05:42:17,0.03208000,3.06400000
2018-02-23 05:42:17,0.03208800,0.12800000
2018-02-23 05:42:17,0.03209900,0.47900000
2018-02-23 05:42:17,0.03210000,1.75400000
2018-02-23 05:42:20,0.03203500,0.07900000
2018-02-23 05:42:23,0.03204100,0.09500000
2018-02-23 05:42:27,0.03210000,0.07800000
2018-02-23 05:42:36,0.03210000,1.42700000
2018-02-23 05:42:37,0.03205500,0.12800000
2018-02-23 05:42:38,0.03205300,5.64500000
2018-02-23 05:42:38,0.03205100,0.17400000
2018-02-23 05:42:42,0.03209700,0.03200000
2018-02-23 05:42:45,0.03209600,0.15600000
2018-02-23 05:42:45,0.03209700,0.14200000
2018-02-23 05:42:47,0.03209700,0.13600000
2018-02-23 05:42:47,0.03205300,0.12800000
2018-02-23 05:42:47,0.03205100,1.51100000
2018-02-23 05:42:50,0.03209500,0.07800000
2018-02-23 05:42:51,0.03209500,0.05000000
2018-02-23 05:42:56,0.03209600,1.51000000
2018-02-23 05:43:00,0.03209600,3.34000000
2018-02-23 05:43:03,0.03205700,0.11000000
2018-02-23 05:43:05,0.03206000,0.07600000
2018-02-23 05:43:05,0.03206000,0.05200000
2018-02-23 05:43:05,0.03205700,0.14700000
2018-02-23 05:43:05,0.03204600,0.17400000
2018-02-23 05:43:05,0.03202400,0.20000000
2018-02-23 05:43:05,0.03202100,0.76200000
2018-02-23 05:43:05,0.03201500,1.57200000
2018-02-23 05:43:05,0.03200900,0.12400000
2018-02-23 05:43:05,0.03200100,0.96300000
2018-02-23 05:43:05,0.03209400,0.12800000
2018-02-23 05:43:05,0.03209600,0.18400000
2018-02-23 05:43:06,0.03200000,0.14100000
2018-02-23 05:43:06,0.03200000,0.14100000
2018-02-23 05:43:06,0.03200000,0.11700000
2018-02-23 05:43:06,0.03200000,0.11700000
2018-02-23 05:43:06,0.03197000,0.14100000
2018-02-23 05:43:06,0.03200000,0.14100000
2018-02-23 05:43:07,0.03200000,0.26400000
2018-02-23 05:43:11,0.03199700,1.57200000
2018-02-23 05:43:11,0.03199800,0.14100000
2018-02-23 05:43:11,0.03200000,0.41000000
2018-02-23 05:43:13,0.03201800,0.93600000
2018-02-23 05:43:13,0.03200400,1.16500000
2018-02-23 05:43:18,0.03209100,0.07500000
2018-02-23 05:43:27,0.03209000,0.23400000
2018-02-23 05:43:27,0.03209100,0.20100000
2018-02-23 05:43:31,0.03209100,0.06000000
2018-02-23 05:43:32,0.03208900,1.16500000
2018-02-23 05:43:32,0.03209100,9.85900000
2018-02-23 05:43:32,0.03209100,0.20100000
2018-02-23 05:43:32,0.03209100,0.39400000
2018-02-23 05:43:32,0.03209100,0.26400000
2018-02-23 05:43:32,0.03209100,0.87600000
2018-02-23 05:43:33,0.03204700,3.12000000
2018-02-23 05:43:33,0.03204500,0.12800000
2018-02-23 05:43:33,0.03203800,0.93600000
2018-02-23 05:43:33,0.03200100,12.81100000
2018-02-23 05:43:41,0.03200100,2.81600000
2018-02-23 05:43:42,0.03200100,0.66000000
2018-02-23 05:43:44,0.03200100,0.07000000
2018-02-23 05:43:45,0.03203400,0.73200000
2018-02-23 05:43:45,0.03203400,0.73200000
2018-02-23 05:43:45,0.03203400,0.73200000
2018-02-23 05:43:45,0.03203400,0.61000000
2018-02-23 05:43:45,0.03203400,0.31400000
2018-02-23 05:43:46,0.03200100,0.73200000
2018-02-23 05:43:48,0.03200100,1.56000000
2018-02-23 05:43:48,0.03200900,0.15800000
2018-02-23 05:43:48,0.03201800,0.10000000
2018-02-23 05:43:48,0.03204300,0.15600000
2018-02-23 05:43:50,0.03204500,0.61000000
2018-02-23 05:43:50,0.03204600,0.10000000
2018-02-23 05:43:52,0.03208800,0.60000000
2018-02-23 05:44:00,0.03208800,0.31500000
2018-02-23 05:44:03,0.03208800,0.07000000
2018-02-23 05:44:06,0.03208800,3.78200000
2018-02-23 05:44:07,0.03208900,0.12800000
2018-02-23 05:44:07,0.03209600,0.14100000
2018-02-23 05:44:07,0.03209800,0.12800000
2018-02-23 05:44:07,0.03209900,3.50000000
2018-02-23 05:44:07,0.03210000,5.18400000
2018-02-23 05:44:07,0.03210100,0.47100000
2018-02-23 05:44:12,0.03209400,0.10000000
2018-02-23 05:44:12,0.03210100,0.05600000
2018-02-23 05:44:13,0.03208800,0.17800000
2018-02-23 05:44:14,0.03210100,0.04500000
2018-02-23 05:44:17,0.03210100,0.38300000
2018-02-23 05:44:17,0.03210400,1.81900000
2018-02-23 05:44:17,0.03211000,4.00000000
2018-02-23 05:44:17,0.03211500,2.36900000
2018-02-23 05:44:17,0.03212200,0.70200000
2018-02-23 05:44:17,0.03212600,0.28100000
2018-02-23 05:44:17,0.03212700,0.15300000
2018-02-23 05:44:17,0.03213400,0.07500000
2018-02-23 05:44:17,0.03213600,0.03200000
2018-02-23 05:44:17,0.03217000,0.96300000
2018-02-23 05:44:17,0.03217100,0.15700000
2018-02-23 05:44:17,0.03217800,3.08600000
2018-02-23 05:44:17,0.03218600,4.98000000
2018-02-23 05:44:20,0.03213900,0.05600000
2018-02-23 05:44:23,0.03209700,0.31300000
2018-02-23 05:44:23,0.03213900,0.04400000
2018-02-23 05:44:23,0.03218500,0.01500000
2018-02-23 05:44:30,0.03211900,0.05300000
2018-02-23 05:44:37,0.03215100,0.03200000
2018-02-23 05:44:40,0.03211500,2.36800000
2018-02-23 05:44:40,0.03210200,0.44900000
2018-02-23 05:44:46,0.03215100,0.06800000
2018-02-23 05:44:46,0.03216500,0.44900000
2018-02-23 05:44:46,0.03216700,0.05300000
2018-02-23 05:44:46,0.03218500,0.28900000
2018-02-23 05:44:46,0.03212200,0.93400000
2018-02-23 05:44:51,0.03213100,1.76000000
2018-02-23 05:44:56,0.03213000,0.20000000
2018-02-23 05:45:03,0.03213000,0.31500000
2018-02-23 05:45:10,0.03213200,0.12800000
2018-02-23 05:45:10,0.03213000,2.91700000
2018-02-23 05:45:18,0.03213000,6.07200000
2018-02-23 05:45:19,0.03213000,0.58300000
2018-02-23 05:45:19,0.03215200,0.06800000
2018-02-23 05:45:20,0.03213000,7.68200000
2018-02-23 05:45:20,0.03213000,0.12800000
2018-02-23 05:45:20,0.03212000,0.03100000
2018-02-23 05:45:20,0.03212000,15.34600000
2018-02-23 05:45:20,0.03212000,0.08200000
2018-02-23 05:45:20,0.03211900,0.12800000
2018-02-23 05:45:20,0.03210700,0.93400000
2018-02-23 05:45:20,0.03210200,0.36400000
2018-02-23 05:45:22,0.03212800,2.62600000
2018-02-23 05:45:22,0.03213000,45.08300000
2018-02-23 05:45:25,0.03213000,0.08800000
2018-02-23 05:45:27,0.03213900,0.10000000
2018-02-23 05:45:27,0.03214900,0.12800000
2018-02-23 05:45:30,0.03215000,0.12800000
2018-02-23 05:45:31,0.03215200,0.09800000
2018-02-23 05:45:32,0.03215400,0.12800000
2018-02-23 05:45:36,0.03218300,0.03100000
2018-02-23 05:45:37,0.03218300,0.33900000
2018-02-23 05:45:38,0.03216000,3.02900000
2018-02-23 05:45:39,0.03215900,0.00100000
2018-02-23 05:45:39,0.03218200,0.93400000
2018-02-23 05:45:39,0.03218300,0.24200000
2018-02-23 05:45:39,0.03218500,2.56000000
2018-02-23 05:45:39,0.03218600,1.32600000
2018-02-23 05:45:39,0.03219000,0.92400000
2018-02-23 05:45:39,0.03219100,1.32000000
2018-02-23 05:45:41,0.03219100,3.56400000
2018-02-23 05:45:41,0.03219300,4.80300000
2018-02-23 05:45:41,0.03219300,1.85100000
2018-02-23 05:45:44,0.03220000,0.80000000
2018-02-23 05:45:44,0.03220300,1.67700000
2018-02-23 05:45:44,0.03220300,0.45100000
2018-02-23 05:45:44,0.03220600,0.70000000
2018-02-23 05:45:44,0.03220000,0.24800000
2018-02-23 05:45:47,0.03221600,1.24200000
2018-02-23 05:45:47,0.03222000,0.22200000
2018-02-23 05:45:47,0.03223000,0.20900000
2018-02-23 05:45:47,0.03224000,0.13300000
2018-02-23 05:45:48,0.03216200,0.28000000
2018-02-23 05:45:50,0.03223900,0.28000000
2018-02-23 05:45:50,0.03224000,0.32000000
2018-02-23 05:45:51,0.03216600,0.12800000
2018-02-23 05:45:51,0.03216500,0.21600000
2018-02-23 05:45:58,0.03220200,0.07700000
2018-02-23 05:45:58,0.03220200,0.70900000
2018-02-23 05:45:59,0.03220200,0.03800000
2018-02-23 05:45:59,0.03220200,0.06600000
2018-02-23 05:46:06,0.03220200,0.05300000
2018-02-23 05:46:08,0.03220200,0.22500000
2018-02-23 05:46:09,0.03220200,0.15900000
2018-02-23 05:46:12,0.03220300,0.25500000
2018-02-23 05:46:12,0.03220200,1.18200000
2018-02-23 05:46:14,0.03220200,0.31700000
2018-02-23 05:46:17,0.03223800,0.12800000
2018-02-23 05:46:17,0.03224000,0.31600000
2018-02-23 05:46:17,0.03225000,5.29800000
2018-02-23 05:46:17,0.03225100,1.19000000
2018-02-23 05:46:17,0.03225600,0.11000000
2018-02-23 05:46:17,0.03225800,0.23700000
2018-02-23 05:46:17,0.03226500,0.37600000
2018-02-23 05:46:17,0.03226700,0.70000000
2018-02-23 05:46:17,0.03227000,4.92800000
2018-02-23 05:46:17,0.03228500,3.55400000
2018-02-23 05:46:17,0.03228700,0.16300000
2018-02-23 05:46:19,0.03222500,0.03200000
2018-02-23 05:46:20,0.03228700,0.24600000
2018-02-23 05:46:20,0.03228800,0.15400000
2018-02-23 05:46:20,0.03222800,0.12800000
2018-02-23 05:46:20,0.03222600,0.31500000
2018-02-23 05:46:27,0.03228400,0.12000000
2018-02-23 05:46:31,0.03226200,0.10000000
2018-02-23 05:46:35,0.03228400,0.19500000
2018-02-23 05:46:35,0.03228500,0.12800000
2018-02-23 05:46:35,0.03228800,0.00300000
2018-02-23 05:46:35,0.03228900,0.09000000
2018-02-23 05:46:35,0.03229000,0.03200000
2018-02-23 05:46:35,0.03229800,0.21600000
2018-02-23 05:46:35,0.03229900,0.03100000
2018-02-23 05:46:36,0.03224900,3.10100000
2018-02-23 05:46:36,0.03224700,0.34800000
2018-02-23 05:46:36,0.03224400,0.01100000
2018-02-23 05:46:39,0.03229400,0.17700000
2018-02-23 05:46:44,0.03226100,1.48700000
2018-02-23 05:46:45,0.03226100,1.46900000
2018-02-23 05:46:45,0.03226900,0.10000000
2018-02-23 05:46:45,0.03229400,0.34800000
2018-02-23 05:46:45,0.03229400,0.07700000
2018-02-23 05:46:47,0.03229400,0.03800000
2018-02-23 05:46:49,0.03229400,0.07000000
2018-02-23 05:46:50,0.03229900,1.00000000
2018-02-23 05:46:51,0.03229900,2.39100000
2018-02-23 05:46:51,0.03229900,2.39100000
2018-02-23 05:46:51,0.03229900,2.83400000
2018-02-23 05:46:51,0.03229400,0.42300000
2018-02-23 05:46:52,0.03229400,0.82700000
2018-02-23 05:46:52,0.03229600,0.10000000
2018-02-23 05:46:52,0.03229900,7.59600000
2018-02-23 05:46:52,0.03229900,0.16800000
2018-02-23 05:46:55,0.03230000,15.02800000
2018-02-23 05:46:56,0.03230000,3.39500000
2018-02-23 05:46:56,0.03230000,4.18100000
2018-02-23 05:46:56,0.03230000,4.70300000
2018-02-23 05:46:56,0.03230000,4.84000000
2018-02-23 05:46:56,0.03230000,4.40800000
2018-02-23 05:46:56,0.03230000,4.29900000
2018-02-23 05:46:56,0.03230000,2.91700000
2018-02-23 05:46:56,0.03230900,0.27900000
2018-02-23 05:46:58,0.03231200,0.22100000
2018-02-23 05:46:58,0.03230600,0.10000000
2018-02-23 05:47:00,0.03230000,0.17900000
2018-02-23 05:47:00,0.03234300,0.23700000
2018-02-23 05:47:00,0.03235600,0.22400000
2018-02-23 05:47:00,0.03237300,0.73200000
2018-02-23 05:47:00,0.03237900,0.22000000
2018-02-23 05:47:00,0.03239000,0.08700000
2018-02-23 05:47:04,0.03234300,0.33000000
2018-02-23 05:47:04,0.03234300,0.11000000
2018-02-23 05:47:04,0.03234300,0.92700000
2018-02-23 05:47:04,0.03234300,0.63600000
2018-02-23 05:47:04,0.03234300,0.23500000
2018-02-23 05:47:04,0.03234300,0.18100000
2018-02-23 05:47:06,0.03234300,0.45100000
2018-02-23 05:47:06,0.03239000,0.92600000
2018-02-23 05:47:07,0.03236600,0.10000000
2018-02-23 05:47:07,0.03238900,2.65900000
2018-02-23 05:47:08,0.03239000,1.00300000
2018-02-23 05:47:10,0.03238900,0.38000000
2018-02-23 05:47:10,0.03239000,1.35200000
2018-02-23 05:47:11,0.03239000,3.69000000
2018-02-23 05:47:12,0.03234900,3.09100000
2018-02-23 05:47:12,0.03234700,0.12400000
2018-02-23 05:47:12,0.03234500,0.12400000
2018-02-23 05:47:12,0.03234300,0.14300000
2018-02-23 05:47:12,0.03231300,0.12400000
2018-02-23 05:47:12,0.03230500,0.92800000
2018-02-23 05:47:12,0.03228000,0.09300000
2018-02-23 05:47:12,0.03224700,0.03300000
2018-02-23 05:47:12,0.03220400,0.13400000
2018-02-23 05:47:12,0.03220300,0.11600000
2018-02-23 05:47:12,0.03220200,7.09900000
2018-02-23 05:47:12,0.03215100,7.50000000
2018-02-23 05:47:12,0.03215000,1.25700000
2018-02-23 05:47:13,0.03234500,0.11600000
2018-02-23 05:47:13,0.03238500,0.50000000
2018-02-23 05:47:13,0.03234500,2.88400000
2018-02-23 05:47:14,0.03218500,0.24100000
2018-02-23 05:47:14,0.03218900,0.03200000
2018-02-23 05:47:14,0.03219100,0.07900000
2018-02-23 05:47:15,0.03238200,0.06800000
2018-02-23 05:47:15,0.03219100,0.20300000
2018-02-23 05:47:15,0.03219100,0.15600000
2018-02-23 05:47:15,0.03234500,0.06800000
2018-02-23 05:47:15,0.03219100,0.02700000
2018-02-23 05:47:16,0.03219200,0.21900000
2018-02-23 05:47:16,0.03219200,0.07900000
2018-02-23 05:47:16,0.03234500,0.02700000
2018-02-23 05:47:16,0.03238200,0.92800000
2018-02-23 05:47:16,0.03238300,0.38000000
2018-02-23 05:47:16,0.03238400,0.62100000
2018-02-23 05:47:16,0.03238700,0.37200000
2018-02-23 05:47:16,0.03239000,14.67200000
2018-02-23 05:47:16,0.03219200,0.07800000
2018-02-23 05:47:16,0.03219200,0.04400000
2018-02-23 05:47:16,0.03219200,0.09400000
2018-02-23 05:47:16,0.03219200,0.07800000
2018-02-23 05:47:16,0.03219200,0.06900000
2018-02-23 05:47:16,0.03219200,0.28200000
2018-02-23 05:47:16,0.03219200,0.04400000
2018-02-23 05:47:16,0.03219200,0.09400000
2018-02-23 05:47:17,0.03234100,0.06800000
2018-02-23 05:47:17,0.03229400,0.20500000
2018-02-23 05:47:17,0.03229400,0.32600000
2018-02-23 05:47:17,0.03229400,0.07900000
2018-02-23 05:47:17,0.03229800,0.12400000
2018-02-23 05:47:17,0.03229400,0.03300000
2018-02-23 05:47:17,0.03229400,0.08800000
2018-02-23 05:47:17,0.03229400,1.32100000
2018-02-23 05:47:17,0.03229400,0.03900000
2018-02-23 05:47:17,0.03229400,0.92100000
2018-02-23 05:47:17,0.03220300,0.11600000
2018-02-23 05:47:17,0.03219300,0.11200000
2018-02-23 05:47:17,0.03219300,3.73400000
2018-02-23 05:47:17,0.03219100,0.34700000
2018-02-23 05:47:17,0.03218900,0.09600000
2018-02-23 05:47:17,0.03218500,1.39500000
2018-02-23 05:47:17,0.03215100,0.19200000
2018-02-23 05:47:17,0.03215000,0.09300000
2018-02-23 05:47:17,0.03213000,3.85500000
2018-02-23 05:47:18,0.03219100,0.37600000
2018-02-23 05:47:18,0.03220400,0.06300000
2018-02-23 05:47:18,0.03220400,0.13800000
2018-02-23 05:47:18,0.03220400,0.18800000
2018-02-23 05:47:18,0.03220400,0.09400000
2018-02-23 05:47:18,0.03220400,0.23000000
2018-02-23 05:47:18,0.03220500,0.06600000
2018-02-23 05:47:18,0.03220500,0.49600000
2018-02-23 05:47:18,0.03220500,0.07800000
2018-02-23 05:47:18,0.03220500,0.03800000
2018-02-23 05:47:19,0.03220500,0.15700000
2018-02-23 05:47:19,0.03220500,0.03200000
2018-02-23 05:47:19,0.03220500,0.06400000
2018-02-23 05:47:19,0.03219100,0.03000000
2018-02-23 05:47:20,0.03228500,0.07000000
2018-02-23 05:47:20,0.03219100,0.12500000
2018-02-23 05:47:21,0.03221300,0.06900000
2018-02-23 05:47:21,0.03221300,0.14100000
2018-02-23 05:47:21,0.03221300,0.05700000
2018-02-23 05:47:21,0.03219100,0.03700000
2018-02-23 05:47:22,0.03219100,0.08100000
2018-02-23 05:47:22,0.03219100,0.09400000
2018-02-23 05:47:23,0.03222300,0.07900000
2018-02-23 05:47:24,0.03222300,0.00200000
2018-02-23 05:47:24,0.03221300,0.09200000
2018-02-23 05:47:24,0.03221300,0.39400000
2018-02-23 05:47:25,0.03221300,0.46800000
2018-02-23 05:47:25,0.03221300,0.07900000
2018-02-23 05:47:25,0.03226700,0.07700000
2018-02-23 05:47:25,0.03226500,0.11300000
2018-02-23 05:47:26,0.03221300,0.37100000
2018-02-23 05:47:28,0.03221800,0.04100000
2018-02-23 05:47:28,0.03221300,0.08900000
2018-02-23 05:47:29,0.03225300,0.33100000
2018-02-23 05:47:30,0.03225100,0.25700000
2018-02-23 05:47:30,0.03221900,0.04700000
2018-02-23 05:47:30,0.03225300,2.07900000
2018-02-23 05:47:30,0.03225500,0.92900000
2018-02-23 05:47:30,0.03221900,0.07700000
2018-02-23 05:47:30,0.03221300,0.00200000
2018-02-23 05:47:31,0.03221300,0.40000000
2018-02-23 05:47:31,0.03221300,4.65800000
2018-02-23 05:47:31,0.03221300,0.19900000
2018-02-23 05:47:32,0.03221300,0.78700000
2018-02-23 05:47:33,0.03219400,2.43800000
2018-02-23 05:47:35,0.03219400,0.07200000
2018-02-23 05:47:38,0.03224000,0.32700000
2018-02-23 05:47:38,0.03219400,0.57000000
2018-02-23 05:47:40,0.03224000,0.93000000
2018-02-23 05:47:40,0.03224000,0.93000000
2018-02-23 05:47:41,0.03224000,0.92900000
2018-02-23 05:47:41,0.03224000,0.29100000
2018-02-23 05:47:41,0.03224100,0.28000000
2018-02-23 05:47:41,0.03221400,0.03200000
2018-02-23 05:47:41,0.03221400,1.22400000
2018-02-23 05:47:41,0.03224100,1.22100000
2018-02-23 05:47:42,0.03224100,0.03200000
2018-02-23 05:47:43,0.03221300,0.14100000
2018-02-23 05:47:44,0.03223800,0.34300000
2018-02-23 05:47:44,0.03223900,0.86600000
2018-02-23 05:47:44,0.03221300,0.11000000
2018-02-23 05:47:46,0.03223800,2.50400000
2018-02-23 05:47:46,0.03223900,2.41700000
2018-02-23 05:47:52,0.03221300,0.31400000
2018-02-23 05:47:53,0.03221500,0.11000000
2018-02-23 05:47:59,0.03223300,0.12200000
2018-02-23 05:47:59,0.03223400,0.32400000
2018-02-23 05:47:59,0.03223500,0.34700000
2018-02-23 05:47:59,0.03223700,0.41900000
2018-02-23 05:47:59,0.03224100,0.62200000
2018-02-23 05:47:59,0.03224200,0.93100000
2018-02-23 05:48:00,0.03223300,0.12200000
2018-02-23 05:48:02,0.03222400,0.09400000
2018-02-23 05:48:07,0.03228200,0.09400000
2018-02-23 05:48:07,0.03228300,0.82300000
2018-02-23 05:48:07,0.03229400,0.19200000
2018-02-23 05:48:07,0.03229900,0.14000000
2018-02-23 05:48:07,0.03230000,0.46300000
2018-02-23 05:48:07,0.03233700,0.53400000
2018-02-23 05:48:10,0.03233600,3.96900000
2018-02-23 05:48:10,0.03233800,3.29800000
2018-02-23 05:48:13,0.03233300,1.61700000
2018-02-23 05:48:13,0.03233500,0.11000000
2018-02-23 05:48:13,0.03233800,0.66600000
2018-02-23 05:48:13,0.03224500,0.35000000
2018-02-23 05:48:15,0.03228800,0.35000000
2018-02-23 05:48:15,0.03229000,0.10000000
2018-02-23 05:48:15,0.03224400,0.06300000
2018-02-23 05:48:16,0.03233800,0.00100000
2018-02-23 05:48:16,0.03224900,0.45600000
2018-02-23 05:48:17,0.03233800,3.92400000
2018-02-23 05:48:17,0.03238200,1.48700000
2018-02-23 05:48:17,0.03239900,0.15400000
2018-02-23 05:48:17,0.03240000,4.43500000
2018-02-23 05:48:20,0.03233800,0.08000000
2018-02-23 05:48:20,0.03233800,0.04100000
2018-02-23 05:48:20,0.03234000,0.08100000
2018-02-23 05:48:20,0.03234000,2.09600000
2018-02-23 05:48:20,0.03234000,0.46700000
2018-02-23 05:48:20,0.03233800,0.24700000
2018-02-23 05:48:20,0.03233800,0.52400000
2018-02-23 05:48:20,0.03233800,3.03200000
2018-02-23 05:48:20,0.03233700,0.06800000
2018-02-23 05:48:20,0.03233900,0.05600000
2018-02-23 05:48:20,0.03226100,0.46000000
2018-02-23 05:48:24,0.03226700,0.07200000
2018-02-23 05:48:26,0.03226900,0.12400000
2018-02-23 05:48:26,0.03226700,0.33100000
2018-02-23 05:48:26,0.03226700,0.33300000
2018-02-23 05:48:28,0.03226700,0.05800000
2018-02-23 05:48:29,0.03223300,0.12800000
2018-02-23 05:48:29,0.03223100,0.19300000
2018-02-23 05:48:33,0.03222500,0.12900000
2018-02-23 05:48:33,0.03219600,0.06300000
2018-02-23 05:48:33,0.03219500,0.15300000
2018-02-23 05:48:35,0.03224100,6.73400000
2018-02-23 05:48:36,0.03220500,3.10500000
2018-02-23 05:48:36,0.03220100,0.49100000
2018-02-23 05:48:39,0.03220200,0.34500000
2018-02-23 05:48:40,0.03225500,0.22100000
2018-02-23 05:48:41,0.03220200,0.03200000
2018-02-23 05:48:41,0.03220300,0.09400000
2018-02-23 05:48:42,0.03220600,0.15500000
2018-02-23 05:48:42,0.03220300,0.04500000
2018-02-23 05:48:44,0.03220300,0.01700000
2018-02-23 05:48:44,0.03220200,0.08900000
2018-02-23 05:48:47,0.03220300,3.48900000
2018-02-23 05:48:48,0.03223900,0.41700000
2018-02-23 05:48:48,0.03224000,0.55000000
2018-02-23 05:48:52,0.03220100,0.03300000
2018-02-23 05:48:52,0.03219500,0.19000000
2018-02-23 05:48:52,0.03219400,0.47200000
2018-02-23 05:48:52,0.03224900,0.90700000
2018-02-23 05:48:53,0.03224900,0.00600000
2018-02-23 05:48:59,0.03220100,0.38000000
2018-02-23 05:48:59,0.03220000,0.57200000
2018-02-23 05:49:02,0.03220000,0.42800000
2018-02-23 05:49:02,0.03219400,0.30200000
2018-02-23 05:49:02,0.03219200,0.70800000
2018-02-23 05:49:02,0.03213400,1.55700000
2018-02-23 05:49:02,0.03213300,0.38000000
2018-02-23 05:49:02,0.03213100,1.78300000
2018-02-23 05:49:02,0.03213000,0.45200000
2018-02-23 05:49:05,0.03220200,0.09100000
2018-02-23 05:49:06,0.03220400,0.12800000
2018-02-23 05:49:06,0.03220200,0.03700000
2018-02-23 05:49:06,0.03213100,1.04400000
2018-02-23 05:49:10,0.03223000,0.09300000
2018-02-23 05:49:10,0.03220100,0.34800000
2018-02-23 05:49:14,0.03219200,1.42100000
2018-02-23 05:49:14,0.03219400,0.95100000
2018-02-23 05:49:15,0.03219700,2.01700000
2018-02-23 05:49:15,0.03220100,1.42400000
2018-02-23 05:49:16,0.03220100,1.29500000
2018-02-23 05:49:16,0.03220100,0.26300000
2018-02-23 05:49:18,0.03219500,0.06400000
2018-02-23 05:49:18,0.03213500,0.00600000
2018-02-23 05:49:19,0.03219600,0.12400000
2018-02-23 05:49:23,0.03223800,0.06800000
2018-02-23 05:49:23,0.03223800,0.06000000
2018-02-23 05:49:23,0.03224400,0.12800000
2018-02-23 05:49:23,0.03224800,0.18700000
2018-02-23 05:49:26,0.03226400,0.06800000
2018-02-23 05:49:33,0.03226400,0.06000000
2018-02-23 05:49:33,0.03226900,0.34000000
2018-02-23 05:49:36,0.03226900,0.11200000
2018-02-23 05:49:38,0.03226900,0.15500000
2018-02-23 05:49:42,0.03226300,1.62800000
2018-02-23 05:49:42,0.03226900,0.12400000
2018-02-23 05:49:42,0.03226900,0.91200000
2018-02-23 05:49:44,0.03227000,0.40000000
2018-02-23 05:49:52,0.03229700,0.40000000
2018-02-23 05:49:52,0.03229800,0.06400000
2018-02-23 05:49:58,0.03233000,0.07700000
2018-02-23 05:49:59,0.03229800,0.20400000
2018-02-23 05:49:59,0.03229800,0.92800000
2018-02-23 05:49:59,0.03229800,0.92800000
2018-02-23 05:49:59,0.03229800,3.19600000
2018-02-23 05:49:59,0.03228100,0.92300000
2018-02-23 05:50:00,0.03226900,0.92900000
2018-02-23 05:50:02,0.03229600,0.06800000
2018-02-23 05:50:08,0.03228500,0.09500000
2018-02-23 05:50:14,0.03228500,0.02900000
2018-02-23 05:50:14,0.03226900,1.47100000
2018-02-23 05:50:18,0.03229600,0.06800000
2018-02-23 05:50:18,0.03231700,0.92900000
2018-02-23 05:50:18,0.03232800,0.12400000
2018-02-23 05:50:18,0.03233000,0.02300000
2018-02-23 05:50:18,0.03238300,0.49100000
2018-02-23 05:50:18,0.03238400,5.36500000
2018-02-23 05:50:20,0.03228000,0.92900000
2018-02-23 05:50:20,0.03228000,0.92900000
2018-02-23 05:50:20,0.03228000,0.29600000
2018-02-23 05:50:20,0.03228000,0.94400000
2018-02-23 05:50:20,0.03227900,0.12400000
2018-02-23 05:50:20,0.03227900,0.07700000
2018-02-23 05:50:21,0.03227800,0.92900000
2018-02-23 05:50:21,0.03227900,0.09500000
2018-02-23 05:50:21,0.03228100,1.39700000
2018-02-23 05:50:21,0.03226900,1.40600000
2018-02-23 05:50:21,0.03226900,0.92900000
2018-02-23 05:50:21,0.03227700,1.70100000
2018-02-23 05:50:23,0.03229900,0.40000000
2018-02-23 05:50:25,0.03227700,5.03300000
2018-02-23 05:50:25,0.03227700,1.25000000
2018-02-23 05:50:25,0.03227600,1.16000000
2018-02-23 05:50:26,0.03230000,0.03300000
2018-02-23 05:50:26,0.03232000,0.28700000
2018-02-23 05:50:30,0.03227900,0.33600000
2018-02-23 05:50:30,0.03227900,0.92900000
2018-02-23 05:50:30,0.03227900,0.04500000
2018-02-23 05:50:32,0.03228200,0.92900000
2018-02-23 05:50:32,0.03228200,0.85600000
2018-02-23 05:50:32,0.03227700,0.92900000
2018-02-23 05:50:34,0.03227700,0.61600000
2018-02-23 05:50:37,0.03232400,0.33000000
2018-02-23 05:50:40,0.03227700,0.17600000
2018-02-23 05:50:45,0.03227900,0.12400000
2018-02-23 05:50:45,0.03227700,5.41800000
2018-02-23 05:50:45,0.03227400,0.12400000
2018-02-23 05:50:45,0.03227200,0.77800000
2018-02-23 05:50:45,0.03226900,4.56700000
2018-02-23 05:50:45,0.03226900,14.25800000
2018-02-23 05:50:45,0.03226900,1.24800000
2018-02-23 05:50:45,0.03228100,0.12400000
2018-02-23 05:50:50,0.03221100,0.07800000
2018-02-23 05:50:51,0.03221100,0.06600000
2018-02-23 05:50:52,0.03221100,0.19300000
2018-02-23 05:50:52,0.03221000,0.06400000
2018-02-23 05:50:52,0.03216300,0.12400000
2018-02-23 05:50:52,0.03214100,0.29600000
2018-02-23 05:50:55,0.03214300,0.93500000
2018-02-23 05:50:55,0.03214200,0.87600000
2018-02-23 05:50:55,0.03214100,0.71100000
2018-02-23 05:50:55,0.03214000,3.57000000
2018-02-23 05:50:55,0.03213500,1.33500000
2018-02-23 05:50:56,0.03227600,0.06200000
2018-02-23 05:50:59,0.03227000,1.00000000
2018-02-23 05:51:02,0.03213600,0.22900000
2018-02-23 05:51:03,0.03226100,0.32800000
2018-02-23 05:51:04,0.03216000,2.68100000
2018-02-23 05:51:07,0.03216000,0.07700000
2018-02-23 05:51:08,0.03216000,0.62400000
2018-02-23 05:51:08,0.03225200,0.55600000
2018-02-23 05:51:12,0.03216000,0.06200000
2018-02-23 05:51:18,0.03222800,0.81900000
2018-02-23 05:51:18,0.03222900,0.11100000
2018-02-23 05:51:40,0.03218100,0.03400000
2018-02-23 05:51:40,0.03217700,0.15100000
2018-02-23 05:51:40,0.03217500,1.16400000
2018-02-23 05:51:46,0.03217500,0.12000000
2018-02-23 05:51:51,0.03220900,0.87600000
2018-02-23 05:51:51,0.03221000,0.06900000
2018-02-23 05:51:53,0.03221000,0.02400000
2018-02-23 05:52:04,0.03220800,0.05100000
2018-02-23 05:52:04,0.03220900,0.46400000
2018-02-23 05:52:04,0.03221500,0.49600000
2018-02-23 05:52:04,0.03222000,7.80000000
2018-02-23 05:52:04,0.03222500,0.53100000
2018-02-23 05:52:05,0.03222500,0.22200000
2018-02-23 05:52:05,0.03222500,0.26600000
2018-02-23 05:52:05,0.03222500,0.32800000
2018-02-23 05:52:05,0.03222500,0.03400000
2018-02-23 05:52:06,0.03222500,0.07800000
2018-02-23 05:52:09,0.03222500,4.81300000
2018-02-23 05:52:09,0.03222500,0.12800000
2018-02-23 05:52:11,0.03222500,0.93800000
2018-02-23 05:52:17,0.03222500,0.12900000
2018-02-23 05:52:18,0.03222500,1.07700000
2018-02-23 05:52:18,0.03224700,0.12800000
2018-02-23 05:52:18,0.03224900,0.86600000
2018-02-23 05:52:18,0.03225000,0.92900000
2018-02-23 05:52:41,0.03220100,0.07000000
2018-02-23 05:52:57,0.03220300,0.12800000
2018-02-23 05:52:57,0.03220100,0.27200000
2018-02-23 05:53:39,0.03222800,0.07000000
2018-02-23 05:53:39,0.03223000,0.31500000
2018-02-23 05:53:39,0.03224000,0.13600000
2018-02-23 05:53:39,0.03224700,0.12800000
2018-02-23 05:53:39,0.03224900,9.14600000
2018-02-23 05:53:39,0.03225000,0.03400000
2018-02-23 05:53:53,0.03222700,1.28400000
2018-02-23 05:54:00,0.03225000,22.01500000
2018-02-23 05:54:00,0.03225000,4.52100000
2018-02-23 05:54:00,0.03225000,2.31500000
2018-02-23 05:54:00,0.03225000,1.12900000
2018-02-23 05:54:02,0.03225000,0.93800000
2018-02-23 05:54:09,0.03225000,17.19200000
2018-02-23 05:54:13,0.03228600,1.28400000
2018-02-23 05:54:13,0.03228700,0.93500000
2018-02-23 05:54:13,0.03229300,0.19300000
2018-02-23 05:54:13,0.03229400,0.50000000
2018-02-23 05:54:13,0.03230000,3.97200000
2018-02-23 05:54:14,0.03225300,0.12000000
2018-02-23 05:54:18,0.03231900,0.12000000
2018-02-23 05:54:18,0.03232000,1.00000000
2018-02-23 05:54:18,0.03232800,11.17900000
