DATE,PRICE,VOLUME
2018-02-25 04:00:02,0.03664000,0.07900000
2018-02-25 04:00:04,0.03664000,0.45700000
2018-02-25 04:00:05,0.03664000,1.68900000
2018-02-25 04:00:05,0.03663800,0.27200000
2018-02-25 04:00:07,0.03662000,0.05000000
2018-02-25 04:00:07,0.03651500,0.08200000
2018-02-25 04:00:07,0.03650000,0.09600000
2018-02-25 04:00:07,0.03649300,0.34200000
2018-02-25 04:00:07,0.03644900,2.01000000
2018-02-25 04:00:09,0.03652200,0.27200000
2018-02-25 04:00:09,0.03652300,0.13800000
2018-02-25 04:00:09,0.03652500,0.11900000
2018-02-25 04:00:10,0.03667500,0.16800000
2018-02-25 04:00:11,0.03645200,0.50000000
2018-02-25 04:00:11,0.03645100,0.60300000
2018-02-25 04:00:13,0.03660000,0.50000000
2018-02-25 04:00:15,0.03660300,0.04400000
2018-02-25 04:00:20,0.03660300,2.68400000
2018-02-25 04:00:20,0.03660100,0.27300000
2018-02-25 04:00:20,0.03645100,35.78300000
2018-02-25 04:00:20,0.03644900,1.10300000
2018-02-25 04:00:20,0.03640100,11.00000000
2018-02-25 04:00:20,0.03640000,50.00000000
2018-02-25 04:00:30,0.03659400,0.16200000
2018-02-25 04:00:30,0.03640200,0.50000000
2018-02-25 04:00:30,0.03640100,1.04000000
2018-02-25 04:00:47,0.03651600,0.27300000
2018-02-25 04:00:47,0.03651700,2.72800000
2018-02-25 04:00:47,0.03651900,1.79100000
2018-02-25 04:00:47,0.03651900,1.85200000
2018-02-25 04:00:47,0.03652500,3.64300000
2018-02-25 04:00:48,0.03651500,0.33800000
2018-02-25 04:00:48,0.03654500,1.39300000
2018-02-25 04:00:48,0.03654500,1.34000000
2018-02-25 04:00:50,0.03655500,0.34200000
2018-02-25 04:00:56,0.03646500,0.82100000
2018-02-25 04:00:58,0.03646800,0.86100000
2018-02-25 04:01:17,0.03650700,1.88300000
2018-02-25 04:01:17,0.03650500,2.56600000
2018-02-25 04:01:22,0.03659300,0.27300000
2018-02-25 04:01:25,0.03650500,0.27300000
2018-02-25 04:01:25,0.03650400,0.83500000
2018-02-25 04:01:33,0.03658100,0.06800000
2018-02-25 04:01:39,0.03657200,3.22400000
2018-02-25 04:01:39,0.03657400,0.27300000
2018-02-25 04:01:40,0.03658100,7.16500000
2018-02-25 04:01:41,0.03659500,0.05300000
2018-02-25 04:01:41,0.03667500,0.11600000
2018-02-25 04:01:43,0.03667400,0.10900000
2018-02-25 04:01:44,0.03667400,0.10400000
2018-02-25 04:01:45,0.03651600,0.35400000
2018-02-25 04:01:50,0.03653400,0.19300000
2018-02-25 04:02:04,0.03667400,0.35400000
2018-02-25 04:02:09,0.03660100,0.50000000
2018-02-25 04:02:09,0.03659900,0.27300000
2018-02-25 04:02:11,0.03666300,0.51700000
2018-02-25 04:02:15,0.03653500,0.06700000
2018-02-25 04:02:15,0.03653400,4.48900000
2018-02-25 04:02:26,0.03649900,0.77500000
2018-02-25 04:02:26,0.03641800,10.42000000
2018-02-25 04:02:26,0.03640000,3.43700000
2018-02-25 04:02:57,0.03649600,0.34300000
2018-02-25 04:02:57,0.03649700,0.27300000
2018-02-25 04:02:57,0.03649700,0.55200000
2018-02-25 04:02:58,0.03641600,1.00000000
2018-02-25 04:02:58,0.03641600,1.00000000
2018-02-25 04:02:58,0.03641600,0.74500000
2018-02-25 04:02:58,0.03641400,0.12900000
2018-02-25 04:02:58,0.03640900,0.27400000
2018-02-25 04:02:58,0.03640800,1.28700000
2018-02-25 04:02:58,0.03640800,1.59500000
2018-02-25 04:02:59,0.03640000,3.69600000
2018-02-25 04:03:01,0.03641400,1.55900000
2018-02-25 04:03:01,0.03641400,1.87100000
2018-02-25 04:03:01,0.03641400,0.42600000
2018-02-25 04:03:01,0.03641200,0.31200000
2018-02-25 04:03:01,0.03638000,2.00000000
2018-02-25 04:03:01,0.03637100,5.49900000
2018-02-25 04:03:01,0.03636000,2.35100000
2018-02-25 04:03:02,0.03641200,0.27700000
2018-02-25 04:03:03,0.03639100,0.41200000
2018-02-25 04:03:05,0.03640900,0.06000000
2018-02-25 04:03:17,0.03639400,0.03300000
2018-02-25 04:03:25,0.03631000,0.09500000
2018-02-25 04:03:25,0.03630000,2.90000000
2018-02-25 04:03:25,0.03630000,1.05400000
2018-02-25 04:03:25,0.03630000,0.17700000
2018-02-25 04:03:25,0.03630000,0.03400000
2018-02-25 04:03:27,0.03629800,0.06800000
2018-02-25 04:03:28,0.03627700,1.17900000
2018-02-25 04:03:28,0.03626200,0.66700000
2018-02-25 04:03:28,0.03625900,0.82700000
2018-02-25 04:03:28,0.03625700,0.11000000
2018-02-25 04:03:28,0.03621500,0.34500000
2018-02-25 04:03:28,0.03621000,2.75900000
2018-02-25 04:03:28,0.03620900,0.04800000
2018-02-25 04:03:28,0.03620100,0.03000000
2018-02-25 04:03:28,0.03620000,5.90300000
2018-02-25 04:03:31,0.03629500,2.02500000
2018-02-25 04:03:31,0.03629700,0.15800000
2018-02-25 04:03:31,0.03629700,0.11600000
2018-02-25 04:03:31,0.03630000,1.05600000
2018-02-25 04:03:31,0.03629300,0.06900000
2018-02-25 04:03:31,0.03629300,1.70600000
2018-02-25 04:03:31,0.03629300,0.98400000
2018-02-25 04:03:32,0.03620600,0.60200000
2018-02-25 04:03:32,0.03620500,2.76100000
2018-02-25 04:03:32,0.03620300,0.27600000
2018-02-25 04:03:32,0.03620000,3.45000000
2018-02-25 04:03:32,0.03615400,0.69000000
2018-02-25 04:03:32,0.03615300,0.06900000
2018-02-25 04:03:32,0.03615100,0.09600000
2018-02-25 04:03:32,0.03614800,3.92400000
2018-02-25 04:03:36,0.03631000,0.03800000
2018-02-25 04:03:37,0.03631000,0.02800000
2018-02-25 04:04:00,0.03626200,1.15700000
2018-02-25 04:04:00,0.03626200,1.15700000
2018-02-25 04:04:00,0.03626200,0.44700000
2018-02-25 04:04:00,0.03626400,0.34500000
2018-02-25 04:04:00,0.03626700,0.21000000
2018-02-25 04:04:00,0.03627000,0.15500000
2018-02-25 04:04:01,0.03627000,0.44700000
2018-02-25 04:04:05,0.03631000,0.14200000
2018-02-25 04:04:07,0.03630900,0.13800000
2018-02-25 04:04:10,0.03630900,0.36200000
2018-02-25 04:04:10,0.03631000,2.65000000
2018-02-25 04:04:10,0.03631000,2.85900000
2018-02-25 04:04:10,0.03631600,0.06900000
2018-02-25 04:04:10,0.03632000,1.98000000
2018-02-25 04:04:10,0.03633200,0.09600000
2018-02-25 04:04:12,0.03617500,0.75400000
2018-02-25 04:04:13,0.03639000,0.11000000
2018-02-25 04:04:13,0.03639000,0.06900000
2018-02-25 04:04:13,0.03629300,0.44200000
2018-02-25 04:04:14,0.03639000,0.09100000
2018-02-25 04:04:15,0.03639000,0.04400000
2018-02-25 04:04:15,0.03639000,0.06900000
2018-02-25 04:04:17,0.03639000,0.06900000
2018-02-25 04:04:20,0.03630000,5.07300000
2018-02-25 04:04:23,0.03639000,0.81000000
2018-02-25 04:04:23,0.03640700,0.19000000
2018-02-25 04:04:27,0.03640700,0.06900000
2018-02-25 04:04:32,0.03640700,0.08200000
2018-02-25 04:04:34,0.03640700,0.38600000
2018-02-25 04:04:35,0.03641800,0.50000000
2018-02-25 04:04:37,0.03641800,0.27400000
2018-02-25 04:04:39,0.03641800,0.06900000
2018-02-25 04:04:40,0.03641800,0.06900000
2018-02-25 04:04:40,0.03641800,0.64700000
2018-02-25 04:04:40,0.03640700,0.98600000
2018-02-25 04:04:40,0.03633000,0.17300000
2018-02-25 04:04:44,0.03640000,0.98600000
2018-02-25 04:04:45,0.03641200,0.41200000
2018-02-25 04:04:50,0.03641500,2.50000000
2018-02-25 04:04:51,0.03640700,1.35000000
2018-02-25 04:05:00,0.03646600,0.04100000
2018-02-25 04:05:02,0.03646500,0.08200000
2018-02-25 04:05:08,0.03633200,0.09200000
2018-02-25 04:05:08,0.03633100,0.13700000
2018-02-25 04:05:08,0.03631700,0.03400000
2018-02-25 04:05:15,0.03646300,0.06900000
2018-02-25 04:05:19,0.03646300,0.88200000
2018-02-25 04:05:19,0.03646400,0.23700000
2018-02-25 04:05:19,0.03646600,0.45900000
2018-02-25 04:05:19,0.03647100,0.53900000
2018-02-25 04:05:32,0.03640000,0.03800000
2018-02-25 04:05:39,0.03631800,0.27500000
2018-02-25 04:05:39,0.03631700,0.50700000
2018-02-25 04:05:40,0.03631700,0.08200000
2018-02-25 04:05:42,0.03631700,0.08300000
2018-02-25 04:05:48,0.03630000,0.82500000
2018-02-25 04:05:48,0.03630000,1.21900000
2018-02-25 04:05:49,0.03631700,0.06900000
2018-02-25 04:05:50,0.03631700,0.10800000
2018-02-25 04:05:52,0.03631700,1.33500000
2018-02-25 04:06:09,0.03632300,0.05700000
2018-02-25 04:06:14,0.03625200,0.80000000
2018-02-25 04:06:19,0.03632300,0.19300000
2018-02-25 04:06:23,0.03639800,0.05700000
2018-02-25 04:06:23,0.03639900,1.94300000
2018-02-25 04:06:23,0.03625800,0.17800000
2018-02-25 04:06:23,0.03625800,0.63700000
2018-02-25 04:06:23,0.03625800,0.53100000
2018-02-25 04:06:23,0.03625800,4.83300000
2018-02-25 04:06:27,0.03639600,0.06900000
2018-02-25 04:06:37,0.03626100,0.06800000
2018-02-25 04:06:37,0.03625900,0.26200000
2018-02-25 04:06:37,0.03625800,1.00800000
2018-02-25 04:07:00,0.03626100,0.10000000
2018-02-25 04:07:01,0.03626000,1.38800000
2018-02-25 04:07:01,0.03626000,0.11100000
2018-02-25 04:07:01,0.03625800,2.51700000
2018-02-25 04:07:02,0.03625100,1.56900000
2018-02-25 04:07:06,0.03629900,0.19300000
2018-02-25 04:07:11,0.03622300,2.09700000
2018-02-25 04:07:11,0.03622200,0.11100000
2018-02-25 04:07:11,0.03621800,0.10000000
2018-02-25 04:07:11,0.03625100,0.38000000
2018-02-25 04:07:12,0.03625100,0.38000000
2018-02-25 04:07:12,0.03621600,0.20300000
2018-02-25 04:07:12,0.03620000,1.17000000
2018-02-25 04:07:12,0.03620000,3.89500000
2018-02-25 04:07:12,0.03613600,0.08300000
2018-02-25 04:07:12,0.03612100,0.34500000
2018-02-25 04:07:13,0.03610900,0.19400000
2018-02-25 04:07:15,0.03610100,0.34300000
2018-02-25 04:07:15,0.03610000,12.31900000
2018-02-25 04:07:15,0.03610000,6.23300000
2018-02-25 04:07:15,0.03609900,0.62000000
2018-02-25 04:07:15,0.03609900,0.51700000
2018-02-25 04:07:15,0.03609900,0.62000000
2018-02-25 04:07:15,0.03609900,0.83000000
2018-02-25 04:07:15,0.03609900,0.82900000
2018-02-25 04:07:15,0.03609000,0.62000000
2018-02-25 04:07:15,0.03609900,0.37000000
2018-02-25 04:07:15,0.03609000,0.03000000
2018-02-25 04:07:17,0.03609900,0.06900000
2018-02-25 04:07:17,0.03609900,1.13600000
2018-02-25 04:07:17,0.03609900,0.86400000
2018-02-25 04:07:19,0.03624800,0.09600000
2018-02-25 04:07:19,0.03610000,0.55200000
2018-02-25 04:07:21,0.03624700,0.06100000
2018-02-25 04:07:22,0.03606400,0.06400000
2018-02-25 04:07:22,0.03624700,0.06200000
2018-02-25 04:07:23,0.03606400,0.05200000
2018-02-25 04:07:23,0.03606100,2.40500000
2018-02-25 04:07:23,0.03624500,0.02800000
2018-02-25 04:07:24,0.03624500,0.10300000
2018-02-25 04:07:26,0.03624500,0.06200000
2018-02-25 04:07:26,0.03624700,0.03900000
2018-02-25 04:07:31,0.03624300,0.10000000
2018-02-25 04:07:37,0.03624200,0.06100000
2018-02-25 04:07:38,0.03605400,0.12500000
2018-02-25 04:07:38,0.03605300,0.15200000
2018-02-25 04:07:38,0.03605200,7.07600000
2018-02-25 04:07:38,0.03605000,0.33200000
2018-02-25 04:07:38,0.03604700,1.29800000
2018-02-25 04:07:42,0.03623900,0.27700000
2018-02-25 04:07:42,0.03624000,0.28200000
2018-02-25 04:07:42,0.03624100,0.47900000
2018-02-25 04:07:42,0.03624100,0.47900000
2018-02-25 04:07:42,0.03624100,0.47900000
2018-02-25 04:07:42,0.03624100,0.47500000
2018-02-25 04:07:42,0.03624100,0.45300000
2018-02-25 04:07:42,0.03602800,0.18200000
2018-02-25 04:07:44,0.03623500,0.49700000
2018-02-25 04:07:54,0.03621400,0.19300000
2018-02-25 04:07:58,0.03620700,0.05500000
2018-02-25 04:07:59,0.03605700,0.27700000
2018-02-25 04:07:59,0.03605600,0.63000000
2018-02-25 04:07:59,0.03605400,14.60000000
2018-02-25 04:07:59,0.03604900,0.13800000
2018-02-25 04:07:59,0.03603200,0.27000000
2018-02-25 04:08:00,0.03602700,1.03600000
2018-02-25 04:08:00,0.03602700,1.23700000
2018-02-25 04:08:01,0.03620500,0.27700000
2018-02-25 04:08:01,0.03620600,0.72300000
2018-02-25 04:08:02,0.03601100,4.59800000
2018-02-25 04:08:02,0.03601100,4.87200000
2018-02-25 04:08:02,0.03601100,0.39100000
2018-02-25 04:08:02,0.03601000,0.15600000
2018-02-25 04:08:02,0.03600500,0.07600000
2018-02-25 04:08:02,0.03600100,1.25300000
2018-02-25 04:08:02,0.03601200,0.10000000
2018-02-25 04:08:03,0.03600200,0.27700000
2018-02-25 04:08:03,0.03600100,1.10400000
2018-02-25 04:08:03,0.03600000,9.43300000
2018-02-25 04:08:03,0.03600000,3.22500000
2018-02-25 04:08:04,0.03619000,0.41500000
2018-02-25 04:08:04,0.03619900,0.22100000
2018-02-25 04:08:04,0.03620000,0.13800000
2018-02-25 04:08:04,0.03620500,0.15100000
2018-02-25 04:08:05,0.03600000,34.64300000
2018-02-25 04:08:05,0.03600000,1.00000000
2018-02-25 04:08:07,0.03620300,0.24300000
2018-02-25 04:08:07,0.03620400,0.90700000
2018-02-25 04:08:07,0.03620500,0.22900000
2018-02-25 04:08:07,0.03620700,0.61300000
2018-02-25 04:08:08,0.03600000,0.39100000
2018-02-25 04:08:09,0.03600000,0.06800000
2018-02-25 04:08:09,0.03600000,2.03300000
2018-02-25 04:08:10,0.03600000,0.07600000
2018-02-25 04:08:10,0.03600000,0.24500000
2018-02-25 04:08:11,0.03598500,2.86100000
2018-02-25 04:08:12,0.03598500,0.80000000
2018-02-25 04:08:14,0.03596400,0.24100000
2018-02-25 04:08:14,0.03595500,0.75900000
2018-02-25 04:08:14,0.03598500,0.30000000
2018-02-25 04:08:14,0.03598500,0.30000000
2018-02-25 04:08:14,0.03598500,0.25000000
2018-02-25 04:08:14,0.03598500,0.30000000
2018-02-25 04:08:15,0.03595500,0.64300000
2018-02-25 04:08:15,0.03592400,0.56200000
2018-02-25 04:08:15,0.03591200,0.27800000
2018-02-25 04:08:15,0.03590100,0.03800000
2018-02-25 04:08:15,0.03590000,0.51700000
2018-02-25 04:08:15,0.03589900,1.63200000
2018-02-25 04:08:15,0.03589600,1.03400000
2018-02-25 04:08:15,0.03589400,0.13800000
2018-02-25 04:08:15,0.03588900,0.85600000
2018-02-25 04:08:15,0.03588800,0.58600000
2018-02-25 04:08:15,0.03588000,0.90200000
2018-02-25 04:08:15,0.03587800,0.52200000
2018-02-25 04:08:15,0.03587700,7.07500000
2018-02-25 04:08:15,0.03587300,1.58700000
2018-02-25 04:08:16,0.03587400,0.03400000
2018-02-25 04:08:16,0.03598500,0.29600000
2018-02-25 04:08:16,0.03598500,0.10000000
2018-02-25 04:08:18,0.03598500,0.22200000
2018-02-25 04:08:18,0.03598400,0.03400000
2018-02-25 04:08:18,0.03598500,2.34600000
2018-02-25 04:08:18,0.03600000,0.81700000
2018-02-25 04:08:21,0.03600000,0.05500000
2018-02-25 04:08:21,0.03589200,0.27800000
2018-02-25 04:08:21,0.03589100,0.13900000
2018-02-25 04:08:21,0.03587900,0.13000000
2018-02-25 04:08:21,0.03586700,0.45300000
2018-02-25 04:08:22,0.03600000,0.08000000
2018-02-25 04:08:23,0.03589200,0.30600000
2018-02-25 04:08:23,0.03586800,1.69400000
2018-02-25 04:08:24,0.03599800,0.30600000
2018-02-25 04:08:24,0.03599900,0.27800000
2018-02-25 04:08:24,0.03600000,1.58300000
2018-02-25 04:08:31,0.03600000,0.06100000
2018-02-25 04:08:36,0.03599900,0.03300000
2018-02-25 04:08:39,0.03599800,0.30000000
2018-02-25 04:08:40,0.03590700,0.27800000
2018-02-25 04:08:40,0.03590600,0.30700000
2018-02-25 04:08:40,0.03590200,0.24700000
2018-02-25 04:08:40,0.03586700,1.06900000
2018-02-25 04:08:40,0.03584200,0.16000000
2018-02-25 04:08:40,0.03583000,4.90900000
2018-02-25 04:08:41,0.03599700,0.19400000
2018-02-25 04:08:51,0.03599200,0.27700000
2018-02-25 04:08:56,0.03590800,0.04100000
2018-02-25 04:08:58,0.03590800,0.10400000
2018-02-25 04:09:01,0.03590800,0.12400000
2018-02-25 04:09:01,0.03590800,0.13900000
2018-02-25 04:09:01,0.03590800,0.16600000
2018-02-25 04:09:07,0.03590600,0.05500000
2018-02-25 04:09:09,0.03590600,0.18900000
2018-02-25 04:09:09,0.03590800,0.06900000
2018-02-25 04:09:09,0.03590800,1.41800000
2018-02-25 04:09:11,0.03598700,0.11300000
2018-02-25 04:09:12,0.03598800,0.34700000
2018-02-25 04:09:14,0.03613800,0.10600000
2018-02-25 04:09:14,0.03613800,0.04600000
2018-02-25 04:09:14,0.03600000,0.89600000
2018-02-25 04:09:15,0.03599800,0.54200000
2018-02-25 04:09:15,0.03599800,0.20500000
2018-02-25 04:09:15,0.03600000,0.06300000
2018-02-25 04:09:16,0.03600000,0.06100000
2018-02-25 04:09:18,0.03599900,0.15000000
2018-02-25 04:09:19,0.03599900,0.20800000
2018-02-25 04:09:19,0.03599900,1.30300000
2018-02-25 04:09:19,0.03600000,0.77100000
2018-02-25 04:09:19,0.03604700,0.29900000
2018-02-25 04:09:19,0.03604700,0.37300000
2018-02-25 04:09:19,0.03599400,0.11200000
2018-02-25 04:09:19,0.03599400,0.21800000
2018-02-25 04:09:19,0.03599400,0.04300000
2018-02-25 04:09:23,0.03604600,0.13300000
2018-02-25 04:09:23,0.03604600,0.03200000
2018-02-25 04:09:25,0.03598500,0.09700000
2018-02-25 04:09:26,0.03598500,0.07900000
2018-02-25 04:09:26,0.03604600,0.05300000
2018-02-25 04:09:28,0.03604600,0.30300000
2018-02-25 04:09:29,0.03604600,0.06300000
2018-02-25 04:09:31,0.03604600,0.06900000
2018-02-25 04:09:31,0.03604600,0.06800000
2018-02-25 04:09:31,0.03604600,0.70500000
2018-02-25 04:09:32,0.03604600,0.06900000
2018-02-25 04:09:36,0.03604600,5.54800000
2018-02-25 04:09:40,0.03603000,0.05300000
2018-02-25 04:09:42,0.03603000,0.03800000
2018-02-25 04:09:43,0.03603000,0.41600000
2018-02-25 04:09:43,0.03603000,0.27500000
2018-02-25 04:09:43,0.03603000,0.19800000
2018-02-25 04:09:43,0.03603000,0.03900000
2018-02-25 04:09:43,0.03586500,0.19800000
2018-02-25 04:09:43,0.03586500,0.23700000
2018-02-25 04:09:48,0.03587100,4.76100000
2018-02-25 04:09:48,0.03587000,0.58500000
2018-02-25 04:09:48,0.03586500,0.26400000
2018-02-25 04:09:49,0.03586400,0.52700000
2018-02-25 04:09:51,0.03583000,8.10900000
2018-02-25 04:09:51,0.03583000,0.06400000
2018-02-25 04:09:51,0.03583000,0.06400000
2018-02-25 04:09:51,0.03583000,0.13600000
2018-02-25 04:09:54,0.03582900,4.18600000
2018-02-25 04:09:54,0.03582900,0.12800000
2018-02-25 04:09:54,0.03582900,0.21400000
2018-02-25 04:09:54,0.03583000,2.36300000
2018-02-25 04:09:57,0.03583000,0.36700000
2018-02-25 04:09:58,0.03582900,0.14100000
2018-02-25 04:09:59,0.03596200,0.13600000
2018-02-25 04:09:59,0.03583000,2.20100000
2018-02-25 04:09:59,0.03596200,0.06900000
2018-02-25 04:10:00,0.03596200,0.07000000
2018-02-25 04:10:00,0.03583000,0.18100000
2018-02-25 04:10:00,0.03583000,7.58100000
2018-02-25 04:10:02,0.03596100,0.07000000
2018-02-25 04:10:02,0.03596100,0.09600000
2018-02-25 04:10:02,0.03596100,0.05800000
2018-02-25 04:10:02,0.03596100,0.07000000
2018-02-25 04:10:03,0.03596100,0.01400000
2018-02-25 04:10:03,0.03596200,0.00300000
2018-02-25 04:10:03,0.03583000,0.10400000
2018-02-25 04:10:03,0.03583000,2.63900000
2018-02-25 04:10:05,0.03596500,0.38600000
2018-02-25 04:10:06,0.03596500,0.10000000
2018-02-25 04:10:08,0.03602600,0.06100000
2018-02-25 04:10:09,0.03600000,1.08700000
2018-02-25 04:10:11,0.03599900,0.06900000
2018-02-25 04:10:11,0.03599900,0.07000000
2018-02-25 04:10:11,0.03600000,0.06900000
2018-02-25 04:10:11,0.03600000,0.13900000
2018-02-25 04:10:11,0.03600000,0.16700000
2018-02-25 04:10:12,0.03600000,0.06600000
2018-02-25 04:10:17,0.03599800,0.03400000
2018-02-25 04:10:17,0.03599900,0.00800000
2018-02-25 04:10:17,0.03599900,0.08300000
2018-02-25 04:10:18,0.03599900,0.07300000
2018-02-25 04:10:19,0.03599900,0.30400000
2018-02-25 04:10:19,0.03599900,0.06000000
2018-02-25 04:10:21,0.03600000,0.19800000
2018-02-25 04:10:21,0.03600000,0.10900000
2018-02-25 04:10:22,0.03600000,0.04800000
2018-02-25 04:10:26,0.03600000,0.07300000
2018-02-25 04:10:27,0.03600000,0.10400000
2018-02-25 04:10:27,0.03600000,0.10600000
2018-02-25 04:10:27,0.03600000,0.10900000
2018-02-25 04:10:27,0.03600000,0.06700000
2018-02-25 04:10:28,0.03599900,0.05500000
2018-02-25 04:10:28,0.03599900,0.21700000
2018-02-25 04:10:28,0.03599900,0.04600000
2018-02-25 04:10:29,0.03599900,0.06700000
2018-02-25 04:10:29,0.03599900,0.06800000
2018-02-25 04:10:32,0.03585300,0.65100000
2018-02-25 04:10:32,0.03585200,0.27800000
2018-02-25 04:10:32,0.03585100,5.01900000
2018-02-25 04:10:33,0.03585300,0.30900000
2018-02-25 04:10:34,0.03599600,0.04200000
2018-02-25 04:10:34,0.03583000,0.03200000
2018-02-25 04:10:37,0.03598700,2.16700000
2018-02-25 04:10:37,0.03598900,4.15700000
2018-02-25 04:10:40,0.03598600,0.04100000
2018-02-25 04:10:41,0.03598500,0.27700000
2018-02-25 04:10:42,0.03583400,2.79100000
2018-02-25 04:10:42,0.03582300,0.91200000
2018-02-25 04:10:42,0.03582000,0.43600000
2018-02-25 04:10:42,0.03580900,0.34800000
2018-02-25 04:10:42,0.03580100,0.13800000
2018-02-25 04:10:42,0.03580000,21.49400000
2018-02-25 04:10:43,0.03598200,0.27800000
2018-02-25 04:10:49,0.03596400,1.90000000
2018-02-25 04:10:49,0.03596400,0.50000000
2018-02-25 04:10:50,0.03596400,0.81600000
2018-02-25 04:10:50,0.03596400,0.15900000
2018-02-25 04:10:50,0.03596600,0.35000000
2018-02-25 04:10:57,0.03596100,0.16700000
2018-02-25 04:10:58,0.03596000,0.19500000
2018-02-25 04:10:59,0.03590000,0.25300000
2018-02-25 04:10:59,0.03590000,0.83500000
2018-02-25 04:10:59,0.03590200,2.79100000
2018-02-25 04:10:59,0.03590000,0.38400000
2018-02-25 04:10:59,0.03590000,0.97300000
2018-02-25 04:10:59,0.03590000,0.72700000
2018-02-25 04:10:59,0.03581500,0.27800000
2018-02-25 04:10:59,0.03581100,0.50000000
2018-02-25 04:11:02,0.03594800,0.24700000
2018-02-25 04:11:06,0.03580300,0.06400000
2018-02-25 04:11:06,0.03593900,0.06800000
2018-02-25 04:11:07,0.03593900,0.09200000
2018-02-25 04:11:17,0.03591200,0.21800000
2018-02-25 04:11:20,0.03590600,0.12600000
2018-02-25 04:11:23,0.03589700,0.03200000
2018-02-25 04:11:24,0.03588700,0.03300000
2018-02-25 04:11:28,0.03587500,0.43000000
2018-02-25 04:11:29,0.03587200,0.04100000
2018-02-25 04:11:30,0.03587200,0.26000000
2018-02-25 04:11:31,0.03587100,0.09800000
2018-02-25 04:11:33,0.03586300,0.09600000
2018-02-25 04:11:33,0.03586300,1.14800000
2018-02-25 04:11:33,0.03586500,0.39200000
2018-02-25 04:11:33,0.03586800,0.06500000
2018-02-25 04:11:33,0.03587100,0.05600000
2018-02-25 04:11:33,0.03587200,0.27900000
2018-02-25 04:11:33,0.03587400,0.06400000
2018-02-25 04:11:36,0.03593900,0.58000000
2018-02-25 04:11:36,0.03593900,1.73500000
2018-02-25 04:11:36,0.03593900,0.06100000
2018-02-25 04:11:37,0.03590000,1.70200000
2018-02-25 04:11:37,0.03590000,1.47000000
2018-02-25 04:11:37,0.03580800,0.83500000
2018-02-25 04:11:37,0.03589800,0.23200000
2018-02-25 04:11:37,0.03589900,0.44900000
2018-02-25 04:11:37,0.03593900,2.15600000
2018-02-25 04:11:37,0.03593900,0.24900000
2018-02-25 04:11:38,0.03598400,0.04200000
2018-02-25 04:11:38,0.03593900,0.30000000
2018-02-25 04:11:39,0.03593900,0.13000000
2018-02-25 04:11:39,0.03593900,0.09500000
2018-02-25 04:11:39,0.03593600,0.08200000
2018-02-25 04:11:39,0.03593600,0.34400000
2018-02-25 04:11:41,0.03593600,0.36700000
2018-02-25 04:11:41,0.03593800,0.03500000
2018-02-25 04:11:46,0.03593600,0.08300000
2018-02-25 04:11:47,0.03593600,0.33600000
2018-02-25 04:11:47,0.03593600,0.19500000
2018-02-25 04:11:52,0.03593600,0.07200000
2018-02-25 04:11:54,0.03593600,0.06100000
2018-02-25 04:11:54,0.03593600,1.62200000
2018-02-25 04:11:55,0.03593600,0.06900000
2018-02-25 04:12:03,0.03586400,0.80900000
2018-02-25 04:12:07,0.03593500,0.07000000
2018-02-25 04:12:08,0.03593500,0.06800000
2018-02-25 04:12:08,0.03593600,0.00100000
2018-02-25 04:12:08,0.03593600,5.57700000
2018-02-25 04:12:09,0.03593600,0.04200000
2018-02-25 04:12:13,0.03587000,0.10000000
2018-02-25 04:12:13,0.03586800,1.97900000
2018-02-25 04:12:13,0.03586800,0.20100000
2018-02-25 04:12:13,0.03586800,0.48200000
2018-02-25 04:12:13,0.03586800,0.48300000
2018-02-25 04:12:13,0.03586800,0.38000000
2018-02-25 04:12:13,0.03586800,0.37700000
2018-02-25 04:12:13,0.03586600,2.63600000
2018-02-25 04:12:14,0.03586600,0.15200000
2018-02-25 04:12:14,0.03586800,0.11700000
2018-02-25 04:12:15,0.03581800,0.52600000
2018-02-25 04:12:15,0.03580000,9.59900000
2018-02-25 04:12:15,0.03580000,0.02800000
2018-02-25 04:12:15,0.03580000,0.02800000
2018-02-25 04:12:15,0.03580000,0.02800000
2018-02-25 04:12:16,0.03580000,1.72400000
2018-02-25 04:12:20,0.03593500,0.52600000
2018-02-25 04:12:20,0.03593600,2.19200000
2018-02-25 04:12:20,0.03593600,0.12200000
2018-02-25 04:12:25,0.03583000,1.25600000
2018-02-25 04:12:27,0.03593300,0.02800000
2018-02-25 04:12:27,0.03593400,0.40400000
2018-02-25 04:12:30,0.03593400,0.06300000
2018-02-25 04:12:32,0.03591800,0.19500000
2018-02-25 04:12:32,0.03592400,0.06800000
2018-02-25 04:12:45,0.03592300,0.04100000
2018-02-25 04:12:49,0.03592300,0.05500000
2018-02-25 04:12:52,0.03592300,0.76600000
2018-02-25 04:12:53,0.03592200,0.05500000
2018-02-25 04:12:54,0.03592200,0.41900000
2018-02-25 04:12:57,0.03585900,1.53700000
2018-02-25 04:12:57,0.03585700,0.63800000
2018-02-25 04:12:57,0.03584000,0.27900000
2018-02-25 04:12:57,0.03581900,0.40000000
2018-02-25 04:12:57,0.03580000,0.65100000
2018-02-25 04:12:57,0.03579300,0.11500000
2018-02-25 04:12:57,0.03577500,0.10400000
2018-02-25 04:12:57,0.03575000,3.41500000
2018-02-25 04:12:57,0.03574800,0.24300000
2018-02-25 04:12:57,0.03574700,0.34900000
2018-02-25 04:12:57,0.03572900,3.61500000
2018-02-25 04:12:57,0.03572500,3.01600000
2018-02-25 04:12:57,0.03572100,4.55500000
2018-02-25 04:12:57,0.03572000,0.17400000
2018-02-25 04:12:59,0.03591600,1.90000000
2018-02-25 04:13:00,0.03572100,0.75200000
2018-02-25 04:13:01,0.03591000,0.07000000
2018-02-25 04:13:05,0.03586500,0.07200000
2018-02-25 04:13:10,0.03588200,0.03500000
2018-02-25 04:13:12,0.03588200,0.03100000
2018-02-25 04:13:18,0.03572400,0.70000000
2018-02-25 04:13:18,0.03572300,0.67800000
2018-02-25 04:13:18,0.03572100,0.13800000
2018-02-25 04:13:18,0.03572000,33.06800000
2018-02-25 04:13:18,0.03586400,0.27500000
2018-02-25 04:13:19,0.03586100,0.19500000
2018-02-25 04:13:25,0.03584600,0.06000000
2018-02-25 04:13:36,0.03581500,0.28700000
2018-02-25 04:13:36,0.03581600,0.15500000
2018-02-25 04:13:36,0.03582000,0.04900000
2018-02-25 04:13:37,0.03572100,0.55900000
2018-02-25 04:13:43,0.03572200,0.19200000
2018-02-25 04:13:44,0.03580000,0.07300000
2018-02-25 04:13:45,0.03579900,0.19100000
2018-02-25 04:13:45,0.03579900,0.11800000
2018-02-25 04:13:45,0.03580000,0.07000000
2018-02-25 04:13:45,0.03580000,1.55400000
2018-02-25 04:13:46,0.03580000,0.28300000
2018-02-25 04:13:46,0.03579900,0.12200000
2018-02-25 04:13:46,0.03579900,0.04800000
2018-02-25 04:13:46,0.03580000,0.22400000
2018-02-25 04:13:46,0.03580000,0.08100000
2018-02-25 04:13:46,0.03580000,0.02900000
2018-02-25 04:13:46,0.03580000,0.24600000
2018-02-25 04:13:47,0.03579900,0.09800000
2018-02-25 04:13:47,0.03579900,0.09200000
2018-02-25 04:13:47,0.03579900,0.26900000
2018-02-25 04:13:47,0.03580000,0.24200000
2018-02-25 04:13:49,0.03572600,0.31200000
2018-02-25 04:13:50,0.03580000,0.09200000
2018-02-25 04:13:51,0.03580000,0.03800000
2018-02-25 04:13:51,0.03579900,0.34900000
2018-02-25 04:13:51,0.03580000,4.55800000
2018-02-25 04:13:53,0.03580000,0.11000000
2018-02-25 04:13:53,0.03580000,0.06900000
2018-02-25 04:13:54,0.03580000,1.16800000
2018-02-25 04:13:54,0.03580000,0.10300000
2018-02-25 04:13:54,0.03580000,1.21600000
2018-02-25 04:13:56,0.03580000,0.20000000
2018-02-25 04:13:56,0.03580000,0.12600000
2018-02-25 04:13:57,0.03580000,0.16800000
2018-02-25 04:13:57,0.03579900,0.41700000
2018-02-25 04:13:57,0.03580000,0.03800000
2018-02-25 04:13:57,0.03580000,0.07000000
2018-02-25 04:13:57,0.03580000,0.16100000
2018-02-25 04:13:58,0.03580000,0.56000000
2018-02-25 04:13:58,0.03580000,0.58400000
2018-02-25 04:14:01,0.03572900,0.00400000
2018-02-25 04:14:01,0.03580000,0.03000000
2018-02-25 04:14:01,0.03580000,0.14000000
2018-02-25 04:14:02,0.03580000,0.16000000
2018-02-25 04:14:02,0.03580000,0.07700000
2018-02-25 04:14:04,0.03580000,0.15800000
2018-02-25 04:14:06,0.03580000,0.19600000
2018-02-25 04:14:06,0.03580000,0.06900000
2018-02-25 04:14:07,0.03580000,0.07900000
2018-02-25 04:14:09,0.03580000,0.02800000
2018-02-25 04:14:12,0.03580000,0.47200000
2018-02-25 04:14:12,0.03580000,0.08500000
2018-02-25 04:14:12,0.03580000,22.17600000
2018-02-25 04:14:14,0.03580000,3.10700000
2018-02-25 04:14:14,0.03580300,0.27900000
2018-02-25 04:14:14,0.03580200,1.37500000
2018-02-25 04:14:16,0.03591600,0.07000000
2018-02-25 04:14:18,0.03591500,0.05600000
2018-02-25 04:14:18,0.03591500,0.03100000
2018-02-25 04:14:19,0.03591500,0.07000000
2018-02-25 04:14:19,0.03580800,0.52600000
2018-02-25 04:14:19,0.03580900,0.03400000
2018-02-25 04:14:19,0.03580800,0.03400000
2018-02-25 04:14:19,0.03581100,0.64000000
2018-02-25 04:14:19,0.03581100,0.46600000
2018-02-25 04:14:19,0.03581100,0.00100000
2018-02-25 04:14:19,0.03580600,0.13500000
2018-02-25 04:14:19,0.03581200,0.27100000
2018-02-25 04:14:20,0.03591300,0.06100000
2018-02-25 04:14:22,0.03590700,0.07000000
2018-02-25 04:14:23,0.03590700,0.07000000
2018-02-25 04:14:24,0.03590500,0.15600000
2018-02-25 04:14:24,0.03590600,0.00500000
2018-02-25 04:14:25,0.03590300,0.06100000
2018-02-25 04:14:25,0.03590300,0.97500000
2018-02-25 04:14:27,0.03590000,0.11600000
2018-02-25 04:14:29,0.03589700,0.07000000
2018-02-25 04:14:29,0.03589700,0.10900000
2018-02-25 04:14:31,0.03589400,0.09700000
2018-02-25 04:14:31,0.03589400,1.72900000
2018-02-25 04:14:31,0.03591500,0.21400000
2018-02-25 04:14:32,0.03589300,0.13000000
2018-02-25 04:14:36,0.03590000,0.11100000
2018-02-25 04:14:38,0.03590000,0.16300000
2018-02-25 04:14:41,0.03590000,2.58400000
2018-02-25 04:14:43,0.03592300,2.34700000
2018-02-25 04:14:43,0.03592400,0.13000000
2018-02-25 04:14:43,0.03593000,4.55100000
2018-02-25 04:14:43,0.03593500,0.06500000
2018-02-25 04:14:45,0.03599800,0.06900000
2018-02-25 04:14:45,0.03599800,0.06900000
2018-02-25 04:14:45,0.03600000,0.20900000
2018-02-25 04:14:49,0.03600000,0.09700000
2018-02-25 04:14:50,0.03600000,1.30400000
2018-02-25 04:14:50,0.03600000,0.06900000
2018-02-25 04:14:51,0.03600000,0.05600000
2018-02-25 04:14:52,0.03600000,0.06900000
2018-02-25 04:14:53,0.03599900,0.03300000
2018-02-25 04:14:54,0.03599900,0.03300000
2018-02-25 04:14:54,0.03600000,0.05200000
2018-02-25 04:14:56,0.03592300,2.79100000
2018-02-25 04:14:56,0.03592100,0.27800000
2018-02-25 04:14:56,0.03590000,0.51000000
2018-02-25 04:14:56,0.03582200,0.35000000
2018-02-25 04:14:56,0.03581300,0.75400000
2018-02-25 04:14:56,0.03581200,0.43900000
2018-02-25 04:14:56,0.03580100,0.75900000
2018-02-25 04:14:56,0.03572200,2.00800000
2018-02-25 04:14:56,0.03572100,2.31800000
2018-02-25 04:14:56,0.03572000,31.79300000
2018-02-25 04:14:58,0.03598000,0.04200000
2018-02-25 04:14:59,0.03598000,0.09700000
2018-02-25 04:15:01,0.03597700,0.11100000
2018-02-25 04:15:04,0.03597100,0.09300000
2018-02-25 04:15:06,0.03597100,0.07000000
2018-02-25 04:15:06,0.03596800,0.07000000
2018-02-25 04:15:09,0.03596500,0.03500000
2018-02-25 04:15:09,0.03596500,0.05300000
2018-02-25 04:15:11,0.03596500,0.04200000
2018-02-25 04:15:13,0.03590000,2.72800000
2018-02-25 04:15:16,0.03595300,0.07000000
2018-02-25 04:15:17,0.03595300,0.06900000
2018-02-25 04:15:21,0.03580100,1.08800000
2018-02-25 04:15:21,0.03580000,0.13200000
2018-02-25 04:15:25,0.03588900,0.12500000
2018-02-25 04:15:26,0.03588600,1.30900000
2018-02-25 04:15:31,0.03587400,0.13900000
2018-02-25 04:15:34,0.03586800,0.03300000
2018-02-25 04:15:41,0.03584400,0.32100000
2018-02-25 04:15:45,0.03583500,0.11200000
2018-02-25 04:15:45,0.03583700,0.16600000
2018-02-25 04:15:48,0.03583700,0.27800000
2018-02-25 04:15:48,0.03583600,0.10700000
2018-02-25 04:15:51,0.03583500,0.07200000
2018-02-25 04:15:53,0.03583500,0.11800000
2018-02-25 04:15:54,0.03583500,0.45300000
2018-02-25 04:15:55,0.03583500,1.86700000
2018-02-25 04:15:57,0.03583500,0.02800000
2018-02-25 04:16:03,0.03583500,0.07000000
2018-02-25 04:16:05,0.03583500,1.48800000
2018-02-25 04:16:13,0.03583500,4.87200000
2018-02-25 04:16:18,0.03589900,0.18600000
2018-02-25 04:16:19,0.03583700,2.78900000
2018-02-25 04:16:19,0.03583500,0.38700000
2018-02-25 04:16:24,0.03583300,0.07000000
2018-02-25 04:16:31,0.03582500,2.71900000
2018-02-25 04:16:31,0.03582700,0.24300000
2018-02-25 04:16:31,0.03583000,0.57100000
2018-02-25 04:16:38,0.03589500,0.24000000
2018-02-25 04:16:49,0.03589500,0.11900000
2018-02-25 04:16:49,0.03589900,0.63400000
2018-02-25 04:16:49,0.03590000,2.25900000
2018-02-25 04:16:55,0.03584300,2.78800000
2018-02-25 04:16:55,0.03584200,0.28000000
2018-02-25 04:16:55,0.03584100,0.14200000
2018-02-25 04:16:56,0.03583800,0.69700000
2018-02-25 04:16:56,0.03583800,2.09100000
2018-02-25 04:16:56,0.03584000,0.73900000
2018-02-25 04:17:01,0.03583700,0.02900000
2018-02-25 04:17:01,0.03583500,6.14700000
2018-02-25 04:17:11,0.03583500,0.07000000
2018-02-25 04:17:15,0.03583500,0.11200000
2018-02-25 04:17:15,0.03583500,0.22300000
2018-02-25 04:17:20,0.03583500,0.92600000
2018-02-25 04:17:21,0.03583700,2.79500000
2018-02-25 04:17:21,0.03583500,0.39900000
2018-02-25 04:17:26,0.03589100,0.39200000
2018-02-25 04:17:35,0.03587900,0.11100000
2018-02-25 04:17:51,0.03586400,0.48000000
2018-02-25 04:18:02,0.03586400,0.19600000
2018-02-25 04:18:10,0.03586400,1.39600000
2018-02-25 04:18:14,0.03583600,1.24500000
2018-02-25 04:18:14,0.03583500,3.20900000
2018-02-25 04:18:15,0.03578300,0.28100000
2018-02-25 04:18:15,0.03578100,1.75700000
2018-02-25 04:18:15,0.03577300,0.05500000
2018-02-25 04:18:18,0.03579800,0.22000000
2018-02-25 04:18:27,0.03579800,0.10000000
2018-02-25 04:18:32,0.03586300,0.27800000
2018-02-25 04:18:32,0.03586400,0.31500000
2018-02-25 04:18:33,0.03590000,18.30600000
2018-02-25 04:18:33,0.03590000,9.37300000
2018-02-25 04:18:33,0.03596500,0.02800000
2018-02-25 04:18:33,0.03598000,9.22800000
2018-02-25 04:18:33,0.03598100,0.40000000
2018-02-25 04:18:33,0.03600000,8.61000000
2018-02-25 04:18:33,0.03602500,0.38000000
2018-02-25 04:18:33,0.03602600,0.27000000
2018-02-25 04:18:33,0.03604600,0.19500000
2018-02-25 04:18:33,0.03604700,0.29900000
2018-02-25 04:18:33,0.03609500,2.67000000
2018-02-25 04:18:33,0.03596500,1.00000000
2018-02-25 04:18:34,0.03578300,1.30900000
2018-02-25 04:18:34,0.03578200,0.97200000
2018-02-25 04:18:35,0.03579800,0.42200000
2018-02-25 04:18:35,0.03596500,8.00000000
2018-02-25 04:18:35,0.03611300,0.30900000
2018-02-25 04:18:35,0.03611400,0.19500000
2018-02-25 04:18:35,0.03611600,0.19500000
2018-02-25 04:18:36,0.03613900,0.58600000
2018-02-25 04:18:36,0.03614100,0.19500000
2018-02-25 04:18:36,0.03614300,0.30600000
2018-02-25 04:18:36,0.03614300,0.21200000
2018-02-25 04:18:36,0.03614700,0.28000000
2018-02-25 04:18:37,0.03611300,0.85500000
2018-02-25 04:18:37,0.03615900,0.11400000
2018-02-25 04:18:37,0.03616000,0.43700000
2018-02-25 04:18:37,0.03617800,0.19400000
2018-02-25 04:18:38,0.03618700,0.18700000
2018-02-25 04:18:41,0.03621500,0.11200000
2018-02-25 04:18:41,0.03624200,0.25300000
2018-02-25 04:18:41,0.03624100,0.06100000
2018-02-25 04:18:42,0.03624000,0.06100000
2018-02-25 04:18:42,0.03624000,0.53600000
2018-02-25 04:18:44,0.03624000,0.03500000
2018-02-25 04:18:47,0.03624000,0.08600000
2018-02-25 04:18:48,0.03601600,0.28100000
2018-02-25 04:18:53,0.03614100,0.06900000
2018-02-25 04:18:53,0.03614100,0.05500000
2018-02-25 04:18:55,0.03614100,0.03500000
2018-02-25 04:18:58,0.03592400,1.27500000
2018-02-25 04:18:58,0.03592300,2.79000000
2018-02-25 04:18:58,0.03592200,1.95200000
2018-02-25 04:18:58,0.03592100,8.17300000
2018-02-25 04:18:59,0.03613600,0.06900000
2018-02-25 04:19:00,0.03613600,0.06100000
2018-02-25 04:19:01,0.03613300,0.06100000
2018-02-25 04:19:01,0.03592600,0.00100000
2018-02-25 04:19:04,0.03612700,0.39600000
2018-02-25 04:19:08,0.03611800,0.06900000
2018-02-25 04:19:11,0.03610900,0.08300000
2018-02-25 04:19:12,0.03610600,0.23200000
2018-02-25 04:19:13,0.03594100,0.27700000
2018-02-25 04:19:13,0.03594000,5.48900000
2018-02-25 04:19:13,0.03610300,0.06100000
2018-02-25 04:19:14,0.03610200,0.03600000
2018-02-25 04:19:16,0.03594100,1.50600000
2018-02-25 04:19:19,0.03609500,0.06900000
2018-02-25 04:19:22,0.03608500,0.87300000
2018-02-25 04:19:43,0.03601000,0.06100000
2018-02-25 04:19:45,0.03600400,0.30000000
2018-02-25 04:19:47,0.03599800,0.13600000
2018-02-25 04:19:49,0.03599200,0.16700000
2018-02-25 04:19:50,0.03598900,0.06900000
2018-02-25 04:19:54,0.03598000,0.06100000
2018-02-25 04:19:56,0.03597900,0.06100000
2018-02-25 04:19:56,0.03597900,0.06100000
2018-02-25 04:20:00,0.03597800,0.08000000
2018-02-25 04:20:04,0.03597300,0.26000000
2018-02-25 04:20:05,0.03594000,0.92400000
2018-02-25 04:20:05,0.03597200,0.16400000
2018-02-25 04:20:08,0.03596900,0.07000000
2018-02-25 04:20:12,0.03594000,6.77100000
2018-02-25 04:20:12,0.03593900,0.09700000
2018-02-25 04:20:15,0.03593600,0.13000000
2018-02-25 04:20:17,0.03593500,0.06700000
2018-02-25 04:20:17,0.03593500,0.06100000
2018-02-25 04:20:18,0.03593400,0.07000000
2018-02-25 04:20:19,0.03591800,0.79900000
2018-02-25 04:20:23,0.03591800,1.36300000
2018-02-25 04:20:23,0.03587700,0.09300000
2018-02-25 04:20:23,0.03582200,0.54400000
2018-02-25 04:20:25,0.03592900,0.19500000
2018-02-25 04:20:25,0.03592800,0.28700000
2018-02-25 04:20:25,0.03592900,0.08300000
2018-02-25 04:20:25,0.03593100,0.15000000
2018-02-25 04:20:26,0.03592800,1.00000000
2018-02-25 04:20:26,0.03592800,0.95200000
2018-02-25 04:20:26,0.03592900,0.04800000
2018-02-25 04:20:27,0.03592900,0.03800000
2018-02-25 04:20:27,0.03593100,3.68900000
2018-02-25 04:20:27,0.03593100,2.77700000
2018-02-25 04:20:27,0.03593100,1.95400000
2018-02-25 04:20:27,0.03593100,0.60200000
2018-02-25 04:20:33,0.03596900,0.08300000
2018-02-25 04:20:33,0.03596900,0.07000000
2018-02-25 04:20:34,0.03596900,0.24700000
2018-02-25 04:20:39,0.03600000,0.19400000
2018-02-25 04:20:41,0.03600000,0.08000000
2018-02-25 04:20:42,0.03600000,0.03500000
2018-02-25 04:20:43,0.03600000,0.09700000
2018-02-25 04:20:46,0.03591200,2.78700000
2018-02-25 04:20:46,0.03591000,0.27800000
2018-02-25 04:20:46,0.03589400,1.54400000
2018-02-25 04:20:46,0.03588500,7.45600000
2018-02-25 04:20:46,0.03587600,0.38000000
2018-02-25 04:20:46,0.03587300,3.71100000
2018-02-25 04:20:46,0.03583400,7.45600000
2018-02-25 04:20:46,0.03582300,0.34900000
2018-02-25 04:20:46,0.03580500,0.50000000
2018-02-25 04:20:46,0.03580000,3.45400000
2018-02-25 04:20:46,0.03580000,0.41800000
2018-02-25 04:20:46,0.03580000,0.34800000
2018-02-25 04:20:46,0.03580000,0.41800000
2018-02-25 04:20:46,0.03580000,0.41900000
2018-02-25 04:20:46,0.03580000,0.34800000
2018-02-25 04:20:46,0.03580000,0.41800000
2018-02-25 04:20:46,0.03580000,0.13900000
2018-02-25 04:20:46,0.03580000,0.13700000
2018-02-25 04:20:46,0.03580000,0.83600000
2018-02-25 04:20:46,0.03578000,0.41800000
2018-02-25 04:20:46,0.03580000,0.21800000
2018-02-25 04:20:46,0.03580000,0.12900000
2018-02-25 04:20:46,0.03580000,0.12900000
2018-02-25 04:20:46,0.03578000,0.12900000
2018-02-25 04:20:47,0.03578000,1.75800000
2018-02-25 04:20:47,0.03579800,0.57700000
2018-02-25 04:20:48,0.03578100,0.41900000
2018-02-25 04:20:49,0.03578100,0.36200000
2018-02-25 04:20:51,0.03574600,0.27900000
2018-02-25 04:20:52,0.03578200,0.41900000
2018-02-25 04:20:52,0.03574300,0.13900000
2018-02-25 04:20:53,0.03575500,2.23200000
2018-02-25 04:20:53,0.03580800,0.27800000
2018-02-25 04:20:53,0.03593600,0.57700000
2018-02-25 04:20:53,0.03593700,0.12900000
2018-02-25 04:20:55,0.03598600,0.11100000
2018-02-25 04:20:56,0.03598600,0.04400000
2018-02-25 04:20:56,0.03598500,0.05800000
2018-02-25 04:20:57,0.03598500,0.25900000
2018-02-25 04:20:57,0.03598600,0.01900000
2018-02-25 04:21:15,0.03598100,0.06100000
2018-02-25 04:21:27,0.03598200,0.13900000
2018-02-25 04:21:27,0.03598300,0.13800000
2018-02-25 04:21:39,0.03593600,0.07000000
2018-02-25 04:21:41,0.03593600,0.05500000
2018-02-25 04:21:45,0.03586600,2.79000000
2018-02-25 04:21:45,0.03586400,0.27800000
2018-02-25 04:21:45,0.03584400,5.86500000
2018-02-25 04:21:59,0.03581100,0.55800000
2018-02-25 04:22:03,0.03580800,0.07000000
2018-02-25 04:22:04,0.03580500,0.20900000
2018-02-25 04:22:08,0.03579900,1.95300000
2018-02-25 04:22:08,0.03580100,0.28800000
2018-02-25 04:22:08,0.03580400,0.27800000
2018-02-25 04:22:08,0.03584400,0.63300000
2018-02-25 04:22:10,0.03593500,0.07000000
2018-02-25 04:22:11,0.03593500,0.08300000
2018-02-25 04:22:23,0.03578600,1.00000000
2018-02-25 04:22:34,0.03581600,0.08400000
2018-02-25 04:22:35,0.03581400,0.31200000
2018-02-25 04:22:35,0.03581100,0.04200000
2018-02-25 04:22:41,0.03574100,0.67600000
2018-02-25 04:22:41,0.03574000,9.58800000
2018-02-25 04:22:41,0.03573900,2.79600000
2018-02-25 04:22:41,0.03573100,0.07500000
2018-02-25 04:22:41,0.03573000,1.42700000
2018-02-25 04:22:41,0.03572900,0.09000000
2018-02-25 04:22:41,0.03572500,2.93200000
2018-02-25 04:22:41,0.03572300,0.13800000
2018-02-25 04:22:41,0.03572200,4.66700000
2018-02-25 04:22:41,0.03572000,12.96500000
2018-02-25 04:22:41,0.03571800,0.38000000
2018-02-25 04:22:41,0.03571700,7.07600000
2018-02-25 04:22:41,0.03571600,0.08300000
2018-02-25 04:22:41,0.03570800,0.38800000
2018-02-25 04:22:41,0.03570500,3.71200000
2018-02-25 04:22:41,0.03570000,5.26400000
2018-02-25 04:22:41,0.03569900,0.88100000
2018-02-25 04:22:41,0.03568700,1.62200000
2018-02-25 04:22:41,0.03568500,0.13900000
2018-02-25 04:22:41,0.03568400,0.13000000
2018-02-25 04:22:41,0.03567300,0.05600000
2018-02-25 04:22:41,0.03566900,0.34900000
2018-02-25 04:22:41,0.03566600,10.58300000
2018-02-25 04:22:41,0.03566500,0.05600000
2018-02-25 04:22:41,0.03566000,0.30000000
2018-02-25 04:22:41,0.03565900,0.31500000
2018-02-25 04:22:41,0.03564800,0.30500000
2018-02-25 04:22:41,0.03564200,0.04300000
2018-02-25 04:22:41,0.03563900,0.17500000
2018-02-25 04:22:41,0.03563400,0.09100000
2018-02-25 04:22:41,0.03562400,1.02300000
2018-02-25 04:22:41,0.03562000,0.03100000
2018-02-25 04:22:41,0.03561900,0.31000000
2018-02-25 04:22:41,0.03561300,1.14000000
2018-02-25 04:22:41,0.03560100,0.80400000
2018-02-25 04:22:41,0.03559400,1.00000000
2018-02-25 04:22:41,0.03560000,0.13900000
2018-02-25 04:22:41,0.03560000,0.11600000
2018-02-25 04:22:41,0.03560000,4.32900000
2018-02-25 04:22:41,0.03560000,0.13900000
2018-02-25 04:22:41,0.03560000,0.13800000
2018-02-25 04:22:42,0.03559400,6.29000000
2018-02-25 04:22:42,0.03559300,0.05600000
2018-02-25 04:22:42,0.03559200,0.04800000
2018-02-25 04:22:42,0.03558100,0.87100000
2018-02-25 04:22:42,0.03557000,6.89900000
2018-02-25 04:22:42,0.03556900,0.17300000
2018-02-25 04:22:42,0.03556600,4.71400000
2018-02-25 04:22:42,0.03556000,0.08300000
2018-02-25 04:22:42,0.03554000,2.04000000
2018-02-25 04:22:42,0.03553900,0.40000000
2018-02-25 04:22:42,0.03553700,1.29300000
2018-02-25 04:22:42,0.03553100,5.62900000
2018-02-25 04:22:42,0.03553000,0.52600000
2018-02-25 04:22:42,0.03551400,0.86400000
2018-02-25 04:22:42,0.03551300,0.80000000
2018-02-25 04:22:42,0.03550600,0.19500000
2018-02-25 04:22:42,0.03550100,0.07700000
2018-02-25 04:22:42,0.03550000,4.49300000
2018-02-25 04:22:42,0.03548300,0.28800000
2018-02-25 04:22:42,0.03547800,0.56400000
2018-02-25 04:22:42,0.03545000,2.27800000
2018-02-25 04:22:42,0.03544500,1.25000000
2018-02-25 04:22:42,0.03544100,10.16900000
2018-02-25 04:22:42,0.03544100,10.94500000
2018-02-25 04:22:42,0.03542800,0.30800000
2018-02-25 04:22:42,0.03542700,1.30300000
2018-02-25 04:22:42,0.03542100,1.14600000
2018-02-25 04:22:42,0.03542000,1.33200000
2018-02-25 04:22:42,0.03541900,1.11800000
2018-02-25 04:22:42,0.03541700,0.14200000
2018-02-25 04:22:42,0.03541600,0.04400000
2018-02-25 04:22:42,0.03541400,1.07400000
2018-02-25 04:22:42,0.03541000,0.08600000
2018-02-25 04:22:42,0.03544900,0.51300000
2018-02-25 04:22:42,0.03540400,1.52600000
2018-02-25 04:22:42,0.03540000,2.48500000
2018-02-25 04:22:42,0.03540000,0.51300000
2018-02-25 04:22:42,0.03559800,0.22200000
2018-02-25 04:22:42,0.03559800,0.13900000
2018-02-25 04:22:42,0.03559800,0.13900000
2018-02-25 04:22:42,0.03559800,0.13900000
2018-02-25 04:22:42,0.03559800,0.11600000
2018-02-25 04:22:42,0.03559800,0.13800000
2018-02-25 04:22:42,0.03544200,0.13800000
2018-02-25 04:22:42,0.03544200,2.07400000
2018-02-25 04:22:42,0.03544200,2.07400000
2018-02-25 04:22:42,0.03544200,1.35700000
2018-02-25 04:22:42,0.03539600,0.71700000
2018-02-25 04:22:42,0.03539600,0.97800000
2018-02-25 04:22:42,0.03539500,0.93600000
2018-02-25 04:22:42,0.03544300,1.00000000
2018-02-25 04:22:42,0.03544300,0.10500000
2018-02-25 04:22:43,0.03541100,6.45300000
2018-02-25 04:22:43,0.03559700,0.23700000
2018-02-25 04:22:43,0.03559800,0.19100000
2018-02-25 04:22:43,0.03560000,0.76800000
2018-02-25 04:22:43,0.03542000,0.03100000
2018-02-25 04:22:43,0.03560000,0.11500000
2018-02-25 04:22:43,0.03542200,2.82300000
2018-02-25 04:22:43,0.03542000,0.08500000
2018-02-25 04:22:43,0.03541000,0.07500000
2018-02-25 04:22:44,0.03559900,0.05600000
2018-02-25 04:22:44,0.03559700,0.26400000
2018-02-25 04:22:44,0.03559700,0.06100000
2018-02-25 04:22:44,0.03559700,0.18400000
2018-02-25 04:22:45,0.03559700,0.06700000
2018-02-25 04:22:45,0.03544000,0.25300000
2018-02-25 04:22:46,0.03559700,0.06600000
2018-02-25 04:22:46,0.03559700,0.21200000
2018-02-25 04:22:46,0.03544000,0.02900000
2018-02-25 04:22:46,0.03543900,0.04600000
2018-02-25 04:22:47,0.03545500,0.03500000
2018-02-25 04:22:48,0.03545500,0.16600000
2018-02-25 04:22:48,0.03545500,0.12000000
2018-02-25 04:22:49,0.03559100,0.12000000
2018-02-25 04:22:50,0.03558700,0.12000000
2018-02-25 04:22:52,0.03558100,0.16200000
2018-02-25 04:22:52,0.03558200,0.11200000
2018-02-25 04:22:53,0.03558200,0.47000000
2018-02-25 04:22:53,0.03558000,0.07000000
2018-02-25 04:22:56,0.03549100,0.28100000
2018-02-25 04:22:56,0.03549000,0.08400000
2018-02-25 04:22:58,0.03556500,0.07700000
2018-02-25 04:23:02,0.03555600,0.11800000
2018-02-25 04:23:03,0.03555300,0.06500000
2018-02-25 04:23:03,0.03555300,0.06200000
2018-02-25 04:23:04,0.03555300,0.03400000
2018-02-25 04:23:04,0.03551500,0.14000000
2018-02-25 04:23:04,0.03551100,0.14000000
2018-02-25 04:23:04,0.03550500,0.24200000
2018-02-25 04:23:04,0.03550000,0.50000000
2018-02-25 04:23:04,0.03549800,0.37700000
2018-02-25 04:23:04,0.03539400,0.22100000
2018-02-25 04:23:06,0.03540600,5.64900000
2018-02-25 04:23:06,0.03539400,0.00300000
2018-02-25 04:23:07,0.03541000,0.07200000
2018-02-25 04:23:07,0.03554100,0.25200000
2018-02-25 04:23:07,0.03554000,0.13000000
2018-02-25 04:23:08,0.03553800,0.05600000
2018-02-25 04:23:09,0.03553500,0.11500000
2018-02-25 04:23:09,0.03553500,0.48800000
2018-02-25 04:23:09,0.03553700,0.10400000
2018-02-25 04:23:12,0.03553300,0.11000000
2018-02-25 04:23:13,0.03544600,2.81800000
2018-02-25 04:23:13,0.03544400,0.31700000
2018-02-25 04:23:13,0.03543500,5.09700000
2018-02-25 04:23:13,0.03543200,0.14100000
2018-02-25 04:23:13,0.03541000,1.27200000
2018-02-25 04:23:13,0.03539900,5.65000000
2018-02-25 04:23:13,0.03539900,2.93600000
2018-02-25 04:23:13,0.03539900,2.93600000
2018-02-25 04:23:13,0.03539900,0.84400000
2018-02-25 04:23:13,0.03539900,0.03400000
2018-02-25 04:23:13,0.03539900,0.65200000
2018-02-25 04:23:13,0.03553200,0.17700000
2018-02-25 04:23:13,0.03553300,0.07100000
2018-02-25 04:23:14,0.03539100,1.12100000
2018-02-25 04:23:14,0.03539000,1.30000000
2018-02-25 04:23:14,0.03539000,0.32000000
2018-02-25 04:23:15,0.03552500,0.13000000
2018-02-25 04:23:16,0.03552500,0.19700000
2018-02-25 04:23:19,0.03551600,0.11600000
2018-02-25 04:23:26,0.03550700,0.28100000
2018-02-25 04:23:29,0.03545900,0.14100000
2018-02-25 04:23:29,0.03545300,0.28200000
2018-02-25 04:23:29,0.03540000,0.06500000
2018-02-25 04:23:29,0.03539900,0.19800000
2018-02-25 04:23:29,0.03537300,2.85000000
2018-02-25 04:23:29,0.03537200,3.13300000
2018-02-25 04:23:29,0.03537200,0.30500000
2018-02-25 04:23:29,0.03537200,0.54000000
2018-02-25 04:23:30,0.03537200,7.34500000
2018-02-25 04:23:30,0.03537200,0.11700000
2018-02-25 04:23:31,0.03537200,0.11000000
2018-02-25 04:23:31,0.03537200,1.93700000
2018-02-25 04:23:33,0.03536300,2.79000000
2018-02-25 04:23:34,0.03535800,0.38700000
2018-02-25 04:23:34,0.03535700,0.04300000
2018-02-25 04:23:34,0.03535300,1.50700000
2018-02-25 04:23:34,0.03536100,0.33200000
2018-02-25 04:23:34,0.03536100,1.41300000
2018-02-25 04:23:35,0.03535800,0.28300000
2018-02-25 04:23:35,0.03535300,4.13500000
2018-02-25 04:23:35,0.03535300,0.28400000
2018-02-25 04:23:36,0.03535100,0.06600000
2018-02-25 04:23:36,0.03535300,0.03400000
2018-02-25 04:23:36,0.03535300,0.24600000
2018-02-25 04:23:36,0.03535300,0.11000000
2018-02-25 04:23:36,0.03535300,0.17300000
2018-02-25 04:23:36,0.03534700,0.79400000
2018-02-25 04:23:36,0.03535300,0.84700000
2018-02-25 04:23:36,0.03535300,0.84700000
2018-02-25 04:23:36,0.03535300,0.84600000
2018-02-25 04:23:37,0.03535300,0.47800000
2018-02-25 04:23:37,0.03536000,0.48900000
2018-02-25 04:23:37,0.03535400,0.47800000
2018-02-25 04:23:37,0.03535200,0.06100000
2018-02-25 04:23:37,0.03534700,0.48900000
2018-02-25 04:23:37,0.03535200,0.13700000
2018-02-25 04:23:37,0.03536300,0.84700000
2018-02-25 04:23:37,0.03536300,0.84700000
2018-02-25 04:23:37,0.03536300,0.84700000
2018-02-25 04:23:37,0.03536300,0.84700000
2018-02-25 04:23:37,0.03536300,0.84700000
2018-02-25 04:23:37,0.03536300,0.84700000
2018-02-25 04:23:37,0.03535200,0.31200000
2018-02-25 04:23:37,0.03536300,0.53500000
2018-02-25 04:23:37,0.03536300,0.84700000
2018-02-25 04:23:37,0.03536300,0.84700000
2018-02-25 04:23:37,0.03536300,0.84700000
2018-02-25 04:23:38,0.03536300,0.84700000
2018-02-25 04:23:38,0.03536300,0.84700000
2018-02-25 04:23:38,0.03536300,0.84700000
2018-02-25 04:23:38,0.03536300,0.84700000
2018-02-25 04:23:38,0.03536300,0.84600000
2018-02-25 04:23:38,0.03536300,0.84700000
2018-02-25 04:23:38,0.03536300,0.84700000
2018-02-25 04:23:38,0.03536300,0.84700000
2018-02-25 04:23:38,0.03536300,0.84700000
2018-02-25 04:23:38,0.03536300,0.84700000
2018-02-25 04:23:38,0.03536300,0.84700000
2018-02-25 04:23:38,0.03536300,0.84700000
2018-02-25 04:23:38,0.03536300,0.84700000
2018-02-25 04:23:38,0.03536300,0.84700000
2018-02-25 04:23:38,0.03534700,12.76700000
2018-02-25 04:23:38,0.03536300,0.84700000
2018-02-25 04:23:38,0.03536300,0.65800000
2018-02-25 04:23:38,0.03536300,0.65000000
2018-02-25 04:23:39,0.03536200,0.22300000
2018-02-25 04:23:39,0.03536300,0.62400000
2018-02-25 04:23:39,0.03536300,0.84700000
2018-02-25 04:23:39,0.03536300,0.84700000
2018-02-25 04:23:39,0.03536300,0.84700000
2018-02-25 04:23:39,0.03536300,0.02900000
2018-02-25 04:23:39,0.03536300,0.84700000
2018-02-25 04:23:39,0.03536300,0.06900000
2018-02-25 04:23:39,0.03536300,0.16600000
2018-02-25 04:23:39,0.03536300,0.84700000
2018-02-25 04:23:39,0.03534800,0.53500000
2018-02-25 04:23:39,0.03536200,0.41800000
2018-02-25 04:23:39,0.03536300,0.42900000
2018-02-25 04:23:39,0.03536300,0.84700000
2018-02-25 04:23:39,0.03536300,0.84700000
2018-02-25 04:23:39,0.03536300,0.45300000
2018-02-25 04:23:40,0.03536300,0.84700000
2018-02-25 04:23:40,0.03536200,0.52600000
2018-02-25 04:23:40,0.03536300,0.32100000
2018-02-25 04:23:40,0.03536300,0.84700000
2018-02-25 04:23:40,0.03536300,0.84700000
2018-02-25 04:23:40,0.03536300,0.84700000
2018-02-25 04:23:40,0.03534800,0.19300000
2018-02-25 04:23:40,0.03536300,0.84700000
2018-02-25 04:23:40,0.03536300,0.14600000
2018-02-25 04:23:40,0.03536300,0.84700000
2018-02-25 04:23:40,0.03536300,0.24400000
2018-02-25 04:23:40,0.03536300,0.84700000
2018-02-25 04:23:40,0.03536300,0.84700000
2018-02-25 04:23:41,0.03536300,0.84700000
2018-02-25 04:23:41,0.03536300,0.84700000
2018-02-25 04:23:41,0.03536300,8.16000000
2018-02-25 04:23:41,0.03541400,0.34900000
2018-02-25 04:23:41,0.03541500,1.52600000
2018-02-25 04:23:41,0.03542500,1.02500000
2018-02-25 04:23:41,0.03543200,1.14600000
2018-02-25 04:23:41,0.03543800,1.30300000
2018-02-25 04:23:41,0.03543900,3.54300000
2018-02-25 04:23:41,0.03545600,1.25000000
2018-02-25 04:23:41,0.03550200,0.28200000
2018-02-25 04:23:41,0.03550300,0.13300000
2018-02-25 04:23:41,0.03550600,0.27800000
2018-02-25 04:23:41,0.03550700,0.10000000
2018-02-25 04:23:41,0.03551200,0.11600000
2018-02-25 04:23:42,0.03559900,0.06000000
2018-02-25 04:23:42,0.03535500,2.82400000
2018-02-25 04:23:42,0.03535300,0.28200000
2018-02-25 04:23:42,0.03535200,6.46900000
2018-02-25 04:23:42,0.03535300,0.19300000
2018-02-25 04:23:42,0.03559700,0.13000000
2018-02-25 04:23:43,0.03559700,0.19600000
2018-02-25 04:23:43,0.03559700,0.54400000
2018-02-25 04:23:43,0.03559700,0.68400000
2018-02-25 04:23:43,0.03559600,0.43400000
2018-02-25 04:23:43,0.03559400,0.21200000
2018-02-25 04:23:44,0.03559300,0.19300000
2018-02-25 04:23:44,0.03559400,0.48900000
2018-02-25 04:23:44,0.03559400,0.16900000
2018-02-25 04:23:44,0.03559400,0.26100000
2018-02-25 04:23:44,0.03559400,0.13900000
2018-02-25 04:23:44,0.03559500,0.16100000
2018-02-25 04:23:44,0.03559500,0.11000000
2018-02-25 04:23:44,0.03559500,0.01100000
2018-02-25 04:23:44,0.03559600,0.52700000
2018-02-25 04:23:44,0.03559600,3.05200000
2018-02-25 04:23:44,0.03559600,0.11600000
2018-02-25 04:23:44,0.03559600,0.04500000
2018-02-25 04:23:44,0.03559600,0.03300000
2018-02-25 04:23:44,0.03559600,0.15200000
2018-02-25 04:23:44,0.03559600,2.02200000
2018-02-25 04:23:44,0.03559600,0.10100000
2018-02-25 04:23:44,0.03559600,0.13200000
2018-02-25 04:23:44,0.03559600,0.09700000
2018-02-25 04:23:44,0.03559600,0.12800000
2018-02-25 04:23:44,0.03559600,0.01000000
2018-02-25 04:23:44,0.03559900,0.13700000
2018-02-25 04:23:45,0.03559900,0.13200000
2018-02-25 04:23:45,0.03535600,0.19300000
2018-02-25 04:23:45,0.03559900,0.27600000
2018-02-25 04:23:45,0.03559900,0.20600000
2018-02-25 04:23:45,0.03559900,0.20800000
2018-02-25 04:23:46,0.03559900,0.05100000
2018-02-25 04:23:46,0.03559900,0.30400000
2018-02-25 04:23:46,0.03559900,0.05500000
2018-02-25 04:23:46,0.03559900,0.06000000
2018-02-25 04:23:46,0.03559900,0.44200000
2018-02-25 04:23:46,0.03559900,0.20600000
2018-02-25 04:23:47,0.03559900,0.61500000
2018-02-25 04:23:47,0.03560000,0.05000000
2018-02-25 04:23:49,0.03566500,0.04200000
2018-02-25 04:23:50,0.03566500,0.04200000
2018-02-25 04:23:50,0.03566500,0.03400000
2018-02-25 04:23:50,0.03566500,0.14600000
2018-02-25 04:23:51,0.03566500,0.11600000
2018-02-25 04:23:52,0.03538300,0.59500000
2018-02-25 04:23:53,0.03566600,0.10400000
2018-02-25 04:23:56,0.03566600,0.15600000
2018-02-25 04:23:57,0.03566600,0.13400000
2018-02-25 04:24:00,0.03562200,0.28200000
2018-02-25 04:24:00,0.03562700,1.13500000
2018-02-25 04:24:01,0.03541300,0.83000000
2018-02-25 04:24:02,0.03562700,0.21600000
2018-02-25 04:24:02,0.03563800,0.19200000
2018-02-25 04:24:03,0.03562700,0.19600000
2018-02-25 04:24:03,0.03563800,0.35300000
2018-02-25 04:24:03,0.03566600,0.20800000
2018-02-25 04:24:03,0.03542100,0.19600000
2018-02-25 04:24:05,0.03566600,0.39600000
2018-02-25 04:24:05,0.03566500,0.19600000
2018-02-25 04:24:05,0.03566600,1.21500000
2018-02-25 04:24:06,0.03566600,0.06100000
2018-02-25 04:24:06,0.03566600,0.32000000
2018-02-25 04:24:06,0.03566600,0.30300000
2018-02-25 04:24:08,0.03569500,1.61800000
2018-02-25 04:24:08,0.03569700,0.86300000
2018-02-25 04:24:08,0.03569900,0.37800000
2018-02-25 04:24:08,0.03570900,0.19700000
2018-02-25 04:24:08,0.03571700,0.13900000
2018-02-25 04:24:09,0.03566600,0.28800000
2018-02-25 04:24:12,0.03574100,0.05600000
2018-02-25 04:24:12,0.03575500,1.11800000
2018-02-25 04:24:12,0.03579900,0.21400000
2018-02-25 04:24:12,0.03580700,0.59600000
2018-02-25 04:24:15,0.03553100,0.99900000
2018-02-25 04:24:16,0.03570500,0.11500000
2018-02-25 04:24:16,0.03570900,0.53800000
2018-02-25 04:24:18,0.03554900,0.11500000
2018-02-25 04:24:19,0.03567700,0.38600000
2018-02-25 04:24:20,0.03567700,0.01100000
2018-02-25 04:24:22,0.03570700,0.30800000
2018-02-25 04:24:23,0.03556100,0.84300000
2018-02-25 04:24:23,0.03556100,0.43100000
2018-02-25 04:24:23,0.03570700,0.06300000
2018-02-25 04:24:24,0.03556200,0.30800000
2018-02-25 04:24:25,0.03556200,0.28100000
2018-02-25 04:24:25,0.03556100,0.02700000
2018-02-25 04:24:27,0.03570500,0.13200000
2018-02-25 04:24:27,0.03570500,0.14900000
2018-02-25 04:24:27,0.03570600,0.13100000
2018-02-25 04:24:28,0.03556400,0.81700000
2018-02-25 04:24:28,0.03556400,0.50100000
2018-02-25 04:24:28,0.03556400,0.10700000
2018-02-25 04:24:32,0.03569800,0.17700000
2018-02-25 04:24:33,0.03569600,3.04400000
2018-02-25 04:24:34,0.03569600,0.06400000
2018-02-25 04:24:34,0.03569600,0.38400000
2018-02-25 04:24:48,0.03568700,0.30300000
2018-02-25 04:24:49,0.03568700,0.04500000
2018-02-25 04:24:49,0.03568900,0.02900000
2018-02-25 04:24:52,0.03568900,0.19600000
2018-02-25 04:24:55,0.03568900,1.40000000
2018-02-25 04:24:58,0.03560600,2.81100000
2018-02-25 04:24:58,0.03560400,0.18900000
2018-02-25 04:24:58,0.03569300,0.08000000
2018-02-25 04:25:00,0.03569000,1.00700000
2018-02-25 04:25:02,0.03568400,0.06400000
2018-02-25 04:25:03,0.03568400,0.03800000
2018-02-25 04:25:04,0.03565000,0.50000000
2018-02-25 04:25:04,0.03568400,0.13800000
2018-02-25 04:25:12,0.03567400,0.06000000
2018-02-25 04:25:14,0.03567400,0.06800000
2018-02-25 04:25:16,0.03567200,0.09700000
2018-02-25 04:25:20,0.03567200,0.08200000
2018-02-25 04:25:28,0.03566900,0.03000000
2018-02-25 04:25:29,0.03566900,0.03000000
2018-02-25 04:25:39,0.03566600,0.13000000
2018-02-25 04:25:48,0.03566300,0.51300000
2018-02-25 04:25:50,0.03566300,0.41400000
2018-02-25 04:25:54,0.03566300,1.12100000
2018-02-25 04:25:54,0.03566500,0.59300000
2018-02-25 04:25:54,0.03567200,0.06100000
2018-02-25 04:25:59,0.03569500,0.05700000
2018-02-25 04:26:00,0.03562100,0.03000000
2018-02-25 04:26:02,0.03569500,0.08400000
2018-02-25 04:26:04,0.03569500,0.18000000
2018-02-25 04:26:06,0.03569600,0.02900000
2018-02-25 04:26:08,0.03570600,0.06600000
2018-02-25 04:26:08,0.03570900,4.44200000
2018-02-25 04:26:08,0.03570900,6.98600000
2018-02-25 04:26:08,0.03562700,0.06500000
2018-02-25 04:26:11,0.03580000,0.19200000
2018-02-25 04:26:11,0.03580000,0.02800000
2018-02-25 04:26:11,0.03580000,0.47000000
2018-02-25 04:26:11,0.03580000,2.00000000
2018-02-25 04:26:12,0.03580000,0.22400000
2018-02-25 04:26:12,0.03580000,0.27200000
2018-02-25 04:26:24,0.03580000,0.07600000
2018-02-25 04:26:24,0.03580500,0.19600000
2018-02-25 04:26:24,0.03583000,0.87000000
2018-02-25 04:26:24,0.03586700,0.19600000
2018-02-25 04:26:24,0.03591300,1.66200000
2018-02-25 04:26:30,0.03571500,0.54200000
2018-02-25 04:26:31,0.03571500,2.23400000
2018-02-25 04:26:31,0.03571300,0.57300000
2018-02-25 04:26:39,0.03572300,0.27900000
2018-02-25 04:26:39,0.03572200,0.59000000
2018-02-25 04:26:39,0.03571700,0.34900000
2018-02-25 04:26:46,0.03570600,0.28800000
2018-02-25 04:26:48,0.03570600,0.64300000
2018-02-25 04:26:49,0.03570200,0.16600000
2018-02-25 04:26:50,0.03570200,0.29700000
2018-02-25 04:26:51,0.03570200,1.41600000
2018-02-25 04:26:51,0.03570400,0.27900000
2018-02-25 04:26:52,0.03571900,0.32000000
2018-02-25 04:26:53,0.03585000,0.83600000
2018-02-25 04:26:54,0.03585000,1.22200000
2018-02-25 04:26:55,0.03589200,0.08400000
2018-02-25 04:26:59,0.03568100,0.24600000
2018-02-25 04:27:01,0.03568700,0.22300000
2018-02-25 04:27:08,0.03585300,0.17300000
2018-02-25 04:27:22,0.03573700,0.39000000
2018-02-25 04:27:34,0.03579200,0.85900000
2018-02-25 04:27:34,0.03580000,2.83000000
2018-02-25 04:27:36,0.03584500,0.34900000
2018-02-25 04:27:36,0.03584600,0.12900000
2018-02-25 04:27:36,0.03584700,0.04200000
2018-02-25 04:27:36,0.03584800,0.31300000
2018-02-25 04:27:36,0.03574700,0.02800000
2018-02-25 04:27:37,0.03575000,2.79300000
2018-02-25 04:27:37,0.03574800,0.30200000
2018-02-25 04:27:37,0.03574500,0.27900000
2018-02-25 04:27:37,0.03573900,1.71600000
2018-02-25 04:27:40,0.03573800,7.96600000
2018-02-25 04:27:45,0.03574000,0.26600000
2018-02-25 04:27:45,0.03573800,1.17900000
2018-02-25 04:27:53,0.03580300,0.27900000
2018-02-25 04:27:59,0.03578800,2.54200000
2018-02-25 04:27:59,0.03579000,0.30200000
2018-02-25 04:28:04,0.03574600,2.79600000
2018-02-25 04:28:04,0.03574400,0.28000000
2018-02-25 04:28:04,0.03574100,0.63900000
2018-02-25 04:28:04,0.03573900,0.28000000
2018-02-25 04:28:04,0.03573800,0.01300000
2018-02-25 04:28:04,0.03571900,2.78500000
2018-02-25 04:28:17,0.03571900,11.94200000
2018-02-25 04:28:18,0.03571700,2.26300000
2018-02-25 04:28:18,0.03571700,0.53300000
2018-02-25 04:28:18,0.03571900,3.30700000
2018-02-25 04:28:23,0.03582100,0.24000000
2018-02-25 04:28:32,0.03581200,1.99800000
2018-02-25 04:28:32,0.03581300,1.96600000
2018-02-25 04:28:33,0.03581300,19.14800000
2018-02-25 04:28:33,0.03585000,0.36800000
2018-02-25 04:28:33,0.03585300,3.28000000
2018-02-25 04:28:33,0.03587400,0.05000000
2018-02-25 04:28:33,0.03589200,0.04100000
2018-02-25 04:28:34,0.03581100,2.79600000
2018-02-25 04:28:38,0.03577200,0.03200000
2018-02-25 04:28:42,0.03593400,0.07000000
2018-02-25 04:28:46,0.03593400,0.06800000
2018-02-25 04:28:47,0.03579400,0.26800000
2018-02-25 04:29:06,0.03593400,1.30600000
2018-02-25 04:29:06,0.03593500,3.61100000
2018-02-25 04:29:06,0.03593600,1.41000000
2018-02-25 04:29:06,0.03593700,9.33500000
2018-02-25 04:29:10,0.03593400,3.85400000
2018-02-25 04:29:10,0.03593400,0.83700000
2018-02-25 04:29:10,0.03593400,0.56300000
2018-02-25 04:29:10,0.03594900,1.71600000
2018-02-25 04:29:10,0.03595000,7.69700000
2018-02-25 04:29:14,0.03595000,3.95800000
2018-02-25 04:29:14,0.03595000,1.77800000
2018-02-25 04:29:14,0.03595000,0.35600000
2018-02-25 04:29:14,0.03586200,0.27800000
2018-02-25 04:29:14,0.03579400,0.05300000
2018-02-25 04:29:14,0.03578700,1.44700000
2018-02-25 04:29:14,0.03578700,0.66200000
2018-02-25 04:29:16,0.03594700,0.27800000
2018-02-25 04:29:16,0.03594800,1.00600000
2018-02-25 04:29:17,0.03594800,0.39200000
2018-02-25 04:29:18,0.03594800,0.38000000
2018-02-25 04:29:18,0.03595000,1.01100000
2018-02-25 04:29:20,0.03580600,0.06200000
2018-02-25 04:29:27,0.03593600,0.09400000
2018-02-25 04:29:27,0.03593800,0.16800000
2018-02-25 04:29:27,0.03596100,0.96400000
2018-02-25 04:29:30,0.03583500,0.39300000
2018-02-25 04:29:38,0.03597100,0.93100000
2018-02-25 04:29:38,0.03597200,0.28000000
2018-02-25 04:29:38,0.03600000,0.32900000
2018-02-25 04:29:38,0.03600000,1.90000000
2018-02-25 04:29:38,0.03600000,9.15600000
2018-02-25 04:29:41,0.03593500,0.78700000
2018-02-25 04:29:41,0.03599800,0.05700000
2018-02-25 04:29:42,0.03600000,2.96300000
2018-02-25 04:29:45,0.03599800,0.39300000
2018-02-25 04:29:45,0.03600000,0.05200000
2018-02-25 04:29:47,0.03604500,0.08900000
2018-02-25 04:29:47,0.03604500,0.43500000
2018-02-25 04:29:47,0.03608600,0.11000000
2018-02-25 04:29:47,0.03609500,0.79400000
2018-02-25 04:29:48,0.03600300,0.13700000
2018-02-25 04:29:49,0.03600300,1.50900000
2018-02-25 04:29:49,0.03609500,0.06900000
2018-02-25 04:29:50,0.03600600,1.13100000
2018-02-25 04:29:50,0.03600400,0.27700000
2018-02-25 04:29:50,0.03600000,9.80800000
2018-02-25 04:29:54,0.03587000,0.06500000
2018-02-25 04:29:54,0.03604200,0.30600000
2018-02-25 04:29:54,0.03587000,0.17300000
2018-02-25 04:29:55,0.03587000,0.28300000
2018-02-25 04:29:57,0.03587100,2.97500000
2018-02-25 04:29:57,0.03599800,0.15300000
2018-02-25 04:30:00,0.03599500,0.22200000
2018-02-25 04:30:00,0.03599500,0.22200000
2018-02-25 04:30:00,0.03599500,0.17800000
2018-02-25 04:30:00,0.03599500,0.22200000
2018-02-25 04:30:03,0.03599100,0.05600000
2018-02-25 04:30:03,0.03587200,0.30800000
2018-02-25 04:30:03,0.03586900,2.63800000
2018-02-25 04:30:09,0.03597500,0.06500000
2018-02-25 04:30:10,0.03597400,0.10700000
2018-02-25 04:30:16,0.03589600,0.07200000
2018-02-25 04:30:16,0.03589600,0.12000000
2018-02-25 04:30:16,0.03589600,0.12000000
2018-02-25 04:30:16,0.03589600,0.14400000
2018-02-25 04:30:16,0.03589600,0.14400000
2018-02-25 04:30:17,0.03589000,0.14400000
2018-02-25 04:30:17,0.03588200,0.07200000
2018-02-25 04:30:18,0.03589400,0.11000000
2018-02-25 04:30:18,0.03588200,0.11000000
2018-02-25 04:30:18,0.03588100,0.07200000
2018-02-25 04:30:20,0.03589100,0.12900000
2018-02-25 04:30:20,0.03589100,0.12900000
2018-02-25 04:30:24,0.03587800,0.27200000
2018-02-25 04:30:24,0.03587700,0.27200000
2018-02-25 04:30:24,0.03587600,0.11000000
2018-02-25 04:30:25,0.03587800,0.10200000
2018-02-25 04:30:31,0.03587800,0.50000000
2018-02-25 04:30:31,0.03587600,0.13600000
2018-02-25 04:30:31,0.03587600,0.05300000
2018-02-25 04:30:32,0.03587600,0.03900000
2018-02-25 04:30:37,0.03587200,2.80700000
2018-02-25 04:30:37,0.03587300,1.09900000
2018-02-25 04:30:41,0.03587300,0.02900000
2018-02-25 04:30:44,0.03589600,0.05600000
2018-02-25 04:30:48,0.03587400,0.08400000
2018-02-25 04:30:49,0.03587200,2.67500000
2018-02-25 04:30:49,0.03587300,0.53800000
2018-02-25 04:30:55,0.03587300,0.07900000
2018-02-25 04:30:57,0.03587300,0.20300000
2018-02-25 04:31:03,0.03587200,0.13900000
2018-02-25 04:31:14,0.03587200,1.96000000
2018-02-25 04:31:24,0.03584100,0.07900000
2018-02-25 04:31:31,0.03584000,0.20100000
2018-02-25 04:31:32,0.03584000,0.14000000
2018-02-25 04:31:32,0.03583500,0.45300000
2018-02-25 04:31:34,0.03583500,0.30600000
2018-02-25 04:31:37,0.03577900,2.79400000
2018-02-25 04:31:37,0.03577400,0.50400000
2018-02-25 04:31:37,0.03577100,3.91900000
2018-02-25 04:31:37,0.03578000,0.31700000
2018-02-25 04:31:37,0.03575300,0.38900000
2018-02-25 04:31:38,0.03575000,1.92600000
2018-02-25 04:31:39,0.03583300,0.93500000
2018-02-25 04:31:45,0.03574700,0.05400000
2018-02-25 04:31:45,0.03573400,0.06700000
2018-02-25 04:31:47,0.03581200,0.16700000
2018-02-25 04:31:56,0.03575200,0.06700000
2018-02-25 04:31:58,0.03574400,0.08300000
2018-02-25 04:32:05,0.03569900,0.15600000
2018-02-25 04:32:11,0.03571300,0.03800000
2018-02-25 04:32:11,0.03570700,0.22400000
2018-02-25 04:32:11,0.03569900,1.74900000
2018-02-25 04:32:11,0.03569900,1.07800000
2018-02-25 04:32:11,0.03569900,1.29400000
2018-02-25 04:32:11,0.03569900,0.04600000
2018-02-25 04:32:16,0.03577000,0.04200000
2018-02-25 04:32:16,0.03577000,0.00100000
2018-02-25 04:32:18,0.03577000,0.12500000
2018-02-25 04:32:24,0.03577000,1.00000000
2018-02-25 04:32:33,0.03569800,3.80900000
2018-02-25 04:32:33,0.03568700,0.02900000
2018-02-25 04:32:33,0.03560000,0.06600000
2018-02-25 04:32:33,0.03559100,0.35000000
2018-02-25 04:32:33,0.03555900,0.76000000
2018-02-25 04:32:33,0.03553000,0.13800000
2018-02-25 04:32:33,0.03552900,8.81000000
2018-02-25 04:32:33,0.03552400,1.00000000
2018-02-25 04:32:33,0.03550000,50.00000000
2018-02-25 04:32:34,0.03548800,0.05500000
2018-02-25 04:32:34,0.03548300,2.81800000
2018-02-25 04:32:34,0.03548000,0.19700000
2018-02-25 04:32:34,0.03547800,0.05500000
2018-02-25 04:32:35,0.03549800,0.52400000
2018-02-25 04:32:35,0.03550000,1.00100000
2018-02-25 04:32:35,0.03548900,0.42100000
2018-02-25 04:32:35,0.03546700,2.04600000
2018-02-25 04:32:35,0.03546600,2.89000000
2018-02-25 04:32:35,0.03545100,0.86500000
2018-02-25 04:32:35,0.03545000,0.37100000
2018-02-25 04:32:35,0.03550000,0.09800000
2018-02-25 04:32:36,0.03547500,0.05600000
2018-02-25 04:32:37,0.03550000,0.13800000
2018-02-25 04:32:37,0.03550000,0.61200000
2018-02-25 04:32:37,0.03550000,0.24800000
2018-02-25 04:32:38,0.03550000,0.12600000
2018-02-25 04:32:38,0.03550000,0.06000000
2018-02-25 04:32:38,0.03549900,0.07900000
2018-02-25 04:32:38,0.03549900,0.12600000
2018-02-25 04:32:38,0.03549900,0.07200000
2018-02-25 04:32:38,0.03550000,0.02700000
2018-02-25 04:32:38,0.03550000,0.10400000
2018-02-25 04:32:38,0.03550000,0.30000000
2018-02-25 04:32:39,0.03550000,1.05400000
2018-02-25 04:32:39,0.03550000,0.91200000
2018-02-25 04:32:39,0.03550000,0.13600000
2018-02-25 04:32:40,0.03561700,0.05600000
2018-02-25 04:32:41,0.03564100,0.03400000
2018-02-25 04:32:42,0.03564100,0.28800000
2018-02-25 04:32:42,0.03564100,0.36900000
2018-02-25 04:32:43,0.03564000,0.38000000
2018-02-25 04:32:43,0.03564100,0.76100000
2018-02-25 04:32:43,0.03564100,0.38000000
2018-02-25 04:32:43,0.03564100,0.15800000
2018-02-25 04:32:43,0.03564100,0.48600000
2018-02-25 04:32:44,0.03564100,0.34200000
2018-02-25 04:32:45,0.03564200,0.13800000
2018-02-25 04:32:47,0.03569800,0.06700000
2018-02-25 04:32:49,0.03569800,3.44600000
2018-02-25 04:32:50,0.03550900,0.04200000
2018-02-25 04:32:50,0.03575500,0.33600000
2018-02-25 04:32:54,0.03575500,0.10300000
2018-02-25 04:32:57,0.03554400,0.15700000
2018-02-25 04:32:58,0.03554400,2.65400000
2018-02-25 04:32:58,0.03554200,0.25100000
2018-02-25 04:33:09,0.03572200,0.10900000
2018-02-25 04:33:09,0.03571900,0.77300000
2018-02-25 04:33:16,0.03570700,0.30400000
2018-02-25 04:33:31,0.03568600,0.02900000
2018-02-25 04:33:32,0.03561700,0.14700000
2018-02-25 04:33:32,0.03561700,2.75800000
2018-02-25 04:33:32,0.03561600,0.28000000
2018-02-25 04:33:33,0.03561500,1.35800000
2018-02-25 04:33:33,0.03561600,0.35000000
2018-02-25 04:33:34,0.03560900,2.80600000
2018-02-25 04:33:34,0.03560700,1.01600000
2018-02-25 04:33:34,0.03560400,0.14200000
2018-02-25 04:33:35,0.03567900,0.28000000
2018-02-25 04:33:45,0.03566400,1.01600000
2018-02-25 04:33:45,0.03566500,0.31700000
2018-02-25 04:33:45,0.03566500,0.21100000
2018-02-25 04:33:54,0.03566400,0.06400000
2018-02-25 04:34:01,0.03566300,0.35000000
2018-02-25 04:34:04,0.03565200,0.03900000
2018-02-25 04:34:06,0.03564900,0.14900000
2018-02-25 04:34:09,0.03552100,0.35000000
2018-02-25 04:34:09,0.03552000,0.30900000
2018-02-25 04:34:09,0.03551100,0.03900000
2018-02-25 04:34:09,0.03548000,0.35200000
2018-02-25 04:34:09,0.03541900,0.38000000
2018-02-25 04:34:09,0.03541700,1.04900000
2018-02-25 04:34:09,0.03540100,0.14000000
2018-02-25 04:34:09,0.03540000,2.43900000
2018-02-25 04:34:09,0.03540000,0.07300000
2018-02-25 04:34:16,0.03544100,0.10000000
2018-02-25 04:34:18,0.03560400,0.14000000
2018-02-25 04:34:19,0.03560000,0.60000000
2018-02-25 04:34:19,0.03560100,0.20700000
2018-02-25 04:34:23,0.03559800,0.10800000
2018-02-25 04:34:25,0.03544300,0.08300000
2018-02-25 04:34:29,0.03557600,0.08300000
2018-02-25 04:34:29,0.03557700,0.07100000
2018-02-25 04:34:31,0.03557400,0.08200000
2018-02-25 04:34:33,0.03557100,1.45500000
2018-02-25 04:34:33,0.03557300,0.16100000
2018-02-25 04:34:33,0.03557300,0.11900000
2018-02-25 04:34:33,0.03557900,0.30900000
2018-02-25 04:34:33,0.03559100,0.35200000
2018-02-25 04:34:35,0.03568000,0.12600000
2018-02-25 04:34:39,0.03568000,0.08200000
2018-02-25 04:34:39,0.03568000,0.00200000
2018-02-25 04:34:41,0.03551800,0.28100000
2018-02-25 04:34:41,0.03551700,2.04400000
2018-02-25 04:34:56,0.03561100,0.09800000
2018-02-25 04:34:57,0.03561200,0.50000000
2018-02-25 04:34:57,0.03560000,0.23900000
2018-02-25 04:34:58,0.03558900,0.23900000
2018-02-25 04:35:06,0.03566900,0.52100000
2018-02-25 04:35:09,0.03558000,7.78700000
2018-02-25 04:35:09,0.03546400,2.55600000
2018-02-25 04:35:09,0.03546300,0.35100000
2018-02-25 04:35:09,0.03546200,1.28500000
2018-02-25 04:35:09,0.03540000,7.96500000
2018-02-25 04:35:09,0.03540000,0.93200000
2018-02-25 04:35:09,0.03540000,0.09000000
2018-02-25 04:35:09,0.03540000,0.93200000
2018-02-25 04:35:09,0.03540000,4.34300000
2018-02-25 04:35:09,0.03540000,0.84200000
2018-02-25 04:35:09,0.03540000,0.14800000
2018-02-25 04:35:09,0.03539500,0.84200000
2018-02-25 04:35:09,0.03539500,1.28500000
2018-02-25 04:35:09,0.03539800,0.06400000
2018-02-25 04:35:10,0.03538700,0.28300000
2018-02-25 04:35:10,0.03538100,0.67900000
2018-02-25 04:35:10,0.03535900,0.38000000
2018-02-25 04:35:10,0.03535800,2.82800000
2018-02-25 04:35:10,0.03535000,0.89000000
2018-02-25 04:35:10,0.03534800,0.11400000
2018-02-25 04:35:10,0.03534600,0.13800000
2018-02-25 04:35:10,0.03534400,3.52000000
2018-02-25 04:35:10,0.03534300,3.75800000
2018-02-25 04:35:10,0.03533000,2.02800000
2018-02-25 04:35:10,0.03532400,5.66200000
2018-02-25 04:35:10,0.03530000,3.00000000
2018-02-25 04:35:10,0.03528100,1.15000000
2018-02-25 04:35:10,0.03527800,0.09200000
2018-02-25 04:35:10,0.03527700,1.58200000
2018-02-25 04:35:10,0.03527500,0.06000000
2018-02-25 04:35:10,0.03526400,0.41200000
2018-02-25 04:35:10,0.03526300,0.25900000
2018-02-25 04:35:10,0.03526400,0.50000000
2018-02-25 04:35:10,0.03526300,0.05400000
2018-02-25 04:35:10,0.03525700,2.37900000
2018-02-25 04:35:10,0.03525000,0.03500000
2018-02-25 04:35:10,0.03525000,0.06800000
2018-02-25 04:35:10,0.03523500,0.17300000
2018-02-25 04:35:10,0.03539500,1.45900000
2018-02-25 04:35:11,0.03533100,2.83000000
2018-02-25 04:35:11,0.03532900,5.66100000
2018-02-25 04:35:11,0.03526400,0.30600000
2018-02-25 04:35:11,0.03522200,0.30600000
2018-02-25 04:35:11,0.03522200,1.00000000
2018-02-25 04:35:11,0.03539700,0.44400000
2018-02-25 04:35:11,0.03522200,0.39700000
2018-02-25 04:35:11,0.03522100,0.00100000
2018-02-25 04:35:12,0.03539400,0.36800000
2018-02-25 04:35:12,0.03539100,2.00000000
2018-02-25 04:35:12,0.03539100,0.06800000
2018-02-25 04:35:13,0.03539100,0.12800000
2018-02-25 04:35:13,0.03539100,0.24600000
2018-02-25 04:35:13,0.03539100,0.02000000
2018-02-25 04:35:13,0.03539300,0.13800000
2018-02-25 04:35:13,0.03539000,0.13000000
2018-02-25 04:35:14,0.03539000,0.22400000
2018-02-25 04:35:14,0.03538900,0.06800000
2018-02-25 04:35:14,0.03538900,0.07500000
2018-02-25 04:35:14,0.03539000,2.50800000
2018-02-25 04:35:14,0.03540000,3.80700000
2018-02-25 04:35:18,0.03534000,0.12900000
2018-02-25 04:35:19,0.03539900,0.11100000
2018-02-25 04:35:19,0.03539900,0.69200000
2018-02-25 04:35:20,0.03539900,0.52800000
2018-02-25 04:35:20,0.03539900,0.05600000
2018-02-25 04:35:20,0.03539900,0.06800000
2018-02-25 04:35:20,0.03539900,0.06200000
2018-02-25 04:35:20,0.03539900,0.07300000
2018-02-25 04:35:20,0.03539900,0.21600000
2018-02-25 04:35:21,0.03539900,0.16700000
2018-02-25 04:35:22,0.03539900,0.06900000
2018-02-25 04:35:23,0.03539900,0.06200000
2018-02-25 04:35:23,0.03539900,0.16600000
2018-02-25 04:35:25,0.03539900,0.07400000
2018-02-25 04:35:32,0.03534300,0.08900000
2018-02-25 04:35:33,0.03539700,0.06400000
2018-02-25 04:35:38,0.03539700,0.11400000
2018-02-25 04:35:40,0.03539600,0.28200000
2018-02-25 04:35:40,0.03534300,0.75800000
2018-02-25 04:35:43,0.03534300,3.80300000
2018-02-25 04:35:45,0.03539000,0.07000000
2018-02-25 04:35:47,0.03539000,0.06100000
2018-02-25 04:35:51,0.03538700,0.19800000
2018-02-25 04:35:54,0.03538400,1.32600000
2018-02-25 04:35:56,0.03534900,5.49900000
2018-02-25 04:35:56,0.03538400,1.17500000
2018-02-25 04:35:56,0.03538600,0.30500000
2018-02-25 04:35:56,0.03539300,0.15100000
2018-02-25 04:35:57,0.03534900,0.50700000
2018-02-25 04:35:58,0.03534900,0.09900000
2018-02-25 04:35:58,0.03534900,0.39400000
2018-02-25 04:35:58,0.03539300,0.44900000
2018-02-25 04:35:59,0.03539500,0.14200000
2018-02-25 04:35:59,0.03535000,0.09900000
2018-02-25 04:35:59,0.03534400,0.15700000
2018-02-25 04:36:00,0.03539700,4.70200000
2018-02-25 04:36:01,0.03539700,1.39800000
2018-02-25 04:36:02,0.03539700,3.83200000
2018-02-25 04:36:04,0.03539700,0.69300000
2018-02-25 04:36:07,0.03539900,0.40700000
2018-02-25 04:36:07,0.03540000,0.28500000
2018-02-25 04:36:07,0.03539300,0.08400000
2018-02-25 04:36:07,0.03539000,0.09600000
2018-02-25 04:36:10,0.03540000,0.09300000
2018-02-25 04:36:10,0.03540000,0.03000000
2018-02-25 04:36:11,0.03540000,11.13500000
2018-02-25 04:36:12,0.03539900,0.06900000
2018-02-25 04:36:12,0.03540000,1.93100000
2018-02-25 04:36:13,0.03540000,0.10900000
2018-02-25 04:36:15,0.03540000,1.41600000
2018-02-25 04:36:17,0.03540000,6.64600000
2018-02-25 04:36:17,0.03540000,33.96500000
2018-02-25 04:36:17,0.03540000,41.99500000
2018-02-25 04:36:17,0.03540100,0.03400000
2018-02-25 04:36:17,0.03560000,0.03400000
2018-02-25 04:36:17,0.03562700,0.38000000
2018-02-25 04:36:17,0.03562800,3.11100000
2018-02-25 04:36:17,0.03562900,2.07600000
2018-02-25 04:36:17,0.03566800,0.86600000
2018-02-25 04:36:21,0.03544300,5.17300000
2018-02-25 04:36:21,0.03544200,2.82100000
2018-02-25 04:36:21,0.03544000,3.77800000
2018-02-25 04:36:21,0.03543500,1.73200000
2018-02-25 04:36:21,0.03543400,1.28500000
2018-02-25 04:36:21,0.03542800,3.06700000
2018-02-25 04:36:21,0.03539600,0.32100000
2018-02-25 04:36:22,0.03539400,2.82100000
2018-02-25 04:36:22,0.03539600,0.17900000
2018-02-25 04:36:22,0.03539700,7.05300000
2018-02-25 04:36:22,0.03539300,0.10900000
2018-02-25 04:36:23,0.03539100,0.67500000
2018-02-25 04:36:24,0.03538900,0.07000000
2018-02-25 04:36:25,0.03538500,0.25600000
2018-02-25 04:36:27,0.03538400,0.06800000
2018-02-25 04:36:28,0.03538300,0.32100000
2018-02-25 04:36:28,0.03538400,0.60000000
2018-02-25 04:36:28,0.03538900,0.25200000
2018-02-25 04:36:28,0.03538500,0.10800000
2018-02-25 04:36:28,0.03538500,0.42400000
2018-02-25 04:36:30,0.03538500,0.24800000
2018-02-25 04:36:30,0.03538500,0.73600000
2018-02-25 04:36:31,0.03538400,2.52000000
2018-02-25 04:36:32,0.03538300,2.74500000
2018-02-25 04:36:34,0.03538300,0.84600000
2018-02-25 04:36:34,0.03538300,0.68000000
2018-02-25 04:36:38,0.03537900,0.16800000
2018-02-25 04:36:38,0.03537900,0.63700000
2018-02-25 04:36:38,0.03537900,0.22400000
2018-02-25 04:36:38,0.03538400,2.42900000
2018-02-25 04:36:39,0.03538400,0.19800000
2018-02-25 04:36:43,0.03538400,0.02600000
2018-02-25 04:36:46,0.03539000,5.05900000
2018-02-25 04:36:49,0.03539700,1.59700000
2018-02-25 04:36:50,0.03539700,14.34800000
2018-02-25 04:36:51,0.03540000,0.39900000
2018-02-25 04:36:52,0.03540000,0.08400000
2018-02-25 04:36:53,0.03540000,0.06900000
2018-02-25 04:36:54,0.03557000,0.13300000
2018-02-25 04:36:54,0.03540500,0.20000000
2018-02-25 04:36:55,0.03556800,0.28200000
2018-02-25 04:36:55,0.03556900,0.09000000
2018-02-25 04:36:55,0.03556900,0.25200000
2018-02-25 04:36:55,0.03556900,0.15800000
2018-02-25 04:36:55,0.03557000,0.04000000
2018-02-25 04:36:56,0.03557000,0.02500000
2018-02-25 04:36:56,0.03560000,0.39200000
2018-02-25 04:36:56,0.03561100,0.57600000
2018-02-25 04:36:56,0.03572400,0.02900000
2018-02-25 04:36:56,0.03572800,0.19700000
2018-02-25 04:36:56,0.03576400,0.02800000
2018-02-25 04:36:56,0.03577000,0.05300000
2018-02-25 04:36:56,0.03577900,0.04600000
2018-02-25 04:36:56,0.03580100,0.38000000
2018-02-25 04:36:56,0.03580200,0.26200000
2018-02-25 04:36:56,0.03583300,0.05500000
2018-02-25 04:36:56,0.03584300,0.05500000
2018-02-25 04:36:56,0.03586700,0.37900000
2018-02-25 04:36:56,0.03586800,0.56200000
2018-02-25 04:36:56,0.03587100,0.14000000
2018-02-25 04:36:56,0.03587200,8.26800000
2018-02-25 04:36:56,0.03556800,0.28000000
2018-02-25 04:36:56,0.03556800,0.16600000
2018-02-25 04:36:56,0.03556800,0.39600000
2018-02-25 04:36:57,0.03556800,0.10400000
2018-02-25 04:36:57,0.03556800,0.48000000
2018-02-25 04:36:58,0.03556800,0.06100000
2018-02-25 04:36:58,0.03556800,0.05600000
2018-02-25 04:36:59,0.03556800,0.07000000
2018-02-25 04:36:59,0.03556800,0.08300000
2018-02-25 04:36:59,0.03556800,0.03500000
2018-02-25 04:36:59,0.03556800,0.08300000
2018-02-25 04:36:59,0.03556800,0.13000000
2018-02-25 04:37:01,0.03556800,0.03900000
2018-02-25 04:37:04,0.03555000,1.64600000
2018-02-25 04:37:04,0.03555000,0.63600000
2018-02-25 04:37:04,0.03555000,0.33800000
2018-02-25 04:37:06,0.03559200,0.47700000
2018-02-25 04:37:06,0.03585500,1.17800000
2018-02-25 04:37:07,0.03559200,0.07100000
2018-02-25 04:37:07,0.03559200,0.01400000
2018-02-25 04:37:08,0.03558900,0.11600000
2018-02-25 04:37:13,0.03558900,0.82200000
2018-02-25 04:37:14,0.03558900,0.04200000
2018-02-25 04:37:17,0.03556000,0.28800000
2018-02-25 04:37:19,0.03556000,10.81100000
2018-02-25 04:37:24,0.03556000,0.05400000
2018-02-25 04:37:28,0.03555600,9.30200000
2018-02-25 04:37:28,0.03555500,5.34300000
2018-02-25 04:37:32,0.03546900,0.28100000
2018-02-25 04:37:32,0.03540100,0.04300000
2018-02-25 04:37:37,0.03542600,0.31200000
2018-02-25 04:37:37,0.03542500,0.28200000
2018-02-25 04:37:37,0.03540400,3.19100000
2018-02-25 04:37:37,0.03540000,0.50000000
2018-02-25 04:37:37,0.03539700,1.59700000
2018-02-25 04:37:37,0.03538500,0.86800000
2018-02-25 04:37:37,0.03537000,0.35500000
2018-02-25 04:37:37,0.03536100,3.14700000
2018-02-25 04:37:37,0.03544300,0.10500000
2018-02-25 04:37:37,0.03553700,0.32000000
2018-02-25 04:37:43,0.03538800,1.00000000
2018-02-25 04:37:43,0.03538800,0.06200000
2018-02-25 04:37:43,0.03551300,0.03500000
2018-02-25 04:37:44,0.03551100,0.60800000
2018-02-25 04:37:44,0.03551300,0.14500000
2018-02-25 04:37:44,0.03551600,0.20700000
2018-02-25 04:37:44,0.03551200,0.46300000
2018-02-25 04:37:45,0.03551100,0.32000000
2018-02-25 04:37:45,0.03551200,0.07400000
2018-02-25 04:37:45,0.03551300,0.31200000
2018-02-25 04:37:45,0.03551500,0.98300000
2018-02-25 04:37:50,0.03543400,2.82500000
2018-02-25 04:37:50,0.03543200,0.28200000
2018-02-25 04:37:50,0.03542900,0.12100000
2018-02-25 04:37:51,0.03551000,0.02900000
2018-02-25 04:37:57,0.03549300,0.20000000
2018-02-25 04:37:58,0.03549200,0.33400000
2018-02-25 04:38:02,0.03541100,0.20000000
2018-02-25 04:38:02,0.03541000,1.12100000
2018-02-25 04:38:02,0.03536100,0.06600000
2018-02-25 04:38:02,0.03535900,6.15600000
2018-02-25 04:38:02,0.03535100,0.05600000
2018-02-25 04:38:02,0.03534400,8.84000000
2018-02-25 04:38:02,0.03548100,0.14000000
2018-02-25 04:38:03,0.03547800,0.07000000
2018-02-25 04:38:04,0.03547500,0.43400000
2018-02-25 04:38:04,0.03539400,0.04300000
2018-02-25 04:38:06,0.03546900,0.19400000
2018-02-25 04:38:06,0.03546900,0.13000000
2018-02-25 04:38:07,0.03546900,0.26000000
2018-02-25 04:38:07,0.03546900,0.13000000
2018-02-25 04:38:09,0.03546300,0.33200000
2018-02-25 04:38:09,0.03546300,1.10600000
2018-02-25 04:38:09,0.03546500,1.95600000
2018-02-25 04:38:10,0.03539900,2.61000000
2018-02-25 04:38:10,0.03540000,5.86300000
2018-02-25 04:38:10,0.03540000,1.00000000
2018-02-25 04:38:10,0.03540000,1.00000000
2018-02-25 04:38:10,0.03540000,1.00000000
2018-02-25 04:38:10,0.03540000,1.00000000
2018-02-25 04:38:10,0.03540000,1.00000000
2018-02-25 04:38:10,0.03539900,0.21200000
2018-02-25 04:38:11,0.03540300,0.14000000
2018-02-25 04:38:11,0.03539300,5.65100000
2018-02-25 04:38:11,0.03546300,0.95700000
2018-02-25 04:38:11,0.03546300,0.40800000
2018-02-25 04:38:13,0.03546000,0.06500000
2018-02-25 04:38:13,0.03546000,1.00000000
2018-02-25 04:38:14,0.03546000,0.11300000
2018-02-25 04:38:15,0.03546000,0.27900000
2018-02-25 04:38:15,0.03546200,0.25200000
2018-02-25 04:38:17,0.03541400,2.82200000
2018-02-25 04:38:17,0.03541200,3.59400000
2018-02-25 04:38:17,0.03540500,7.40600000
2018-02-25 04:38:17,0.03539300,6.15100000
2018-02-25 04:38:18,0.03541200,0.31000000
2018-02-25 04:38:18,0.03540900,8.32800000
2018-02-25 04:38:18,0.03539300,5.65100000
2018-02-25 04:38:18,0.03554600,0.50000000
2018-02-25 04:38:18,0.03555000,0.34000000
2018-02-25 04:38:19,0.03539500,1.88500000
2018-02-25 04:38:19,0.03539300,5.65100000
2018-02-25 04:38:19,0.03554400,1.00400000
2018-02-25 04:38:19,0.03554400,0.26400000
2018-02-25 04:38:19,0.03554400,0.52800000
2018-02-25 04:38:20,0.03539700,0.28200000
2018-02-25 04:38:20,0.03554400,0.31600000
2018-02-25 04:38:21,0.03554100,0.20200000
2018-02-25 04:38:22,0.03553500,0.12000000
2018-02-25 04:38:23,0.03553200,0.35200000
2018-02-25 04:38:26,0.03541000,15.79600000
2018-02-25 04:38:26,0.03542700,2.38500000
2018-02-25 04:38:27,0.03542800,0.03600000
2018-02-25 04:38:27,0.03543000,0.61500000
2018-02-25 04:38:33,0.03551800,0.06200000
2018-02-25 04:38:34,0.03551600,0.11200000
2018-02-25 04:38:53,0.03550000,0.27300000
2018-02-25 04:38:55,0.03549900,0.14100000
2018-02-25 04:38:56,0.03543600,2.82000000
2018-02-25 04:38:56,0.03543400,0.11200000
2018-02-25 04:38:56,0.03539300,5.84300000
2018-02-25 04:38:56,0.03539000,2.66100000
2018-02-25 04:38:58,0.03549300,2.82000000
2018-02-25 04:38:58,0.03549500,0.50000000
2018-02-25 04:38:58,0.03549700,2.75900000
2018-02-25 04:38:58,0.03549800,0.28200000
2018-02-25 04:38:58,0.03551600,0.10600000
2018-02-25 04:39:00,0.03549500,0.16900000
2018-02-25 04:39:17,0.03550000,2.16000000
2018-02-25 04:39:21,0.03555400,0.84300000
2018-02-25 04:39:21,0.03555600,0.04300000
2018-02-25 04:39:21,0.03556000,0.37900000
2018-02-25 04:39:21,0.03556200,0.19800000
2018-02-25 04:39:21,0.03558600,0.02900000
2018-02-25 04:39:27,0.03558600,0.50000000
2018-02-25 04:39:30,0.03549900,0.08600000
2018-02-25 04:39:30,0.03558600,0.27900000
2018-02-25 04:39:36,0.03558600,0.50200000
2018-02-25 04:39:38,0.03559500,0.30600000
2018-02-25 04:39:38,0.03559500,0.24300000
2018-02-25 04:39:39,0.03576700,0.40600000
2018-02-25 04:39:41,0.03576700,0.04100000
2018-02-25 04:39:44,0.03561900,1.42900000
2018-02-25 04:39:44,0.03561900,0.75700000
2018-02-25 04:39:44,0.03561700,0.94700000
2018-02-25 04:39:44,0.03561100,0.28000000
2018-02-25 04:39:45,0.03561700,0.30500000
2018-02-25 04:39:45,0.03576500,0.08300000
2018-02-25 04:39:51,0.03574000,1.79900000
2018-02-25 04:39:57,0.03559300,1.22100000
2018-02-25 04:39:57,0.03558600,0.69100000
2018-02-25 04:39:57,0.03555600,0.33200000
2018-02-25 04:39:57,0.03548900,0.07400000
2018-02-25 04:39:57,0.03541800,0.38000000
2018-02-25 04:39:57,0.03541300,0.86700000
2018-02-25 04:39:57,0.03541200,5.69100000
2018-02-25 04:39:57,0.03540500,0.56700000
2018-02-25 04:39:57,0.03541000,0.94700000
2018-02-25 04:40:13,0.03547500,0.08400000
2018-02-25 04:40:13,0.03546600,0.16800000
2018-02-25 04:40:13,0.03545400,0.08400000
2018-02-25 04:40:13,0.03544000,0.08400000
2018-02-25 04:40:13,0.03540500,0.27200000
2018-02-25 04:40:20,0.03541000,0.02900000
2018-02-25 04:40:20,0.03540500,6.58200000
2018-02-25 04:40:20,0.03539000,3.27000000
2018-02-25 04:40:20,0.03537200,0.38000000
2018-02-25 04:40:20,0.03535800,4.27900000
2018-02-25 04:40:29,0.03546700,0.10800000
2018-02-25 04:40:31,0.03546500,0.25500000
2018-02-25 04:40:33,0.03546200,0.26500000
2018-02-25 04:40:36,0.03544500,0.06800000
2018-02-25 04:40:40,0.03543600,0.87100000
2018-02-25 04:40:40,0.03543800,0.58500000
2018-02-25 04:40:40,0.03544400,0.94700000
2018-02-25 04:40:40,0.03544700,0.35300000
2018-02-25 04:40:47,0.03544700,0.38800000
2018-02-25 04:40:49,0.03558400,0.23800000
2018-02-25 04:40:49,0.03558400,0.10000000
2018-02-25 04:40:53,0.03558200,0.03400000
2018-02-25 04:40:53,0.03558300,0.27400000
2018-02-25 04:41:04,0.03545500,2.11100000
2018-02-25 04:41:10,0.03556500,0.38900000
2018-02-25 04:41:12,0.03548800,0.19000000
2018-02-25 04:41:12,0.03556500,0.06900000
2018-02-25 04:41:25,0.03558700,0.50000000
2018-02-25 04:41:25,0.03556500,0.49300000
2018-02-25 04:41:40,0.03556300,0.22100000
2018-02-25 04:41:46,0.03546100,0.28100000
2018-02-25 04:41:46,0.03546000,0.31300000
2018-02-25 04:41:46,0.03544400,4.14000000
2018-02-25 04:41:46,0.03544100,0.05600000
2018-02-25 04:41:46,0.03540000,1.00000000
2018-02-25 04:41:46,0.03538800,0.35200000
2018-02-25 04:41:46,0.03538300,0.12100000
2018-02-25 04:41:55,0.03538400,0.50000000
2018-02-25 04:41:55,0.03538300,5.84700000
2018-02-25 04:41:55,0.03535300,5.65700000
2018-02-25 04:41:55,0.03535000,15.12300000
2018-02-25 04:41:55,0.03535000,0.30300000
2018-02-25 04:41:55,0.03535000,0.25300000
2018-02-25 04:41:55,0.03535000,0.30300000
2018-02-25 04:41:55,0.03535000,0.25300000
2018-02-25 04:41:55,0.03535000,0.17300000
2018-02-25 04:41:57,0.03535700,5.65700000
2018-02-25 04:41:57,0.03535300,4.30900000
2018-02-25 04:42:05,0.03536800,0.07700000
2018-02-25 04:42:05,0.03535300,0.61500000
2018-02-25 04:42:06,0.03536200,0.42400000
2018-02-25 04:42:06,0.03535300,0.84600000
2018-02-25 04:42:06,0.03535300,4.46400000
2018-02-25 04:42:06,0.03535200,1.58000000
2018-02-25 04:42:12,0.03536900,2.82800000
2018-02-25 04:42:12,0.03536700,0.14100000
2018-02-25 04:42:13,0.03547400,2.82800000
2018-02-25 04:42:13,0.03547600,1.31300000
2018-02-25 04:42:13,0.03548000,0.28100000
2018-02-25 04:42:13,0.03548100,0.03900000
2018-02-25 04:42:13,0.03548100,0.31300000
2018-02-25 04:42:13,0.03550000,5.60800000
2018-02-25 04:42:13,0.03553700,0.16700000
2018-02-25 04:42:19,0.03556100,1.16400000
2018-02-25 04:42:19,0.03556300,0.97300000
2018-02-25 04:42:19,0.03556500,0.02900000
2018-02-25 04:42:19,0.03558900,0.07400000
2018-02-25 04:42:21,0.03539900,0.77500000
2018-02-25 04:42:22,0.03556100,5.33800000
2018-02-25 04:42:31,0.03571900,0.02800000
2018-02-25 04:42:37,0.03571900,0.14000000
2018-02-25 04:42:39,0.03571900,0.70000000
2018-02-25 04:42:39,0.03571900,1.83700000
2018-02-25 04:42:44,0.03571900,0.03400000
2018-02-25 04:42:50,0.03561400,2.05300000
2018-02-25 04:42:50,0.03561200,1.28000000
2018-02-25 04:42:50,0.03561200,0.03200000
2018-02-25 04:42:50,0.03560700,0.28000000
2018-02-25 04:42:53,0.03560900,0.50100000
2018-02-25 04:42:53,0.03556100,0.02900000
2018-02-25 04:43:10,0.03548600,0.04100000
2018-02-25 04:43:25,0.03550000,0.81900000
2018-02-25 04:43:32,0.03550000,0.01100000
2018-02-25 04:43:38,0.03550000,0.04200000
2018-02-25 04:43:39,0.03554700,2.82800000
2018-02-25 04:43:39,0.03554900,0.50000000
2018-02-25 04:43:39,0.03557500,0.28000000
2018-02-25 04:43:40,0.03550700,0.12800000
2018-02-25 04:43:40,0.03550900,1.01100000
2018-02-25 04:43:50,0.03561900,1.01100000
2018-02-25 04:43:50,0.03562100,0.02900000
2018-02-25 04:44:04,0.03563500,0.33800000
2018-02-25 04:44:04,0.03559600,0.28000000
2018-02-25 04:44:04,0.03559400,2.01400000
2018-02-25 04:44:04,0.03556000,0.01000000
2018-02-25 04:44:10,0.03565500,0.05600000
2018-02-25 04:44:20,0.03558300,2.81100000
2018-02-25 04:44:20,0.03558100,1.27100000
2018-02-25 04:44:20,0.03556000,5.49100000
2018-02-25 04:44:20,0.03548500,4.89300000
2018-02-25 04:44:21,0.03548500,0.14000000
2018-02-25 04:44:21,0.03548500,0.02900000
2018-02-25 04:44:24,0.03548000,0.35200000
2018-02-25 04:44:24,0.03538200,1.85100000
2018-02-25 04:44:24,0.03538100,0.79700000
2018-02-25 04:44:25,0.03558500,0.02900000
2018-02-25 04:44:29,0.03558500,0.99400000
2018-02-25 04:44:33,0.03558700,2.42400000
2018-02-25 04:44:33,0.03558600,0.07200000
2018-02-25 04:44:33,0.03558700,0.38700000
2018-02-25 04:44:33,0.03558900,1.51800000
2018-02-25 04:44:33,0.03558900,0.64500000
2018-02-25 04:44:33,0.03559500,0.35500000
2018-02-25 04:44:33,0.03559500,0.44200000
2018-02-25 04:44:33,0.03560200,1.27100000
2018-02-25 04:44:38,0.03564700,0.14000000
2018-02-25 04:44:38,0.03565700,0.28000000
2018-02-25 04:44:43,0.03565900,0.17100000
2018-02-25 04:44:43,0.03565900,0.30600000
2018-02-25 04:44:48,0.03571800,0.11800000
2018-02-25 04:44:55,0.03565900,0.84100000
2018-02-25 04:44:56,0.03565900,0.84100000
2018-02-25 04:44:56,0.03565900,0.64600000
2018-02-25 04:44:58,0.03571700,1.35800000
2018-02-25 04:45:00,0.03571700,0.83900000
2018-02-25 04:45:00,0.03571700,0.05500000
2018-02-25 04:45:00,0.03571700,0.02900000
2018-02-25 04:45:01,0.03571700,0.52400000
2018-02-25 04:45:01,0.03571700,0.35200000
2018-02-25 04:45:01,0.03571700,0.07100000
2018-02-25 04:45:01,0.03565700,0.35200000
2018-02-25 04:45:04,0.03565900,2.80200000
2018-02-25 04:45:04,0.03565700,2.66700000
2018-02-25 04:45:05,0.03560300,0.28000000
2018-02-25 04:45:05,0.03560200,0.81400000
2018-02-25 04:45:06,0.03558600,3.37900000
2018-02-25 04:45:06,0.03558600,1.98800000
2018-02-25 04:45:06,0.03558500,3.18900000
2018-02-25 04:45:06,0.03556100,0.14100000
2018-02-25 04:45:06,0.03555900,0.07400000
2018-02-25 04:45:06,0.03565300,4.19700000
2018-02-25 04:45:06,0.03565300,0.88300000
2018-02-25 04:45:08,0.03546400,0.00200000
2018-02-25 04:45:09,0.03564500,0.14800000
2018-02-25 04:45:39,0.03557900,0.24900000
2018-02-25 04:45:48,0.03551200,0.49600000
2018-02-25 04:45:48,0.03551200,0.15500000
2018-02-25 04:46:14,0.03551300,0.25400000
2018-02-25 04:46:26,0.03553200,0.23400000
2018-02-25 04:46:26,0.03553300,2.40500000
2018-02-25 04:46:32,0.03553500,0.31400000
2018-02-25 04:46:44,0.03553300,0.81400000
2018-02-25 04:46:57,0.03553300,1.56100000
2018-02-25 04:46:57,0.03553000,6.21100000
2018-02-25 04:47:03,0.03561500,0.06800000
2018-02-25 04:47:03,0.03561500,0.06800000
2018-02-25 04:47:04,0.03553000,0.06800000
2018-02-25 04:47:04,0.03561500,0.14400000
2018-02-25 04:47:04,0.03561600,0.12900000
2018-02-25 04:47:04,0.03561600,0.15500000
2018-02-25 04:47:04,0.03553000,0.12800000
2018-02-25 04:47:11,0.03561600,0.21700000
2018-02-25 04:47:11,0.03561800,0.28200000
2018-02-25 04:47:18,0.03565900,0.07300000
2018-02-25 04:47:23,0.03554700,5.38400000
2018-02-25 04:47:24,0.03554500,4.61600000
2018-02-25 04:47:26,0.03554500,0.91000000
2018-02-25 04:47:28,0.03565800,0.28000000
2018-02-25 04:47:34,0.03565700,2.89400000
2018-02-25 04:47:34,0.03565800,0.80200000
2018-02-25 04:47:35,0.03565800,1.33200000
2018-02-25 04:48:05,0.03565800,0.88700000
2018-02-25 04:48:05,0.03565800,0.11600000
2018-02-25 04:48:10,0.03565800,0.14000000
2018-02-25 04:48:14,0.03565800,0.21400000
2018-02-25 04:48:21,0.03554300,0.28100000
2018-02-25 04:48:21,0.03554200,0.30200000
2018-02-25 04:48:21,0.03553000,1.08200000
2018-02-25 04:48:21,0.03551400,0.04900000
2018-02-25 04:48:21,0.03551300,0.24200000
2018-02-25 04:48:21,0.03551300,0.48400000
2018-02-25 04:48:22,0.03551300,1.83800000
2018-02-25 04:48:22,0.03560000,0.48900000
2018-02-25 04:48:26,0.03565400,0.13300000
2018-02-25 04:48:27,0.03565300,0.07000000
2018-02-25 04:48:27,0.03565300,0.23200000
2018-02-25 04:48:27,0.03565400,0.04800000
2018-02-25 04:48:37,0.03552100,0.30300000
2018-02-25 04:48:37,0.03552000,0.08000000
2018-02-25 04:48:37,0.03551500,4.92600000
2018-02-25 04:48:37,0.03551200,0.05800000
2018-02-25 04:48:37,0.03550000,0.44100000
2018-02-25 04:48:37,0.03550000,4.19200000
2018-02-25 04:48:37,0.03565200,0.10000000
2018-02-25 04:48:37,0.03565300,0.07200000
2018-02-25 04:48:38,0.03565300,1.63000000
2018-02-25 04:48:38,0.03565400,0.66800000
2018-02-25 04:48:38,0.03565800,1.16700000
2018-02-25 04:48:38,0.03565900,0.00100000
2018-02-25 04:48:38,0.03567600,0.05600000
2018-02-25 04:48:39,0.03551300,0.77800000
2018-02-25 04:48:42,0.03552000,0.78300000
2018-02-25 04:48:48,0.03570400,0.03200000
2018-02-25 04:49:01,0.03569300,0.04400000
2018-02-25 04:49:30,0.03566800,0.27100000
2018-02-25 04:49:30,0.03566900,0.00900000
2018-02-25 04:49:38,0.03554300,0.24600000
2018-02-25 04:49:40,0.03554400,0.09100000
2018-02-25 04:49:42,0.03569100,0.09100000
2018-02-25 04:49:42,0.03569200,0.09100000
2018-02-25 04:49:44,0.03569200,0.18200000
2018-02-25 04:49:44,0.03569300,4.78000000
2018-02-25 04:49:45,0.03569300,1.67500000
2018-02-25 04:49:45,0.03569300,0.73100000
2018-02-25 04:50:02,0.03569300,1.17900000
2018-02-25 04:50:04,0.03564900,0.26700000
2018-02-25 04:50:04,0.03564300,0.05400000
2018-02-25 04:50:04,0.03563600,0.28000000
2018-02-25 04:50:04,0.03563500,0.14000000
2018-02-25 04:50:04,0.03554900,0.14500000
2018-02-25 04:50:06,0.03570900,0.12800000
2018-02-25 04:50:12,0.03570800,0.12600000
2018-02-25 04:50:25,0.03570800,0.10400000
2018-02-25 04:50:30,0.03564300,3.64800000
2018-02-25 04:50:30,0.03563600,0.18000000
2018-02-25 04:50:33,0.03570700,0.11200000
2018-02-25 04:50:38,0.03570700,0.06200000
2018-02-25 04:50:40,0.03563600,0.61000000
2018-02-25 04:50:40,0.03563400,0.12400000
2018-02-25 04:50:40,0.03555900,0.13700000
2018-02-25 04:51:29,0.03570200,2.03700000
2018-02-25 04:51:33,0.03570200,0.03500000
2018-02-25 04:52:03,0.03564300,0.15500000
2018-02-25 04:52:05,0.03557200,1.23300000
2018-02-25 04:52:05,0.03557100,0.28100000
2018-02-25 04:52:05,0.03557000,0.21800000
2018-02-25 04:52:05,0.03555900,0.82500000
2018-02-25 04:52:05,0.03552600,0.04500000
2018-02-25 04:52:05,0.03546800,9.35200000
2018-02-25 04:52:05,0.03546400,2.73200000
2018-02-25 04:52:05,0.03546300,5.71400000
2018-02-25 04:52:05,0.03541000,4.00000000
2018-02-25 04:52:05,0.03540200,4.16500000
2018-02-25 04:52:05,0.03540000,6.60500000
2018-02-25 04:52:05,0.03535000,0.05000000
2018-02-25 04:52:05,0.03533000,1.40800000
2018-02-25 04:52:05,0.03531400,2.83000000
2018-02-25 04:52:05,0.03531300,2.83100000
2018-02-25 04:52:08,0.03564000,0.28100000
2018-02-25 04:52:08,0.03564100,0.26700000
2018-02-25 04:52:08,0.03564300,0.00100000
2018-02-25 04:52:09,0.03564300,0.03800000
2018-02-25 04:52:09,0.03570200,0.09900000
2018-02-25 04:52:09,0.03570300,0.08800000
2018-02-25 04:52:12,0.03550000,5.98600000
2018-02-25 04:52:13,0.03549900,0.10400000
2018-02-25 04:52:20,0.03569600,0.09500000
2018-02-25 04:52:22,0.03569400,0.04200000
2018-02-25 04:52:26,0.03551200,0.07200000
2018-02-25 04:52:26,0.03551100,0.30800000
2018-02-25 04:52:26,0.03550500,0.28000000
2018-02-25 04:52:26,0.03541400,0.54600000
2018-02-25 04:52:26,0.03541300,1.45100000
2018-02-25 04:52:26,0.03539700,5.97600000
2018-02-25 04:52:32,0.03551600,0.81700000
2018-02-25 04:52:32,0.03556300,0.07400000
2018-02-25 04:52:33,0.03556400,0.07400000
2018-02-25 04:52:40,0.03543500,0.09500000
2018-02-25 04:52:55,0.03549800,0.09700000
2018-02-25 04:52:55,0.03549800,0.84300000
2018-02-25 04:52:55,0.03549800,0.06000000
2018-02-25 04:52:57,0.03551400,0.14000000
2018-02-25 04:53:04,0.03553500,0.19200000
2018-02-25 04:53:04,0.03552800,0.17100000
2018-02-25 04:53:04,0.03552300,2.22500000
2018-02-25 04:53:13,0.03552300,1.03100000
2018-02-25 04:53:13,0.03543600,0.09300000
2018-02-25 04:53:13,0.03543500,4.35200000
2018-02-25 04:53:26,0.03562700,0.06900000
2018-02-25 04:53:33,0.03561900,0.09300000
2018-02-25 04:53:41,0.03552300,0.18700000
2018-02-25 04:53:41,0.03552300,0.59800000
2018-02-25 04:53:48,0.03560400,0.06200000
2018-02-25 04:53:56,0.03559400,0.06200000
2018-02-25 04:53:58,0.03552500,0.08000000
2018-02-25 04:54:00,0.03558900,0.05600000
2018-02-25 04:54:03,0.03552500,0.14000000
2018-02-25 04:54:03,0.03552500,0.08500000
2018-02-25 04:54:10,0.03557900,0.30400000
2018-02-25 04:54:10,0.03557900,0.05100000
2018-02-25 04:54:19,0.03557100,0.06200000
2018-02-25 04:54:31,0.03554100,1.34400000
2018-02-25 04:54:35,0.03554000,0.30800000
2018-02-25 04:54:35,0.03554100,1.48700000
2018-02-25 04:54:36,0.03553900,1.45700000
2018-02-25 04:54:37,0.03553900,0.28000000
2018-02-25 04:54:38,0.03553800,0.35000000
2018-02-25 04:54:50,0.03552700,0.03100000
2018-02-25 04:55:01,0.03552800,0.11000000
2018-02-25 04:55:08,0.03552700,3.05200000
2018-02-25 04:55:08,0.03552700,0.32200000
2018-02-25 04:55:14,0.03552700,0.37600000
2018-02-25 04:55:22,0.03552600,0.10000000
2018-02-25 04:55:22,0.03552700,0.46200000
2018-02-25 04:55:23,0.03552500,0.20000000
2018-02-25 04:55:28,0.03552600,0.16900000
2018-02-25 04:55:28,0.03552600,0.02300000
2018-02-25 04:55:29,0.03552700,0.13100000
2018-02-25 04:55:31,0.03552700,1.96700000
2018-02-25 04:55:38,0.03552700,3.00300000
2018-02-25 04:55:43,0.03552500,2.45900000
2018-02-25 04:55:43,0.03547700,5.23100000
2018-02-25 04:55:43,0.03547600,5.08200000
2018-02-25 04:55:43,0.03543500,0.73500000
2018-02-25 04:55:43,0.03542200,0.35300000
2018-02-25 04:55:43,0.03542100,0.07400000
2018-02-25 04:55:43,0.03539800,0.08900000
2018-02-25 04:55:43,0.03538000,12.35200000
2018-02-25 04:55:43,0.03535400,2.97300000
2018-02-25 04:55:43,0.03535000,11.87500000
2018-02-25 04:55:43,0.03534800,0.08400000
2018-02-25 04:55:43,0.03532500,5.66200000
2018-02-25 04:55:43,0.03531300,2.83100000
2018-02-25 04:55:43,0.03523400,0.48200000
2018-02-25 04:55:43,0.03523000,1.08600000
2018-02-25 04:55:43,0.03522800,0.05700000
2018-02-25 04:55:43,0.03522100,5.13600000
2018-02-25 04:55:43,0.03521400,0.08500000
2018-02-25 04:55:43,0.03520600,0.25500000
2018-02-25 04:55:43,0.03520000,1.16900000
2018-02-25 04:55:43,0.03518500,2.55000000
2018-02-25 04:55:43,0.03518200,1.61600000
2018-02-25 04:55:43,0.03518100,1.26000000
2018-02-25 04:55:43,0.03518000,0.21600000
2018-02-25 04:55:43,0.03517000,1.07400000
2018-02-25 04:55:43,0.03518000,0.24600000
2018-02-25 04:55:43,0.03518000,0.00200000
2018-02-25 04:55:44,0.03552700,0.11800000
2018-02-25 04:55:53,0.03552100,0.07400000
2018-02-25 04:55:53,0.03552200,0.17400000
2018-02-25 04:55:59,0.03551800,0.15400000
2018-02-25 04:56:00,0.03535400,0.09300000
2018-02-25 04:56:01,0.03551700,0.24800000
2018-02-25 04:56:02,0.03551500,0.15100000
2018-02-25 04:56:04,0.03551400,0.09300000
2018-02-25 04:56:04,0.03551500,0.81800000
2018-02-25 04:56:07,0.03550000,0.09600000
2018-02-25 04:56:09,0.03549700,0.24800000
2018-02-25 04:56:11,0.03547500,0.05700000
2018-02-25 04:56:11,0.03549600,0.16900000
2018-02-25 04:56:12,0.03545200,0.19900000
2018-02-25 04:56:12,0.03546100,0.02700000
2018-02-25 04:56:14,0.03546000,0.15900000
2018-02-25 04:56:16,0.03545900,0.12700000
2018-02-25 04:56:17,0.03545900,0.38400000
2018-02-25 04:56:18,0.03545900,0.22600000
2018-02-25 04:56:18,0.03532100,1.09300000
2018-02-25 04:56:20,0.03545700,0.11700000
2018-02-25 04:56:20,0.03545800,0.65600000
2018-02-25 04:56:22,0.03545600,0.15500000
2018-02-25 04:56:24,0.03539900,0.12800000
2018-02-25 04:56:26,0.03545500,0.06900000
2018-02-25 04:56:28,0.03545400,0.33800000
2018-02-25 04:56:29,0.03545400,0.99600000
2018-02-25 04:56:29,0.03545400,0.06900000
2018-02-25 04:56:30,0.03545400,0.12000000
2018-02-25 04:56:31,0.03545200,0.06900000
2018-02-25 04:56:31,0.03545200,0.11300000
2018-02-25 04:56:31,0.03545200,0.06900000
2018-02-25 04:56:31,0.03545200,0.06800000
2018-02-25 04:56:32,0.03545200,0.14100000
2018-02-25 04:56:33,0.03545200,0.06900000
2018-02-25 04:56:33,0.03545200,0.91500000
2018-02-25 04:56:35,0.03545200,0.06900000
2018-02-25 04:56:38,0.03545200,0.06900000
2018-02-25 04:56:40,0.03545200,0.06900000
2018-02-25 04:56:40,0.03545200,0.84600000
2018-02-25 04:56:41,0.03545200,0.06900000
2018-02-25 04:56:43,0.03545200,0.06900000
2018-02-25 04:56:45,0.03545200,0.06900000
2018-02-25 04:56:47,0.03545200,0.06900000
2018-02-25 04:56:49,0.03545200,0.06900000
2018-02-25 04:56:51,0.03545100,0.11300000
2018-02-25 04:56:51,0.03545100,0.02800000
2018-02-25 04:56:51,0.03545600,0.04000000
2018-02-25 04:56:52,0.03545500,0.06900000
2018-02-25 04:56:53,0.03545500,0.72600000
2018-02-25 04:56:54,0.03545500,0.06900000
2018-02-25 04:56:56,0.03545500,0.06900000
2018-02-25 04:56:58,0.03545500,0.06900000
2018-02-25 04:57:00,0.03545500,0.06900000
2018-02-25 04:57:03,0.03545500,0.06900000
2018-02-25 04:57:05,0.03545500,0.06900000
2018-02-25 04:57:07,0.03545500,0.06900000
2018-02-25 04:57:10,0.03545500,0.06900000
2018-02-25 04:57:10,0.03545600,1.02100000
2018-02-25 04:57:10,0.03546100,0.05800000
2018-02-25 04:57:13,0.03548100,0.08000000
2018-02-25 04:57:13,0.03548100,0.06800000
2018-02-25 04:57:14,0.03548100,0.06800000
2018-02-25 04:57:14,0.03548100,0.21800000
2018-02-25 04:57:20,0.03545200,0.24400000
2018-02-25 04:57:28,0.03545300,0.08400000
2018-02-25 04:57:30,0.03548100,0.14200000
2018-02-25 04:57:31,0.03548100,0.07400000
2018-02-25 04:57:31,0.03550000,0.83100000
2018-02-25 04:57:33,0.03550000,0.52800000
2018-02-25 04:57:35,0.03550000,0.16700000
2018-02-25 04:57:35,0.03550000,0.11000000
2018-02-25 04:57:35,0.03545300,0.11500000
2018-02-25 04:57:36,0.03550000,0.06900000
2018-02-25 04:57:37,0.03550000,0.26400000
2018-02-25 04:57:38,0.03550000,0.28400000
2018-02-25 04:57:40,0.03559600,0.09800000
