DATE,PRICE,VOLUME
2018-02-23 23:00:02,0.03598900,0.00100000
2018-02-23 23:00:06,0.03598900,0.13200000
2018-02-23 23:00:06,0.03598900,0.26600000
2018-02-23 23:00:10,0.03598900,1.10300000
2018-02-23 23:00:11,0.03598900,0.96500000
2018-02-23 23:00:11,0.03599000,1.57100000
2018-02-23 23:00:11,0.03599000,0.65400000
2018-02-23 23:00:11,0.03599900,3.04300000
2018-02-23 23:00:11,0.03600000,7.90900000
2018-02-23 23:00:11,0.03601100,1.31700000
2018-02-23 23:00:11,0.03601100,1.39000000
2018-02-23 23:00:11,0.03601100,0.30700000
2018-02-23 23:00:12,0.03601900,0.14000000
2018-02-23 23:00:13,0.03598900,0.29800000
2018-02-23 23:00:13,0.03602000,0.10800000
2018-02-23 23:00:14,0.03602000,0.04400000
2018-02-23 23:00:14,0.03602000,1.46600000
2018-02-23 23:00:14,0.03602000,0.23700000
2018-02-23 23:00:15,0.03604000,0.06900000
2018-02-23 23:00:15,0.03604000,10.40200000
2018-02-23 23:00:16,0.03604000,35.06200000
2018-02-23 23:00:16,0.03607600,0.53700000
2018-02-23 23:00:16,0.03610000,27.63700000
2018-02-23 23:00:17,0.03609900,0.36000000
2018-02-23 23:00:17,0.03610000,5.68400000
2018-02-23 23:00:18,0.03610000,0.04200000
2018-02-23 23:00:19,0.03610200,1.27400000
2018-02-23 23:00:19,0.03617000,0.51900000
2018-02-23 23:00:19,0.03617400,6.25300000
2018-02-23 23:00:19,0.03619500,0.84000000
2018-02-23 23:00:20,0.03616200,1.10900000
2018-02-23 23:00:20,0.03619500,0.07400000
2018-02-23 23:00:20,0.03619500,0.47800000
2018-02-23 23:00:20,0.03619500,0.94000000
2018-02-23 23:00:21,0.03619500,0.23900000
2018-02-23 23:00:21,0.03619500,0.03200000
2018-02-23 23:00:21,0.03622300,1.27400000
2018-02-23 23:00:21,0.03622500,0.09200000
2018-02-23 23:00:21,0.03627900,0.65600000
2018-02-23 23:00:21,0.03629300,4.52500000
2018-02-23 23:00:21,0.03630000,0.57200000
2018-02-23 23:00:21,0.03630500,0.54400000
2018-02-23 23:00:21,0.03619500,0.11900000
2018-02-23 23:00:22,0.03619800,0.06000000
2018-02-23 23:00:22,0.03620100,0.03000000
2018-02-23 23:00:23,0.03630500,0.23800000
2018-02-23 23:00:26,0.03620800,0.50000000
2018-02-23 23:00:26,0.03620700,2.73000000
2018-02-23 23:00:26,0.03620500,4.25700000
2018-02-23 23:00:26,0.03620500,0.28400000
2018-02-23 23:00:26,0.03620200,0.21600000
2018-02-23 23:00:27,0.03630100,0.32800000
2018-02-23 23:00:27,0.03630000,0.06000000
2018-02-23 23:00:27,0.03630000,0.94000000
2018-02-23 23:00:27,0.03630200,0.04600000
2018-02-23 23:00:28,0.03622500,0.05200000
2018-02-23 23:00:28,0.03620900,2.46000000
2018-02-23 23:00:28,0.03620200,0.15500000
2018-02-23 23:00:28,0.03620100,4.53100000
2018-02-23 23:00:28,0.03629800,2.43200000
2018-02-23 23:00:29,0.03629600,2.46000000
2018-02-23 23:00:29,0.03629600,0.60000000
2018-02-23 23:00:30,0.03629500,0.37100000
2018-02-23 23:00:31,0.03629400,0.38500000
2018-02-23 23:00:31,0.03629500,1.70400000
2018-02-23 23:00:31,0.03629500,0.38500000
2018-02-23 23:00:31,0.03629600,4.94000000
2018-02-23 23:00:31,0.03629600,0.10900000
2018-02-23 23:00:31,0.03629600,0.10900000
2018-02-23 23:00:31,0.03629600,1.05100000
2018-02-23 23:00:31,0.03629600,1.08000000
2018-02-23 23:00:31,0.03629600,6.94800000
2018-02-23 23:00:31,0.03629500,2.08900000
2018-02-23 23:00:32,0.03630000,0.03200000
2018-02-23 23:00:32,0.03629700,0.65300000
2018-02-23 23:00:34,0.03629700,12.78800000
2018-02-23 23:00:36,0.03622100,0.08800000
2018-02-23 23:00:36,0.03629900,1.50100000
2018-02-23 23:00:37,0.03629700,0.08800000
2018-02-23 23:00:37,0.03629900,1.01200000
2018-02-23 23:00:38,0.03629500,0.08200000
2018-02-23 23:00:39,0.03629900,2.02800000
2018-02-23 23:00:39,0.03630000,0.56800000
2018-02-23 23:00:40,0.03630000,1.04000000
2018-02-23 23:00:41,0.03630000,1.40300000
2018-02-23 23:00:41,0.03630000,0.89700000
2018-02-23 23:00:42,0.03630000,3.21700000
2018-02-23 23:00:42,0.03630500,0.09200000
2018-02-23 23:00:42,0.03630500,5.25300000
2018-02-23 23:00:42,0.03632600,0.23300000
2018-02-23 23:00:43,0.03634900,2.00000000
2018-02-23 23:00:43,0.03635000,2.95200000
2018-02-23 23:00:43,0.03638900,0.29800000
2018-02-23 23:00:44,0.03630900,0.30300000
2018-02-23 23:00:44,0.03630900,2.36700000
2018-02-23 23:00:45,0.03638900,0.32100000
2018-02-23 23:00:45,0.03640000,7.84500000
2018-02-23 23:00:45,0.03630900,0.05100000
2018-02-23 23:00:45,0.03642000,0.50000000
2018-02-23 23:00:45,0.03642000,2.33100000
2018-02-23 23:00:45,0.03646200,0.02800000
2018-02-23 23:00:46,0.03646200,0.04200000
2018-02-23 23:00:46,0.03646200,0.42300000
2018-02-23 23:00:46,0.03646200,0.14200000
2018-02-23 23:00:46,0.03646200,2.73400000
2018-02-23 23:00:49,0.03640100,2.72600000
2018-02-23 23:00:49,0.03640000,4.93700000
2018-02-23 23:00:50,0.03647400,0.08200000
2018-02-23 23:00:51,0.03647100,0.11000000
2018-02-23 23:00:53,0.03646800,0.50900000
2018-02-23 23:00:54,0.03640100,0.06900000
2018-02-23 23:00:54,0.03640100,0.24200000
2018-02-23 23:00:54,0.03640000,19.17700000
2018-02-23 23:00:55,0.03646200,0.09000000
2018-02-23 23:00:55,0.03630500,0.58600000
2018-02-23 23:00:55,0.03630600,0.16700000
2018-02-23 23:00:55,0.03645900,1.93000000
2018-02-23 23:00:55,0.03646100,3.26300000
2018-02-23 23:00:55,0.03647200,0.27400000
2018-02-23 23:00:56,0.03647400,0.16300000
2018-02-23 23:00:56,0.03647400,0.16300000
2018-02-23 23:00:56,0.03647600,0.50000000
2018-02-23 23:00:56,0.03647400,7.72200000
2018-02-23 23:00:57,0.03631400,0.08300000
2018-02-23 23:00:58,0.03631400,0.01000000
2018-02-23 23:00:58,0.03647400,0.06100000
2018-02-23 23:00:59,0.03647400,0.81300000
2018-02-23 23:01:00,0.03647400,0.16500000
2018-02-23 23:01:01,0.03633700,0.08300000
2018-02-23 23:01:01,0.03647400,0.03800000
2018-02-23 23:01:01,0.03647400,0.06100000
2018-02-23 23:01:01,0.03634000,0.32700000
2018-02-23 23:01:01,0.03634000,0.70400000
2018-02-23 23:01:02,0.03647400,1.21500000
2018-02-23 23:01:02,0.03634300,0.08300000
2018-02-23 23:01:02,0.03647300,0.12200000
2018-02-23 23:01:02,0.03647400,3.05700000
2018-02-23 23:01:02,0.03647600,2.37600000
2018-02-23 23:01:02,0.03647700,0.02800000
2018-02-23 23:01:02,0.03649900,0.02800000
2018-02-23 23:01:02,0.03650000,2.68900000
2018-02-23 23:01:03,0.03635000,0.06900000
2018-02-23 23:01:04,0.03635200,0.06900000
2018-02-23 23:01:06,0.03646800,1.00000000
2018-02-23 23:01:06,0.03650000,2.22400000
2018-02-23 23:01:07,0.03646400,0.06900000
2018-02-23 23:01:07,0.03650000,1.00600000
2018-02-23 23:01:09,0.03649900,0.06800000
2018-02-23 23:01:09,0.03649900,0.04700000
2018-02-23 23:01:09,0.03650000,2.92300000
2018-02-23 23:01:10,0.03650000,0.50000000
2018-02-23 23:01:11,0.03646400,0.04100000
2018-02-23 23:01:11,0.03650000,0.80700000
2018-02-23 23:01:14,0.03649800,0.27800000
2018-02-23 23:01:14,0.03647500,0.25500000
2018-02-23 23:01:14,0.03647500,1.50700000
2018-02-23 23:01:16,0.03649800,0.69900000
2018-02-23 23:01:18,0.03647300,0.14500000
2018-02-23 23:01:18,0.03647300,0.23700000
2018-02-23 23:01:18,0.03649800,0.30000000
2018-02-23 23:01:19,0.03649800,8.10300000
2018-02-23 23:01:20,0.03649800,0.48700000
2018-02-23 23:01:21,0.03649700,0.05900000
2018-02-23 23:01:23,0.03649800,0.45800000
2018-02-23 23:01:23,0.03650000,4.91500000
2018-02-23 23:01:25,0.03650000,0.60000000
2018-02-23 23:01:26,0.03649700,0.02800000
2018-02-23 23:01:26,0.03650000,5.20500000
2018-02-23 23:01:27,0.03650000,0.80500000
2018-02-23 23:01:28,0.03649700,1.52000000
2018-02-23 23:01:28,0.03650300,0.03400000
2018-02-23 23:01:29,0.03651400,0.00300000
2018-02-23 23:01:31,0.03651400,0.05800000
2018-02-23 23:01:31,0.03650000,0.13700000
2018-02-23 23:01:31,0.03651800,0.05000000
2018-02-23 23:01:32,0.03654900,3.13800000
2018-02-23 23:01:37,0.03654900,0.05000000
2018-02-23 23:01:38,0.03656000,0.48000000
2018-02-23 23:01:38,0.03656000,0.05100000
2018-02-23 23:01:39,0.03656000,0.93300000
2018-02-23 23:01:43,0.03656000,0.38500000
2018-02-23 23:01:43,0.03656400,0.20900000
2018-02-23 23:01:43,0.03657700,0.04200000
2018-02-23 23:01:43,0.03660000,0.18600000
2018-02-23 23:01:44,0.03655000,2.44700000
2018-02-23 23:01:44,0.03654900,3.42100000
2018-02-23 23:01:44,0.03650000,0.51700000
2018-02-23 23:01:45,0.03654900,2.59500000
2018-02-23 23:01:46,0.03654900,0.76000000
2018-02-23 23:01:46,0.03655300,0.09500000
2018-02-23 23:01:46,0.03651100,0.08300000
2018-02-23 23:01:46,0.03660000,0.20600000
2018-02-23 23:01:47,0.03652000,0.06900000
2018-02-23 23:01:48,0.03652200,0.11900000
2018-02-23 23:01:48,0.03652200,0.06900000
2018-02-23 23:01:48,0.03652200,0.08200000
2018-02-23 23:01:49,0.03660000,0.06800000
2018-02-23 23:01:49,0.03659900,0.06900000
2018-02-23 23:01:49,0.03660000,0.21500000
2018-02-23 23:01:51,0.03659800,0.27000000
2018-02-23 23:01:51,0.03660000,0.84300000
2018-02-23 23:01:51,0.03661200,1.70900000
2018-02-23 23:01:51,0.03663100,1.42600000
2018-02-23 23:01:51,0.03663500,1.76300000
2018-02-23 23:01:51,0.03664300,2.15200000
2018-02-23 23:01:51,0.03665000,3.77300000
2018-02-23 23:01:51,0.03666200,0.20700000
2018-02-23 23:01:51,0.03667000,0.37000000
2018-02-23 23:01:51,0.03667200,0.26200000
2018-02-23 23:01:51,0.03667400,2.30700000
2018-02-23 23:01:51,0.03668700,0.42200000
2018-02-23 23:01:51,0.03669800,0.27600000
2018-02-23 23:01:52,0.03670000,0.09500000
2018-02-23 23:01:52,0.03670000,0.08300000
2018-02-23 23:01:52,0.03670000,0.47600000
2018-02-23 23:01:52,0.03670000,4.58900000
2018-02-23 23:01:52,0.03670400,2.47000000
2018-02-23 23:01:52,0.03671900,0.03200000
2018-02-23 23:01:53,0.03670000,0.11700000
2018-02-23 23:01:53,0.03670000,0.25400000
2018-02-23 23:01:53,0.03670000,0.06900000
2018-02-23 23:01:54,0.03670000,1.11800000
2018-02-23 23:01:55,0.03670100,0.31900000
2018-02-23 23:01:55,0.03670100,0.09200000
2018-02-23 23:01:55,0.03670100,0.09500000
2018-02-23 23:01:55,0.03670000,0.81700000
2018-02-23 23:01:55,0.03670000,0.15200000
2018-02-23 23:01:56,0.03671900,1.49000000
2018-02-23 23:01:56,0.03671900,0.07100000
2018-02-23 23:01:56,0.03672000,0.29200000
2018-02-23 23:01:59,0.03671900,0.07100000
2018-02-23 23:01:59,0.03671900,0.99900000
2018-02-23 23:01:59,0.03671900,0.72900000
2018-02-23 23:02:00,0.03671900,0.62300000
2018-02-23 23:02:00,0.03672000,0.11700000
2018-02-23 23:02:00,0.03671800,0.09700000
2018-02-23 23:02:00,0.03672600,4.60300000
2018-02-23 23:02:01,0.03672600,0.12800000
2018-02-23 23:02:01,0.03672000,1.00000000
2018-02-23 23:02:01,0.03670200,1.64100000
2018-02-23 23:02:03,0.03673900,1.64100000
2018-02-23 23:02:03,0.03674000,0.60700000
2018-02-23 23:02:03,0.03675100,1.03100000
2018-02-23 23:02:03,0.03675500,0.20700000
2018-02-23 23:02:03,0.03676000,0.72600000
2018-02-23 23:02:03,0.03676300,2.58000000
2018-02-23 23:02:03,0.03676500,2.23100000
2018-02-23 23:02:03,0.03676700,0.18500000
2018-02-23 23:02:03,0.03677700,0.03700000
2018-02-23 23:02:03,0.03677800,0.41200000
2018-02-23 23:02:03,0.03678500,0.30000000
2018-02-23 23:02:03,0.03679100,0.49500000
2018-02-23 23:02:03,0.03680000,1.64400000
2018-02-23 23:02:03,0.03680300,0.42800000
2018-02-23 23:02:03,0.03680700,1.75400000
2018-02-23 23:02:03,0.03681000,2.57300000
2018-02-23 23:02:03,0.03681300,1.21500000
2018-02-23 23:02:03,0.03681900,0.13900000
2018-02-23 23:02:03,0.03682000,0.05000000
2018-02-23 23:02:03,0.03672900,0.38000000
2018-02-23 23:02:04,0.03682000,1.50200000
2018-02-23 23:02:04,0.03682300,0.12200000
2018-02-23 23:02:04,0.03683400,0.13300000
2018-02-23 23:02:04,0.03678200,0.09500000
2018-02-23 23:02:04,0.03673000,2.42000000
2018-02-23 23:02:04,0.03672900,8.25600000
2018-02-23 23:02:04,0.03672900,0.17900000
2018-02-23 23:02:04,0.03683400,0.25300000
2018-02-23 23:02:05,0.03683400,0.01300000
2018-02-23 23:02:05,0.03685100,1.03400000
2018-02-23 23:02:05,0.03685300,0.16700000
2018-02-23 23:02:05,0.03687500,0.67800000
2018-02-23 23:02:05,0.03688800,2.05700000
2018-02-23 23:02:05,0.03688900,0.87800000
2018-02-23 23:02:05,0.03673500,0.27200000
2018-02-23 23:02:05,0.03673800,0.05300000
2018-02-23 23:02:05,0.03673400,0.13000000
2018-02-23 23:02:06,0.03673400,8.68500000
2018-02-23 23:02:06,0.03673800,0.35600000
2018-02-23 23:02:06,0.03682000,0.29300000
2018-02-23 23:02:06,0.03682200,0.14500000
2018-02-23 23:02:06,0.03693800,0.44100000
2018-02-23 23:02:06,0.03693900,1.51700000
2018-02-23 23:02:06,0.03682300,0.49000000
2018-02-23 23:02:07,0.03682300,0.06400000
2018-02-23 23:02:07,0.03682300,1.40300000
2018-02-23 23:02:07,0.03682500,1.59900000
2018-02-23 23:02:07,0.03694000,0.50000000
2018-02-23 23:02:08,0.03682600,0.90300000
2018-02-23 23:02:08,0.03682600,0.27600000
2018-02-23 23:02:08,0.03693900,1.95700000
2018-02-23 23:02:08,0.03694000,8.88000000
2018-02-23 23:02:08,0.03696900,9.07900000
2018-02-23 23:02:08,0.03697000,0.75900000
2018-02-23 23:02:09,0.03696200,0.71400000
2018-02-23 23:02:09,0.03697000,0.18000000
2018-02-23 23:02:09,0.03696200,0.14300000
2018-02-23 23:02:09,0.03687100,0.09000000
2018-02-23 23:02:10,0.03687100,0.32000000
2018-02-23 23:02:10,0.03696100,0.14300000
2018-02-23 23:02:10,0.03696800,1.74400000
2018-02-23 23:02:10,0.03697700,0.04300000
2018-02-23 23:02:10,0.03682600,0.19500000
2018-02-23 23:02:10,0.03682500,0.66200000
2018-02-23 23:02:10,0.03682800,0.19500000
2018-02-23 23:02:11,0.03693800,0.66200000
2018-02-23 23:02:11,0.03687000,0.26700000
2018-02-23 23:02:11,0.03687000,0.00900000
2018-02-23 23:02:11,0.03697700,0.65300000
2018-02-23 23:02:12,0.03693900,0.04000000
2018-02-23 23:02:12,0.03683300,0.04000000
2018-02-23 23:02:12,0.03699600,1.15000000
2018-02-23 23:02:12,0.03699700,0.19500000
2018-02-23 23:02:12,0.03699800,0.10600000
2018-02-23 23:02:13,0.03687100,0.62600000
2018-02-23 23:02:13,0.03687100,0.32500000
2018-02-23 23:02:13,0.03687300,0.40700000
2018-02-23 23:02:15,0.03688200,0.10200000
2018-02-23 23:02:15,0.03690200,0.16700000
2018-02-23 23:02:15,0.03690200,0.10000000
2018-02-23 23:02:15,0.03690200,1.75600000
2018-02-23 23:02:16,0.03690300,0.43800000
2018-02-23 23:02:17,0.03690400,0.30000000
2018-02-23 23:02:17,0.03690300,0.01800000
2018-02-23 23:02:17,0.03690500,0.10900000
2018-02-23 23:02:17,0.03699800,0.08900000
2018-02-23 23:02:17,0.03699900,0.46200000
2018-02-23 23:02:17,0.03699900,0.36300000
2018-02-23 23:02:17,0.03690500,1.92800000
2018-02-23 23:02:18,0.03690000,0.11000000
2018-02-23 23:02:18,0.03690100,3.06800000
2018-02-23 23:02:19,0.03690100,1.50100000
2018-02-23 23:02:19,0.03690300,0.29600000
2018-02-23 23:02:19,0.03699800,0.09000000
2018-02-23 23:02:19,0.03699800,0.06000000
2018-02-23 23:02:19,0.03690200,0.10900000
2018-02-23 23:02:20,0.03699800,0.06000000
2018-02-23 23:02:20,0.03690200,0.15200000
2018-02-23 23:02:20,0.03699800,0.09000000
2018-02-23 23:02:20,0.03699900,15.44800000
2018-02-23 23:02:20,0.03699900,0.43900000
2018-02-23 23:02:20,0.03699900,0.12000000
2018-02-23 23:02:21,0.03700000,1.74900000
2018-02-23 23:02:21,0.03699900,0.26100000
2018-02-23 23:02:22,0.03700000,1.37600000
2018-02-23 23:02:22,0.03701500,0.35200000
2018-02-23 23:02:22,0.03703400,0.75100000
2018-02-23 23:02:22,0.03703500,0.04000000
2018-02-23 23:02:22,0.03705800,8.33700000
2018-02-23 23:02:22,0.03699900,2.11500000
2018-02-23 23:02:22,0.03707800,0.60600000
2018-02-23 23:02:22,0.03708900,0.32600000
2018-02-23 23:02:22,0.03709500,3.62000000
2018-02-23 23:02:22,0.03700100,2.70000000
2018-02-23 23:02:22,0.03699900,0.52000000
2018-02-23 23:02:22,0.03710000,6.08900000
2018-02-23 23:02:22,0.03699900,0.17700000
2018-02-23 23:02:22,0.03712800,0.12200000
2018-02-23 23:02:22,0.03715000,0.17700000
2018-02-23 23:02:22,0.03699900,0.10000000
2018-02-23 23:02:22,0.03699900,0.80500000
2018-02-23 23:02:22,0.03699800,1.00000000
2018-02-23 23:02:22,0.03692000,2.76100000
2018-02-23 23:02:22,0.03714700,0.03400000
2018-02-23 23:02:23,0.03700000,0.77500000
2018-02-23 23:02:23,0.03700000,0.20500000
2018-02-23 23:02:23,0.03700000,0.55900000
2018-02-23 23:02:24,0.03714500,0.40000000
2018-02-23 23:02:24,0.03700000,0.81400000
2018-02-23 23:02:24,0.03700000,0.08200000
2018-02-23 23:02:25,0.03700200,0.27000000
2018-02-23 23:02:25,0.03714200,2.30000000
2018-02-23 23:02:25,0.03714400,0.40400000
2018-02-23 23:02:25,0.03714800,1.01600000
2018-02-23 23:02:25,0.03714800,0.00100000
2018-02-23 23:02:25,0.03700300,0.80600000
2018-02-23 23:02:25,0.03715000,0.23000000
2018-02-23 23:02:26,0.03715000,0.46600000
2018-02-23 23:02:26,0.03717500,0.05000000
2018-02-23 23:02:26,0.03718100,0.38600000
2018-02-23 23:02:26,0.03718800,0.40500000
2018-02-23 23:02:26,0.03701300,0.38500000
2018-02-23 23:02:27,0.03718700,0.08000000
2018-02-23 23:02:27,0.03718700,1.22600000
2018-02-23 23:02:27,0.03718800,1.19500000
2018-02-23 23:02:27,0.03720000,10.53100000
2018-02-23 23:02:27,0.03720500,0.31800000
2018-02-23 23:02:27,0.03720900,0.32400000
2018-02-23 23:02:27,0.03723600,1.50000000
2018-02-23 23:02:27,0.03725000,0.57100000
2018-02-23 23:02:27,0.03726400,1.49900000
2018-02-23 23:02:27,0.03728800,0.21600000
2018-02-23 23:02:27,0.03730000,7.27800000
2018-02-23 23:02:27,0.03732700,0.16400000
2018-02-23 23:02:27,0.03734100,0.09500000
2018-02-23 23:02:27,0.03736800,4.32900000
2018-02-23 23:02:27,0.03738200,1.03700000
2018-02-23 23:02:27,0.03738800,0.54500000
2018-02-23 23:02:27,0.03739100,1.85700000
2018-02-23 23:02:27,0.03739900,5.89300000
2018-02-23 23:02:27,0.03740100,0.26500000
2018-02-23 23:02:27,0.03743900,0.55900000
2018-02-23 23:02:27,0.03747400,1.59800000
2018-02-23 23:02:27,0.03747400,0.02200000
2018-02-23 23:02:27,0.03701500,1.43700000
2018-02-23 23:02:27,0.03701600,0.27800000
2018-02-23 23:02:28,0.03709300,0.06800000
2018-02-23 23:02:28,0.03709300,0.03600000
2018-02-23 23:02:28,0.03709300,0.00200000
2018-02-23 23:02:28,0.03709100,0.24400000
2018-02-23 23:02:28,0.03709400,0.10000000
2018-02-23 23:02:28,0.03709400,0.80700000
2018-02-23 23:02:28,0.03712300,0.30000000
2018-02-23 23:02:28,0.03712900,0.20000000
2018-02-23 23:02:28,0.03709400,0.03800000
2018-02-23 23:02:28,0.03712900,0.07000000
2018-02-23 23:02:28,0.03721100,0.44900000
2018-02-23 23:02:29,0.03721100,0.56900000
2018-02-23 23:02:29,0.03720900,29.34400000
2018-02-23 23:02:29,0.03720900,0.29300000
2018-02-23 23:02:29,0.03720900,0.44800000
2018-02-23 23:02:29,0.03720900,0.03500000
2018-02-23 23:02:29,0.03720900,44.21100000
2018-02-23 23:02:29,0.03741300,2.69900000
2018-02-23 23:02:29,0.03741500,0.54500000
2018-02-23 23:02:29,0.03747400,0.22400000
2018-02-23 23:02:29,0.03747400,0.76100000
2018-02-23 23:02:32,0.03746600,0.50000000
2018-02-23 23:02:32,0.03746700,0.87800000
2018-02-23 23:02:32,0.03726500,1.00000000
2018-02-23 23:02:33,0.03726700,2.68500000
2018-02-23 23:02:33,0.03726500,0.37000000
2018-02-23 23:02:34,0.03729800,0.40700000
2018-02-23 23:02:34,0.03729700,0.06700000
2018-02-23 23:02:34,0.03729800,0.60200000
2018-02-23 23:02:35,0.03726200,0.09500000
2018-02-23 23:02:35,0.03722200,0.26800000
2018-02-23 23:02:35,0.03722000,0.22900000
2018-02-23 23:02:35,0.03721800,2.68600000
2018-02-23 23:02:35,0.03721100,2.62200000
2018-02-23 23:02:35,0.03721000,1.34300000
2018-02-23 23:02:35,0.03720900,1.21000000
2018-02-23 23:02:35,0.03720900,0.17000000
2018-02-23 23:02:35,0.03720900,1.09900000
2018-02-23 23:02:35,0.03729800,1.67600000
2018-02-23 23:02:35,0.03730000,0.38400000
2018-02-23 23:02:35,0.03746300,0.38500000
2018-02-23 23:02:35,0.03746600,0.87200000
2018-02-23 23:02:35,0.03746800,0.32500000
2018-02-23 23:02:35,0.03747300,0.10600000
2018-02-23 23:02:35,0.03747400,0.94500000
2018-02-23 23:02:35,0.03748200,0.25800000
2018-02-23 23:02:35,0.03750000,18.04900000
2018-02-23 23:02:35,0.03726200,0.09500000
2018-02-23 23:02:36,0.03746300,2.50700000
2018-02-23 23:02:36,0.03746700,0.20400000
2018-02-23 23:02:37,0.03723400,2.40500000
2018-02-23 23:02:37,0.03746600,0.17600000
2018-02-23 23:02:37,0.03746700,0.14000000
2018-02-23 23:02:37,0.03723100,0.40200000
2018-02-23 23:02:37,0.03720900,9.87500000
2018-02-23 23:02:37,0.03710000,9.14600000
2018-02-23 23:02:37,0.03709300,0.80800000
2018-02-23 23:02:37,0.03708100,0.13500000
2018-02-23 23:02:37,0.03704600,5.39900000
2018-02-23 23:02:37,0.03701000,4.82800000
2018-02-23 23:02:37,0.03700000,6.23100000
2018-02-23 23:02:37,0.03700000,0.18600000
2018-02-23 23:02:37,0.03720900,0.17600000
2018-02-23 23:02:37,0.03720900,0.17500000
2018-02-23 23:02:37,0.03700300,0.09700000
2018-02-23 23:02:37,0.03700300,0.13800000
2018-02-23 23:02:38,0.03700500,0.08300000
2018-02-23 23:02:38,0.03700500,2.11300000
2018-02-23 23:02:38,0.03704700,0.32400000
2018-02-23 23:02:38,0.03700500,0.50600000
2018-02-23 23:02:38,0.03700300,0.38400000
2018-02-23 23:02:38,0.03700300,0.28400000
2018-02-23 23:02:38,0.03720800,0.26800000
2018-02-23 23:02:38,0.03720900,2.61600000
2018-02-23 23:02:38,0.03700300,0.24900000
2018-02-23 23:02:38,0.03700300,0.12600000
2018-02-23 23:02:38,0.03720900,0.37200000
2018-02-23 23:02:38,0.03700300,0.09600000
2018-02-23 23:02:38,0.03700700,0.27200000
2018-02-23 23:02:39,0.03700700,0.07000000
2018-02-23 23:02:39,0.03700700,0.06100000
2018-02-23 23:02:39,0.03700700,0.09900000
2018-02-23 23:02:39,0.03700600,0.10900000
2018-02-23 23:02:39,0.03717100,0.13500000
2018-02-23 23:02:39,0.03719600,0.09500000
2018-02-23 23:02:39,0.03720500,0.40200000
2018-02-23 23:02:39,0.03720700,2.70200000
2018-02-23 23:02:39,0.03720800,0.49800000
2018-02-23 23:02:39,0.03720900,8.70500000
2018-02-23 23:02:39,0.03722300,1.05000000
2018-02-23 23:02:39,0.03726200,1.87300000
2018-02-23 23:02:39,0.03729800,0.13800000
2018-02-23 23:02:39,0.03729800,0.08000000
2018-02-23 23:02:39,0.03729800,0.41200000
2018-02-23 23:02:39,0.03729800,0.06100000
2018-02-23 23:02:39,0.03729800,0.06900000
2018-02-23 23:02:39,0.03729800,0.06900000
2018-02-23 23:02:39,0.03729800,0.06800000
2018-02-23 23:02:39,0.03729800,0.06900000
2018-02-23 23:02:39,0.03729900,0.40800000
2018-02-23 23:02:40,0.03729900,0.55300000
2018-02-23 23:02:40,0.03730200,0.06900000
2018-02-23 23:02:40,0.03730200,0.33300000
2018-02-23 23:02:40,0.03729900,0.74100000
2018-02-23 23:02:40,0.03729900,0.05500000
2018-02-23 23:02:40,0.03730100,0.06900000
2018-02-23 23:02:40,0.03730100,0.31800000
2018-02-23 23:02:40,0.03730100,0.13700000
2018-02-23 23:02:40,0.03730100,1.34300000
2018-02-23 23:02:40,0.03730100,0.27700000
2018-02-23 23:02:40,0.03730100,0.04400000
2018-02-23 23:02:40,0.03730100,0.13800000
2018-02-23 23:02:40,0.03730100,0.35000000
2018-02-23 23:02:40,0.03729900,0.34900000
2018-02-23 23:02:40,0.03729900,0.27700000
2018-02-23 23:02:40,0.03729900,0.06900000
2018-02-23 23:02:40,0.03730000,0.06900000
2018-02-23 23:02:40,0.03730000,0.19900000
2018-02-23 23:02:40,0.03729900,0.15500000
2018-02-23 23:02:40,0.03729900,0.03300000
2018-02-23 23:02:40,0.03729900,0.11100000
2018-02-23 23:02:40,0.03729900,1.10000000
2018-02-23 23:02:40,0.03729900,0.03300000
2018-02-23 23:02:40,0.03729900,0.04500000
2018-02-23 23:02:40,0.03729800,0.09900000
2018-02-23 23:02:40,0.03729800,0.08500000
2018-02-23 23:02:40,0.03729800,0.06900000
2018-02-23 23:02:40,0.03729800,0.05500000
2018-02-23 23:02:40,0.03729800,0.06900000
2018-02-23 23:02:40,0.03729800,0.06100000
2018-02-23 23:02:41,0.03729900,0.08300000
2018-02-23 23:02:41,0.03729900,0.11000000
2018-02-23 23:02:41,0.03729900,0.06900000
2018-02-23 23:02:41,0.03729900,0.04100000
2018-02-23 23:02:41,0.03729800,0.51300000
2018-02-23 23:02:41,0.03729800,0.34200000
2018-02-23 23:02:41,0.03729800,0.06600000
2018-02-23 23:02:41,0.03729800,0.06900000
2018-02-23 23:02:41,0.03731200,0.04300000
2018-02-23 23:02:41,0.03731200,0.05200000
2018-02-23 23:02:41,0.03729800,0.00300000
2018-02-23 23:02:41,0.03729800,0.27600000
2018-02-23 23:02:41,0.03729800,0.06900000
2018-02-23 23:02:41,0.03729800,0.06900000
2018-02-23 23:02:41,0.03730000,0.27000000
2018-02-23 23:02:41,0.03729800,0.97800000
2018-02-23 23:02:42,0.03729800,0.13800000
2018-02-23 23:02:42,0.03729800,0.04200000
2018-02-23 23:02:42,0.03729800,0.10800000
2018-02-23 23:02:42,0.03729900,0.04400000
2018-02-23 23:02:42,0.03729900,0.06800000
2018-02-23 23:02:42,0.03729900,0.27600000
2018-02-23 23:02:42,0.03729900,0.06900000
2018-02-23 23:02:42,0.03729900,0.19400000
2018-02-23 23:02:42,0.03729900,0.27900000
2018-02-23 23:02:43,0.03729900,1.46400000
2018-02-23 23:02:43,0.03729800,3.90900000
2018-02-23 23:02:43,0.03739000,0.26800000
2018-02-23 23:02:43,0.03729800,0.08300000
2018-02-23 23:02:43,0.03729800,0.36000000
2018-02-23 23:02:43,0.03729800,0.13300000
2018-02-23 23:02:43,0.03729800,0.25300000
2018-02-23 23:02:44,0.03729800,0.08300000
2018-02-23 23:02:44,0.03729800,0.06900000
2018-02-23 23:02:44,0.03729800,2.67600000
2018-02-23 23:02:44,0.03729800,0.05800000
2018-02-23 23:02:45,0.03730000,0.08300000
2018-02-23 23:02:45,0.03729900,0.02700000
2018-02-23 23:02:45,0.03729800,0.04200000
2018-02-23 23:02:45,0.03730000,2.31700000
2018-02-23 23:02:45,0.03730000,0.36300000
2018-02-23 23:02:45,0.03729800,0.03800000
2018-02-23 23:02:45,0.03729900,0.06000000
2018-02-23 23:02:46,0.03729900,0.93400000
2018-02-23 23:02:46,0.03729800,0.13400000
2018-02-23 23:02:47,0.03730000,0.22900000
2018-02-23 23:02:47,0.03730000,0.27200000
2018-02-23 23:02:48,0.03737200,2.26200000
2018-02-23 23:02:48,0.03730000,0.08300000
2018-02-23 23:02:49,0.03730200,0.41800000
2018-02-23 23:02:49,0.03730400,0.13500000
2018-02-23 23:02:49,0.03737100,0.04000000
2018-02-23 23:02:49,0.03730000,0.00300000
2018-02-23 23:02:49,0.03737100,0.13400000
2018-02-23 23:02:49,0.03730200,0.05500000
2018-02-23 23:02:50,0.03737000,1.37400000
2018-02-23 23:02:50,0.03737100,2.49000000
2018-02-23 23:02:50,0.03737100,0.30300000
2018-02-23 23:02:50,0.03737400,2.68100000
2018-02-23 23:02:50,0.03737700,2.39000000
2018-02-23 23:02:50,0.03737700,0.30300000
2018-02-23 23:02:50,0.03737900,0.26800000
2018-02-23 23:02:50,0.03738000,2.68600000
2018-02-23 23:02:50,0.03739500,2.77100000
2018-02-23 23:02:50,0.03730200,0.08200000
2018-02-23 23:02:50,0.03730200,1.80000000
2018-02-23 23:02:50,0.03730200,0.07000000
2018-02-23 23:02:51,0.03739500,0.48000000
2018-02-23 23:02:51,0.03730500,0.05500000
2018-02-23 23:02:51,0.03739500,0.19700000
2018-02-23 23:02:52,0.03739500,0.27200000
2018-02-23 23:02:52,0.03740000,0.23800000
2018-02-23 23:02:52,0.03746200,0.08800000
2018-02-23 23:02:52,0.03730800,0.68700000
2018-02-23 23:02:52,0.03730700,2.38800000
2018-02-23 23:02:52,0.03730600,0.26800000
2018-02-23 23:02:52,0.03730300,0.13200000
2018-02-23 23:02:53,0.03738900,2.74900000
2018-02-23 23:02:53,0.03739100,0.32800000
2018-02-23 23:02:53,0.03745000,6.32800000
2018-02-23 23:02:53,0.03745900,0.63400000
2018-02-23 23:02:53,0.03746200,0.15300000
2018-02-23 23:02:53,0.03746300,0.21700000
2018-02-23 23:02:53,0.03746700,0.13600000
2018-02-23 23:02:53,0.03747500,0.04800000
2018-02-23 23:02:53,0.03748200,0.94500000
2018-02-23 23:02:53,0.03750000,14.84800000
2018-02-23 23:02:53,0.03750000,2.38800000
2018-02-23 23:02:53,0.03750000,1.03500000
2018-02-23 23:02:53,0.03750000,26.71000000
2018-02-23 23:02:54,0.03741600,0.37300000
2018-02-23 23:02:54,0.03750200,0.21500000
2018-02-23 23:02:55,0.03731200,0.29900000
2018-02-23 23:02:55,0.03749200,0.32400000
2018-02-23 23:02:55,0.03750100,0.27800000
2018-02-23 23:02:55,0.03750200,0.03900000
2018-02-23 23:02:55,0.03751500,2.54300000
2018-02-23 23:02:55,0.03751800,0.34700000
2018-02-23 23:02:55,0.03752300,1.21000000
2018-02-23 23:02:55,0.03754000,0.45100000
2018-02-23 23:02:55,0.03755100,0.10000000
2018-02-23 23:02:55,0.03757800,0.46100000
2018-02-23 23:02:55,0.03758000,0.14300000
2018-02-23 23:02:55,0.03758100,0.16400000
2018-02-23 23:02:55,0.03759500,0.03400000
2018-02-23 23:02:55,0.03760000,1.26800000
2018-02-23 23:02:55,0.03763400,0.09500000
2018-02-23 23:02:55,0.03770000,1.01100000
2018-02-23 23:02:56,0.03739800,0.16200000
2018-02-23 23:02:56,0.03739800,0.10000000
2018-02-23 23:02:57,0.03769800,0.29900000
2018-02-23 23:02:57,0.03769900,0.37300000
2018-02-23 23:02:57,0.03770000,1.39900000
2018-02-23 23:02:58,0.03740800,0.26700000
2018-02-23 23:02:58,0.03740700,0.15200000
2018-02-23 23:02:58,0.03740800,0.80000000
2018-02-23 23:02:58,0.03740800,0.80100000
2018-02-23 23:02:58,0.03740800,6.13400000
2018-02-23 23:02:58,0.03740700,3.04600000
2018-02-23 23:02:59,0.03740700,0.90100000
2018-02-23 23:02:59,0.03740700,0.27400000
2018-02-23 23:02:59,0.03740700,0.49200000
2018-02-23 23:02:59,0.03740700,2.21000000
2018-02-23 23:02:59,0.03740600,0.40100000
2018-02-23 23:02:59,0.03737000,1.79100000
2018-02-23 23:02:59,0.03730300,0.11600000
2018-02-23 23:03:00,0.03735100,0.09600000
2018-02-23 23:03:01,0.03730400,2.37600000
2018-02-23 23:03:01,0.03730300,2.82900000
2018-02-23 23:03:01,0.03730300,0.30000000
2018-02-23 23:03:01,0.03735700,0.22900000
2018-02-23 23:03:01,0.03735700,2.44900000
2018-02-23 23:03:01,0.03735900,0.40100000
2018-02-23 23:03:01,0.03736200,0.30000000
2018-02-23 23:03:01,0.03736200,0.40700000
2018-02-23 23:03:01,0.03736500,0.24100000
2018-02-23 23:03:02,0.03735800,2.37600000
2018-02-23 23:03:02,0.03736500,0.41000000
2018-02-23 23:03:02,0.03740600,0.17600000
2018-02-23 23:03:02,0.03740600,0.08400000
2018-02-23 23:03:02,0.03742500,0.08700000
2018-02-23 23:03:02,0.03730500,0.06900000
2018-02-23 23:03:02,0.03730500,0.16400000
2018-02-23 23:03:02,0.03730500,0.06800000
2018-02-23 23:03:02,0.03730500,0.07800000
2018-02-23 23:03:03,0.03730500,0.03300000
2018-02-23 23:03:03,0.03730500,0.17900000
2018-02-23 23:03:03,0.03730500,0.08300000
2018-02-23 23:03:03,0.03730600,0.12000000
2018-02-23 23:03:03,0.03730600,0.07100000
2018-02-23 23:03:03,0.03730800,0.05500000
2018-02-23 23:03:04,0.03730900,0.15800000
2018-02-23 23:03:04,0.03730900,0.08200000
2018-02-23 23:03:04,0.03730900,0.26000000
2018-02-23 23:03:04,0.03730800,0.67200000
2018-02-23 23:03:04,0.03731100,0.05500000
2018-02-23 23:03:04,0.03731100,0.07200000
2018-02-23 23:03:04,0.03731100,0.06900000
2018-02-23 23:03:04,0.03731100,0.22000000
2018-02-23 23:03:04,0.03731100,0.06900000
2018-02-23 23:03:04,0.03731100,0.49500000
2018-02-23 23:03:04,0.03731100,0.27400000
2018-02-23 23:03:04,0.03731100,0.08000000
2018-02-23 23:03:04,0.03731100,0.61600000
2018-02-23 23:03:04,0.03731000,0.47300000
2018-02-23 23:03:04,0.03731000,0.09100000
2018-02-23 23:03:04,0.03731000,0.54800000
2018-02-23 23:03:04,0.03731000,0.20800000
2018-02-23 23:03:04,0.03730300,0.05300000
2018-02-23 23:03:04,0.03731200,2.38100000
2018-02-23 23:03:04,0.03730300,0.36300000
2018-02-23 23:03:05,0.03740700,0.11000000
2018-02-23 23:03:05,0.03740700,0.07500000
2018-02-23 23:03:05,0.03740700,0.50000000
2018-02-23 23:03:05,0.03740700,0.05800000
2018-02-23 23:03:06,0.03740700,4.53100000
2018-02-23 23:03:06,0.03740700,0.06800000
2018-02-23 23:03:06,0.03740700,0.11400000
2018-02-23 23:03:06,0.03745600,0.35100000
2018-02-23 23:03:06,0.03740700,0.25500000
2018-02-23 23:03:06,0.03740700,0.03800000
2018-02-23 23:03:06,0.03740700,0.14500000
2018-02-23 23:03:07,0.03740700,0.04100000
2018-02-23 23:03:07,0.03740800,0.19100000
2018-02-23 23:03:07,0.03740800,0.11100000
2018-02-23 23:03:07,0.03740700,0.11600000
2018-02-23 23:03:07,0.03740600,0.09900000
2018-02-23 23:03:07,0.03740600,0.43200000
2018-02-23 23:03:07,0.03736200,0.08200000
2018-02-23 23:03:07,0.03736200,0.16500000
2018-02-23 23:03:07,0.03740600,0.04500000
2018-02-23 23:03:07,0.03736200,0.23800000
2018-02-23 23:03:07,0.03736200,2.59000000
2018-02-23 23:03:08,0.03736200,0.06100000
2018-02-23 23:03:08,0.03736200,0.55100000
2018-02-23 23:03:08,0.03736200,0.08300000
2018-02-23 23:03:08,0.03736200,0.30800000
2018-02-23 23:03:08,0.03740000,0.50500000
2018-02-23 23:03:08,0.03736200,0.16500000
2018-02-23 23:03:09,0.03736200,1.69200000
2018-02-23 23:03:09,0.03736300,2.38100000
2018-02-23 23:03:09,0.03740100,1.32000000
2018-02-23 23:03:09,0.03740200,5.31900000
2018-02-23 23:03:09,0.03740400,0.48300000
2018-02-23 23:03:09,0.03741500,0.09600000
2018-02-23 23:03:09,0.03745800,0.07200000
2018-02-23 23:03:09,0.03740700,0.13200000
2018-02-23 23:03:09,0.03740700,25.35300000
2018-02-23 23:03:09,0.03736200,6.96000000
2018-02-23 23:03:09,0.03736200,0.08300000
2018-02-23 23:03:09,0.03736400,0.06900000
2018-02-23 23:03:09,0.03736400,0.06900000
2018-02-23 23:03:10,0.03736200,5.68100000
2018-02-23 23:03:10,0.03739900,0.30200000
2018-02-23 23:03:10,0.03740700,1.96900000
2018-02-23 23:03:10,0.03740500,0.13800000
2018-02-23 23:03:10,0.03740600,0.18000000
2018-02-23 23:03:10,0.03740600,2.54400000
2018-02-23 23:03:11,0.03740700,0.13900000
2018-02-23 23:03:11,0.03740600,0.61600000
2018-02-23 23:03:11,0.03736200,0.03200000
2018-02-23 23:03:11,0.03740700,3.63200000
2018-02-23 23:03:11,0.03746100,2.88300000
2018-02-23 23:03:11,0.03746700,0.80800000
2018-02-23 23:03:11,0.03749600,3.41900000
2018-02-23 23:03:11,0.03749900,1.00000000
2018-02-23 23:03:11,0.03750000,5.68700000
2018-02-23 23:03:11,0.03750000,0.30000000
2018-02-23 23:03:11,0.03750000,0.03400000
2018-02-23 23:03:11,0.03750000,0.06000000
2018-02-23 23:03:11,0.03750000,0.80000000
2018-02-23 23:03:11,0.03750000,1.84400000
2018-02-23 23:03:11,0.03749900,0.80300000
2018-02-23 23:03:12,0.03750200,1.00000000
2018-02-23 23:03:12,0.03750200,1.00000000
2018-02-23 23:03:12,0.03750200,0.67700000
2018-02-23 23:03:12,0.03750100,0.32300000
2018-02-23 23:03:12,0.03750100,0.19400000
2018-02-23 23:03:12,0.03738200,0.53500000
2018-02-23 23:03:12,0.03730700,0.30300000
2018-02-23 23:03:12,0.03730400,0.66300000
2018-02-23 23:03:12,0.03749800,0.06000000
2018-02-23 23:03:12,0.03750300,0.06900000
2018-02-23 23:03:12,0.03750300,0.06900000
2018-02-23 23:03:12,0.03750400,0.26600000
2018-02-23 23:03:12,0.03750300,0.31900000
2018-02-23 23:03:13,0.03731100,0.06900000
2018-02-23 23:03:13,0.03731100,0.13200000
2018-02-23 23:03:14,0.03731200,0.06900000
2018-02-23 23:03:14,0.03746700,0.19300000
2018-02-23 23:03:15,0.03740800,0.12400000
2018-02-23 23:03:15,0.03740700,0.02100000
2018-02-23 23:03:16,0.03740700,0.36200000
2018-02-23 23:03:17,0.03740500,0.92900000
2018-02-23 23:03:17,0.03740700,1.10000000
2018-02-23 23:03:17,0.03731100,0.04700000
2018-02-23 23:03:17,0.03731100,0.06900000
2018-02-23 23:03:17,0.03731200,0.06900000
2018-02-23 23:03:18,0.03731200,0.06900000
2018-02-23 23:03:18,0.03731200,0.06900000
2018-02-23 23:03:18,0.03731200,0.02900000
2018-02-23 23:03:18,0.03731200,0.06900000
2018-02-23 23:03:18,0.03740300,0.74600000
2018-02-23 23:03:19,0.03732100,0.13800000
2018-02-23 23:03:19,0.03740200,2.14000000
2018-02-23 23:03:19,0.03740500,1.92700000
2018-02-23 23:03:19,0.03732100,0.12900000
2018-02-23 23:03:19,0.03732000,0.13300000
2018-02-23 23:03:19,0.03731300,0.37300000
2018-02-23 23:03:20,0.03731400,0.06000000
2018-02-23 23:03:20,0.03733000,0.50900000
2018-02-23 23:03:20,0.03733000,0.20700000
2018-02-23 23:03:21,0.03733100,0.22000000
2018-02-23 23:03:21,0.03740000,0.46900000
2018-02-23 23:03:21,0.03740200,0.37300000
2018-02-23 23:03:21,0.03740500,0.16100000
2018-02-23 23:03:21,0.03750300,0.47800000
2018-02-23 23:03:21,0.03760500,0.53500000
2018-02-23 23:03:21,0.03770000,9.10900000
2018-02-23 23:03:21,0.03770900,1.22100000
2018-02-23 23:03:21,0.03773000,0.21400000
2018-02-23 23:03:21,0.03773000,6.98600000
2018-02-23 23:03:21,0.03733100,2.16000000
2018-02-23 23:03:21,0.03733000,1.04000000
2018-02-23 23:03:21,0.03733000,0.16000000
2018-02-23 23:03:21,0.03733000,0.08300000
2018-02-23 23:03:21,0.03733200,0.06900000
2018-02-23 23:03:22,0.03733400,0.06900000
2018-02-23 23:03:22,0.03737000,0.09600000
2018-02-23 23:03:22,0.03733400,0.44400000
2018-02-23 23:03:22,0.03740200,0.06000000
2018-02-23 23:03:22,0.03733700,0.13300000
2018-02-23 23:03:22,0.03733600,0.34300000
2018-02-23 23:03:22,0.03733600,0.13800000
2018-02-23 23:03:22,0.03733600,0.06900000
2018-02-23 23:03:22,0.03737100,0.03300000
2018-02-23 23:03:23,0.03737200,0.80400000
2018-02-23 23:03:23,0.03737100,0.36800000
2018-02-23 23:03:23,0.03733900,2.26600000
2018-02-23 23:03:23,0.03733400,4.81700000
2018-02-23 23:03:23,0.03733100,2.07100000
2018-02-23 23:03:23,0.03733000,1.27600000
2018-02-23 23:03:23,0.03733700,1.28000000
2018-02-23 23:03:23,0.03733700,0.12800000
2018-02-23 23:03:24,0.03733100,0.41500000
2018-02-23 23:03:24,0.03733100,0.06100000
2018-02-23 23:03:24,0.03733100,0.06900000
2018-02-23 23:03:25,0.03733000,1.01600000
2018-02-23 23:03:25,0.03733000,0.06900000
2018-02-23 23:03:26,0.03739400,0.02600000
2018-02-23 23:03:27,0.03733000,6.51500000
2018-02-23 23:03:27,0.03732900,0.40100000
2018-02-23 23:03:27,0.03731200,4.93300000
2018-02-23 23:03:27,0.03731100,2.47000000
2018-02-23 23:03:27,0.03730500,0.13400000
2018-02-23 23:03:27,0.03730400,2.89300000
2018-02-23 23:03:27,0.03730300,11.74200000
2018-02-23 23:03:27,0.03730000,8.98800000
2018-02-23 23:03:27,0.03725700,0.08100000
2018-02-23 23:03:27,0.03725000,8.39000000
2018-02-23 23:03:27,0.03725000,1.03000000
2018-02-23 23:03:27,0.03724400,0.03000000
2018-02-23 23:03:27,0.03720000,0.13400000
2018-02-23 23:03:27,0.03719100,0.07000000
2018-02-23 23:03:27,0.03733000,2.89300000
2018-02-23 23:03:27,0.03733000,0.05000000
2018-02-23 23:03:28,0.03732700,1.07200000
2018-02-23 23:03:28,0.03732800,2.85900000
2018-02-23 23:03:28,0.03733000,1.88600000
2018-02-23 23:03:28,0.03738700,2.38000000
2018-02-23 23:03:28,0.03739000,0.30400000
2018-02-23 23:03:28,0.03739300,1.32000000
2018-02-23 23:03:28,0.03739600,0.13400000
2018-02-23 23:03:28,0.03740300,3.29400000
2018-02-23 23:03:29,0.03737900,1.67500000
2018-02-23 23:03:29,0.03715600,2.68900000
2018-02-23 23:03:29,0.03715400,1.77000000
2018-02-23 23:03:29,0.03715400,0.34700000
2018-02-23 23:03:29,0.03715200,0.51000000
2018-02-23 23:03:29,0.03715100,5.38300000
2018-02-23 23:03:29,0.03713400,0.08100000
2018-02-23 23:03:29,0.03715400,0.55100000
2018-02-23 23:03:30,0.03715700,0.50000000
2018-02-23 23:03:30,0.03715600,0.28900000
2018-02-23 23:03:30,0.03715200,3.19000000
2018-02-23 23:03:30,0.03735000,0.19800000
2018-02-23 23:03:30,0.03735000,0.07000000
2018-02-23 23:03:30,0.03735000,0.50000000
2018-02-23 23:03:31,0.03735000,9.23900000
2018-02-23 23:03:31,0.03717800,0.13400000
2018-02-23 23:03:31,0.03717300,0.40300000
2018-02-23 23:03:31,0.03711500,0.04000000
2018-02-23 23:03:31,0.03710700,0.26900000
2018-02-23 23:03:31,0.03710600,0.13500000
2018-02-23 23:03:31,0.03710800,1.62500000
2018-02-23 23:03:31,0.03710000,0.27200000
2018-02-23 23:03:31,0.03718500,0.08300000
2018-02-23 23:03:31,0.03718500,0.35400000
2018-02-23 23:03:31,0.03718500,4.94200000
2018-02-23 23:03:32,0.03710000,2.13900000
2018-02-23 23:03:32,0.03709600,0.13400000
2018-02-23 23:03:32,0.03706000,0.06200000
2018-02-23 23:03:32,0.03704300,0.10600000
2018-02-23 23:03:32,0.03703400,0.82900000
2018-02-23 23:03:32,0.03703300,0.05700000
2018-02-23 23:03:32,0.03700400,0.27000000
2018-02-23 23:03:32,0.03700000,4.74900000
2018-02-23 23:03:32,0.03718700,0.12000000
2018-02-23 23:03:32,0.03700000,0.89500000
2018-02-23 23:03:32,0.03698100,0.24700000
2018-02-23 23:03:32,0.03697200,0.16900000
2018-02-23 23:03:32,0.03696700,0.03000000
2018-02-23 23:03:32,0.03695800,0.05700000
2018-02-23 23:03:32,0.03695700,0.27000000
2018-02-23 23:03:32,0.03694000,0.54100000
2018-02-23 23:03:32,0.03693000,0.43100000
2018-02-23 23:03:33,0.03702100,0.06700000
2018-02-23 23:03:33,0.03699600,0.10600000
2018-02-23 23:03:33,0.03693000,0.24600000
2018-02-23 23:03:33,0.03692800,0.05400000
2018-02-23 23:03:33,0.03692700,0.40600000
2018-02-23 23:03:33,0.03692600,0.81200000
2018-02-23 23:03:33,0.03692500,0.10800000
2018-02-23 23:03:33,0.03691900,0.27100000
2018-02-23 23:03:33,0.03691500,0.10500000
2018-02-23 23:03:33,0.03691200,2.01400000
2018-02-23 23:03:33,0.03726300,0.82300000
2018-02-23 23:03:34,0.03691200,0.02300000
2018-02-23 23:03:34,0.03691200,0.95100000
2018-02-23 23:03:35,0.03691300,0.03700000
2018-02-23 23:03:35,0.03714600,0.50000000
2018-02-23 23:03:35,0.03714700,1.21300000
2018-02-23 23:03:35,0.03704100,0.09600000
2018-02-23 23:03:35,0.03714700,0.65300000
2018-02-23 23:03:35,0.03714900,3.86800000
2018-02-23 23:03:35,0.03691300,0.03100000
2018-02-23 23:03:36,0.03694100,0.27800000
2018-02-23 23:03:37,0.03696500,0.11100000
2018-02-23 23:03:38,0.03696600,0.50200000
2018-02-23 23:03:38,0.03696800,0.06900000
2018-02-23 23:03:38,0.03696800,0.86600000
2018-02-23 23:03:38,0.03698300,1.38000000
2018-02-23 23:03:38,0.03698100,0.13500000
2018-02-23 23:03:38,0.03696600,0.43000000
2018-02-23 23:03:38,0.03696300,0.05500000
2018-02-23 23:03:39,0.03699200,0.09900000
2018-02-23 23:03:40,0.03699200,0.17100000
2018-02-23 23:03:40,0.03698500,0.22700000
2018-02-23 23:03:40,0.03710300,0.65200000
2018-02-23 23:03:41,0.03710000,0.50000000
2018-02-23 23:03:41,0.03700600,0.06100000
2018-02-23 23:03:41,0.03700600,0.09900000
2018-02-23 23:03:42,0.03700600,0.03800000
2018-02-23 23:03:43,0.03701500,0.14100000
2018-02-23 23:03:43,0.03691200,0.53400000
2018-02-23 23:03:43,0.03690500,0.09000000
2018-02-23 23:03:43,0.03690300,0.04700000
2018-02-23 23:03:43,0.03688700,0.09400000
2018-02-23 23:03:43,0.03687900,2.24300000
2018-02-23 23:03:44,0.03708900,0.05800000
2018-02-23 23:03:44,0.03702300,0.13500000
2018-02-23 23:03:45,0.03692700,0.02800000
2018-02-23 23:03:45,0.03687900,0.27400000
2018-02-23 23:03:46,0.03688000,0.13700000
2018-02-23 23:03:46,0.03688000,0.06900000
2018-02-23 23:03:46,0.03688000,0.01300000
2018-02-23 23:03:46,0.03687900,0.12500000
2018-02-23 23:03:48,0.03687900,0.09600000
2018-02-23 23:03:48,0.03687900,0.06000000
2018-02-23 23:03:48,0.03687900,0.03300000
2018-02-23 23:03:48,0.03706700,0.00700000
2018-02-23 23:03:49,0.03696500,0.03000000
2018-02-23 23:03:49,0.03696500,0.16500000
2018-02-23 23:03:49,0.03706400,0.16500000
2018-02-23 23:03:49,0.03688500,1.10200000
2018-02-23 23:03:49,0.03687900,0.02300000
2018-02-23 23:03:49,0.03687900,0.11100000
2018-02-23 23:03:49,0.03690000,0.22000000
2018-02-23 23:03:49,0.03690000,0.15800000
2018-02-23 23:03:50,0.03699000,0.20000000
2018-02-23 23:03:50,0.03699000,0.19900000
2018-02-23 23:03:51,0.03698900,0.50000000
2018-02-23 23:03:51,0.03699000,2.08900000
2018-02-23 23:03:51,0.03699000,0.50000000
2018-02-23 23:03:51,0.03690100,0.06900000
2018-02-23 23:03:52,0.03698600,1.32200000
2018-02-23 23:03:52,0.03698800,0.26900000
2018-02-23 23:03:53,0.03698600,0.06900000
2018-02-23 23:03:53,0.03698700,1.87100000
2018-02-23 23:03:53,0.03692600,2.50600000
2018-02-23 23:03:54,0.03692900,0.06900000
2018-02-23 23:03:54,0.03692900,0.06700000
2018-02-23 23:03:54,0.03692900,0.06700000
2018-02-23 23:03:54,0.03692700,0.09800000
2018-02-23 23:03:54,0.03692700,0.08300000
2018-02-23 23:03:55,0.03692500,0.31900000
2018-02-23 23:03:55,0.03692400,0.12600000
2018-02-23 23:03:55,0.03694800,0.11900000
2018-02-23 23:03:55,0.03699000,0.11100000
2018-02-23 23:03:56,0.03699000,0.08100000
2018-02-23 23:03:56,0.03699000,0.50000000
2018-02-23 23:03:58,0.03699000,0.09600000
2018-02-23 23:03:58,0.03699000,0.40200000
2018-02-23 23:03:58,0.03699000,0.06900000
2018-02-23 23:03:59,0.03699000,0.09600000
2018-02-23 23:03:59,0.03699000,0.15400000
2018-02-23 23:03:59,0.03704600,0.26200000
2018-02-23 23:03:59,0.03704600,0.10800000
2018-02-23 23:04:00,0.03704000,0.07600000
2018-02-23 23:04:00,0.03704000,0.05400000
2018-02-23 23:04:01,0.03703900,0.50000000
2018-02-23 23:04:01,0.03704000,0.01100000
2018-02-23 23:04:02,0.03703700,0.27000000
2018-02-23 23:04:04,0.03698800,1.11800000
2018-02-23 23:04:04,0.03691900,0.06900000
2018-02-23 23:04:05,0.03691900,0.27500000
2018-02-23 23:04:07,0.03697600,0.81000000
2018-02-23 23:04:07,0.03697800,0.37800000
2018-02-23 23:04:07,0.03698400,0.54500000
2018-02-23 23:04:07,0.03698700,1.31200000
2018-02-23 23:04:07,0.03699000,4.29800000
2018-02-23 23:04:07,0.03700000,0.03000000
2018-02-23 23:04:07,0.03704600,0.53100000
2018-02-23 23:04:07,0.03692200,1.59100000
2018-02-23 23:04:09,0.03697500,0.15600000
2018-02-23 23:04:09,0.03692000,0.08200000
2018-02-23 23:04:10,0.03691800,0.13500000
2018-02-23 23:04:11,0.03691600,0.08100000
2018-02-23 23:04:11,0.03691400,0.03500000
2018-02-23 23:04:12,0.03691400,1.42100000
2018-02-23 23:04:12,0.03691600,0.20600000
2018-02-23 23:04:12,0.03691900,1.34000000
2018-02-23 23:04:13,0.03685700,1.19500000
2018-02-23 23:04:13,0.03691900,1.66000000
2018-02-23 23:04:13,0.03697500,0.14900000
2018-02-23 23:04:13,0.03697700,0.26600000
2018-02-23 23:04:15,0.03697300,2.49900000
2018-02-23 23:04:16,0.03697100,0.50200000
2018-02-23 23:04:16,0.03691900,0.86700000
2018-02-23 23:04:19,0.03692000,0.15200000
2018-02-23 23:04:19,0.03696500,0.04000000
2018-02-23 23:04:20,0.03696500,0.03000000
2018-02-23 23:04:20,0.03692000,0.09500000
2018-02-23 23:04:20,0.03691900,0.37900000
2018-02-23 23:04:21,0.03691800,0.24400000
2018-02-23 23:04:21,0.03692000,0.08300000
2018-02-23 23:04:22,0.03687000,0.40500000
2018-02-23 23:04:22,0.03692000,0.88600000
2018-02-23 23:04:22,0.03696700,2.16100000
2018-02-23 23:04:23,0.03687500,0.67200000
2018-02-23 23:04:25,0.03691700,0.39100000
2018-02-23 23:04:25,0.03691700,0.28100000
2018-02-23 23:04:25,0.03691900,0.85500000
2018-02-23 23:04:25,0.03696700,1.27800000
2018-02-23 23:04:25,0.03697600,0.08200000
2018-02-23 23:04:25,0.03697800,2.78700000
2018-02-23 23:04:25,0.03698000,0.11400000
2018-02-23 23:04:25,0.03698800,0.87000000
2018-02-23 23:04:25,0.03698800,13.47300000
2018-02-23 23:04:25,0.03699000,0.53400000
2018-02-23 23:04:25,0.03700000,0.13300000
2018-02-23 23:04:25,0.03700000,2.53400000
2018-02-23 23:04:26,0.03700400,0.15200000
2018-02-23 23:04:26,0.03700400,2.54800000
2018-02-23 23:04:26,0.03700200,0.50000000
2018-02-23 23:04:26,0.03700100,5.59000000
2018-02-23 23:04:27,0.03700200,0.09700000
2018-02-23 23:04:27,0.03700300,0.06900000
2018-02-23 23:04:29,0.03700100,0.17300000
2018-02-23 23:04:29,0.03700000,0.32700000
2018-02-23 23:04:29,0.03700000,0.05000000
2018-02-23 23:04:31,0.03708800,0.13400000
2018-02-23 23:04:32,0.03700000,2.74800000
2018-02-23 23:04:33,0.03700000,9.74400000
2018-02-23 23:04:33,0.03700000,0.09700000
2018-02-23 23:04:33,0.03708500,0.13500000
2018-02-23 23:04:34,0.03708500,0.06700000
2018-02-23 23:04:35,0.03708500,0.50300000
2018-02-23 23:04:35,0.03708400,0.33900000
2018-02-23 23:04:35,0.03708500,1.55800000
2018-02-23 23:04:40,0.03708200,0.30300000
2018-02-23 23:04:40,0.03708400,0.50000000
2018-02-23 23:04:40,0.03709000,0.23000000
2018-02-23 23:04:40,0.03700600,0.65400000
2018-02-23 23:04:40,0.03700500,0.27000000
2018-02-23 23:04:41,0.03700200,0.30700000
2018-02-23 23:04:41,0.03700200,5.97600000
2018-02-23 23:04:41,0.03700500,2.12200000
2018-02-23 23:04:44,0.03700900,0.50000000
2018-02-23 23:04:44,0.03700800,0.57900000
2018-02-23 23:04:44,0.03700000,0.44100000
2018-02-23 23:04:45,0.03700000,0.50000000
2018-02-23 23:04:47,0.03708200,2.70100000
2018-02-23 23:04:47,0.03708400,0.27000000
2018-02-23 23:04:47,0.03708600,1.01800000
2018-02-23 23:04:48,0.03708600,2.35800000
2018-02-23 23:04:48,0.03708100,0.26900000
2018-02-23 23:04:49,0.03700500,1.38100000
2018-02-23 23:04:52,0.03707700,0.03000000
2018-02-23 23:04:52,0.03707700,1.38100000
2018-02-23 23:04:52,0.03707900,0.03800000
2018-02-23 23:04:52,0.03708000,1.29400000
2018-02-23 23:04:52,0.03708500,1.72400000
2018-02-23 23:04:53,0.03700800,2.70000000
2018-02-23 23:04:53,0.03700700,0.26100000
2018-02-23 23:04:55,0.03701000,1.00000000
2018-02-23 23:04:55,0.03700900,0.27000000
2018-02-23 23:04:55,0.03700000,0.81700000
2018-02-23 23:04:56,0.03700000,0.50000000
2018-02-23 23:04:57,0.03706900,0.08500000
2018-02-23 23:04:57,0.03706900,2.61500000
2018-02-23 23:04:57,0.03707100,0.38500000
2018-02-23 23:04:58,0.03700500,0.38900000
2018-02-23 23:04:58,0.03707000,5.86000000
2018-02-23 23:04:58,0.03707100,0.52500000
2018-02-23 23:04:58,0.03707400,0.27000000
2018-02-23 23:04:58,0.03707700,0.22200000
2018-02-23 23:04:58,0.03708500,0.65600000
2018-02-23 23:04:59,0.03708500,1.08300000
2018-02-23 23:04:59,0.03700800,0.80800000
2018-02-23 23:05:04,0.03702300,1.50200000
2018-02-23 23:05:04,0.03702100,1.27000000
2018-02-23 23:05:04,0.03701000,0.24700000
2018-02-23 23:05:05,0.03700900,1.98100000
2018-02-23 23:05:05,0.03702100,0.26600000
2018-02-23 23:05:10,0.03701900,2.69900000
2018-02-23 23:05:10,0.03702100,2.05900000
2018-02-23 23:05:10,0.03707700,1.00000000
2018-02-23 23:05:10,0.03708300,0.40500000
2018-02-23 23:05:10,0.03710500,1.45300000
2018-02-23 23:05:10,0.03710500,0.22500000
2018-02-23 23:05:10,0.03710600,0.17800000
2018-02-23 23:05:10,0.03710600,0.26600000
2018-02-23 23:05:10,0.03710600,0.05600000
2018-02-23 23:05:10,0.03710500,0.27600000
2018-02-23 23:05:10,0.03710500,1.65700000
2018-02-23 23:05:10,0.03710500,0.06900000
2018-02-23 23:05:10,0.03710500,0.13400000
2018-02-23 23:05:11,0.03710500,0.42400000
2018-02-23 23:05:11,0.03707800,0.14300000
2018-02-23 23:05:11,0.03701000,0.28000000
2018-02-23 23:05:12,0.03710800,0.09400000
2018-02-23 23:05:12,0.03712000,0.03000000
2018-02-23 23:05:12,0.03714700,0.22700000
2018-02-23 23:05:12,0.03714700,0.06900000
2018-02-23 23:05:12,0.03714700,0.29600000
2018-02-23 23:05:12,0.03714700,0.09100000
2018-02-23 23:05:12,0.03701600,0.01900000
2018-02-23 23:05:12,0.03701600,0.09100000
2018-02-23 23:05:17,0.03717500,0.50000000
2018-02-23 23:05:17,0.03717600,0.11000000
2018-02-23 23:05:17,0.03717800,0.13400000
2018-02-23 23:05:17,0.03718300,0.58100000
2018-02-23 23:05:17,0.03718300,0.11000000
2018-02-23 23:05:17,0.03718300,0.45200000
2018-02-23 23:05:17,0.03718300,0.08900000
2018-02-23 23:05:17,0.03703200,0.24400000
2018-02-23 23:05:20,0.03718200,0.24400000
2018-02-23 23:05:20,0.03718300,0.08800000
2018-02-23 23:05:20,0.03718400,0.59700000
2018-02-23 23:05:27,0.03718400,3.02500000
2018-02-23 23:05:28,0.03718300,0.81300000
2018-02-23 23:05:28,0.03718400,0.15900000
2018-02-23 23:05:28,0.03718800,0.06700000
2018-02-23 23:05:28,0.03718900,0.33500000
2018-02-23 23:05:28,0.03707400,2.69600000
2018-02-23 23:05:28,0.03707200,1.00000000
2018-02-23 23:05:28,0.03706900,1.51900000
2018-02-23 23:05:28,0.03704700,0.09100000
2018-02-23 23:05:28,0.03703300,1.34100000
2018-02-23 23:05:28,0.03702500,0.84600000
2018-02-23 23:05:28,0.03718800,0.19600000
2018-02-23 23:05:29,0.03717700,1.00800000
2018-02-23 23:05:30,0.03717100,1.66200000
2018-02-23 23:05:31,0.03717000,1.00000000
2018-02-23 23:05:31,0.03717400,0.09100000
2018-02-23 23:05:31,0.03717600,0.26900000
2018-02-23 23:05:31,0.03717900,0.40100000
2018-02-23 23:05:31,0.03718800,1.05400000
2018-02-23 23:05:31,0.03718900,0.34200000
2018-02-23 23:05:31,0.03719200,0.12000000
2018-02-23 23:05:31,0.03720500,0.05400000
2018-02-23 23:05:31,0.03721400,0.27100000
2018-02-23 23:05:31,0.03721600,0.18900000
2018-02-23 23:05:31,0.03723100,0.04100000
2018-02-23 23:05:31,0.03725400,0.30400000
2018-02-23 23:05:31,0.03726300,0.27000000
2018-02-23 23:05:31,0.03726500,0.10600000
2018-02-23 23:05:31,0.03726900,0.18600000
2018-02-23 23:05:31,0.03728900,0.16000000
2018-02-23 23:05:31,0.03729200,0.04200000
2018-02-23 23:05:32,0.03729200,0.01500000
2018-02-23 23:05:32,0.03729600,0.00900000
2018-02-23 23:05:33,0.03707900,0.16700000
2018-02-23 23:05:36,0.03713600,2.53100000
2018-02-23 23:05:36,0.03713400,0.09500000
2018-02-23 23:05:36,0.03710700,2.63300000
2018-02-23 23:05:36,0.03710500,1.36900000
2018-02-23 23:05:37,0.03710500,1.59700000
2018-02-23 23:05:37,0.03710400,0.26900000
2018-02-23 23:05:37,0.03709400,2.09500000
2018-02-23 23:05:37,0.03709400,2.94000000
2018-02-23 23:05:38,0.03708100,0.62600000
2018-02-23 23:05:38,0.03707100,0.09100000
2018-02-23 23:05:39,0.03727800,0.84700000
2018-02-23 23:05:40,0.03704300,1.00600000
2018-02-23 23:05:40,0.03704200,0.40300000
2018-02-23 23:05:40,0.03702800,1.10000000
2018-02-23 23:05:40,0.03702500,1.48500000
2018-02-23 23:05:40,0.03706500,0.14900000
2018-02-23 23:05:40,0.03701800,0.63800000
2018-02-23 23:05:41,0.03705000,2.65900000
2018-02-23 23:05:41,0.03701000,1.16000000
2018-02-23 23:05:41,0.03700800,0.08800000
2018-02-23 23:05:41,0.03700000,0.60200000
2018-02-23 23:05:41,0.03692000,0.61000000
2018-02-23 23:05:42,0.03706800,1.17900000
2018-02-23 23:05:42,0.03706500,0.07100000
2018-02-23 23:05:43,0.03706400,0.28500000
2018-02-23 23:05:43,0.03706400,0.18200000
2018-02-23 23:05:44,0.03706300,0.22500000
2018-02-23 23:05:45,0.03706000,0.62700000
2018-02-23 23:05:45,0.03705900,0.43400000
2018-02-23 23:05:45,0.03705900,0.72500000
2018-02-23 23:05:45,0.03706300,0.04400000
2018-02-23 23:05:45,0.03706400,0.26300000
2018-02-23 23:05:45,0.03700000,0.82300000
2018-02-23 23:05:45,0.03706400,2.39200000
2018-02-23 23:05:45,0.03706700,2.92300000
2018-02-23 23:05:45,0.03707300,1.00600000
2018-02-23 23:05:45,0.03719200,1.47600000
2018-02-23 23:05:45,0.03727800,1.81000000
2018-02-23 23:05:46,0.03727800,0.22500000
2018-02-23 23:05:46,0.03727800,13.21000000
2018-02-23 23:05:46,0.03727800,0.21800000
2018-02-23 23:05:46,0.03727800,0.01200000
2018-02-23 23:05:46,0.03727800,0.12900000
2018-02-23 23:05:46,0.03727800,0.40300000
2018-02-23 23:05:46,0.03727800,0.40300000
2018-02-23 23:05:46,0.03727900,0.50000000
2018-02-23 23:05:46,0.03727800,0.14700000
2018-02-23 23:05:46,0.03727800,0.30500000
2018-02-23 23:05:46,0.03727800,1.45100000
2018-02-23 23:05:46,0.03705900,0.31900000
2018-02-23 23:05:46,0.03695700,0.71300000
2018-02-23 23:05:47,0.03706800,0.11100000
2018-02-23 23:05:47,0.03707000,1.09900000
2018-02-23 23:05:47,0.03707300,0.89100000
2018-02-23 23:05:47,0.03707100,0.81900000
2018-02-23 23:05:47,0.03706800,1.82200000
2018-02-23 23:05:48,0.03706000,0.14300000
2018-02-23 23:05:49,0.03705500,0.04500000
2018-02-23 23:05:51,0.03697700,0.27000000
2018-02-23 23:05:53,0.03698900,0.22800000
2018-02-23 23:05:54,0.03704600,2.65800000
2018-02-23 23:05:54,0.03704800,0.10700000
2018-02-23 23:05:54,0.03704800,0.16300000
2018-02-23 23:05:54,0.03705100,0.26200000
2018-02-23 23:05:54,0.03698900,0.16200000
2018-02-23 23:05:58,0.03700300,0.13500000
2018-02-23 23:05:59,0.03700000,0.27000000
2018-02-23 23:06:00,0.03699900,0.27000000
2018-02-23 23:06:00,0.03699600,0.13000000
2018-02-23 23:06:00,0.03699400,0.13500000
2018-02-23 23:06:00,0.03699100,2.81100000
2018-02-23 23:06:01,0.03699900,1.37800000
2018-02-23 23:06:01,0.03699900,0.19000000
2018-02-23 23:06:01,0.03699100,0.04800000
2018-02-23 23:06:02,0.03699200,0.27000000
2018-02-23 23:06:02,0.03699100,0.12700000
2018-02-23 23:06:02,0.03698900,0.10500000
2018-02-23 23:06:03,0.03699900,0.13500000
2018-02-23 23:06:04,0.03699900,2.56900000
2018-02-23 23:06:04,0.03700000,2.75400000
2018-02-23 23:06:04,0.03700000,2.29600000
2018-02-23 23:06:04,0.03700000,2.29600000
2018-02-23 23:06:04,0.03700000,2.56900000
2018-02-23 23:06:04,0.03700000,0.55500000
2018-02-23 23:06:04,0.03699100,0.09500000
2018-02-23 23:06:05,0.03699100,0.04000000
2018-02-23 23:06:05,0.03699100,1.35900000
2018-02-23 23:06:05,0.03700000,5.08100000
2018-02-23 23:06:06,0.03704400,0.15300000
2018-02-23 23:06:08,0.03704500,0.49000000
2018-02-23 23:06:11,0.03702600,2.70200000
2018-02-23 23:06:11,0.03702500,0.41300000
2018-02-23 23:06:11,0.03702400,3.46700000
2018-02-23 23:06:13,0.03704500,0.09500000
2018-02-23 23:06:13,0.03702500,0.09500000
2018-02-23 23:06:15,0.03702500,0.17500000
2018-02-23 23:06:18,0.03702000,0.03100000
2018-02-23 23:06:18,0.03702000,0.33100000
2018-02-23 23:06:19,0.03700200,1.45600000
2018-02-23 23:06:19,0.03701700,2.32600000
2018-02-23 23:06:20,0.03700200,0.94300000
2018-02-23 23:06:20,0.03700000,0.39700000
2018-02-23 23:06:21,0.03701800,0.26600000
2018-02-23 23:06:24,0.03700000,5.31900000
2018-02-23 23:06:25,0.03700000,0.30800000
2018-02-23 23:06:25,0.03701300,0.23400000
2018-02-23 23:06:26,0.03701400,0.80800000
2018-02-23 23:06:26,0.03701400,0.80900000
2018-02-23 23:06:26,0.03701400,0.12700000
2018-02-23 23:06:26,0.03700000,0.80900000
2018-02-23 23:06:26,0.03700000,4.47500000
2018-02-23 23:06:26,0.03700000,2.57100000
2018-02-23 23:06:27,0.03700000,0.41600000
2018-02-23 23:06:28,0.03700000,0.31900000
2018-02-23 23:06:29,0.03701200,1.33600000
2018-02-23 23:06:29,0.03701400,0.38700000
2018-02-23 23:06:29,0.03701800,0.03800000
2018-02-23 23:06:29,0.03701800,1.44000000
2018-02-23 23:06:29,0.03701800,0.12100000
2018-02-23 23:06:31,0.03702500,2.81200000
2018-02-23 23:06:31,0.03704000,0.15400000
2018-02-23 23:06:35,0.03703400,0.28300000
2018-02-23 23:06:37,0.03710700,0.31500000
2018-02-23 23:06:41,0.03705300,0.31500000
2018-02-23 23:06:41,0.03705200,0.34700000
2018-02-23 23:06:42,0.03705300,0.07500000
2018-02-23 23:06:45,0.03709800,0.50000000
2018-02-23 23:06:45,0.03709900,0.64400000
2018-02-23 23:06:45,0.03710100,0.07500000
2018-02-23 23:06:46,0.03710200,0.83100000
2018-02-23 23:06:46,0.03702200,0.50000000
2018-02-23 23:06:46,0.03702100,3.42200000
2018-02-23 23:06:46,0.03702000,6.19400000
2018-02-23 23:06:46,0.03702100,0.07000000
2018-02-23 23:06:47,0.03710100,0.59800000
2018-02-23 23:06:52,0.03710600,5.00000000
2018-02-23 23:06:52,0.03710600,0.37200000
2018-02-23 23:06:56,0.03710200,0.03000000
2018-02-23 23:06:56,0.03710100,0.05500000
2018-02-23 23:07:01,0.03710400,1.37500000
2018-02-23 23:07:08,0.03710100,0.32000000
2018-02-23 23:07:08,0.03710300,0.05800000
2018-02-23 23:07:08,0.03710100,0.34100000
2018-02-23 23:07:09,0.03710000,0.04500000
2018-02-23 23:07:10,0.03710000,0.52500000
2018-02-23 23:07:10,0.03710100,0.35900000
2018-02-23 23:07:11,0.03703000,2.69800000
2018-02-23 23:07:11,0.03702800,0.05200000
2018-02-23 23:07:12,0.03703100,0.30000000
2018-02-23 23:07:12,0.03703000,0.12000000
2018-02-23 23:07:12,0.03702800,0.12000000
2018-02-23 23:07:13,0.03702800,2.57800000
2018-02-23 23:07:13,0.03703000,14.23800000
2018-02-23 23:07:13,0.03703000,2.95100000
2018-02-23 23:07:15,0.03702800,0.22900000
2018-02-23 23:07:15,0.03703100,2.69600000
2018-02-23 23:07:15,0.03702900,0.94800000
2018-02-23 23:07:15,0.03702200,0.38800000
2018-02-23 23:07:16,0.03709100,0.12400000
2018-02-23 23:07:20,0.03702200,0.21500000
2018-02-23 23:07:22,0.03702200,9.64600000
2018-02-23 23:07:22,0.03702000,17.33200000
2018-02-23 23:07:22,0.03702000,10.40200000
2018-02-23 23:07:23,0.03703000,0.13100000
2018-02-23 23:07:23,0.03702000,0.50000000
2018-02-23 23:07:23,0.03702000,4.92300000
2018-02-23 23:07:23,0.03702000,2.32600000
2018-02-23 23:07:23,0.03702000,38.19600000
2018-02-23 23:07:24,0.03699000,0.07000000
2018-02-23 23:07:24,0.03691000,0.03000000
2018-02-23 23:07:24,0.03687900,2.96500000
2018-02-23 23:07:24,0.03687800,4.03200000
2018-02-23 23:07:24,0.03687800,1.39100000
2018-02-23 23:07:24,0.03687900,0.50000000
2018-02-23 23:07:24,0.03685500,0.13400000
2018-02-23 23:07:25,0.03683600,0.19000000
2018-02-23 23:07:25,0.03681800,0.13600000
2018-02-23 23:07:25,0.03681700,0.08100000
2018-02-23 23:07:25,0.03680300,1.13600000
2018-02-23 23:07:25,0.03678100,0.16400000
2018-02-23 23:07:25,0.03678100,3.37000000
2018-02-23 23:07:26,0.03684900,2.51500000
2018-02-23 23:07:28,0.03686900,0.24300000
2018-02-23 23:07:31,0.03684700,0.08000000
2018-02-23 23:07:32,0.03675300,0.12000000
2018-02-23 23:07:32,0.03675300,0.12300000
2018-02-23 23:07:32,0.03675200,0.30900000
2018-02-23 23:07:33,0.03675300,0.08100000
2018-02-23 23:07:33,0.03675200,0.23500000
2018-02-23 23:07:34,0.03674900,0.08200000
2018-02-23 23:07:35,0.03673600,0.50000000
2018-02-23 23:07:36,0.03673600,1.43800000
2018-02-23 23:07:37,0.03673600,0.09700000
2018-02-23 23:07:37,0.03673000,0.92600000
2018-02-23 23:07:37,0.03672700,0.32700000
2018-02-23 23:07:37,0.03671900,0.13400000
2018-02-23 23:07:37,0.03671300,0.13600000
2018-02-23 23:07:37,0.03670500,0.09000000
2018-02-23 23:07:37,0.03670000,0.31800000
2018-02-23 23:07:37,0.03674500,0.31800000
2018-02-23 23:07:38,0.03674500,0.55900000
2018-02-23 23:07:41,0.03673100,0.03000000
2018-02-23 23:07:41,0.03670100,0.31800000
2018-02-23 23:07:41,0.03669500,0.27300000
2018-02-23 23:07:41,0.03667900,0.27300000
2018-02-23 23:07:41,0.03667100,0.20300000
2018-02-23 23:07:41,0.03667000,0.08200000
2018-02-23 23:07:41,0.03666800,0.27300000
2018-02-23 23:07:41,0.03666400,0.05500000
2018-02-23 23:07:41,0.03665900,0.10700000
2018-02-23 23:07:41,0.03664400,0.65500000
2018-02-23 23:07:41,0.03663300,0.46400000
2018-02-23 23:07:41,0.03662700,0.27300000
2018-02-23 23:07:41,0.03662300,0.10700000
2018-02-23 23:07:41,0.03661900,0.05700000
2018-02-23 23:07:41,0.03661100,1.92400000
2018-02-23 23:07:41,0.03660600,0.10700000
2018-02-23 23:07:41,0.03660100,0.06800000
2018-02-23 23:07:41,0.03660000,2.78500000
2018-02-23 23:07:43,0.03673300,0.03100000
2018-02-23 23:07:44,0.03672800,0.10700000
2018-02-23 23:07:44,0.03660100,0.30000000
2018-02-23 23:07:44,0.03660100,0.20000000
2018-02-23 23:07:44,0.03660000,1.49600000
2018-02-23 23:07:45,0.03660100,0.07000000
2018-02-23 23:07:45,0.03660000,0.50000000
2018-02-23 23:07:45,0.03660100,0.04100000
2018-02-23 23:07:45,0.03660100,0.00600000
2018-02-23 23:07:46,0.03660100,19.10000000
2018-02-23 23:07:46,0.03660000,2.07300000
2018-02-23 23:07:47,0.03660000,0.44200000
2018-02-23 23:07:48,0.03673000,0.03000000
2018-02-23 23:07:48,0.03659500,0.03400000
2018-02-23 23:07:49,0.03660000,2.73200000
2018-02-23 23:07:49,0.03659800,0.46600000
2018-02-23 23:07:49,0.03659200,0.05500000
2018-02-23 23:07:49,0.03658900,2.00000000
2018-02-23 23:07:49,0.03658200,0.15800000
2018-02-23 23:07:49,0.03657800,2.88900000
2018-02-23 23:07:50,0.03657900,0.53900000
2018-02-23 23:07:51,0.03672300,1.29900000
2018-02-23 23:07:53,0.03657900,1.01900000
2018-02-23 23:07:53,0.03671400,0.09500000
2018-02-23 23:07:54,0.03658800,1.33800000
2018-02-23 23:07:54,0.03659000,4.82700000
2018-02-23 23:07:54,0.03659000,1.33800000
2018-02-23 23:07:54,0.03671200,0.05700000
2018-02-23 23:07:55,0.03660400,0.05700000
2018-02-23 23:07:55,0.03660300,0.43000000
2018-02-23 23:07:58,0.03660300,0.31600000
2018-02-23 23:07:59,0.03660300,0.83300000
2018-02-23 23:07:59,0.03660300,1.15000000
2018-02-23 23:07:59,0.03660100,0.50900000
2018-02-23 23:08:02,0.03660300,0.07100000
2018-02-23 23:08:02,0.03660100,0.19500000
2018-02-23 23:08:06,0.03661200,1.66200000
2018-02-23 23:08:07,0.03667400,0.96600000
2018-02-23 23:08:09,0.03661200,0.43000000
2018-02-23 23:08:10,0.03661200,1.38800000
2018-02-23 23:08:10,0.03660200,1.97600000
2018-02-23 23:08:11,0.03666500,0.07300000
2018-02-23 23:08:12,0.03660200,1.69000000
2018-02-23 23:08:13,0.03660200,5.78400000
2018-02-23 23:08:13,0.03660200,0.86400000
2018-02-23 23:08:13,0.03660100,3.13800000
2018-02-23 23:08:13,0.03660100,7.28900000
2018-02-23 23:08:13,0.03660100,2.91100000
2018-02-23 23:08:13,0.03657800,3.42400000
2018-02-23 23:08:13,0.03657700,0.10000000
2018-02-23 23:08:13,0.03657600,1.28900000
2018-02-23 23:08:13,0.03657600,2.87100000
2018-02-23 23:08:13,0.03657200,0.13400000
2018-02-23 23:08:13,0.03657000,0.06800000
2018-02-23 23:08:13,0.03656800,0.27300000
2018-02-23 23:08:13,0.03656700,0.23800000
2018-02-23 23:08:13,0.03660200,0.48600000
2018-02-23 23:08:14,0.03655700,0.02800000
2018-02-23 23:08:14,0.03655100,0.46500000
2018-02-23 23:08:14,0.03653900,1.86600000
2018-02-23 23:08:14,0.03660200,0.50700000
2018-02-23 23:08:17,0.03660200,0.28500000
2018-02-23 23:08:18,0.03654100,0.09500000
2018-02-23 23:08:19,0.03654100,2.64100000
2018-02-23 23:08:19,0.03653900,1.35900000
2018-02-23 23:08:19,0.03660200,0.03000000
2018-02-23 23:08:19,0.03653900,0.09000000
2018-02-23 23:08:20,0.03653900,0.50000000
2018-02-23 23:08:20,0.03653900,0.07600000
2018-02-23 23:08:21,0.03653900,0.18000000
2018-02-23 23:08:21,0.03651700,0.21300000
2018-02-23 23:08:21,0.03651500,4.60500000
2018-02-23 23:08:21,0.03651500,5.65400000
2018-02-23 23:08:23,0.03653900,0.82000000
2018-02-23 23:08:23,0.03653900,0.29900000
2018-02-23 23:08:23,0.03651200,0.15000000
2018-02-23 23:08:23,0.03650400,0.07100000
2018-02-23 23:08:23,0.03650000,3.22900000
2018-02-23 23:08:23,0.03649600,0.40900000
2018-02-23 23:08:23,0.03648700,0.19400000
2018-02-23 23:08:23,0.03647700,0.20000000
2018-02-23 23:08:23,0.03645300,0.04400000
2018-02-23 23:08:23,0.03644000,0.16500000
2018-02-23 23:08:23,0.03653700,0.82000000
2018-02-23 23:08:23,0.03641600,0.50000000
2018-02-23 23:08:23,0.03641500,0.13400000
2018-02-23 23:08:23,0.03652300,0.12500000
2018-02-23 23:08:25,0.03640000,1.61100000
2018-02-23 23:08:25,0.03638500,0.34400000
2018-02-23 23:08:25,0.03638400,0.33000000
2018-02-23 23:08:25,0.03638400,0.31500000
2018-02-23 23:08:26,0.03650400,0.82000000
2018-02-23 23:08:29,0.03649800,0.69200000
2018-02-23 23:08:29,0.03638400,0.35400000
2018-02-23 23:08:29,0.03637800,0.15100000
2018-02-23 23:08:29,0.03636400,0.03100000
2018-02-23 23:08:29,0.03636300,1.15700000
2018-02-23 23:08:29,0.03635200,1.61100000
2018-02-23 23:08:29,0.03634600,0.16300000
2018-02-23 23:08:29,0.03634500,0.10300000
2018-02-23 23:08:29,0.03634200,0.26600000
2018-02-23 23:08:29,0.03633600,0.27500000
2018-02-23 23:08:29,0.03633300,0.13700000
2018-02-23 23:08:29,0.03631200,0.34100000
2018-02-23 23:08:29,0.03630500,6.31800000
2018-02-23 23:08:29,0.03630300,0.09000000
2018-02-23 23:08:30,0.03649400,0.06800000
2018-02-23 23:08:30,0.03638400,0.68900000
2018-02-23 23:08:30,0.03630400,0.78800000
2018-02-23 23:08:30,0.03630300,0.01300000
2018-02-23 23:08:30,0.03630100,0.34100000
2018-02-23 23:08:30,0.03629700,0.06900000
2018-02-23 23:08:30,0.03628900,0.36600000
2018-02-23 23:08:30,0.03627800,0.81900000
2018-02-23 23:08:30,0.03627300,0.34100000
2018-02-23 23:08:30,0.03626700,0.34100000
2018-02-23 23:08:30,0.03625500,0.51100000
2018-02-23 23:08:30,0.03624700,0.13400000
2018-02-23 23:08:30,0.03624600,0.69000000
2018-02-23 23:08:30,0.03623600,0.20600000
2018-02-23 23:08:30,0.03623400,0.10800000
2018-02-23 23:08:30,0.03623000,8.00000000
2018-02-23 23:08:30,0.03622800,0.09900000
2018-02-23 23:08:32,0.03648600,0.41100000
2018-02-23 23:08:35,0.03640300,0.22900000
2018-02-23 23:08:35,0.03647500,0.40400000
2018-02-23 23:08:36,0.03641000,0.09200000
2018-02-23 23:08:36,0.03647700,0.03000000
2018-02-23 23:08:38,0.03647300,1.03700000
2018-02-23 23:08:41,0.03641800,0.40200000
2018-02-23 23:08:41,0.03641000,0.16300000
2018-02-23 23:08:43,0.03641200,0.84900000
2018-02-23 23:08:44,0.03641200,0.83800000
2018-02-23 23:08:45,0.03647200,0.82200000
2018-02-23 23:08:45,0.03647200,0.61800000
2018-02-23 23:08:45,0.03647200,0.61800000
2018-02-23 23:08:45,0.03641800,0.41100000
2018-02-23 23:08:45,0.03641200,0.20700000
2018-02-23 23:08:50,0.03642400,0.30100000
2018-02-23 23:08:50,0.03634600,0.55000000
2018-02-23 23:08:50,0.03633300,11.63400000
2018-02-23 23:08:50,0.03647000,0.03000000
2018-02-23 23:08:51,0.03646800,0.10700000
2018-02-23 23:08:55,0.03633300,1.21500000
2018-02-23 23:08:56,0.03633300,0.10800000
2018-02-23 23:09:00,0.03639000,0.04000000
2018-02-23 23:09:02,0.03641400,0.06000000
2018-02-23 23:09:02,0.03634200,0.41300000
2018-02-23 23:09:02,0.03633500,0.08300000
2018-02-23 23:09:03,0.03641400,0.12200000
2018-02-23 23:09:03,0.03641400,0.08200000
2018-02-23 23:09:03,0.03641300,0.19800000
2018-02-23 23:09:05,0.03641100,1.00000000
2018-02-23 23:09:06,0.03640800,0.37000000
2018-02-23 23:09:09,0.03640500,3.30900000
2018-02-23 23:09:10,0.03640500,0.10100000
2018-02-23 23:09:11,0.03640500,0.06900000
2018-02-23 23:09:13,0.03640500,0.04100000
2018-02-23 23:09:16,0.03635900,0.15400000
2018-02-23 23:09:16,0.03635700,0.75300000
2018-02-23 23:09:16,0.03635200,0.41200000
2018-02-23 23:09:16,0.03634600,0.29600000
2018-02-23 23:09:16,0.03634500,0.07700000
2018-02-23 23:09:17,0.03640000,0.15200000
2018-02-23 23:09:17,0.03640500,3.95200000
2018-02-23 23:09:17,0.03641100,0.35500000
2018-02-23 23:09:17,0.03641400,3.42000000
2018-02-23 23:09:18,0.03646600,0.23600000
2018-02-23 23:09:18,0.03646700,0.52500000
2018-02-23 23:09:18,0.03650800,0.54800000
2018-02-23 23:09:19,0.03648000,0.65400000
2018-02-23 23:09:19,0.03654600,0.09900000
2018-02-23 23:09:19,0.03648000,0.30400000
2018-02-23 23:09:19,0.03648200,0.27400000
2018-02-23 23:09:19,0.03648200,0.41100000
2018-02-23 23:09:19,0.03648500,0.34000000
2018-02-23 23:09:19,0.03648500,0.82200000
2018-02-23 23:09:20,0.03648500,0.06400000
2018-02-23 23:09:20,0.03648800,0.21700000
2018-02-23 23:09:21,0.03649100,0.36400000
2018-02-23 23:09:21,0.03663700,0.03000000
2018-02-23 23:09:23,0.03649700,0.34300000
2018-02-23 23:09:23,0.03663700,0.13500000
2018-02-23 23:09:23,0.03650000,0.38600000
2018-02-23 23:09:23,0.03649800,0.83000000
2018-02-23 23:09:23,0.03649600,0.27400000
2018-02-23 23:09:23,0.03648900,1.35200000
2018-02-23 23:09:23,0.03641400,7.02900000
2018-02-23 23:09:25,0.03663500,2.14200000
2018-02-23 23:09:25,0.03663100,1.07900000
2018-02-23 23:09:25,0.03663300,0.86500000
2018-02-23 23:09:25,0.03663400,7.76400000
2018-02-23 23:09:25,0.03663800,0.15800000
2018-02-23 23:09:25,0.03663900,20.57900000
2018-02-23 23:09:25,0.03668700,0.10700000
2018-02-23 23:09:25,0.03669500,0.12500000
2018-02-23 23:09:25,0.03671600,0.61400000
2018-02-23 23:09:25,0.03672600,0.37100000
2018-02-23 23:09:25,0.03673000,0.76100000
2018-02-23 23:09:25,0.03675500,1.00000000
2018-02-23 23:09:25,0.03675800,0.61700000
2018-02-23 23:09:25,0.03676600,0.06800000
2018-02-23 23:09:25,0.03677000,0.54700000
2018-02-23 23:09:25,0.03677000,8.90400000
2018-02-23 23:09:25,0.03641600,0.00300000
2018-02-23 23:09:26,0.03641900,1.01800000
2018-02-23 23:09:26,0.03648100,0.17900000
2018-02-23 23:09:26,0.03663700,0.17400000
2018-02-23 23:09:27,0.03663700,0.06600000
2018-02-23 23:09:27,0.03663600,0.49700000
2018-02-23 23:09:29,0.03660000,0.50000000
2018-02-23 23:09:29,0.03660100,0.11400000
2018-02-23 23:09:30,0.03660100,0.04400000
2018-02-23 23:09:32,0.03660000,0.16000000
2018-02-23 23:09:33,0.03660000,0.06000000
2018-02-23 23:09:33,0.03644500,0.41800000
2018-02-23 23:09:34,0.03650000,0.50000000
2018-02-23 23:09:35,0.03649800,0.41800000
2018-02-23 23:09:35,0.03650000,0.19000000
2018-02-23 23:09:42,0.03657700,0.27300000
2018-02-23 23:09:43,0.03657500,0.08200000
2018-02-23 23:09:44,0.03648800,0.35500000
2018-02-23 23:09:44,0.03648700,2.74200000
2018-02-23 23:09:44,0.03648400,0.16500000
2018-02-23 23:09:44,0.03647800,6.41200000
2018-02-23 23:09:44,0.03646100,0.13700000
2018-02-23 23:09:44,0.03646000,0.13700000
2018-02-23 23:09:44,0.03645000,0.59500000
2018-02-23 23:09:44,0.03644600,1.58800000
2018-02-23 23:09:44,0.03644400,0.63100000
2018-02-23 23:09:44,0.03644300,6.41200000
2018-02-23 23:09:44,0.03641400,20.15800000
2018-02-23 23:09:44,0.03638000,1.65500000
2018-02-23 23:09:44,0.03657500,1.16300000
2018-02-23 23:09:44,0.03657500,0.32100000
2018-02-23 23:09:44,0.03657600,0.05400000
2018-02-23 23:09:45,0.03657200,2.74200000
2018-02-23 23:09:45,0.03657400,1.01200000
2018-02-23 23:09:46,0.03648300,2.63400000
2018-02-23 23:09:46,0.03657000,0.35500000
2018-02-23 23:09:46,0.03657100,0.16500000
2018-02-23 23:09:46,0.03657400,6.98800000
2018-02-23 23:09:46,0.03660100,2.49200000
2018-02-23 23:09:47,0.03656000,5.07600000
2018-02-23 23:09:49,0.03657500,0.50000000
2018-02-23 23:09:49,0.03657400,5.19800000
2018-02-23 23:09:50,0.03657400,0.25500000
2018-02-23 23:09:50,0.03659800,2.63400000
2018-02-23 23:09:50,0.03660000,3.30900000
2018-02-23 23:09:50,0.03660100,8.04900000
2018-02-23 23:09:50,0.03663400,3.08800000
2018-02-23 23:09:50,0.03663400,1.92900000
2018-02-23 23:09:50,0.03663400,0.03700000
2018-02-23 23:09:50,0.03663400,0.81800000
2018-02-23 23:09:50,0.03663400,0.81800000
2018-02-23 23:09:50,0.03663400,0.05900000
2018-02-23 23:09:50,0.03663400,0.26000000
2018-02-23 23:09:50,0.03663400,0.03500000
2018-02-23 23:09:52,0.03663400,0.29100000
2018-02-23 23:09:54,0.03656000,1.40400000
2018-02-23 23:09:55,0.03656000,0.24600000
2018-02-23 23:10:10,0.03657000,0.53500000
2018-02-23 23:10:13,0.03663500,0.05500000
2018-02-23 23:10:17,0.03663500,0.08900000
2018-02-23 23:10:25,0.03660000,3.13500000
2018-02-23 23:10:33,0.03663000,0.27200000
2018-02-23 23:10:35,0.03663000,0.26300000
2018-02-23 23:10:36,0.03663200,0.40600000
2018-02-23 23:10:36,0.03663500,0.81800000
2018-02-23 23:10:36,0.03663500,0.10500000
2018-02-23 23:10:36,0.03663500,1.67600000
2018-02-23 23:10:36,0.03663600,0.10500000
2018-02-23 23:10:38,0.03663200,0.40200000
2018-02-23 23:10:39,0.03663600,0.21100000
2018-02-23 23:10:42,0.03663600,0.68400000
2018-02-23 23:10:42,0.03668500,0.07000000
2018-02-23 23:10:46,0.03668500,0.54400000
2018-02-23 23:10:48,0.03663500,0.17600000
2018-02-23 23:10:49,0.03669400,0.16900000
2018-02-23 23:10:50,0.03669400,0.00700000
2018-02-23 23:10:50,0.03669600,0.43000000
2018-02-23 23:10:50,0.03670000,0.07700000
2018-02-23 23:10:50,0.03670000,0.21300000
2018-02-23 23:10:50,0.03670000,0.81700000
2018-02-23 23:10:50,0.03670000,0.20700000
2018-02-23 23:10:51,0.03674900,0.16000000
2018-02-23 23:10:51,0.03670100,0.30400000
2018-02-23 23:10:52,0.03668700,0.30400000
2018-02-23 23:10:53,0.03669800,0.30400000
2018-02-23 23:10:53,0.03670000,0.18900000
2018-02-23 23:10:54,0.03668500,1.00000000
2018-02-23 23:10:54,0.03668500,0.21600000
2018-02-23 23:10:56,0.03669700,0.30400000
2018-02-23 23:10:56,0.03670000,12.81100000
2018-02-23 23:10:56,0.03674900,0.47100000
2018-02-23 23:10:56,0.03675000,0.84100000
2018-02-23 23:10:56,0.03676600,0.92400000
2018-02-23 23:10:56,0.03677200,0.27500000
2018-02-23 23:10:56,0.03677700,1.04000000
2018-02-23 23:10:56,0.03678200,2.08300000
2018-02-23 23:10:56,0.03679200,0.61400000
2018-02-23 23:10:56,0.03679400,0.83700000
2018-02-23 23:10:56,0.03679700,0.32300000
2018-02-23 23:10:56,0.03679800,0.15000000
2018-02-23 23:10:56,0.03680000,2.09800000
2018-02-23 23:10:56,0.03680600,0.10700000
2018-02-23 23:10:56,0.03680700,0.46500000
2018-02-23 23:10:56,0.03683400,0.07900000
2018-02-23 23:10:56,0.03684200,0.40600000
2018-02-23 23:10:56,0.03685800,3.53400000
2018-02-23 23:10:56,0.03686200,0.89200000
2018-02-23 23:10:56,0.03686600,0.05500000
2018-02-23 23:10:56,0.03687300,0.71200000
2018-02-23 23:10:56,0.03687800,0.07200000
2018-02-23 23:10:56,0.03688900,0.19100000
2018-02-23 23:10:56,0.03689700,0.39900000
2018-02-23 23:10:56,0.03689900,1.24600000
2018-02-23 23:10:56,0.03692000,0.27300000
2018-02-23 23:10:56,0.03694800,0.82800000
2018-02-23 23:10:56,0.03694900,0.04100000
2018-02-23 23:10:56,0.03695300,0.36100000
2018-02-23 23:10:56,0.03696200,0.18500000
2018-02-23 23:10:56,0.03697200,0.09100000
2018-02-23 23:10:56,0.03698000,1.77500000
2018-02-23 23:10:56,0.03698400,0.09900000
2018-02-23 23:10:56,0.03698500,0.10700000
2018-02-23 23:10:56,0.03699900,0.05000000
2018-02-23 23:10:56,0.03700000,1.66900000
2018-02-23 23:10:58,0.03669800,0.49300000
2018-02-23 23:10:59,0.03670000,0.81700000
2018-02-23 23:10:59,0.03670000,0.69700000
2018-02-23 23:10:59,0.03670300,1.90400000
2018-02-23 23:10:59,0.03670200,0.80400000
2018-02-23 23:10:59,0.03670100,0.27200000
2018-02-23 23:11:00,0.03670000,1.24700000
2018-02-23 23:11:02,0.03699100,3.27300000
2018-02-23 23:11:05,0.03698400,0.14500000
2018-02-23 23:11:05,0.03698500,0.27200000
2018-02-23 23:11:05,0.03698600,0.30400000
2018-02-23 23:11:05,0.03698800,0.27900000
2018-02-23 23:11:05,0.03698800,0.72100000
2018-02-23 23:11:05,0.03699000,0.96100000
2018-02-23 23:11:09,0.03699000,0.48900000
2018-02-23 23:11:12,0.03698900,0.19300000
2018-02-23 23:11:12,0.03675800,1.00000000
2018-02-23 23:11:14,0.03676400,0.03000000
2018-02-23 23:11:18,0.03678100,2.72000000
2018-02-23 23:11:18,0.03678000,3.67000000
2018-02-23 23:11:18,0.03677900,1.71600000
2018-02-23 23:11:18,0.03677300,0.24100000
2018-02-23 23:11:18,0.03676700,1.34400000
2018-02-23 23:11:18,0.03675500,0.34300000
2018-02-23 23:11:18,0.03674900,0.50000000
2018-02-23 23:11:18,0.03674900,2.71100000
2018-02-23 23:11:19,0.03674800,0.00900000
2018-02-23 23:11:19,0.03675000,5.44200000
2018-02-23 23:11:19,0.03675000,0.09300000
2018-02-23 23:11:20,0.03670100,0.30100000
2018-02-23 23:11:21,0.03674600,0.30000000
2018-02-23 23:11:21,0.03675000,10.26600000
2018-02-23 23:11:25,0.03674100,0.51200000
2018-02-23 23:11:25,0.03674000,0.68600000
2018-02-23 23:11:26,0.03670000,0.03000000
2018-02-23 23:11:26,0.03663100,0.05900000
2018-02-23 23:11:27,0.03673900,0.30100000
2018-02-23 23:11:27,0.03674100,0.20600000
2018-02-23 23:11:27,0.03674200,0.90800000
2018-02-23 23:11:27,0.03674300,0.65800000
2018-02-23 23:11:28,0.03674300,0.41900000
2018-02-23 23:11:28,0.03674300,0.45200000
2018-02-23 23:11:29,0.03677300,0.24100000
2018-02-23 23:11:29,0.03674800,0.03300000
2018-02-23 23:11:33,0.03677600,0.06800000
2018-02-23 23:11:35,0.03678800,2.71900000
2018-02-23 23:11:35,0.03678600,1.77600000
2018-02-23 23:11:35,0.03678300,6.71700000
2018-02-23 23:11:35,0.03678100,0.21100000
2018-02-23 23:11:35,0.03678000,0.72000000
2018-02-23 23:11:35,0.03677300,1.34100000
2018-02-23 23:11:35,0.03677000,0.97000000
2018-02-23 23:11:36,0.03677000,4.21500000
2018-02-23 23:11:36,0.03678200,0.22800000
2018-02-23 23:11:36,0.03674300,0.54000000
2018-02-23 23:11:36,0.03667600,0.09700000
2018-02-23 23:11:36,0.03663100,0.77900000
2018-02-23 23:11:36,0.03661200,0.10600000
2018-02-23 23:11:36,0.03660000,3.45400000
2018-02-23 23:11:36,0.03657000,1.52400000
2018-02-23 23:11:37,0.03664300,0.50000000
2018-02-23 23:11:42,0.03664300,0.09200000
2018-02-23 23:11:45,0.03674500,0.31400000
2018-02-23 23:11:46,0.03674300,1.26400000
2018-02-23 23:11:46,0.03674300,1.55600000
2018-02-23 23:11:46,0.03674400,0.54400000
2018-02-23 23:11:46,0.03674500,0.30600000
2018-02-23 23:11:46,0.03674800,1.68700000
2018-02-23 23:11:46,0.03675000,0.97000000
2018-02-23 23:11:46,0.03675300,0.24100000
2018-02-23 23:11:46,0.03675400,8.72000000
2018-02-23 23:11:46,0.03670000,0.94200000
2018-02-23 23:11:46,0.03669600,0.10200000
2018-02-23 23:11:46,0.03677900,0.09700000
2018-02-23 23:11:47,0.03674100,0.24100000
2018-02-23 23:11:47,0.03674100,0.10400000
2018-02-23 23:11:48,0.03674100,4.71400000
2018-02-23 23:11:48,0.03674200,0.97000000
2018-02-23 23:11:53,0.03677900,3.36000000
2018-02-23 23:11:55,0.03674200,7.03400000
2018-02-23 23:12:00,0.03669500,2.72600000
2018-02-23 23:12:00,0.03669300,0.50000000
2018-02-23 23:12:00,0.03669000,0.27200000
2018-02-23 23:12:00,0.03668700,0.81100000
2018-02-23 23:12:00,0.03667600,0.50000000
2018-02-23 23:12:00,0.03667600,0.84400000
2018-02-23 23:12:00,0.03667600,0.63700000
2018-02-23 23:12:00,0.03667600,0.30600000
2018-02-23 23:12:00,0.03667600,0.63700000
2018-02-23 23:12:01,0.03667600,0.30200000
2018-02-23 23:12:01,0.03667800,1.59800000
2018-02-23 23:12:01,0.03682400,0.25600000
2018-02-23 23:12:01,0.03670000,0.57600000
2018-02-23 23:12:01,0.03670000,1.41300000
2018-02-23 23:12:02,0.03670000,10.65800000
2018-02-23 23:12:09,0.03679500,0.20500000
2018-02-23 23:12:12,0.03671000,2.72600000
2018-02-23 23:12:14,0.03670800,0.70500000
2018-02-23 23:12:14,0.03670700,8.03700000
2018-02-23 23:12:14,0.03669800,1.53900000
2018-02-23 23:12:16,0.03669800,0.50000000
2018-02-23 23:12:17,0.03670500,2.72600000
2018-02-23 23:12:17,0.03670600,1.34400000
2018-02-23 23:12:17,0.03670700,0.14100000
2018-02-23 23:12:17,0.03670000,3.35500000
2018-02-23 23:12:17,0.03669800,0.67200000
2018-02-23 23:12:17,0.03668100,2.31800000
2018-02-23 23:12:17,0.03677800,0.30600000
2018-02-23 23:12:17,0.03678100,0.27200000
2018-02-23 23:12:17,0.03678400,0.55500000
2018-02-23 23:12:17,0.03680300,0.40800000
2018-02-23 23:12:17,0.03668100,0.21500000
2018-02-23 23:12:17,0.03666300,0.03000000
2018-02-23 23:12:17,0.03666100,0.05500000
2018-02-23 23:12:17,0.03665100,0.10700000
2018-02-23 23:12:17,0.03664300,0.04600000
2018-02-23 23:12:18,0.03677600,2.72300000
2018-02-23 23:12:18,0.03680900,0.22900000
2018-02-23 23:12:19,0.03677900,3.75200000
2018-02-23 23:12:19,0.03682300,0.50000000
2018-02-23 23:12:19,0.03682400,0.03900000
2018-02-23 23:12:19,0.03682600,1.41400000
2018-02-23 23:12:19,0.03682600,1.00000000
2018-02-23 23:12:19,0.03682600,1.00000000
2018-02-23 23:12:19,0.03682600,1.00000000
2018-02-23 23:12:19,0.03682600,1.00000000
2018-02-23 23:12:19,0.03682600,1.00000000
2018-02-23 23:12:19,0.03682600,0.33200000
2018-02-23 23:12:19,0.03682800,0.03000000
2018-02-23 23:12:21,0.03675100,0.10600000
2018-02-23 23:12:21,0.03686000,0.22800000
2018-02-23 23:12:21,0.03686200,0.55500000
2018-02-23 23:12:23,0.03685900,2.14900000
2018-02-23 23:12:23,0.03685900,1.06700000
2018-02-23 23:12:25,0.03670700,5.33800000
2018-02-23 23:12:25,0.03670600,3.25100000
2018-02-23 23:12:25,0.03670500,2.62000000
2018-02-23 23:12:25,0.03688300,1.00000000
2018-02-23 23:12:28,0.03687900,4.24600000
2018-02-23 23:12:30,0.03671800,0.03700000
2018-02-23 23:12:31,0.03687700,0.08900000
2018-02-23 23:12:33,0.03673100,0.13600000
2018-02-23 23:12:33,0.03673100,0.13600000
2018-02-23 23:12:34,0.03673100,0.13600000
2018-02-23 23:12:34,0.03673100,0.20600000
2018-02-23 23:12:34,0.03681000,0.03000000
2018-02-23 23:12:34,0.03687200,0.10600000
2018-02-23 23:12:34,0.03672400,0.13600000
2018-02-23 23:12:34,0.03672400,0.09900000
2018-02-23 23:12:35,0.03672500,0.24100000
2018-02-23 23:12:37,0.03685700,1.00000000
2018-02-23 23:12:37,0.03685800,0.27200000
2018-02-23 23:12:37,0.03685900,1.27400000
2018-02-23 23:12:37,0.03686000,1.94400000
2018-02-23 23:12:37,0.03686100,1.72900000
2018-02-23 23:12:37,0.03686300,0.13600000
2018-02-23 23:12:37,0.03690000,1.54000000
2018-02-23 23:12:37,0.03697900,4.93300000
2018-02-23 23:12:37,0.03700000,7.25300000
2018-02-23 23:12:37,0.03700000,2.29000000
2018-02-23 23:12:38,0.03700000,0.10400000
2018-02-23 23:12:38,0.03700000,0.10600000
2018-02-23 23:12:39,0.03700100,0.20300000
2018-02-23 23:12:39,0.03700100,0.29500000
2018-02-23 23:12:40,0.03702000,0.24100000
2018-02-23 23:12:40,0.03702200,0.03000000
2018-02-23 23:12:40,0.03700100,0.71400000
2018-02-23 23:12:41,0.03703700,0.83700000
2018-02-23 23:12:41,0.03703800,1.24700000
2018-02-23 23:12:41,0.03704000,1.11800000
2018-02-23 23:12:41,0.03700100,0.30700000
2018-02-23 23:12:41,0.03705500,1.07200000
2018-02-23 23:12:42,0.03700300,0.05500000
2018-02-23 23:12:42,0.03706600,0.07500000
2018-02-23 23:12:42,0.03700600,0.48600000
2018-02-23 23:12:43,0.03700600,0.37900000
2018-02-23 23:12:44,0.03701000,0.27000000
2018-02-23 23:12:44,0.03700900,2.15800000
2018-02-23 23:12:44,0.03700700,0.80900000
2018-02-23 23:12:44,0.03700400,2.21400000
2018-02-23 23:12:44,0.03700400,0.65600000
2018-02-23 23:12:45,0.03709500,1.00000000
2018-02-23 23:12:45,0.03709600,3.07800000
2018-02-23 23:12:45,0.03709700,2.71700000
2018-02-23 23:12:46,0.03701000,0.05600000
2018-02-23 23:12:47,0.03709300,1.02100000
2018-02-23 23:12:47,0.03709400,0.27000000
2018-02-23 23:12:47,0.03709700,0.15300000
2018-02-23 23:12:47,0.03709700,0.30700000
2018-02-23 23:12:48,0.03709700,0.05600000
2018-02-23 23:12:48,0.03709900,0.50000000
2018-02-23 23:12:50,0.03709900,0.40500000
2018-02-23 23:12:50,0.03710100,0.08100000
2018-02-23 23:12:51,0.03709700,0.32900000
2018-02-23 23:12:51,0.03710100,0.90200000
2018-02-23 23:12:51,0.03711400,0.13400000
2018-02-23 23:12:51,0.03711500,0.85500000
2018-02-23 23:12:52,0.03709900,2.61900000
2018-02-23 23:12:52,0.03701600,0.10700000
2018-02-23 23:12:54,0.03709800,0.36700000
2018-02-23 23:12:54,0.03702200,1.00000000
2018-02-23 23:12:55,0.03707300,0.10700000
2018-02-23 23:12:55,0.03711300,0.50000000
2018-02-23 23:12:55,0.03711400,0.10700000
2018-02-23 23:12:55,0.03711500,4.20500000
2018-02-23 23:12:55,0.03711500,8.67400000
2018-02-23 23:12:55,0.03712000,0.13600000
2018-02-23 23:12:55,0.03715000,0.34600000
2018-02-23 23:12:56,0.03712100,0.50000000
2018-02-23 23:12:56,0.03712000,1.19900000
2018-02-23 23:12:57,0.03712000,0.13300000
2018-02-23 23:12:57,0.03714800,1.00000000
2018-02-23 23:12:57,0.03715000,0.01300000
2018-02-23 23:12:57,0.03716600,0.05600000
2018-02-23 23:12:57,0.03718100,0.48000000
2018-02-23 23:12:57,0.03712000,0.24600000
2018-02-23 23:12:57,0.03712000,3.27300000
2018-02-23 23:12:59,0.03712400,0.31200000
2018-02-23 23:12:59,0.03712300,0.41400000
2018-02-23 23:13:00,0.03718000,0.31200000
2018-02-23 23:13:00,0.03718100,2.27400000
2018-02-23 23:13:01,0.03718100,2.08300000
2018-02-23 23:13:01,0.03712400,2.27600000
2018-02-23 23:13:02,0.03712500,0.31300000
2018-02-23 23:13:03,0.03718400,0.28100000
2018-02-23 23:13:03,0.03718400,0.13300000
2018-02-23 23:13:05,0.03718600,2.58900000
2018-02-23 23:13:05,0.03719200,0.41900000
2018-02-23 23:13:05,0.03720000,3.99200000
2018-02-23 23:13:06,0.03720000,8.02800000
2018-02-23 23:13:07,0.03709200,0.19200000
2018-02-23 23:13:07,0.03709200,2.50100000
2018-02-23 23:13:07,0.03708700,0.26900000
2018-02-23 23:13:07,0.03708700,0.19200000
2018-02-23 23:13:08,0.03708500,0.48600000
2018-02-23 23:13:08,0.03719300,0.98600000
2018-02-23 23:13:08,0.03719400,2.69300000
2018-02-23 23:13:08,0.03719900,0.28900000
2018-02-23 23:13:11,0.03710000,0.32700000
2018-02-23 23:13:11,0.03710000,0.32700000
2018-02-23 23:13:15,0.03712100,1.96500000
2018-02-23 23:13:15,0.03712100,0.07400000
2018-02-23 23:13:15,0.03712000,0.13100000
2018-02-23 23:13:15,0.03712700,0.36900000
2018-02-23 23:13:15,0.03712600,0.26900000
2018-02-23 23:13:15,0.03711900,0.53800000
2018-02-23 23:13:15,0.03710900,0.13400000
2018-02-23 23:13:15,0.03710000,0.03100000
2018-02-23 23:13:16,0.03712800,0.29300000
2018-02-23 23:13:16,0.03709500,0.13400000
2018-02-23 23:13:16,0.03708300,1.55600000
2018-02-23 23:13:16,0.03708700,0.39900000
2018-02-23 23:13:16,0.03708700,0.16600000
2018-02-23 23:13:16,0.03708300,2.42400000
2018-02-23 23:13:17,0.03712800,0.13400000
2018-02-23 23:13:17,0.03710000,0.86600000
2018-02-23 23:13:17,0.03710000,0.11900000
2018-02-23 23:13:18,0.03711400,0.09500000
2018-02-23 23:13:18,0.03709400,0.53800000
2018-02-23 23:13:19,0.03711500,0.30600000
2018-02-23 23:13:19,0.03710000,0.76400000
2018-02-23 23:13:20,0.03703600,0.87900000
2018-02-23 23:13:20,0.03703500,0.13500000
2018-02-23 23:13:20,0.03701900,1.41700000
2018-02-23 23:13:20,0.03701600,0.55100000
2018-02-23 23:13:20,0.03705000,0.40400000
2018-02-23 23:13:20,0.03701000,0.34100000
2018-02-23 23:13:21,0.03705800,0.26900000
2018-02-23 23:13:21,0.03700500,0.03000000
2018-02-23 23:13:21,0.03700000,0.60000000
2018-02-23 23:13:21,0.03711700,0.13400000
2018-02-23 23:13:21,0.03711400,0.48600000
2018-02-23 23:13:22,0.03708300,0.13900000
2018-02-23 23:13:22,0.03698700,0.37900000
2018-02-23 23:13:22,0.03697400,3.32500000
2018-02-23 23:13:22,0.03697300,0.13500000
2018-02-23 23:13:22,0.03695200,0.03000000
2018-02-23 23:13:22,0.03694200,0.13400000
2018-02-23 23:13:22,0.03691500,0.32500000
2018-02-23 23:13:22,0.03689800,0.13600000
2018-02-23 23:13:22,0.03686900,0.23200000
2018-02-23 23:13:22,0.03686700,0.13600000
2018-02-23 23:13:22,0.03685000,1.09800000
2018-02-23 23:13:24,0.03684900,0.08900000
2018-02-23 23:13:24,0.03685000,0.63100000
2018-02-23 23:13:24,0.03684900,0.46500000
2018-02-23 23:13:25,0.03684900,0.09200000
2018-02-23 23:13:29,0.03695300,0.33500000
2018-02-23 23:13:33,0.03694000,1.41700000
2018-02-23 23:13:33,0.03694300,1.59800000
2018-02-23 23:13:33,0.03694600,0.64800000
2018-02-23 23:13:34,0.03693800,1.73800000
2018-02-23 23:13:35,0.03697300,0.09700000
2018-02-23 23:13:35,0.03687200,0.06900000
2018-02-23 23:13:36,0.03687500,2.70800000
2018-02-23 23:13:36,0.03687300,3.92700000
2018-02-23 23:13:36,0.03687000,0.10600000
2018-02-23 23:13:36,0.03686500,2.52400000
2018-02-23 23:13:36,0.03686400,0.27100000
2018-02-23 23:13:36,0.03684900,11.49400000
2018-02-23 23:13:36,0.03684800,3.52800000
2018-02-23 23:13:36,0.03684800,0.81300000
2018-02-23 23:13:36,0.03684800,0.02500000
2018-02-23 23:13:36,0.03684800,0.20200000
2018-02-23 23:13:36,0.03684600,2.77700000
2018-02-23 23:13:36,0.03684800,0.22300000
2018-02-23 23:13:36,0.03684800,1.33800000
2018-02-23 23:13:37,0.03684500,0.50000000
2018-02-23 23:13:37,0.03684800,1.58900000
2018-02-23 23:13:38,0.03682600,0.03000000
2018-02-23 23:13:42,0.03684200,2.67600000
2018-02-23 23:13:42,0.03684300,0.27100000
2018-02-23 23:13:42,0.03684500,0.34100000
2018-02-23 23:13:42,0.03684600,3.32500000
2018-02-23 23:13:43,0.03677100,0.27100000
2018-02-23 23:13:43,0.03677000,2.71600000
2018-02-23 23:13:43,0.03676800,0.50000000
2018-02-23 23:13:43,0.03675500,0.13500000
2018-02-23 23:13:43,0.03675400,0.27200000
2018-02-23 23:13:43,0.03675000,0.03500000
2018-02-23 23:13:43,0.03673600,0.19100000
2018-02-23 23:13:43,0.03673400,0.08700000
2018-02-23 23:13:45,0.03673400,0.08300000
2018-02-23 23:13:45,0.03672900,0.27200000
2018-02-23 23:13:45,0.03672800,0.01200000
2018-02-23 23:13:46,0.03675900,0.98200000
2018-02-23 23:13:47,0.03675900,0.03000000
2018-02-23 23:13:49,0.03675600,1.70400000
2018-02-23 23:13:49,0.03676000,0.50000000
2018-02-23 23:13:49,0.03676100,2.08900000
2018-02-23 23:13:49,0.03687100,0.04000000
2018-02-23 23:13:50,0.03673400,0.10600000
2018-02-23 23:13:51,0.03675700,2.08900000
2018-02-23 23:13:52,0.03675500,0.10600000
2018-02-23 23:13:52,0.03673400,2.72000000
2018-02-23 23:13:52,0.03673200,3.31800000
2018-02-23 23:13:52,0.03672900,0.04100000
2018-02-23 23:13:52,0.03672900,0.50000000
2018-02-23 23:13:52,0.03672800,0.17900000
2018-02-23 23:13:53,0.03672600,0.05400000
2018-02-23 23:13:53,0.03672400,0.27200000
2018-02-23 23:13:55,0.03672100,2.54100000
2018-02-23 23:13:55,0.03672300,0.17400000
2018-02-23 23:13:55,0.03672900,8.79100000
2018-02-23 23:14:02,0.03673600,0.10600000
2018-02-23 23:14:02,0.03673200,0.53700000
2018-02-23 23:14:03,0.03685900,0.23100000
2018-02-23 23:14:03,0.03686000,0.50000000
2018-02-23 23:14:03,0.03686200,3.31800000
2018-02-23 23:14:03,0.03689500,2.40100000
2018-02-23 23:14:03,0.03692500,3.52800000
2018-02-23 23:14:03,0.03698600,0.27200000
2018-02-23 23:14:03,0.03699900,0.13400000
2018-02-23 23:14:03,0.03700000,3.07900000
2018-02-23 23:14:03,0.03700000,0.53400000
2018-02-23 23:14:03,0.03700000,0.30600000
2018-02-23 23:14:03,0.03700000,0.53600000
2018-02-23 23:14:03,0.03700000,2.99200000
2018-02-23 23:14:03,0.03700000,0.31200000
2018-02-23 23:14:04,0.03700100,0.14600000
2018-02-23 23:14:04,0.03700100,0.35400000
2018-02-23 23:14:04,0.03700000,3.89200000
2018-02-23 23:14:09,0.03698000,0.06000000
2018-02-23 23:14:11,0.03690500,1.73300000
2018-02-23 23:14:11,0.03690400,3.33400000
2018-02-23 23:14:13,0.03696500,0.03000000
2018-02-23 23:14:14,0.03680500,0.27600000
2018-02-23 23:14:19,0.03693500,0.13800000
2018-02-23 23:14:21,0.03692900,0.30700000
2018-02-23 23:14:21,0.03691800,0.10600000
2018-02-23 23:14:21,0.03686200,0.34600000
2018-02-23 23:14:22,0.03693100,0.12700000
2018-02-23 23:14:22,0.03686200,2.36300000
2018-02-23 23:14:22,0.03686000,0.03000000
2018-02-23 23:14:23,0.03692600,0.04300000
2018-02-23 23:14:23,0.03692600,0.22500000
2018-02-23 23:14:26,0.03691600,0.48800000
2018-02-23 23:14:26,0.03691600,0.20000000
2018-02-23 23:14:27,0.03691300,1.33200000
2018-02-23 23:14:27,0.03691300,0.00100000
2018-02-23 23:14:27,0.03691300,0.42200000
2018-02-23 23:14:27,0.03691500,0.77600000
2018-02-23 23:14:27,0.03691800,0.13500000
2018-02-23 23:14:28,0.03691100,0.06000000
2018-02-23 23:14:41,0.03689900,0.06000000
2018-02-23 23:14:42,0.03689900,0.06000000
2018-02-23 23:14:42,0.03685000,0.01500000
2018-02-23 23:14:42,0.03685000,0.99200000
2018-02-23 23:14:43,0.03689900,1.26800000
2018-02-23 23:14:43,0.03690000,1.08800000
2018-02-23 23:14:43,0.03691100,0.30800000
2018-02-23 23:14:43,0.03691100,2.03100000
2018-02-23 23:14:43,0.03689800,0.50000000
2018-02-23 23:14:44,0.03690000,0.31400000
2018-02-23 23:14:44,0.03685300,0.00700000
2018-02-23 23:14:45,0.03690100,0.40600000
2018-02-23 23:14:49,0.03690000,2.91900000
2018-02-23 23:14:58,0.03690000,6.18300000
2018-02-23 23:14:58,0.03690700,3.33400000
2018-02-23 23:14:58,0.03690800,0.12000000
2018-02-23 23:14:59,0.03690900,1.33300000
2018-02-23 23:14:59,0.03691300,0.14300000
2018-02-23 23:14:59,0.03691600,0.13900000
2018-02-23 23:14:59,0.03692600,1.05500000
2018-02-23 23:14:59,0.03696500,0.54000000
2018-02-23 23:14:59,0.03697000,0.05700000
2018-02-23 23:14:59,0.03698100,0.27200000
2018-02-23 23:14:59,0.03698500,0.19100000
2018-02-23 23:14:59,0.03698600,0.09000000
2018-02-23 23:14:59,0.03700000,21.95400000
2018-02-23 23:15:00,0.03700100,0.05400000
2018-02-23 23:15:00,0.03700700,0.03500000
2018-02-23 23:15:00,0.03701100,0.01600000
2018-02-23 23:15:03,0.03700000,0.33100000
2018-02-23 23:15:04,0.03700000,0.44700000
2018-02-23 23:15:05,0.03700000,17.46800000
2018-02-23 23:15:05,0.03690900,0.81200000
2018-02-23 23:15:05,0.03690900,0.06800000
2018-02-23 23:15:07,0.03701000,0.10300000
2018-02-23 23:15:07,0.03701000,0.49100000
2018-02-23 23:15:09,0.03693800,0.06800000
2018-02-23 23:15:11,0.03700000,0.73400000
2018-02-23 23:15:17,0.03699800,0.07500000
2018-02-23 23:15:17,0.03700000,2.30900000
2018-02-23 23:15:18,0.03694500,0.79700000
2018-02-23 23:15:18,0.03693500,0.57800000
2018-02-23 23:15:26,0.03699900,0.29700000
2018-02-23 23:15:28,0.03700000,0.10300000
2018-02-23 23:15:30,0.03699900,0.04100000
2018-02-23 23:15:36,0.03700000,2.41200000
2018-02-23 23:15:40,0.03700000,3.10000000
2018-02-23 23:15:40,0.03701100,2.01900000
2018-02-23 23:15:43,0.03701100,1.00000000
2018-02-23 23:15:44,0.03701100,2.30300000
2018-02-23 23:15:47,0.03701100,1.00800000
2018-02-23 23:15:50,0.03701100,0.02600000
2018-02-23 23:15:51,0.03701400,2.96400000
2018-02-23 23:15:54,0.03701100,0.11900000
2018-02-23 23:15:55,0.03701400,0.87200000
2018-02-23 23:15:56,0.03701100,0.20600000
2018-02-23 23:15:58,0.03701400,0.31300000
2018-02-23 23:15:59,0.03701400,0.36600000
2018-02-23 23:16:00,0.03701400,1.26200000
2018-02-23 23:16:02,0.03701400,0.00100000
2018-02-23 23:16:03,0.03701800,0.04000000
2018-02-23 23:16:06,0.03701500,0.30900000
2018-02-23 23:16:06,0.03701400,1.35300000
2018-02-23 23:16:06,0.03701200,0.70300000
2018-02-23 23:16:06,0.03701100,2.75400000
2018-02-23 23:16:06,0.03701100,0.61400000
2018-02-23 23:16:09,0.03701400,0.27200000
2018-02-23 23:16:09,0.03701100,0.04300000
2018-02-23 23:16:12,0.03701100,0.02100000
2018-02-23 23:16:14,0.03701000,0.02900000
2018-02-23 23:16:14,0.03701000,0.22800000
2018-02-23 23:16:14,0.03701000,0.05200000
2018-02-23 23:16:15,0.03701100,0.01900000
2018-02-23 23:16:15,0.03705900,0.15300000
2018-02-23 23:16:16,0.03705900,0.50600000
2018-02-23 23:16:18,0.03702000,0.10500000
2018-02-23 23:16:18,0.03705900,0.09100000
2018-02-23 23:16:24,0.03705800,0.10500000
2018-02-23 23:16:24,0.03705900,1.61800000
2018-02-23 23:16:24,0.03707500,3.41500000
2018-02-23 23:16:24,0.03701900,1.64300000
2018-02-23 23:16:24,0.03700100,0.40400000
2018-02-23 23:16:24,0.03700000,0.17000000
2018-02-23 23:16:25,0.03700300,1.04000000
2018-02-23 23:16:26,0.03707400,0.50000000
2018-02-23 23:16:26,0.03707500,1.72300000
2018-02-23 23:16:26,0.03707500,0.12800000
2018-02-23 23:16:26,0.03707800,0.50000000
2018-02-23 23:16:27,0.03707500,0.73000000
2018-02-23 23:16:28,0.03707600,0.20500000
2018-02-23 23:16:29,0.03700200,0.50000000
2018-02-23 23:16:29,0.03700100,0.10000000
2018-02-23 23:16:32,0.03700200,0.31000000
2018-02-23 23:16:32,0.03700200,0.16700000
2018-02-23 23:16:32,0.03706600,1.00000000
2018-02-23 23:16:32,0.03707600,0.63800000
2018-02-23 23:16:32,0.03700100,0.19700000
2018-02-23 23:16:34,0.03707700,0.21400000
2018-02-23 23:16:34,0.03701600,0.37400000
2018-02-23 23:16:34,0.03701600,0.19100000
2018-02-23 23:16:39,0.03706900,0.56500000
2018-02-23 23:16:39,0.03707100,0.09600000
2018-02-23 23:16:39,0.03707400,0.10000000
2018-02-23 23:16:39,0.03707800,0.40300000
2018-02-23 23:16:39,0.03708600,0.96400000
2018-02-23 23:16:39,0.03708700,32.79100000
2018-02-23 23:16:39,0.03708800,0.84900000
2018-02-23 23:16:39,0.03710000,0.96400000
2018-02-23 23:16:39,0.03711800,0.48600000
2018-02-23 23:16:39,0.03715400,0.57000000
2018-02-23 23:16:39,0.03715700,0.03000000
2018-02-23 23:16:39,0.03719900,0.03000000
2018-02-23 23:16:39,0.03720000,2.15200000
2018-02-23 23:16:41,0.03720000,0.69700000
2018-02-23 23:16:41,0.03720500,0.28500000
2018-02-23 23:16:41,0.03723000,0.13600000
2018-02-23 23:16:41,0.03724600,0.03000000
2018-02-23 23:16:41,0.03725000,1.83400000
2018-02-23 23:16:47,0.03704300,1.17900000
2018-02-23 23:16:47,0.03704400,0.50600000
2018-02-23 23:16:49,0.03724900,0.50600000
2018-02-23 23:16:49,0.03725000,0.86900000
2018-02-23 23:16:49,0.03725000,3.08000000
2018-02-23 23:16:50,0.03725000,1.47300000
2018-02-23 23:16:50,0.03725000,0.68100000
2018-02-23 23:16:50,0.03725000,0.64600000
2018-02-23 23:16:50,0.03724700,0.90000000
2018-02-23 23:16:52,0.03720000,0.06500000
2018-02-23 23:16:56,0.03724400,0.27900000
2018-02-23 23:16:56,0.03724400,0.13400000
2018-02-23 23:16:56,0.03724400,0.12300000
2018-02-23 23:16:58,0.03720100,0.04400000
2018-02-23 23:16:58,0.03724600,0.30700000
2018-02-23 23:16:58,0.03724900,5.95600000
2018-02-23 23:16:59,0.03720100,0.76500000
2018-02-23 23:16:59,0.03720000,1.12100000
2018-02-23 23:16:59,0.03724900,0.08700000
2018-02-23 23:17:01,0.03724400,0.22400000
2018-02-23 23:17:02,0.03724800,0.30900000
2018-02-23 23:17:02,0.03724900,0.05100000
2018-02-23 23:17:03,0.03724500,0.05700000
2018-02-23 23:17:04,0.03715000,0.09500000
2018-02-23 23:17:04,0.03724500,0.44300000
2018-02-23 23:17:04,0.03724600,0.06000000
2018-02-23 23:17:05,0.03715400,0.81000000
2018-02-23 23:17:05,0.03715100,0.26900000
2018-02-23 23:17:05,0.03713500,0.03000000
2018-02-23 23:17:05,0.03710000,0.11800000
2018-02-23 23:17:05,0.03709800,2.39200000
2018-02-23 23:17:05,0.03709700,1.33600000
2018-02-23 23:17:05,0.03709600,6.04500000
2018-02-23 23:17:06,0.03715600,0.05700000
2018-02-23 23:17:07,0.03715700,2.39200000
2018-02-23 23:17:09,0.03724000,0.76900000
2018-02-23 23:17:09,0.03724100,1.33600000
2018-02-23 23:17:09,0.03724400,2.71100000
2018-02-23 23:17:09,0.03724500,0.22700000
2018-02-23 23:17:09,0.03724500,0.47800000
2018-02-23 23:17:09,0.03724500,0.25600000
2018-02-23 23:17:09,0.03724600,0.50000000
2018-02-23 23:17:10,0.03724500,0.15200000
2018-02-23 23:17:10,0.03724500,2.54600000
2018-02-23 23:17:10,0.03715800,0.37400000
2018-02-23 23:17:11,0.03723900,0.16600000
2018-02-23 23:17:14,0.03723700,0.33400000
2018-02-23 23:17:14,0.03723900,0.09100000
2018-02-23 23:17:15,0.03718200,0.37400000
2018-02-23 23:17:16,0.03723600,0.31000000
2018-02-23 23:17:16,0.03723900,0.04000000
2018-02-23 23:17:16,0.03723900,2.39200000
2018-02-23 23:17:17,0.03724100,0.37400000
2018-02-23 23:17:17,0.03724300,0.12600000
2018-02-23 23:17:17,0.03723900,1.29900000
2018-02-23 23:17:20,0.03723900,0.33400000
2018-02-23 23:17:20,0.03723900,0.99600000
2018-02-23 23:17:22,0.03723900,5.95900000
2018-02-23 23:17:23,0.03723700,0.80500000
2018-02-23 23:17:23,0.03723700,0.80500000
2018-02-23 23:17:23,0.03723700,0.66100000
2018-02-23 23:17:24,0.03723700,0.03400000
2018-02-23 23:17:27,0.03717200,1.37400000
2018-02-23 23:17:28,0.03723800,0.46000000
2018-02-23 23:17:29,0.03717800,0.27000000
2018-02-23 23:17:33,0.03722800,0.12400000
2018-02-23 23:17:34,0.03718200,0.31300000
2018-02-23 23:17:34,0.03717200,0.19000000
2018-02-23 23:17:35,0.03722700,0.31300000
2018-02-23 23:17:35,0.03722800,0.28000000
2018-02-23 23:17:36,0.03720000,0.27000000
2018-02-23 23:17:40,0.03719800,1.23900000
2018-02-23 23:17:41,0.03717400,0.39000000
2018-02-23 23:17:41,0.03717200,0.53700000
2018-02-23 23:17:41,0.03717000,1.33800000
2018-02-23 23:17:41,0.03717000,0.03700000
2018-02-23 23:17:42,0.03720000,0.44300000
2018-02-23 23:17:42,0.03717400,0.00200000
2018-02-23 23:17:42,0.03717000,0.80600000
2018-02-23 23:17:42,0.03717000,1.95700000
2018-02-23 23:17:42,0.03717000,0.80600000
2018-02-23 23:17:42,0.03717000,1.34200000
2018-02-23 23:17:42,0.03717000,0.80600000
2018-02-23 23:17:42,0.03717000,0.80600000
2018-02-23 23:17:42,0.03716400,0.26900000
2018-02-23 23:17:42,0.03717000,0.80500000
2018-02-23 23:17:42,0.03710000,0.03000000
2018-02-23 23:17:42,0.03717000,0.80600000
2018-02-23 23:17:42,0.03710000,0.53700000
2018-02-23 23:17:43,0.03717000,0.80600000
2018-02-23 23:17:43,0.03710100,0.62700000
2018-02-23 23:17:43,0.03710000,0.14900000
2018-02-23 23:17:43,0.03717000,0.26400000
2018-02-23 23:17:43,0.03710000,0.80600000
2018-02-23 23:17:43,0.03717000,0.07100000
2018-02-23 23:17:43,0.03716400,0.40300000
2018-02-23 23:17:43,0.03710000,0.21200000
2018-02-23 23:17:45,0.03716400,0.13400000
2018-02-23 23:17:45,0.03710100,0.87000000
2018-02-23 23:17:46,0.03711000,0.03000000
2018-02-23 23:17:46,0.03711000,0.06000000
2018-02-23 23:17:47,0.03711000,0.08200000
2018-02-23 23:17:47,0.03711000,0.06000000
2018-02-23 23:17:50,0.03712000,0.04400000
2018-02-23 23:17:52,0.03712400,0.12800000
2018-02-23 23:17:52,0.03712000,0.09000000
2018-02-23 23:17:52,0.03711500,0.40400000
2018-02-23 23:17:52,0.03711000,0.03700000
2018-02-23 23:17:52,0.03710700,0.13400000
2018-02-23 23:17:52,0.03710000,5.73200000
2018-02-23 23:17:52,0.03709800,0.03000000
2018-02-23 23:17:54,0.03709800,1.00000000
2018-02-23 23:17:58,0.03709800,0.47500000
2018-02-23 23:17:59,0.03709800,0.01800000
2018-02-23 23:18:00,0.03708400,0.12000000
2018-02-23 23:18:04,0.03708900,0.08200000
2018-02-23 23:18:08,0.03708900,0.33100000
2018-02-23 23:18:08,0.03708400,0.48600000
2018-02-23 23:18:09,0.03708400,0.16000000
2018-02-23 23:18:12,0.03708900,1.00000000
2018-02-23 23:18:12,0.03708700,0.13400000
2018-02-23 23:18:12,0.03708400,0.84600000
2018-02-23 23:18:13,0.03708000,0.09500000
2018-02-23 23:18:13,0.03708000,0.07000000
2018-02-23 23:18:14,0.03708000,6.96700000
2018-02-23 23:18:14,0.03703400,0.27000000
2018-02-23 23:18:14,0.03702700,0.29700000
2018-02-23 23:18:14,0.03702600,0.75700000
2018-02-23 23:18:15,0.03708000,0.11500000
2018-02-23 23:18:15,0.03708000,1.99600000
2018-02-23 23:18:16,0.03702700,0.85500000
2018-02-23 23:18:16,0.03702600,0.56700000
2018-02-23 23:18:16,0.03702600,0.80900000
2018-02-23 23:18:16,0.03702600,0.80900000
2018-02-23 23:18:16,0.03702600,1.98500000
2018-02-23 23:18:16,0.03702600,0.93400000
2018-02-23 23:18:16,0.03707900,0.29700000
2018-02-23 23:18:17,0.03708000,0.48700000
2018-02-23 23:18:17,0.03708000,0.19000000
2018-02-23 23:18:18,0.03701900,1.25700000
