DATE,PRICE,VOLUME
2018-02-22 13:00:00,0.03212500,0.34400000
2018-02-22 13:00:00,0.03214000,0.44400000
2018-02-22 13:00:00,0.03216900,1.10900000
2018-02-22 13:00:00,0.03217100,22.03400000
2018-02-22 13:00:00,0.03217900,3.91900000
2018-02-22 13:00:00,0.03218100,0.41500000
2018-02-22 13:00:00,0.03218100,1.28300000
2018-02-22 13:00:00,0.03218100,3.88500000
2018-02-22 13:00:00,0.03218100,0.30000000
2018-02-22 13:00:01,0.03218100,1.07300000
2018-02-22 13:00:01,0.03218100,1.66300000
2018-02-22 13:00:01,0.03218100,2.09900000
2018-02-22 13:00:02,0.03218900,0.40000000
2018-02-22 13:00:02,0.03219000,1.81100000
2018-02-22 13:00:02,0.03220000,3.22500000
2018-02-22 13:00:02,0.03218100,5.26000000
2018-02-22 13:00:02,0.03218100,0.64100000
2018-02-22 13:00:07,0.03212200,3.11200000
2018-02-22 13:00:07,0.03212000,1.60000000
2018-02-22 13:00:07,0.03211900,0.85800000
2018-02-22 13:00:07,0.03211000,0.24000000
2018-02-22 13:00:07,0.03210700,0.48400000
2018-02-22 13:00:09,0.03210100,0.26600000
2018-02-22 13:00:09,0.03210100,0.22200000
2018-02-22 13:00:09,0.03210100,0.26600000
2018-02-22 13:00:10,0.03210000,4.19500000
2018-02-22 13:00:10,0.03204100,5.56800000
2018-02-22 13:00:12,0.03204200,2.30300000
2018-02-22 13:00:12,0.03204100,7.64900000
2018-02-22 13:00:13,0.03209800,2.35800000
2018-02-22 13:00:13,0.03210000,2.30200000
2018-02-22 13:00:13,0.03210300,1.37000000
2018-02-22 13:00:15,0.03204900,3.11900000
2018-02-22 13:00:15,0.03204700,0.09200000
2018-02-22 13:00:15,0.03204200,1.78900000
2018-02-22 13:00:16,0.03210000,1.61100000
2018-02-22 13:00:16,0.03210000,0.65100000
2018-02-22 13:00:20,0.03204300,0.85700000
2018-02-22 13:00:20,0.03204400,0.09800000
2018-02-22 13:00:21,0.03209700,0.66600000
2018-02-22 13:00:21,0.03204900,3.11600000
2018-02-22 13:00:21,0.03204700,3.74500000
2018-02-22 13:00:21,0.03204300,1.44900000
2018-02-22 13:00:21,0.03204200,0.58500000
2018-02-22 13:00:21,0.03204100,7.24200000
2018-02-22 13:00:21,0.03204200,0.09000000
2018-02-22 13:00:26,0.03208900,0.03700000
2018-02-22 13:00:27,0.03209400,0.11800000
2018-02-22 13:00:27,0.03206000,1.19900000
2018-02-22 13:00:27,0.03209400,0.38500000
2018-02-22 13:00:27,0.03209400,2.61300000
2018-02-22 13:00:27,0.03209600,2.38400000
2018-02-22 13:00:27,0.03209900,0.85700000
2018-02-22 13:00:27,0.03210000,21.36800000
2018-02-22 13:00:28,0.03209400,0.22200000
2018-02-22 13:00:29,0.03209400,2.60200000
2018-02-22 13:00:32,0.03209400,3.47600000
2018-02-22 13:00:33,0.03209400,0.42000000
2018-02-22 13:00:34,0.03209400,0.58800000
2018-02-22 13:00:34,0.03209400,2.95700000
2018-02-22 13:00:34,0.03209400,5.20800000
2018-02-22 13:00:34,0.03206600,0.46700000
2018-02-22 13:00:34,0.03206000,2.49000000
2018-02-22 13:00:36,0.03209900,3.14600000
2018-02-22 13:00:36,0.03210000,11.83100000
2018-02-22 13:00:36,0.03209400,0.09900000
2018-02-22 13:00:36,0.03209400,4.06700000
2018-02-22 13:00:40,0.03209400,0.93300000
2018-02-22 13:00:40,0.03209800,1.76800000
2018-02-22 13:00:40,0.03210000,4.79900000
2018-02-22 13:00:41,0.03205200,0.07100000
2018-02-22 13:00:41,0.03210000,0.80000000
2018-02-22 13:00:43,0.03209800,0.07100000
2018-02-22 13:00:43,0.03210000,2.65000000
2018-02-22 13:00:45,0.03211900,0.40000000
2018-02-22 13:00:47,0.03211200,3.11300000
2018-02-22 13:00:47,0.03211000,24.10900000
2018-02-22 13:00:48,0.03216700,3.11300000
2018-02-22 13:00:48,0.03216900,4.38700000
2018-02-22 13:00:49,0.03211900,0.09100000
2018-02-22 13:00:52,0.03211900,2.43000000
2018-02-22 13:00:52,0.03209400,1.11900000
2018-02-22 13:00:52,0.03205200,1.57800000
2018-02-22 13:00:52,0.03205100,0.30700000
2018-02-22 13:00:53,0.03211900,0.45900000
2018-02-22 13:00:54,0.03211800,0.67800000
2018-02-22 13:00:54,0.03211000,0.12000000
2018-02-22 13:00:56,0.03210900,0.90000000
2018-02-22 13:00:56,0.03211000,4.06700000
2018-02-22 13:00:57,0.03206300,2.30600000
2018-02-22 13:00:57,0.03205900,0.21800000
2018-02-22 13:00:58,0.03205900,0.05400000
2018-02-22 13:00:58,0.03211000,1.83700000
2018-02-22 13:00:58,0.03206000,0.32000000
2018-02-22 13:00:58,0.03205900,1.02400000
2018-02-22 13:00:59,0.03205900,0.07000000
2018-02-22 13:00:59,0.03210900,0.02600000
2018-02-22 13:01:00,0.03206100,0.67300000
2018-02-22 13:01:02,0.03206100,0.42100000
2018-02-22 13:01:02,0.03206300,1.53700000
2018-02-22 13:01:02,0.03210000,0.11200000
2018-02-22 13:01:05,0.03205300,0.79200000
2018-02-22 13:01:06,0.03205300,2.32600000
2018-02-22 13:01:06,0.03205100,1.05200000
2018-02-22 13:01:09,0.03205100,0.61600000
2018-02-22 13:01:10,0.03204100,1.83000000
2018-02-22 13:01:10,0.03204100,6.38600000
2018-02-22 13:01:12,0.03202400,0.31300000
2018-02-22 13:01:12,0.03202000,4.11000000
2018-02-22 13:01:12,0.03201900,1.24200000
2018-02-22 13:01:12,0.03200900,0.03800000
2018-02-22 13:01:12,0.03200000,28.88400000
2018-02-22 13:01:12,0.03199600,0.18600000
2018-02-22 13:01:12,0.03199000,0.10000000
2018-02-22 13:01:12,0.03198900,3.03200000
2018-02-22 13:01:12,0.03198000,0.39700000
2018-02-22 13:01:12,0.03198000,1.66700000
2018-02-22 13:01:12,0.03197700,0.31400000
2018-02-22 13:01:12,0.03197600,0.12500000
2018-02-22 13:01:12,0.03197500,0.82300000
2018-02-22 13:01:12,0.03197000,0.03700000
2018-02-22 13:01:13,0.03199800,0.29600000
2018-02-22 13:01:14,0.03199800,1.05600000
2018-02-22 13:01:14,0.03194100,3.75700000
2018-02-22 13:01:14,0.03192700,0.50500000
2018-02-22 13:01:14,0.03191600,0.15000000
2018-02-22 13:01:14,0.03199500,0.26600000
2018-02-22 13:01:14,0.03191600,0.26600000
2018-02-22 13:01:14,0.03191600,0.05400000
2018-02-22 13:01:14,0.03191000,0.14100000
2018-02-22 13:01:14,0.03190700,7.11800000
2018-02-22 13:01:14,0.03190700,3.43100000
2018-02-22 13:01:14,0.03190700,1.79700000
2018-02-22 13:01:15,0.03190700,1.88600000
2018-02-22 13:01:18,0.03190700,6.15700000
2018-02-22 13:01:18,0.03190600,6.56300000
2018-02-22 13:01:18,0.03190100,1.99000000
2018-02-22 13:01:18,0.03190000,7.00100000
2018-02-22 13:01:18,0.03190000,0.21900000
2018-02-22 13:01:18,0.03190000,2.08700000
2018-02-22 13:01:18,0.03190000,0.09200000
2018-02-22 13:01:18,0.03190600,0.32600000
2018-02-22 13:01:18,0.03190600,0.32600000
2018-02-22 13:01:18,0.03190400,0.15200000
2018-02-22 13:01:18,0.03189000,0.27600000
2018-02-22 13:01:18,0.03188700,0.18600000
2018-02-22 13:01:18,0.03187500,1.59000000
2018-02-22 13:01:18,0.03187400,0.71600000
2018-02-22 13:01:18,0.03186500,0.04600000
2018-02-22 13:01:18,0.03185900,0.31400000
2018-02-22 13:01:18,0.03185800,6.27800000
2018-02-22 13:01:18,0.03185600,0.46800000
2018-02-22 13:01:18,0.03185500,0.24400000
2018-02-22 13:01:18,0.03184800,0.15700000
2018-02-22 13:01:18,0.03184600,0.95400000
2018-02-22 13:01:18,0.03183000,0.09400000
2018-02-22 13:01:18,0.03182700,2.05000000
2018-02-22 13:01:18,0.03182700,1.72000000
2018-02-22 13:01:18,0.03182400,1.65800000
2018-02-22 13:01:18,0.03182300,1.06300000
2018-02-22 13:01:18,0.03181300,0.96500000
2018-02-22 13:01:18,0.03181200,5.00000000
2018-02-22 13:01:18,0.03180600,0.62900000
2018-02-22 13:01:18,0.03180400,0.53400000
2018-02-22 13:01:18,0.03180100,1.40000000
2018-02-22 13:01:18,0.03180000,3.98000000
2018-02-22 13:01:18,0.03180000,0.03900000
2018-02-22 13:01:18,0.03180000,0.03900000
2018-02-22 13:01:18,0.03180000,0.60700000
2018-02-22 13:01:18,0.03180000,0.03900000
2018-02-22 13:01:18,0.03180000,0.60700000
2018-02-22 13:01:18,0.03180000,0.60700000
2018-02-22 13:01:18,0.03180000,0.03900000
2018-02-22 13:01:18,0.03179200,0.09400000
2018-02-22 13:01:18,0.03180000,0.03900000
2018-02-22 13:01:18,0.03180000,0.15300000
2018-02-22 13:01:18,0.03180000,0.04600000
2018-02-22 13:01:18,0.03180000,0.50600000
2018-02-22 13:01:18,0.03180000,0.03800000
2018-02-22 13:01:18,0.03180000,0.58700000
2018-02-22 13:01:18,0.03180000,0.14900000
2018-02-22 13:01:19,0.03178900,0.03900000
2018-02-22 13:01:19,0.03179800,0.28100000
2018-02-22 13:01:19,0.03178900,0.15300000
2018-02-22 13:01:19,0.03179800,0.41700000
2018-02-22 13:01:19,0.03179800,0.03400000
2018-02-22 13:01:19,0.03180000,0.36800000
2018-02-22 13:01:19,0.03180000,1.48400000
2018-02-22 13:01:19,0.03178900,0.41700000
2018-02-22 13:01:19,0.03180000,0.21800000
2018-02-22 13:01:20,0.03178900,0.46100000
2018-02-22 13:01:20,0.03178200,0.25200000
2018-02-22 13:01:20,0.03177900,0.53500000
2018-02-22 13:01:20,0.03176900,0.18600000
2018-02-22 13:01:20,0.03175800,0.12600000
2018-02-22 13:01:20,0.03175600,0.59200000
2018-02-22 13:01:20,0.03175000,0.14800000
2018-02-22 13:01:20,0.03175000,0.20800000
2018-02-22 13:01:20,0.03180000,4.80700000
2018-02-22 13:01:20,0.03180000,2.33900000
2018-02-22 13:01:20,0.03189000,2.48200000
2018-02-22 13:01:21,0.03179600,0.19000000
2018-02-22 13:01:21,0.03179600,2.95800000
2018-02-22 13:01:21,0.03179400,0.10000000
2018-02-22 13:01:21,0.03175300,6.10300000
2018-02-22 13:01:21,0.03175000,0.72100000
2018-02-22 13:01:21,0.03178900,1.68500000
2018-02-22 13:01:22,0.03175000,4.49900000
2018-02-22 13:01:22,0.03175000,2.46400000
2018-02-22 13:01:22,0.03175100,0.35200000
2018-02-22 13:01:22,0.03175100,1.22500000
2018-02-22 13:01:22,0.03175000,0.77500000
2018-02-22 13:01:25,0.03175300,0.06200000
2018-02-22 13:01:25,0.03175100,0.15800000
2018-02-22 13:01:25,0.03187500,0.21800000
2018-02-22 13:01:25,0.03187500,0.21900000
2018-02-22 13:01:25,0.03187500,2.71100000
2018-02-22 13:01:25,0.03187600,6.10300000
2018-02-22 13:01:25,0.03187700,2.95900000
2018-02-22 13:01:25,0.03188000,1.57700000
2018-02-22 13:01:25,0.03188400,1.18900000
2018-02-22 13:01:25,0.03188400,0.16700000
2018-02-22 13:01:25,0.03188800,0.34600000
2018-02-22 13:01:25,0.03189000,1.20700000
2018-02-22 13:01:26,0.03188800,0.03900000
2018-02-22 13:01:26,0.03188800,0.00100000
2018-02-22 13:01:26,0.03188400,0.74100000
2018-02-22 13:01:27,0.03188400,0.32500000
2018-02-22 13:01:28,0.03188400,10.58800000
2018-02-22 13:01:28,0.03188400,0.03900000
2018-02-22 13:01:28,0.03190600,0.07800000
2018-02-22 13:01:29,0.03188400,21.55800000
2018-02-22 13:01:30,0.03190600,0.54600000
2018-02-22 13:01:30,0.03190700,0.40000000
2018-02-22 13:01:30,0.03191200,0.06200000
2018-02-22 13:01:30,0.03192400,0.77200000
2018-02-22 13:01:30,0.03188400,24.25400000
2018-02-22 13:01:30,0.03185800,0.94100000
2018-02-22 13:01:30,0.03180000,2.41100000
2018-02-22 13:01:32,0.03188400,0.77200000
2018-02-22 13:01:33,0.03188200,0.15800000
2018-02-22 13:01:33,0.03188300,0.94100000
2018-02-22 13:01:33,0.03188400,2.44000000
2018-02-22 13:01:34,0.03188400,6.00400000
2018-02-22 13:01:35,0.03181200,0.94300000
2018-02-22 13:01:35,0.03181100,3.14300000
2018-02-22 13:01:35,0.03180900,1.31200000
2018-02-22 13:01:36,0.03190000,5.46600000
2018-02-22 13:01:39,0.03181300,0.34600000
2018-02-22 13:01:39,0.03181200,0.10600000
2018-02-22 13:01:40,0.03188200,0.51000000
2018-02-22 13:01:40,0.03182400,1.11600000
2018-02-22 13:01:40,0.03187900,0.03900000
2018-02-22 13:01:40,0.03182400,1.89400000
2018-02-22 13:01:43,0.03182600,0.99800000
2018-02-22 13:01:43,0.03182500,0.29400000
2018-02-22 13:01:43,0.03180000,0.52500000
2018-02-22 13:01:45,0.03183000,1.53800000
2018-02-22 13:01:47,0.03183000,0.12700000
2018-02-22 13:01:54,0.03183000,0.45800000
2018-02-22 13:01:55,0.03182800,2.59400000
2018-02-22 13:01:55,0.03183000,2.74300000
2018-02-22 13:01:55,0.03186600,1.80700000
2018-02-22 13:01:57,0.03186800,0.47200000
2018-02-22 13:01:57,0.03186900,0.23500000
2018-02-22 13:01:57,0.03186600,7.54700000
2018-02-22 13:01:57,0.03186600,12.53200000
2018-02-22 13:01:58,0.03186600,0.12200000
2018-02-22 13:01:58,0.03183000,1.84200000
2018-02-22 13:01:59,0.03183000,0.17400000
2018-02-22 13:01:59,0.03183000,0.28400000
2018-02-22 13:01:59,0.03186900,0.06500000
2018-02-22 13:01:59,0.03187000,0.64800000
2018-02-22 13:02:00,0.03183000,0.34600000
2018-02-22 13:02:00,0.03180000,0.23000000
2018-02-22 13:02:01,0.03183000,2.10000000
2018-02-22 13:02:02,0.03180300,0.62800000
2018-02-22 13:02:02,0.03180000,2.49900000
2018-02-22 13:02:02,0.03179000,21.97300000
2018-02-22 13:02:02,0.03177000,14.41000000
2018-02-22 13:02:02,0.03175000,7.65000000
2018-02-22 13:02:03,0.03175000,5.89600000
2018-02-22 13:02:04,0.03180100,0.23000000
2018-02-22 13:02:05,0.03180100,1.19900000
2018-02-22 13:02:06,0.03182900,0.19800000
2018-02-22 13:02:06,0.03180300,0.54500000
2018-02-22 13:02:06,0.03180100,0.36400000
2018-02-22 13:02:08,0.03180100,3.16800000
2018-02-22 13:02:08,0.03180000,6.24200000
2018-02-22 13:02:08,0.03172900,0.05100000
2018-02-22 13:02:08,0.03172300,0.31500000
2018-02-22 13:02:08,0.03170800,0.33900000
2018-02-22 13:02:08,0.03170700,3.78500000
2018-02-22 13:02:08,0.03170400,0.31600000
2018-02-22 13:02:08,0.03170200,0.30500000
2018-02-22 13:02:08,0.03170000,5.47300000
2018-02-22 13:02:08,0.03170000,0.25000000
2018-02-22 13:02:08,0.03170200,1.36400000
2018-02-22 13:02:09,0.03182700,2.27400000
2018-02-22 13:02:09,0.03182700,0.03500000
2018-02-22 13:02:09,0.03182800,0.87200000
2018-02-22 13:02:09,0.03182900,0.07900000
2018-02-22 13:02:09,0.03182800,0.03400000
2018-02-22 13:02:09,0.03183000,1.28500000
2018-02-22 13:02:09,0.03183000,1.28500000
2018-02-22 13:02:10,0.03182800,0.05500000
2018-02-22 13:02:10,0.03186900,0.34900000
2018-02-22 13:02:10,0.03186900,0.59400000
2018-02-22 13:02:10,0.03182800,2.58500000
2018-02-22 13:02:10,0.03180100,0.04000000
2018-02-22 13:02:10,0.03178800,3.77500000
2018-02-22 13:02:10,0.03175000,0.06400000
2018-02-22 13:02:10,0.03175000,2.57600000
2018-02-22 13:02:10,0.03175000,0.94100000
2018-02-22 13:02:10,0.03175000,2.57600000
2018-02-22 13:02:10,0.03175000,1.00000000
2018-02-22 13:02:10,0.03175000,2.14700000
2018-02-22 13:02:10,0.03175000,2.57600000
2018-02-22 13:02:11,0.03175000,0.94400000
2018-02-22 13:02:11,0.03175000,3.00000000
2018-02-22 13:02:11,0.03175000,2.57900000
2018-02-22 13:02:11,0.03170700,0.78800000
2018-02-22 13:02:11,0.03170600,1.57700000
2018-02-22 13:02:11,0.03170000,0.69000000
2018-02-22 13:02:11,0.03170100,0.94400000
2018-02-22 13:02:11,0.03175000,0.57700000
2018-02-22 13:02:11,0.03175000,0.28200000
2018-02-22 13:02:11,0.03174800,0.50000000
2018-02-22 13:02:11,0.03174800,0.50000000
2018-02-22 13:02:11,0.03174800,0.36400000
2018-02-22 13:02:11,0.03170200,0.71700000
2018-02-22 13:02:12,0.03170200,0.86500000
2018-02-22 13:02:13,0.03170500,0.28200000
2018-02-22 13:02:13,0.03170200,2.31800000
2018-02-22 13:02:13,0.03170100,0.00200000
2018-02-22 13:02:13,0.03170000,2.86200000
2018-02-22 13:02:14,0.03174200,0.23800000
2018-02-22 13:02:15,0.03171300,0.47200000
2018-02-22 13:02:15,0.03170000,1.49400000
2018-02-22 13:02:16,0.03170000,0.62700000
2018-02-22 13:02:16,0.03170200,1.16300000
2018-02-22 13:02:16,0.03170700,0.35000000
2018-02-22 13:02:17,0.03170000,0.15400000
2018-02-22 13:02:17,0.03173800,0.19800000
2018-02-22 13:02:17,0.03173800,0.86500000
2018-02-22 13:02:17,0.03170000,0.04600000
2018-02-22 13:02:18,0.03173800,0.51400000
2018-02-22 13:02:18,0.03174500,2.84800000
2018-02-22 13:02:18,0.03170300,0.63000000
2018-02-22 13:02:18,0.03170000,9.17300000
2018-02-22 13:02:18,0.03170000,1.02300000
2018-02-22 13:02:19,0.03170200,0.04400000
2018-02-22 13:02:19,0.03170100,0.29300000
2018-02-22 13:02:19,0.03170200,0.98300000
2018-02-22 13:02:19,0.03170100,2.55500000
2018-02-22 13:02:19,0.03170000,0.45500000
2018-02-22 13:02:20,0.03170000,15.75300000
2018-02-22 13:02:20,0.03168600,0.37900000
2018-02-22 13:02:20,0.03168600,0.20000000
2018-02-22 13:02:21,0.03168200,1.65200000
2018-02-22 13:02:23,0.03168600,0.63000000
2018-02-22 13:02:25,0.03168200,0.06700000
2018-02-22 13:02:26,0.03168600,1.36700000
2018-02-22 13:02:26,0.03168400,0.10000000
2018-02-22 13:02:26,0.03168200,0.21700000
2018-02-22 13:02:26,0.03170000,0.29800000
2018-02-22 13:02:26,0.03170000,0.00800000
2018-02-22 13:02:26,0.03168200,1.37700000
2018-02-22 13:02:26,0.03167400,0.05700000
2018-02-22 13:02:28,0.03166700,0.11800000
2018-02-22 13:02:28,0.03166400,0.58400000
2018-02-22 13:02:28,0.03165700,0.09600000
2018-02-22 13:02:28,0.03165600,0.15600000
2018-02-22 13:02:28,0.03165500,0.67300000
2018-02-22 13:02:30,0.03169900,0.50000000
2018-02-22 13:02:31,0.03169000,0.05000000
2018-02-22 13:02:31,0.03165500,0.30400000
2018-02-22 13:02:31,0.03165000,0.03700000
2018-02-22 13:02:33,0.03164200,0.18600000
2018-02-22 13:02:33,0.03163000,0.18200000
2018-02-22 13:02:33,0.03162300,0.44500000
2018-02-22 13:02:33,0.03162100,0.38200000
2018-02-22 13:02:33,0.03160700,0.06900000
2018-02-22 13:02:33,0.03159700,0.74600000
2018-02-22 13:02:33,0.03156800,0.30700000
2018-02-22 13:02:33,0.03156600,0.15800000
2018-02-22 13:02:33,0.03156000,6.51700000
2018-02-22 13:02:33,0.03155500,0.07900000
2018-02-22 13:02:33,0.03155000,11.27400000
2018-02-22 13:02:33,0.03154400,8.00000000
2018-02-22 13:02:33,0.03154300,0.39600000
2018-02-22 13:02:33,0.03154000,0.39200000
2018-02-22 13:02:33,0.03154000,0.09500000
2018-02-22 13:02:33,0.03154000,0.07900000
2018-02-22 13:02:33,0.03154000,0.50000000
2018-02-22 13:02:33,0.03154000,0.20800000
2018-02-22 13:02:33,0.03154000,0.17700000
2018-02-22 13:02:33,0.03154000,0.21300000
2018-02-22 13:02:33,0.03154000,0.21300000
2018-02-22 13:02:33,0.03154000,1.86000000
2018-02-22 13:02:33,0.03154000,0.21300000
2018-02-22 13:02:33,0.03154000,1.65000000
2018-02-22 13:02:34,0.03153900,0.59300000
2018-02-22 13:02:34,0.03153900,0.17400000
2018-02-22 13:02:34,0.03153900,1.37100000
2018-02-22 13:02:34,0.03153900,0.07900000
2018-02-22 13:02:34,0.03153100,0.38100000
2018-02-22 13:02:34,0.03152300,0.22300000
2018-02-22 13:02:34,0.03151400,0.19600000
2018-02-22 13:02:34,0.03150600,0.09100000
2018-02-22 13:02:35,0.03150600,0.09500000
2018-02-22 13:02:35,0.03150400,0.15800000
2018-02-22 13:02:35,0.03150000,1.10100000
2018-02-22 13:02:35,0.03153900,0.10000000
2018-02-22 13:02:35,0.03154000,0.10400000
2018-02-22 13:02:35,0.03154000,0.78900000
2018-02-22 13:02:35,0.03150000,5.04800000
2018-02-22 13:02:36,0.03154000,0.35600000
2018-02-22 13:02:36,0.03150000,0.34900000
2018-02-22 13:02:36,0.03153900,0.23300000
2018-02-22 13:02:37,0.03150000,0.10000000
2018-02-22 13:02:37,0.03150000,3.35800000
2018-02-22 13:02:37,0.03152700,1.01000000
2018-02-22 13:02:38,0.03153900,0.07300000
2018-02-22 13:02:38,0.03154000,0.57400000
2018-02-22 13:02:38,0.03152700,2.16100000
2018-02-22 13:02:38,0.03150000,1.07400000
2018-02-22 13:02:39,0.03153300,0.10000000
2018-02-22 13:02:40,0.03154000,1.11000000
2018-02-22 13:02:40,0.03154000,34.93700000
2018-02-22 13:02:40,0.03154000,0.54800000
2018-02-22 13:02:40,0.03154000,0.11000000
2018-02-22 13:02:40,0.03150000,2.97600000
2018-02-22 13:02:40,0.03150000,0.65800000
2018-02-22 13:02:40,0.03150000,0.05200000
2018-02-22 13:02:40,0.03150000,0.40900000
2018-02-22 13:02:40,0.03153000,0.04100000
2018-02-22 13:02:41,0.03153000,0.02100000
2018-02-22 13:02:41,0.03153100,1.30100000
2018-02-22 13:02:41,0.03154000,0.21300000
2018-02-22 13:02:41,0.03157100,1.50000000
2018-02-22 13:02:41,0.03154000,5.69300000
2018-02-22 13:02:41,0.03150000,4.08800000
2018-02-22 13:02:42,0.03157100,2.07100000
2018-02-22 13:02:42,0.03164900,2.86400000
2018-02-22 13:02:42,0.03165000,0.41500000
2018-02-22 13:02:43,0.03154100,2.86400000
2018-02-22 13:02:43,0.03154000,1.15900000
2018-02-22 13:02:43,0.03150600,0.72800000
2018-02-22 13:02:43,0.03157000,0.21800000
2018-02-22 13:02:44,0.03157000,0.72800000
2018-02-22 13:02:44,0.03158500,0.03400000
2018-02-22 13:02:44,0.03158500,0.50000000
2018-02-22 13:02:44,0.03158500,0.94900000
2018-02-22 13:02:44,0.03158500,0.72800000
2018-02-22 13:02:44,0.03158500,0.70100000
2018-02-22 13:02:44,0.03158500,0.25400000
2018-02-22 13:02:44,0.03157300,0.37700000
2018-02-22 13:02:46,0.03162900,0.07800000
2018-02-22 13:02:47,0.03162900,0.09500000
2018-02-22 13:02:47,0.03157900,2.79200000
2018-02-22 13:02:47,0.03157400,0.01000000
2018-02-22 13:02:47,0.03160000,0.10000000
2018-02-22 13:02:47,0.03158000,0.21900000
2018-02-22 13:02:47,0.03160000,0.10000000
2018-02-22 13:02:48,0.03158000,3.04300000
2018-02-22 13:02:49,0.03159700,0.07900000
2018-02-22 13:02:49,0.03157100,3.23400000
2018-02-22 13:02:49,0.03150000,0.16600000
2018-02-22 13:02:49,0.03150100,0.79600000
2018-02-22 13:02:50,0.03157800,0.03100000
2018-02-22 13:02:50,0.03150100,0.03200000
2018-02-22 13:02:50,0.03157800,0.10000000
2018-02-22 13:02:50,0.03156900,3.03800000
2018-02-22 13:02:50,0.03157100,0.00700000
2018-02-22 13:02:51,0.03150200,0.07900000
2018-02-22 13:02:51,0.03150100,1.17200000
2018-02-22 13:02:51,0.03150000,6.39700000
2018-02-22 13:02:51,0.03150000,0.25700000
2018-02-22 13:02:51,0.03150000,0.59100000
2018-02-22 13:02:51,0.03157000,0.07900000
2018-02-22 13:02:53,0.03150400,0.07700000
2018-02-22 13:02:53,0.03149400,0.46100000
2018-02-22 13:02:53,0.03148900,1.59200000
2018-02-22 13:02:53,0.03148600,0.66800000
2018-02-22 13:02:53,0.03148500,0.78600000
2018-02-22 13:02:53,0.03148000,0.11800000
2018-02-22 13:02:53,0.03147500,0.27400000
2018-02-22 13:02:53,0.03147400,0.11800000
2018-02-22 13:02:53,0.03147100,1.33800000
2018-02-22 13:02:53,0.03146800,0.07100000
2018-02-22 13:02:53,0.03146200,0.06400000
2018-02-22 13:02:53,0.03146100,2.69900000
2018-02-22 13:02:54,0.03150800,0.10500000
2018-02-22 13:02:54,0.03146000,0.21100000
2018-02-22 13:02:54,0.03145800,0.42400000
2018-02-22 13:02:54,0.03144600,0.62500000
2018-02-22 13:02:55,0.03150600,0.10000000
2018-02-22 13:02:56,0.03144800,3.17600000
2018-02-22 13:02:56,0.03144600,0.10500000
2018-02-22 13:02:56,0.03143900,0.94000000
2018-02-22 13:02:56,0.03142000,0.12800000
2018-02-22 13:02:56,0.03141400,2.34300000
2018-02-22 13:02:56,0.03141400,1.50000000
2018-02-22 13:02:56,0.03141400,1.22000000
2018-02-22 13:02:56,0.03140600,0.39400000
2018-02-22 13:02:56,0.03140000,5.88600000
2018-02-22 13:02:56,0.03140000,8.87200000
2018-02-22 13:02:58,0.03145900,0.07200000
2018-02-22 13:02:58,0.03145900,2.32500000
2018-02-22 13:02:58,0.03145900,0.07500000
2018-02-22 13:02:59,0.03144800,0.54100000
2018-02-22 13:02:59,0.03141400,0.36800000
2018-02-22 13:02:59,0.03140100,0.79300000
2018-02-22 13:02:59,0.03140000,1.29100000
2018-02-22 13:02:59,0.03145800,0.95900000
2018-02-22 13:02:59,0.03146100,2.62500000
2018-02-22 13:02:59,0.03145600,0.20900000
2018-02-22 13:03:00,0.03145300,0.29400000
2018-02-22 13:03:02,0.03145000,0.16100000
2018-02-22 13:03:02,0.03145000,0.04000000
2018-02-22 13:03:02,0.03145200,0.07900000
2018-02-22 13:03:03,0.03142400,2.86500000
2018-02-22 13:03:03,0.03144900,0.16100000
2018-02-22 13:03:04,0.03143700,0.10000000
2018-02-22 13:03:04,0.03142400,4.94800000
2018-02-22 13:03:04,0.03142400,0.03900000
2018-02-22 13:03:04,0.03142400,1.69400000
2018-02-22 13:03:04,0.03142300,0.61000000
2018-02-22 13:03:04,0.03141000,0.04100000
2018-02-22 13:03:04,0.03140500,0.95500000
2018-02-22 13:03:04,0.03140000,4.81600000
2018-02-22 13:03:05,0.03144900,0.22400000
2018-02-22 13:03:05,0.03140000,1.13300000
2018-02-22 13:03:05,0.03140000,8.85100000
2018-02-22 13:03:06,0.03144900,1.12800000
2018-02-22 13:03:06,0.03145000,0.35000000
2018-02-22 13:03:06,0.03145300,2.31300000
2018-02-22 13:03:06,0.03145300,0.14800000
2018-02-22 13:03:06,0.03145300,0.09500000
2018-02-22 13:03:06,0.03145300,0.19400000
2018-02-22 13:03:06,0.03145300,1.92700000
2018-02-22 13:03:07,0.03145300,4.15600000
2018-02-22 13:03:07,0.03145300,0.41100000
2018-02-22 13:03:07,0.03145300,0.53100000
2018-02-22 13:03:07,0.03145300,0.53100000
2018-02-22 13:03:07,0.03145300,0.52800000
2018-02-22 13:03:07,0.03145500,0.20100000
2018-02-22 13:03:08,0.03145300,3.09500000
2018-02-22 13:03:08,0.03145300,9.32100000
2018-02-22 13:03:08,0.03140000,5.08400000
2018-02-22 13:03:08,0.03145500,0.59200000
2018-02-22 13:03:08,0.03146000,2.30500000
2018-02-22 13:03:08,0.03146100,1.89200000
2018-02-22 13:03:08,0.03150000,6.29300000
2018-02-22 13:03:08,0.03150000,0.69700000
2018-02-22 13:03:08,0.03150000,5.42400000
2018-02-22 13:03:09,0.03150000,2.61700000
2018-02-22 13:03:09,0.03150100,0.34900000
2018-02-22 13:03:09,0.03150000,0.20700000
2018-02-22 13:03:10,0.03150000,1.65200000
2018-02-22 13:03:10,0.03150100,0.30400000
2018-02-22 13:03:10,0.03150600,1.36200000
2018-02-22 13:03:10,0.03150000,0.23500000
2018-02-22 13:03:10,0.03150600,0.04200000
2018-02-22 13:03:11,0.03150000,7.50000000
2018-02-22 13:03:11,0.03150000,6.45500000
2018-02-22 13:03:11,0.03150000,0.13600000
2018-02-22 13:03:11,0.03150600,3.17000000
2018-02-22 13:03:13,0.03150000,0.16600000
2018-02-22 13:03:13,0.03150100,0.36800000
2018-02-22 13:03:13,0.03150600,0.55100000
2018-02-22 13:03:14,0.03150600,3.20100000
2018-02-22 13:03:14,0.03154900,0.09300000
2018-02-22 13:03:14,0.03155000,5.22300000
2018-02-22 13:03:14,0.03150200,2.51000000
2018-02-22 13:03:15,0.03150200,0.50000000
2018-02-22 13:03:16,0.03150200,0.16100000
2018-02-22 13:03:16,0.03149800,0.59600000
2018-02-22 13:03:18,0.03149800,2.57500000
2018-02-22 13:03:18,0.03150000,0.70400000
2018-02-22 13:03:18,0.03150100,6.63300000
2018-02-22 13:03:18,0.03146700,0.29900000
2018-02-22 13:03:18,0.03150100,6.10200000
2018-02-22 13:03:20,0.03154800,0.11300000
2018-02-22 13:03:22,0.03150600,0.04100000
2018-02-22 13:03:24,0.03154000,2.65900000
2018-02-22 13:03:25,0.03154800,0.31700000
2018-02-22 13:03:25,0.03154800,0.23800000
2018-02-22 13:03:25,0.03154800,0.46400000
2018-02-22 13:03:27,0.03154000,0.06700000
2018-02-22 13:03:27,0.03154900,0.82200000
2018-02-22 13:03:28,0.03154000,0.49900000
2018-02-22 13:03:29,0.03154900,0.13300000
2018-02-22 13:03:29,0.03155000,9.55300000
2018-02-22 13:03:30,0.03155000,2.16900000
2018-02-22 13:03:30,0.03155000,2.39900000
2018-02-22 13:03:30,0.03157100,0.06300000
2018-02-22 13:03:30,0.03157700,0.12800000
2018-02-22 13:03:30,0.03158000,0.10500000
2018-02-22 13:03:30,0.03155000,0.27000000
2018-02-22 13:03:30,0.03158000,1.80900000
2018-02-22 13:03:30,0.03158300,0.06100000
2018-02-22 13:03:30,0.03160000,0.13000000
2018-02-22 13:03:30,0.03155000,0.95300000
2018-02-22 13:03:30,0.03160000,0.07900000
2018-02-22 13:03:31,0.03155200,0.75400000
2018-02-22 13:03:31,0.03155200,1.12000000
2018-02-22 13:03:31,0.03155200,1.51700000
2018-02-22 13:03:32,0.03158600,1.65500000
2018-02-22 13:03:32,0.03156600,3.16500000
2018-02-22 13:03:32,0.03156800,0.48900000
2018-02-22 13:03:32,0.03158400,0.52800000
2018-02-22 13:03:32,0.03160000,0.41800000
2018-02-22 13:03:33,0.03162700,0.07900000
2018-02-22 13:03:33,0.03155400,1.34500000
2018-02-22 13:03:33,0.03156800,0.12700000
2018-02-22 13:03:35,0.03159700,0.04000000
2018-02-22 13:03:36,0.03159700,0.07900000
2018-02-22 13:03:36,0.03157000,0.24400000
2018-02-22 13:03:36,0.03159700,1.62600000
2018-02-22 13:03:36,0.03159900,1.48700000
2018-02-22 13:03:36,0.03160000,2.50000000
2018-02-22 13:03:36,0.03160200,0.22600000
2018-02-22 13:03:37,0.03157200,3.16700000
2018-02-22 13:03:37,0.03157000,0.75600000
2018-02-22 13:03:37,0.03156800,7.69800000
2018-02-22 13:03:38,0.03162500,0.07900000
2018-02-22 13:03:39,0.03156100,3.89600000
2018-02-22 13:03:39,0.03156000,2.24500000
2018-02-22 13:03:39,0.03157100,0.95000000
2018-02-22 13:03:39,0.03157000,3.31600000
2018-02-22 13:03:40,0.03157000,0.50600000
2018-02-22 13:03:41,0.03157000,1.07700000
2018-02-22 13:03:42,0.03159200,3.08800000
2018-02-22 13:03:42,0.03159300,1.91200000
2018-02-22 13:03:42,0.03159300,0.39100000
2018-02-22 13:03:42,0.03159400,0.51600000
2018-02-22 13:03:43,0.03157000,0.26100000
2018-02-22 13:03:43,0.03156800,5.82700000
2018-02-22 13:03:43,0.03157000,0.38200000
2018-02-22 13:03:44,0.03157000,2.78100000
2018-02-22 13:03:44,0.03156900,0.00200000
2018-02-22 13:03:44,0.03160000,2.05100000
2018-02-22 13:03:44,0.03160000,13.79000000
2018-02-22 13:03:44,0.03160000,2.00000000
2018-02-22 13:03:44,0.03160000,1.59200000
2018-02-22 13:03:44,0.03160000,1.56500000
2018-02-22 13:03:45,0.03157000,2.79600000
2018-02-22 13:03:45,0.03156800,1.80700000
2018-02-22 13:03:45,0.03156000,5.53500000
2018-02-22 13:03:46,0.03157800,3.16300000
2018-02-22 13:03:46,0.03158000,0.13500000
2018-02-22 13:03:47,0.03157000,0.06400000
2018-02-22 13:03:47,0.03157000,6.44700000
2018-02-22 13:03:47,0.03156000,2.07000000
2018-02-22 13:03:47,0.03161000,1.00000000
2018-02-22 13:03:47,0.03161500,0.38800000
2018-02-22 13:03:47,0.03161900,0.95200000
2018-02-22 13:03:47,0.03162000,3.17000000
2018-02-22 13:03:47,0.03162700,0.92100000
2018-02-22 13:03:47,0.03164900,0.34600000
2018-02-22 13:03:48,0.03164900,1.47900000
2018-02-22 13:03:48,0.03165000,2.53000000
2018-02-22 13:03:49,0.03164900,0.34100000
2018-02-22 13:03:49,0.03165000,8.80000000
2018-02-22 13:03:50,0.03164900,7.95200000
2018-02-22 13:03:50,0.03161300,0.60400000
2018-02-22 13:03:50,0.03165000,5.43900000
2018-02-22 13:03:50,0.03165000,1.00000000
2018-02-22 13:03:52,0.03165000,7.56400000
2018-02-22 13:03:53,0.03165000,1.00000000
2018-02-22 13:03:53,0.03169000,1.12000000
2018-02-22 13:03:53,0.03169400,0.12700000
2018-02-22 13:03:53,0.03169800,0.09300000
2018-02-22 13:03:53,0.03170000,1.99000000
2018-02-22 13:03:54,0.03170000,3.00400000
2018-02-22 13:03:58,0.03174400,0.07900000
2018-02-22 13:03:58,0.03174400,0.18300000
2018-02-22 13:03:59,0.03170000,7.22800000
2018-02-22 13:03:59,0.03170000,1.00000000
2018-02-22 13:03:59,0.03170000,3.25400000
2018-02-22 13:04:00,0.03170000,1.57100000
2018-02-22 13:04:00,0.03170000,0.27400000
2018-02-22 13:04:00,0.03170000,0.05200000
2018-02-22 13:04:01,0.03169900,0.95000000
2018-02-22 13:04:01,0.03170000,1.75800000
2018-02-22 13:04:02,0.03170000,0.78300000
2018-02-22 13:04:02,0.03170000,0.18200000
2018-02-22 13:04:03,0.03169900,0.19200000
2018-02-22 13:04:04,0.03165200,3.15700000
2018-02-22 13:04:04,0.03165000,10.99500000
2018-02-22 13:04:04,0.03169900,2.20500000
2018-02-22 13:04:04,0.03169900,7.14900000
2018-02-22 13:04:04,0.03170000,1.23500000
2018-02-22 13:04:04,0.03170000,0.35000000
2018-02-22 13:04:04,0.03170000,31.31000000
2018-02-22 13:04:04,0.03174400,15.29400000
2018-02-22 13:04:04,0.03174400,3.15700000
2018-02-22 13:04:04,0.03175500,1.05900000
2018-02-22 13:04:05,0.03174400,0.33700000
2018-02-22 13:04:05,0.03165100,0.94700000
2018-02-22 13:04:05,0.03165000,20.73500000
2018-02-22 13:04:05,0.03174400,0.35200000
2018-02-22 13:04:06,0.03174400,1.81700000
2018-02-22 13:04:08,0.03174400,0.06100000
2018-02-22 13:04:08,0.03165400,3.15700000
2018-02-22 13:04:08,0.03165200,0.09500000
2018-02-22 13:04:08,0.03165000,11.31600000
2018-02-22 13:04:08,0.03165000,6.78100000
2018-02-22 13:04:08,0.03164900,3.23200000
2018-02-22 13:04:09,0.03169800,0.19900000
2018-02-22 13:04:09,0.03169800,0.43500000
2018-02-22 13:04:09,0.03169800,0.53300000
2018-02-22 13:04:11,0.03169800,2.39000000
2018-02-22 13:04:11,0.03169800,3.63800000
2018-02-22 13:04:11,0.03170000,3.05100000
2018-02-22 13:04:13,0.03169900,0.69100000
2018-02-22 13:04:13,0.03166200,1.65500000
2018-02-22 13:04:13,0.03169900,0.04500000
2018-02-22 13:04:14,0.03169800,0.92000000
2018-02-22 13:04:15,0.03165300,3.15500000
2018-02-22 13:04:16,0.03169900,0.21400000
2018-02-22 13:04:16,0.03169900,0.49600000
2018-02-22 13:04:16,0.03169700,0.07700000
2018-02-22 13:04:16,0.03165100,0.92500000
2018-02-22 13:04:17,0.03169700,0.09200000
2018-02-22 13:04:17,0.03165000,2.29800000
2018-02-22 13:04:17,0.03164900,4.37700000
2018-02-22 13:04:17,0.03162300,1.58900000
2018-02-22 13:04:17,0.03161600,1.60000000
2018-02-22 13:04:17,0.03161400,12.94000000
2018-02-22 13:04:17,0.03161300,4.53200000
2018-02-22 13:04:20,0.03169100,2.79600000
2018-02-22 13:04:20,0.03161900,2.91500000
2018-02-22 13:04:20,0.03158000,0.15800000
2018-02-22 13:04:20,0.03157800,0.01100000
2018-02-22 13:04:20,0.03161900,0.40000000
2018-02-22 13:04:21,0.03157800,1.59000000
2018-02-22 13:04:21,0.03168000,4.08100000
2018-02-22 13:04:23,0.03167500,0.19000000
2018-02-22 13:04:23,0.03167700,1.58900000
2018-02-22 13:04:23,0.03167800,0.40000000
2018-02-22 13:04:23,0.03167900,2.45500000
2018-02-22 13:04:23,0.03168000,3.03400000
2018-02-22 13:04:23,0.03165400,3.30600000
2018-02-22 13:04:28,0.03165400,1.27600000
2018-02-22 13:04:29,0.03165400,0.15700000
2018-02-22 13:04:29,0.03167900,1.37600000
2018-02-22 13:04:31,0.03166600,0.04000000
2018-02-22 13:04:31,0.03167500,0.31000000
2018-02-22 13:04:33,0.03165500,0.54000000
2018-02-22 13:04:37,0.03165500,0.24300000
2018-02-22 13:04:37,0.03167000,4.76000000
2018-02-22 13:04:37,0.03167500,1.31400000
2018-02-22 13:04:37,0.03167900,0.64400000
2018-02-22 13:04:37,0.03168000,1.02000000
2018-02-22 13:04:38,0.03165400,4.72900000
2018-02-22 13:04:39,0.03165000,0.73100000
2018-02-22 13:04:40,0.03165300,1.60000000
2018-02-22 13:04:40,0.03165400,0.37800000
2018-02-22 13:04:44,0.03165000,0.03700000
2018-02-22 13:04:44,0.03158300,0.94900000
2018-02-22 13:04:44,0.03158200,0.68700000
2018-02-22 13:04:44,0.03165400,1.02500000
2018-02-22 13:04:44,0.03158400,0.54200000
2018-02-22 13:04:47,0.03164700,0.68700000
2018-02-22 13:04:47,0.03164800,0.94900000
2018-02-22 13:04:47,0.03164900,0.40000000
2018-02-22 13:04:47,0.03165000,0.96400000
2018-02-22 13:04:50,0.03159400,2.30300000
2018-02-22 13:04:50,0.03159100,0.54200000
2018-02-22 13:04:51,0.03159300,1.77700000
2018-02-22 13:04:51,0.03160000,3.75000000
2018-02-22 13:04:53,0.03159000,0.03100000
2018-02-22 13:04:57,0.03159000,0.36900000
2018-02-22 13:04:57,0.03157900,2.52400000
2018-02-22 13:04:57,0.03160000,0.27100000
2018-02-22 13:04:58,0.03160000,0.60900000
2018-02-22 13:04:58,0.03160000,0.27400000
2018-02-22 13:04:58,0.03160000,0.64900000
2018-02-22 13:04:58,0.03160000,0.09600000
2018-02-22 13:04:58,0.03160000,0.64900000
2018-02-22 13:04:58,0.03160000,0.77900000
2018-02-22 13:04:58,0.03157900,0.63400000
2018-02-22 13:05:00,0.03160000,1.43500000
2018-02-22 13:05:01,0.03160400,1.17900000
2018-02-22 13:05:01,0.03158000,1.58900000
2018-02-22 13:05:01,0.03157900,0.25200000
2018-02-22 13:05:01,0.03158100,1.25100000
2018-02-22 13:05:01,0.03158800,0.29200000
2018-02-22 13:05:05,0.03157900,0.95900000
2018-02-22 13:05:06,0.03158000,2.79500000
2018-02-22 13:05:07,0.03158000,0.10000000
2018-02-22 13:05:07,0.03158100,0.04000000
2018-02-22 13:05:08,0.03158100,1.54900000
2018-02-22 13:05:08,0.03158800,1.97300000
2018-02-22 13:05:08,0.03164900,1.99600000
2018-02-22 13:05:09,0.03158500,0.70700000
2018-02-22 13:05:10,0.03158800,0.50000000
2018-02-22 13:05:11,0.03158800,0.18500000
2018-02-22 13:05:12,0.03163900,1.37500000
2018-02-22 13:05:12,0.03163700,1.39200000
2018-02-22 13:05:12,0.03163900,0.92700000
2018-02-22 13:05:12,0.03164000,1.71500000
2018-02-22 13:05:12,0.03164900,4.47700000
2018-02-22 13:05:12,0.03160000,1.06200000
2018-02-22 13:05:12,0.03164900,2.83800000
2018-02-22 13:05:12,0.03165000,6.42200000
2018-02-22 13:05:12,0.03165500,0.68200000
2018-02-22 13:05:14,0.03168200,0.48300000
2018-02-22 13:05:14,0.03169800,0.09500000
2018-02-22 13:05:14,0.03170000,35.19600000
2018-02-22 13:05:14,0.03169700,2.89500000
2018-02-22 13:05:14,0.03170000,6.50300000
2018-02-22 13:05:14,0.03170000,31.99700000
2018-02-22 13:05:14,0.03170000,1.32100000
2018-02-22 13:05:14,0.03175500,0.60700000
2018-02-22 13:05:15,0.03165900,3.15500000
2018-02-22 13:05:15,0.03165700,1.09700000
2018-02-22 13:05:15,0.03165400,0.05000000
2018-02-22 13:05:15,0.03164800,0.09400000
2018-02-22 13:05:15,0.03164800,1.37500000
2018-02-22 13:05:15,0.03164600,0.34900000
2018-02-22 13:05:15,0.03164600,2.80600000
2018-02-22 13:05:15,0.03164800,9.77800000
2018-02-22 13:05:16,0.03160900,0.43500000
2018-02-22 13:05:19,0.03176400,0.02900000
2018-02-22 13:05:21,0.03169800,3.16300000
2018-02-22 13:05:21,0.03169600,0.94600000
2018-02-22 13:05:21,0.03169300,1.58900000
2018-02-22 13:05:21,0.03168700,3.15500000
2018-02-22 13:05:21,0.03168600,0.09400000
2018-02-22 13:05:21,0.03164100,0.35700000
2018-02-22 13:05:21,0.03161100,6.80500000
2018-02-22 13:05:22,0.03175800,0.77600000
2018-02-22 13:05:29,0.03173800,2.46700000
2018-02-22 13:05:30,0.03173000,0.08900000
2018-02-22 13:05:30,0.03172900,0.26400000
2018-02-22 13:05:30,0.03172700,0.12600000
2018-02-22 13:05:30,0.03171000,0.09400000
2018-02-22 13:05:30,0.03170200,0.95300000
2018-02-22 13:05:30,0.03169100,0.37900000
2018-02-22 13:05:35,0.03168500,0.31700000
2018-02-22 13:05:35,0.03168700,1.09700000
2018-02-22 13:05:35,0.03168800,0.43500000
2018-02-22 13:05:35,0.03169000,1.58900000
2018-02-22 13:05:35,0.03169100,9.90900000
2018-02-22 13:05:35,0.03169300,3.50800000
2018-02-22 13:05:37,0.03169300,3.15500000
2018-02-22 13:05:39,0.03170000,0.23100000
2018-02-22 13:05:40,0.03173300,1.09000000
2018-02-22 13:05:40,0.03174100,0.06600000
2018-02-22 13:05:40,0.03174400,1.02700000
2018-02-22 13:05:43,0.03174400,4.30700000
2018-02-22 13:05:43,0.03174400,0.58300000
2018-02-22 13:05:43,0.03170300,0.06800000
2018-02-22 13:05:43,0.03169300,0.35300000
2018-02-22 13:05:43,0.03169100,3.94700000
2018-02-22 13:05:45,0.03174300,1.64500000
2018-02-22 13:05:45,0.03169600,0.48000000
2018-02-22 13:05:47,0.03169600,2.50600000
2018-02-22 13:05:47,0.03174300,0.25400000
2018-02-22 13:05:47,0.03174400,2.03500000
2018-02-22 13:05:47,0.03175000,2.73200000
2018-02-22 13:05:48,0.03176600,2.98600000
2018-02-22 13:05:48,0.03176800,0.11300000
2018-02-22 13:05:50,0.03176800,0.02200000
2018-02-22 13:05:51,0.03176800,0.57400000
2018-02-22 13:05:51,0.03176800,0.44300000
2018-02-22 13:05:51,0.03175000,3.50000000
2018-02-22 13:05:52,0.03175000,3.14800000
2018-02-22 13:05:52,0.03175000,0.21500000
2018-02-22 13:05:53,0.03174900,0.57000000
2018-02-22 13:05:53,0.03175000,0.36600000
2018-02-22 13:05:55,0.03175000,6.05100000
2018-02-22 13:05:55,0.03175000,2.55400000
2018-02-22 13:05:56,0.03175000,1.26900000
2018-02-22 13:05:59,0.03170200,4.09900000
2018-02-22 13:06:00,0.03170000,1.34800000
2018-02-22 13:06:01,0.03170000,1.80500000
2018-02-22 13:06:01,0.03170200,0.79500000
2018-02-22 13:06:01,0.03170200,0.31500000
2018-02-22 13:06:03,0.03170200,0.43700000
2018-02-22 13:06:07,0.03170200,0.66600000
2018-02-22 13:06:07,0.03170200,3.63800000
2018-02-22 13:06:09,0.03174900,1.14600000
2018-02-22 13:06:10,0.03170200,26.31800000
2018-02-22 13:06:10,0.03169600,0.91000000
2018-02-22 13:06:10,0.03169200,0.09400000
2018-02-22 13:06:10,0.03169100,17.63000000
2018-02-22 13:06:10,0.03169100,1.23300000
2018-02-22 13:06:11,0.03170200,8.27200000
2018-02-22 13:06:12,0.03169500,0.13200000
2018-02-22 13:06:12,0.03169500,3.01600000
2018-02-22 13:06:12,0.03174700,1.34700000
2018-02-22 13:06:12,0.03174800,0.54200000
2018-02-22 13:06:12,0.03174900,30.89400000
2018-02-22 13:06:13,0.03174900,2.74000000
2018-02-22 13:06:13,0.03170200,0.50000000
2018-02-22 13:06:14,0.03170200,2.17100000
2018-02-22 13:06:14,0.03170200,2.27400000
2018-02-22 13:06:16,0.03170200,1.18700000
2018-02-22 13:06:16,0.03174900,13.61400000
2018-02-22 13:06:16,0.03175000,21.15700000
2018-02-22 13:06:18,0.03175000,4.26700000
2018-02-22 13:06:20,0.03175000,1.06900000
2018-02-22 13:06:22,0.03175000,2.32600000
2018-02-22 13:06:23,0.03175000,0.14300000
2018-02-22 13:06:23,0.03175000,6.15400000
2018-02-22 13:06:23,0.03175100,0.14300000
2018-02-22 13:06:24,0.03175200,0.34900000
2018-02-22 13:06:25,0.03175300,0.67800000
2018-02-22 13:06:27,0.03179700,0.34900000
2018-02-22 13:06:27,0.03179900,1.16300000
2018-02-22 13:06:27,0.03180400,0.89800000
2018-02-22 13:06:28,0.03181700,0.09400000
2018-02-22 13:06:29,0.03182400,1.20400000
2018-02-22 13:06:29,0.03182800,1.20400000
2018-02-22 13:06:29,0.03183000,0.82700000
2018-02-22 13:06:29,0.03183400,0.80300000
2018-02-22 13:06:29,0.03183400,1.60500000
2018-02-22 13:06:29,0.03183500,0.59600000
2018-02-22 13:06:31,0.03183000,1.00000000
2018-02-22 13:06:31,0.03184300,0.09400000
2018-02-22 13:06:32,0.03180100,0.04000000
2018-02-22 13:06:37,0.03184800,0.67800000
2018-02-22 13:06:37,0.03184900,0.58900000
2018-02-22 13:06:37,0.03185000,8.59300000
2018-02-22 13:06:37,0.03185000,2.20500000
2018-02-22 13:06:37,0.03185400,0.12600000
2018-02-22 13:06:39,0.03186700,0.09400000
2018-02-22 13:06:40,0.03184800,1.76600000
2018-02-22 13:06:41,0.03188400,0.06900000
2018-02-22 13:06:41,0.03188500,0.09000000
2018-02-22 13:06:42,0.03188500,0.07200000
2018-02-22 13:06:43,0.03188500,0.02300000
2018-02-22 13:06:46,0.03184800,1.06500000
2018-02-22 13:06:46,0.03181900,1.58500000
2018-02-22 13:06:46,0.03181800,0.12600000
2018-02-22 13:06:46,0.03181200,0.17300000
2018-02-22 13:06:46,0.03180100,0.15000000
2018-02-22 13:06:47,0.03188400,0.15400000
2018-02-22 13:06:47,0.03188400,1.43100000
2018-02-22 13:06:47,0.03188500,6.74700000
2018-02-22 13:06:47,0.03188800,0.49300000
2018-02-22 13:06:47,0.03190000,0.21200000
2018-02-22 13:06:48,0.03190000,8.38200000
2018-02-22 13:06:48,0.03190000,1.01100000
2018-02-22 13:06:51,0.03190000,1.77900000
2018-02-22 13:06:51,0.03190400,0.70600000
2018-02-22 13:06:51,0.03190600,0.47200000
2018-02-22 13:06:51,0.03191200,0.70700000
2018-02-22 13:06:51,0.03191600,0.35300000
2018-02-22 13:06:51,0.03191900,2.91400000
2018-02-22 13:06:51,0.03192500,2.84300000
2018-02-22 13:06:51,0.03192500,1.14800000
2018-02-22 13:06:52,0.03192500,1.34700000
2018-02-22 13:06:52,0.03192500,0.94000000
2018-02-22 13:06:52,0.03192500,0.17300000
2018-02-22 13:06:52,0.03192500,2.78500000
2018-02-22 13:06:52,0.03192500,1.19500000
2018-02-22 13:06:55,0.03190600,0.88300000
2018-02-22 13:06:55,0.03192500,1.06900000
2018-02-22 13:06:55,0.03190400,0.95700000
2018-02-22 13:06:58,0.03193300,0.49500000
2018-02-22 13:06:58,0.03194500,0.28400000
2018-02-22 13:06:58,0.03196000,1.41500000
2018-02-22 13:06:59,0.03190600,0.80000000
2018-02-22 13:06:59,0.03193300,0.11000000
2018-02-22 13:06:59,0.03193300,1.51700000
2018-02-22 13:06:59,0.03190400,0.05600000
2018-02-22 13:06:59,0.03190400,0.08700000
2018-02-22 13:06:59,0.03190100,1.54000000
2018-02-22 13:06:59,0.03190100,1.28600000
2018-02-22 13:06:59,0.03190000,0.34100000
2018-02-22 13:07:00,0.03191000,3.14700000
2018-02-22 13:07:02,0.03191000,1.30500000
2018-02-22 13:07:02,0.03190200,0.09300000
2018-02-22 13:07:02,0.03190100,0.24200000
2018-02-22 13:07:02,0.03190000,34.13400000
2018-02-22 13:07:02,0.03190000,6.10500000
2018-02-22 13:07:03,0.03190300,3.91600000
2018-02-22 13:07:03,0.03180700,1.55900000
2018-02-22 13:07:04,0.03190100,1.00000000
2018-02-22 13:07:04,0.03190000,0.14600000
2018-02-22 13:07:04,0.03190000,0.29500000
2018-02-22 13:07:04,0.03190000,0.05900000
2018-02-22 13:07:05,0.03189000,0.06300000
2018-02-22 13:07:05,0.03185100,1.34700000
2018-02-22 13:07:06,0.03185100,0.94600000
2018-02-22 13:07:06,0.03180900,0.15700000
2018-02-22 13:07:06,0.03180700,3.89700000
2018-02-22 13:07:06,0.03180600,0.58300000
2018-02-22 13:07:06,0.03180400,0.94300000
2018-02-22 13:07:06,0.03180100,0.36500000
2018-02-22 13:07:09,0.03188400,0.50000000
2018-02-22 13:07:10,0.03188100,0.27700000
2018-02-22 13:07:10,0.03188200,0.86300000
2018-02-22 13:07:10,0.03188200,0.77700000
2018-02-22 13:07:16,0.03187400,0.50000000
2018-02-22 13:07:18,0.03187300,0.32400000
2018-02-22 13:07:19,0.03187200,0.22400000
2018-02-22 13:07:25,0.03186800,1.83500000
2018-02-22 13:07:26,0.03186700,0.30700000
2018-02-22 13:07:26,0.03182300,0.16700000
2018-02-22 13:07:26,0.03182100,1.64300000
2018-02-22 13:07:26,0.03180200,0.38400000
2018-02-22 13:07:29,0.03180700,3.14100000
2018-02-22 13:07:29,0.03180500,1.57800000
2018-02-22 13:07:29,0.03180400,4.82400000
2018-02-22 13:07:30,0.03180900,0.54900000
2018-02-22 13:07:30,0.03180200,0.59900000
2018-02-22 13:07:30,0.03180500,5.60800000
2018-02-22 13:07:30,0.03180500,0.42000000
2018-02-22 13:07:33,0.03180500,0.23700000
2018-02-22 13:07:37,0.03184100,2.11000000
2018-02-22 13:07:37,0.03184100,1.03100000
2018-02-22 13:07:37,0.03184200,0.35400000
2018-02-22 13:07:37,0.03184300,1.57800000
2018-02-22 13:07:37,0.03184600,3.62100000
2018-02-22 13:07:37,0.03184900,0.49800000
2018-02-22 13:07:37,0.03185200,2.29600000
2018-02-22 13:07:38,0.03186300,0.11000000
2018-02-22 13:07:38,0.03186400,0.15700000
2018-02-22 13:07:38,0.03186700,0.06000000
2018-02-22 13:07:38,0.03186800,0.34600000
2018-02-22 13:07:38,0.03186900,0.46900000
2018-02-22 13:07:39,0.03189900,0.98300000
2018-02-22 13:07:39,0.03190000,4.41700000
2018-02-22 13:07:40,0.03180900,1.07000000
2018-02-22 13:07:41,0.03190000,0.58100000
2018-02-22 13:07:41,0.03191600,2.82600000
2018-02-22 13:07:41,0.03188300,0.40000000
2018-02-22 13:07:41,0.03188300,0.55400000
2018-02-22 13:07:42,0.03194500,0.14300000
2018-02-22 13:07:42,0.03196300,0.04800000
2018-02-22 13:07:42,0.03196400,0.15800000
2018-02-22 13:07:42,0.03196400,0.07000000
2018-02-22 13:07:45,0.03189700,0.29100000
2018-02-22 13:07:49,0.03196400,1.05300000
2018-02-22 13:07:49,0.03199500,0.34300000
2018-02-22 13:07:49,0.03199900,0.36400000
2018-02-22 13:07:49,0.03200000,7.01100000
2018-02-22 13:07:50,0.03200000,14.43300000
2018-02-22 13:07:52,0.03200000,1.17400000
2018-02-22 13:07:52,0.03200800,6.02700000
2018-02-22 13:07:52,0.03201500,0.21200000
2018-02-22 13:07:52,0.03202000,2.10100000
2018-02-22 13:07:52,0.03202100,0.28100000
2018-02-22 13:07:52,0.03202400,1.73900000
2018-02-22 13:07:54,0.03192400,1.78200000
2018-02-22 13:07:54,0.03200000,0.30000000
2018-02-22 13:07:54,0.03200000,0.37500000
2018-02-22 13:07:55,0.03202200,3.14300000
2018-02-22 13:07:55,0.03202400,0.41600000
2018-02-22 13:07:55,0.03202800,1.30200000
2018-02-22 13:07:55,0.03205300,0.60900000
2018-02-22 13:07:55,0.03200000,0.07700000
2018-02-22 13:07:55,0.03200000,0.99600000
2018-02-22 13:07:55,0.03199200,0.00100000
2018-02-22 13:07:55,0.03200200,2.02900000
2018-02-22 13:07:55,0.03200200,0.32300000
2018-02-22 13:07:55,0.03202400,1.30100000
2018-02-22 13:07:57,0.03202400,2.41500000
2018-02-22 13:07:57,0.03202400,0.18700000
2018-02-22 13:07:57,0.03200000,0.50200000
2018-02-22 13:07:57,0.03199200,0.12500000
2018-02-22 13:07:57,0.03195000,0.20000000
2018-02-22 13:07:57,0.03192300,2.02900000
2018-02-22 13:07:57,0.03205100,0.19400000
2018-02-22 13:07:58,0.03204800,1.36700000
2018-02-22 13:07:58,0.03202400,2.60200000
2018-02-22 13:07:59,0.03202200,0.31400000
2018-02-22 13:07:59,0.03192500,1.50000000
2018-02-22 13:08:00,0.03200000,3.15800000
2018-02-22 13:08:00,0.03199800,0.47700000
2018-02-22 13:08:00,0.03200000,0.69100000
2018-02-22 13:08:01,0.03199700,0.34100000
2018-02-22 13:08:01,0.03199700,1.68800000
2018-02-22 13:08:02,0.03200000,0.75700000
2018-02-22 13:08:02,0.03202000,1.50000000
2018-02-22 13:08:02,0.03205300,3.07200000
2018-02-22 13:08:02,0.03206600,0.37900000
2018-02-22 13:08:02,0.03206800,0.21200000
2018-02-22 13:08:02,0.03207700,0.14200000
2018-02-22 13:08:02,0.03209900,7.00000000
2018-02-22 13:08:02,0.03210000,0.72400000
2018-02-22 13:08:02,0.03210000,0.58500000
2018-02-22 13:08:02,0.03211000,0.56400000
2018-02-22 13:08:02,0.03211100,4.11000000
2018-02-22 13:08:03,0.03212000,0.12600000
2018-02-22 13:08:03,0.03212400,0.17700000
2018-02-22 13:08:03,0.03215000,0.06000000
2018-02-22 13:08:04,0.03217800,7.00000000
2018-02-22 13:08:04,0.03217900,0.35000000
2018-02-22 13:08:04,0.03218300,1.10900000
2018-02-22 13:08:06,0.03202200,1.50000000
2018-02-22 13:08:06,0.03218600,0.09700000
2018-02-22 13:08:06,0.03219000,0.30300000
2018-02-22 13:08:06,0.03219000,0.78700000
2018-02-22 13:08:07,0.03203100,2.02600000
2018-02-22 13:08:07,0.03203500,0.09300000
2018-02-22 13:08:07,0.03203300,2.01900000
2018-02-22 13:08:07,0.03203300,0.04000000
2018-02-22 13:08:07,0.03219000,8.92500000
2018-02-22 13:08:08,0.03203700,1.69800000
2018-02-22 13:08:08,0.03211100,0.10000000
2018-02-22 13:08:08,0.03219000,5.03300000
2018-02-22 13:08:08,0.03219000,7.71200000
2018-02-22 13:08:08,0.03219000,8.44000000
2018-02-22 13:08:08,0.03219000,8.31700000
2018-02-22 13:08:08,0.03219000,0.93700000
2018-02-22 13:08:08,0.03219000,0.92500000
2018-02-22 13:08:09,0.03219000,0.04700000
2018-02-22 13:08:09,0.03219000,0.04700000
2018-02-22 13:08:09,0.03219000,0.04700000
2018-02-22 13:08:09,0.03219000,0.04700000
2018-02-22 13:08:09,0.03219000,0.40200000
2018-02-22 13:08:09,0.03219000,0.16100000
2018-02-22 13:08:09,0.03219000,0.12700000
2018-02-22 13:08:09,0.03219000,0.40200000
2018-02-22 13:08:09,0.03219000,0.19000000
2018-02-22 13:08:09,0.03220000,0.26200000
2018-02-22 13:08:09,0.03219000,0.28400000
2018-02-22 13:08:09,0.03219400,2.11900000
2018-02-22 13:08:09,0.03219800,1.69500000
2018-02-22 13:08:09,0.03219800,0.36400000
2018-02-22 13:08:09,0.03220000,6.25800000
2018-02-22 13:08:09,0.03222400,0.69200000
2018-02-22 13:08:09,0.03219000,0.29100000
2018-02-22 13:08:09,0.03222400,0.27000000
2018-02-22 13:08:09,0.03222500,0.40500000
2018-02-22 13:08:10,0.03219300,0.67200000
2018-02-22 13:08:10,0.03219300,0.06700000
2018-02-22 13:08:11,0.03219300,1.35800000
2018-02-22 13:08:12,0.03223900,0.15500000
2018-02-22 13:08:12,0.03220000,1.67800000
2018-02-22 13:08:13,0.03220000,1.50000000
2018-02-22 13:08:13,0.03220000,0.10400000
2018-02-22 13:08:13,0.03223900,1.56000000
2018-02-22 13:08:15,0.03220100,2.84100000
2018-02-22 13:08:15,0.03220000,14.28600000
2018-02-22 13:08:15,0.03220000,3.24800000
2018-02-22 13:08:15,0.03223600,0.38200000
2018-02-22 13:08:15,0.03223800,1.50000000
2018-02-22 13:08:15,0.03224100,1.69800000
2018-02-22 13:08:15,0.03224200,0.34300000
2018-02-22 13:08:15,0.03224100,0.56900000
2018-02-22 13:08:16,0.03224100,0.24300000
2018-02-22 13:08:16,0.03224100,2.84100000
2018-02-22 13:08:16,0.03224100,1.55400000
2018-02-22 13:08:17,0.03224100,0.22500000
2018-02-22 13:08:17,0.03224100,0.72600000
2018-02-22 13:08:17,0.03220100,0.17300000
2018-02-22 13:08:17,0.03220100,1.54500000
2018-02-22 13:08:17,0.03220000,3.92300000
2018-02-22 13:08:17,0.03220100,0.01100000
2018-02-22 13:08:18,0.03220100,0.22500000
2018-02-22 13:08:18,0.03220100,0.55800000
2018-02-22 13:08:19,0.03220100,0.19400000
2018-02-22 13:08:19,0.03223900,0.13800000
2018-02-22 13:08:19,0.03223900,2.85700000
2018-02-22 13:08:20,0.03221000,0.07200000
2018-02-22 13:08:20,0.03223900,2.45400000
2018-02-22 13:08:21,0.03223000,3.95400000
2018-02-22 13:08:21,0.03223900,8.23200000
2018-02-22 13:08:21,0.03223900,1.00000000
2018-02-22 13:08:21,0.03223900,0.38000000
2018-02-22 13:08:21,0.03223900,0.38000000
2018-02-22 13:08:21,0.03224100,0.06600000
2018-02-22 13:08:23,0.03224000,0.87800000
2018-02-22 13:08:23,0.03224000,0.11000000
2018-02-22 13:08:23,0.03224100,0.03100000
2018-02-22 13:08:24,0.03224100,1.04800000
2018-02-22 13:08:24,0.03224200,1.49200000
2018-02-22 13:08:25,0.03224200,0.35500000
2018-02-22 13:08:25,0.03224400,1.12500000
2018-02-22 13:08:25,0.03225000,0.94300000
2018-02-22 13:08:25,0.03229700,3.82800000
2018-02-22 13:08:25,0.03229800,5.27700000
2018-02-22 13:08:25,0.03229900,0.55800000
2018-02-22 13:08:25,0.03224200,0.35400000
2018-02-22 13:08:25,0.03224200,0.34600000
2018-02-22 13:08:25,0.03224400,0.14300000
2018-02-22 13:08:27,0.03229900,0.32800000
2018-02-22 13:08:28,0.03225000,0.56400000
2018-02-22 13:08:29,0.03229900,1.42100000
2018-02-22 13:08:29,0.03225000,0.93000000
2018-02-22 13:08:29,0.03225000,1.10700000
2018-02-22 13:08:29,0.03225000,0.46500000
2018-02-22 13:08:29,0.03229900,2.17700000
2018-02-22 13:08:30,0.03229000,3.10000000
2018-02-22 13:08:30,0.03229200,0.46500000
2018-02-22 13:08:30,0.03229500,0.28700000
2018-02-22 13:08:30,0.03229900,27.01100000
2018-02-22 13:08:30,0.03225000,0.32800000
2018-02-22 13:08:31,0.03229900,4.38400000
2018-02-22 13:08:31,0.03230000,17.70400000
2018-02-22 13:08:32,0.03230000,7.09400000
2018-02-22 13:08:32,0.03230000,0.72600000
2018-02-22 13:08:33,0.03227600,0.10000000
2018-02-22 13:08:33,0.03230000,4.03100000
2018-02-22 13:08:33,0.03230000,2.30000000
2018-02-22 13:08:34,0.03229900,1.83700000
2018-02-22 13:08:34,0.03230000,0.74800000
2018-02-22 13:08:34,0.03230000,3.17200000
2018-02-22 13:08:34,0.03230000,4.23900000
2018-02-22 13:08:34,0.03232400,2.66200000
2018-02-22 13:08:36,0.03232400,0.86000000
2018-02-22 13:08:36,0.03232500,3.01500000
2018-02-22 13:08:36,0.03232500,4.97800000
2018-02-22 13:08:36,0.03233700,0.29300000
2018-02-22 13:08:36,0.03233900,0.11000000
2018-02-22 13:08:36,0.03234000,0.01900000
2018-02-22 13:08:36,0.03230000,0.34900000
2018-02-22 13:08:37,0.03230000,9.69900000
2018-02-22 13:08:37,0.03230000,0.71600000
2018-02-22 13:08:37,0.03230000,6.01200000
2018-02-22 13:08:37,0.03230000,2.52600000
2018-02-22 13:08:38,0.03230000,2.03900000
2018-02-22 13:08:38,0.03230000,0.04500000
2018-02-22 13:08:38,0.03230000,2.22900000
2018-02-22 13:08:39,0.03230000,0.08900000
2018-02-22 13:08:40,0.03230000,0.41300000
2018-02-22 13:08:40,0.03230000,0.22400000
2018-02-22 13:08:41,0.03230000,16.38400000
2018-02-22 13:08:42,0.03230000,9.26100000
2018-02-22 13:08:42,0.03232400,0.15900000
2018-02-22 13:08:43,0.03230000,0.30400000
2018-02-22 13:08:43,0.03230000,9.95500000
2018-02-22 13:08:44,0.03232400,0.14900000
2018-02-22 13:08:44,0.03230100,0.26800000
2018-02-22 13:08:45,0.03232400,0.34800000
2018-02-22 13:08:45,0.03232400,4.15800000
2018-02-22 13:08:45,0.03232400,0.13700000
2018-02-22 13:08:46,0.03230100,2.56000000
2018-02-22 13:08:46,0.03230000,18.52000000
2018-02-22 13:08:47,0.03232400,0.55100000
2018-02-22 13:08:47,0.03232400,1.63800000
2018-02-22 13:08:48,0.03230000,5.97400000
2018-02-22 13:08:48,0.03230000,0.31200000
2018-02-22 13:08:48,0.03230000,4.16200000
2018-02-22 13:08:50,0.03230000,2.65500000
2018-02-22 13:08:52,0.03230000,0.01600000
2018-02-22 13:08:52,0.03225700,0.43600000
2018-02-22 13:08:52,0.03230000,0.50000000
2018-02-22 13:08:53,0.03225700,0.15500000
2018-02-22 13:08:54,0.03230000,1.17200000
2018-02-22 13:08:55,0.03230000,1.63000000
2018-02-22 13:08:55,0.03225700,1.67500000
2018-02-22 13:08:55,0.03225300,0.93000000
2018-02-22 13:08:55,0.03224200,1.05500000
2018-02-22 13:08:55,0.03224100,14.51800000
2018-02-22 13:08:55,0.03223900,1.08500000
2018-02-22 13:08:55,0.03220100,0.09200000
2018-02-22 13:08:55,0.03220000,0.30000000
2018-02-22 13:08:56,0.03226200,3.17200000
2018-02-22 13:08:57,0.03229800,3.19500000
2018-02-22 13:08:57,0.03229900,0.04600000
2018-02-22 13:08:57,0.03229900,0.48800000
2018-02-22 13:08:57,0.03226300,1.45900000
2018-02-22 13:08:57,0.03225700,1.88200000
2018-02-22 13:08:57,0.03225700,0.24200000
2018-02-22 13:08:57,0.03225700,0.29100000
2018-02-22 13:08:57,0.03225700,0.17500000
2018-02-22 13:08:57,0.03220800,1.97000000
2018-02-22 13:08:57,0.03225700,2.86800000
2018-02-22 13:08:59,0.03221700,0.10800000
2018-02-22 13:08:59,0.03220800,0.93100000
2018-02-22 13:09:00,0.03220600,1.97000000
2018-02-22 13:09:00,0.03220600,0.30100000
2018-02-22 13:09:00,0.03220000,40.37200000
2018-02-22 13:09:01,0.03220000,5.44300000
2018-02-22 13:09:01,0.03220000,11.73100000
2018-02-22 13:09:01,0.03220000,7.97900000
2018-02-22 13:09:02,0.03220000,0.72900000
2018-02-22 13:09:02,0.03219400,0.47200000
2018-02-22 13:09:02,0.03214600,3.73300000
2018-02-22 13:09:02,0.03214000,0.39200000
2018-02-22 13:09:02,0.03212800,0.09300000
2018-02-22 13:09:02,0.03212700,0.03400000
2018-02-22 13:09:02,0.03212600,0.18700000
2018-02-22 13:09:02,0.03208900,0.37400000
2018-02-22 13:09:02,0.03208700,0.17700000
2018-02-22 13:09:02,0.03206300,0.80900000
2018-02-22 13:09:02,0.03214700,3.73300000
2018-02-22 13:09:02,0.03206500,1.37500000
2018-02-22 13:09:03,0.03220600,1.37500000
2018-02-22 13:09:03,0.03220600,1.11000000
2018-02-22 13:09:03,0.03220600,0.37200000
2018-02-22 13:09:03,0.03214300,0.87900000
2018-02-22 13:09:03,0.03220000,0.10900000
2018-02-22 13:09:03,0.03220000,0.93100000
2018-02-22 13:09:03,0.03219900,0.93100000
2018-02-22 13:09:04,0.03220000,0.93000000
2018-02-22 13:09:04,0.03214500,0.30200000
2018-02-22 13:09:04,0.03220000,4.40000000
2018-02-22 13:09:04,0.03215600,0.46600000
2018-02-22 13:09:04,0.03206700,0.15600000
2018-02-22 13:09:04,0.03206600,0.25600000
2018-02-22 13:09:05,0.03207300,0.25100000
2018-02-22 13:09:05,0.03207300,0.12300000
2018-02-22 13:09:07,0.03207100,0.65300000
2018-02-22 13:09:07,0.03207000,0.13600000
2018-02-22 13:09:07,0.03207000,2.37000000
2018-02-22 13:09:07,0.03206900,6.34700000
2018-02-22 13:09:07,0.03206800,5.22900000
2018-02-22 13:09:08,0.03207300,0.50300000
2018-02-22 13:09:08,0.03207300,0.06000000
2018-02-22 13:09:08,0.03207300,0.50300000
2018-02-22 13:09:08,0.03207300,0.41900000
2018-02-22 13:09:08,0.03207300,0.44200000
2018-02-22 13:09:08,0.03207300,0.02500000
2018-02-22 13:09:08,0.03207300,0.06600000
2018-02-22 13:09:08,0.03207300,0.25600000
2018-02-22 13:09:08,0.03207300,0.50300000
2018-02-22 13:09:09,0.03218900,0.30200000
2018-02-22 13:09:12,0.03208000,2.00600000
2018-02-22 13:09:13,0.03208000,0.02600000
2018-02-22 13:09:13,0.03218500,0.34900000
2018-02-22 13:09:14,0.03208800,0.19000000
2018-02-22 13:09:14,0.03208800,0.89500000
2018-02-22 13:09:14,0.03208700,0.35000000
2018-02-22 13:09:14,0.03208600,0.09300000
2018-02-22 13:09:14,0.03208000,0.96200000
2018-02-22 13:09:14,0.03208000,0.53100000
2018-02-22 13:09:14,0.03218300,0.43200000
2018-02-22 13:09:15,0.03218100,0.60000000
2018-02-22 13:09:18,0.03210100,0.09300000
2018-02-22 13:09:18,0.03209100,0.09300000
2018-02-22 13:09:18,0.03208000,0.10000000
2018-02-22 13:09:20,0.03208000,9.73600000
2018-02-22 13:09:21,0.03208000,0.22400000
2018-02-22 13:09:21,0.03210100,0.07000000
2018-02-22 13:09:21,0.03209900,0.15600000
2018-02-22 13:09:21,0.03209900,0.04200000
2018-02-22 13:09:21,0.03208000,7.30800000
2018-02-22 13:09:22,0.03207800,0.04200000
2018-02-22 13:09:22,0.03208000,0.46500000
2018-02-22 13:09:22,0.03207800,0.16400000
2018-02-22 13:09:23,0.03207800,0.25500000
2018-02-22 13:09:23,0.03207800,0.01600000
2018-02-22 13:09:24,0.03207300,2.03200000
2018-02-22 13:09:24,0.03207000,2.64300000
2018-02-22 13:09:25,0.03205800,6.23900000
2018-02-22 13:09:25,0.03207500,0.03500000
2018-02-22 13:09:26,0.03203600,0.18700000
2018-02-22 13:09:29,0.03202800,1.84900000
2018-02-22 13:09:29,0.03203000,1.57100000
2018-02-22 13:09:29,0.03203300,0.39200000
2018-02-22 13:09:29,0.03203600,0.25500000
2018-02-22 13:09:29,0.03207700,0.49700000
2018-02-22 13:09:29,0.03207700,0.93500000
2018-02-22 13:09:29,0.03207700,2.88400000
2018-02-22 13:09:29,0.03207700,0.50300000
2018-02-22 13:09:30,0.03207700,2.86800000
2018-02-22 13:09:31,0.03207700,2.78300000
2018-02-22 13:09:32,0.03207000,0.50000000
2018-02-22 13:09:32,0.03204800,0.18200000
2018-02-22 13:09:33,0.03204800,0.96300000
2018-02-22 13:09:35,0.03207000,6.90400000
2018-02-22 13:09:35,0.03207700,0.61200000
2018-02-22 13:09:35,0.03204800,0.71700000
2018-02-22 13:09:35,0.03204800,0.13700000
2018-02-22 13:09:37,0.03207600,5.22900000
2018-02-22 13:09:37,0.03207700,2.65000000
2018-02-22 13:09:39,0.03207700,0.01100000
2018-02-22 13:09:39,0.03207700,0.11900000
2018-02-22 13:09:39,0.03207000,0.16000000
2018-02-22 13:09:39,0.03204800,3.02500000
2018-02-22 13:09:40,0.03208000,0.44100000
2018-02-22 13:09:41,0.03208000,0.72700000
2018-02-22 13:09:43,0.03208000,4.38800000
2018-02-22 13:09:43,0.03204800,0.64300000
2018-02-22 13:09:43,0.03204800,0.19300000
2018-02-22 13:09:43,0.03201400,1.57100000
2018-02-22 13:09:43,0.03201300,0.03700000
2018-02-22 13:09:43,0.03200100,0.08000000
2018-02-22 13:09:43,0.03200000,0.73400000
2018-02-22 13:09:44,0.03207800,0.68800000
2018-02-22 13:09:46,0.03201100,0.30200000
2018-02-22 13:09:47,0.03207600,1.38600000
2018-02-22 13:09:47,0.03208000,6.51500000
2018-02-22 13:09:47,0.03210000,0.14700000
2018-02-22 13:09:52,0.03207100,0.15600000
2018-02-22 13:09:52,0.03203600,0.10000000
2018-02-22 13:09:53,0.03207100,0.14600000
2018-02-22 13:09:53,0.03207300,2.27100000
2018-02-22 13:10:00,0.03210000,0.97100000
2018-02-22 13:10:03,0.03210000,0.43700000
2018-02-22 13:10:04,0.03210100,1.91200000
2018-02-22 13:10:04,0.03211000,0.34800000
2018-02-22 13:10:04,0.03210000,5.00000000
2018-02-22 13:10:05,0.03210000,0.88300000
2018-02-22 13:10:06,0.03210000,0.15600000
2018-02-22 13:10:06,0.03210000,2.41700000
2018-02-22 13:10:06,0.03210000,0.34800000
2018-02-22 13:10:07,0.03210000,0.78600000
2018-02-22 13:10:07,0.03210000,0.75400000
2018-02-22 13:10:07,0.03210000,1.30000000
2018-02-22 13:10:08,0.03210000,1.87000000
2018-02-22 13:10:08,0.03210000,8.14500000
2018-02-22 13:10:09,0.03210000,0.62300000
2018-02-22 13:10:09,0.03211000,0.05200000
2018-02-22 13:10:09,0.03212500,0.18200000
2018-02-22 13:10:10,0.03212500,0.10800000
2018-02-22 13:10:12,0.03209800,0.13800000
2018-02-22 13:10:12,0.03210000,0.30600000
2018-02-22 13:10:12,0.03210000,0.44800000
2018-02-22 13:10:13,0.03210000,0.16500000
2018-02-22 13:10:17,0.03210000,0.24500000
2018-02-22 13:10:17,0.03212500,5.94900000
2018-02-22 13:10:17,0.03212900,0.09300000
2018-02-22 13:10:18,0.03212900,0.05000000
2018-02-22 13:10:23,0.03213000,0.09300000
2018-02-22 13:10:25,0.03218800,1.39900000
2018-02-22 13:10:25,0.03218900,8.96900000
2018-02-22 13:10:25,0.03220000,10.00000000
2018-02-22 13:10:25,0.03220000,0.30000000
2018-02-22 13:10:25,0.03220000,0.04000000
2018-02-22 13:10:25,0.03220000,0.04400000
2018-02-22 13:10:25,0.03220000,0.21800000
2018-02-22 13:10:25,0.03220000,0.50300000
2018-02-22 13:10:28,0.03220000,0.30400000
2018-02-22 13:10:29,0.03220000,0.03900000
2018-02-22 13:10:29,0.03220000,0.19400000
2018-02-22 13:10:29,0.03220000,1.94400000
2018-02-22 13:10:31,0.03220000,1.52300000
2018-02-22 13:10:31,0.03221300,0.06900000
2018-02-22 13:10:31,0.03223100,0.23700000
2018-02-22 13:10:31,0.03223700,0.03700000
2018-02-22 13:10:31,0.03224100,0.37400000
2018-02-22 13:10:31,0.03225000,0.18600000
2018-02-22 13:10:31,0.03226000,0.09300000
2018-02-22 13:10:31,0.03229800,0.09200000
2018-02-22 13:10:31,0.03229900,1.85400000
2018-02-22 13:10:32,0.03220200,0.93100000
2018-02-22 13:10:32,0.03220200,0.93100000
2018-02-22 13:10:32,0.03221500,0.09300000
2018-02-22 13:10:32,0.03221700,0.88700000
2018-02-22 13:10:35,0.03223100,0.18700000
2018-02-22 13:10:35,0.03223100,0.20600000
2018-02-22 13:10:36,0.03223100,1.82500000
2018-02-22 13:10:36,0.03222900,0.93000000
2018-02-22 13:10:36,0.03222600,0.09300000
2018-02-22 13:10:36,0.03220200,0.15500000
2018-02-22 13:10:36,0.03220100,3.13300000
2018-02-22 13:10:36,0.03229900,20.08700000
2018-02-22 13:10:36,0.03230000,2.51100000
2018-02-22 13:10:36,0.03230000,0.16100000
2018-02-22 13:10:36,0.03230000,0.19400000
2018-02-22 13:10:37,0.03230000,0.19400000
2018-02-22 13:10:37,0.03230000,1.62700000
2018-02-22 13:10:38,0.03231700,2.82800000
2018-02-22 13:10:38,0.03232400,0.17200000
2018-02-22 13:10:40,0.03231400,0.15500000
2018-02-22 13:10:40,0.03231500,4.81200000
2018-02-22 13:10:41,0.03231500,0.15500000
2018-02-22 13:10:41,0.03231800,0.10000000
2018-02-22 13:10:41,0.03232400,5.63900000
2018-02-22 13:10:41,0.03234000,5.27200000
2018-02-22 13:10:41,0.03234100,1.57500000
2018-02-22 13:10:41,0.03234300,5.88300000
2018-02-22 13:10:41,0.03231800,3.13300000
2018-02-22 13:10:41,0.03231800,2.92700000
2018-02-22 13:10:41,0.03234300,0.21900000
2018-02-22 13:10:43,0.03235000,3.13700000
2018-02-22 13:10:43,0.03231900,1.00500000
2018-02-22 13:10:44,0.03232400,2.33400000
2018-02-22 13:10:44,0.03235000,0.76900000
2018-02-22 13:10:44,0.03231800,0.17300000
2018-02-22 13:10:45,0.03231800,0.19200000
2018-02-22 13:10:45,0.03234500,1.00500000
2018-02-22 13:10:45,0.03235000,5.68800000
2018-02-22 13:10:47,0.03234500,0.10000000
2018-02-22 13:10:47,0.03235000,7.34200000
2018-02-22 13:10:47,0.03235000,2.33100000
2018-02-22 13:10:49,0.03235000,13.26400000
2018-02-22 13:10:49,0.03235000,0.00200000
2018-02-22 13:10:49,0.03235000,0.76600000
2018-02-22 13:10:49,0.03234000,0.10000000
2018-02-22 13:10:50,0.03235000,0.90000000
2018-02-22 13:10:50,0.03235000,1.82400000
2018-02-22 13:10:50,0.03235000,4.24200000
2018-02-22 13:10:50,0.03235200,0.15600000
2018-02-22 13:10:50,0.03235200,0.08200000
2018-02-22 13:10:50,0.03235800,0.03900000
2018-02-22 13:10:50,0.03235800,0.72200000
2018-02-22 13:10:51,0.03236000,0.77000000
2018-02-22 13:10:51,0.03236300,0.85800000
2018-02-22 13:10:51,0.03236700,0.93000000
2018-02-22 13:10:51,0.03237500,0.09300000
2018-02-22 13:10:51,0.03238600,0.09300000
2018-02-22 13:10:51,0.03239000,2.61600000
2018-02-22 13:10:52,0.03235800,0.13900000
2018-02-22 13:10:52,0.03239000,5.28500000
2018-02-22 13:10:52,0.03235800,0.92700000
2018-02-22 13:10:53,0.03235800,0.50500000
2018-02-22 13:10:53,0.03235000,0.42100000
2018-02-22 13:10:53,0.03239000,0.05100000
2018-02-22 13:10:53,0.03235900,0.06200000
2018-02-22 13:10:53,0.03235900,0.06200000
2018-02-22 13:10:53,0.03235900,0.25100000
2018-02-22 13:10:53,0.03235000,0.34900000
2018-02-22 13:10:54,0.03236000,0.03600000
2018-02-22 13:10:54,0.03236000,0.33500000
2018-02-22 13:10:55,0.03239000,0.50000000
2018-02-22 13:10:55,0.03239000,12.42200000
2018-02-22 13:10:55,0.03237500,0.10000000
2018-02-22 13:10:55,0.03238600,2.36700000
2018-02-22 13:10:55,0.03238600,1.74700000
2018-02-22 13:10:56,0.03236000,0.10000000
2018-02-22 13:10:57,0.03238600,6.88200000
2018-02-22 13:10:57,0.03239000,3.11800000
2018-02-22 13:10:58,0.03236000,0.35800000
2018-02-22 13:10:58,0.03236000,0.80800000
2018-02-22 13:10:58,0.03236000,6.84100000
2018-02-22 13:10:58,0.03239000,2.78000000
2018-02-22 13:10:58,0.03239000,4.92000000
2018-02-22 13:10:58,0.03239000,0.92600000
2018-02-22 13:10:58,0.03239000,0.92600000
2018-02-22 13:10:58,0.03239000,0.96400000
2018-02-22 13:10:58,0.03239000,0.62300000
2018-02-22 13:10:58,0.03239000,2.36800000
2018-02-22 13:10:58,0.03239000,0.92600000
2018-02-22 13:10:58,0.03239000,0.40900000
2018-02-22 13:10:58,0.03239000,0.92600000
2018-02-22 13:10:59,0.03239000,0.92600000
2018-02-22 13:10:59,0.03239000,0.92500000
2018-02-22 13:10:59,0.03239000,0.92600000
2018-02-22 13:10:59,0.03239000,0.22800000
2018-02-22 13:10:59,0.03239000,0.92500000
2018-02-22 13:10:59,0.03239000,0.92500000
2018-02-22 13:10:59,0.03239000,2.41300000
2018-02-22 13:10:59,0.03235800,0.03900000
2018-02-22 13:10:59,0.03235000,3.55800000
2018-02-22 13:10:59,0.03234100,2.71400000
2018-02-22 13:10:59,0.03234000,0.02700000
2018-02-22 13:10:59,0.03234200,0.92500000
2018-02-22 13:11:00,0.03234200,2.16200000
2018-02-22 13:11:00,0.03234000,1.67900000
2018-02-22 13:11:02,0.03237200,0.28700000
2018-02-22 13:11:03,0.03237200,1.97500000
2018-02-22 13:11:04,0.03237200,0.82500000
2018-02-22 13:11:04,0.03237400,0.10000000
2018-02-22 13:11:04,0.03239100,1.08100000
2018-02-22 13:11:04,0.03237200,0.92600000
2018-02-22 13:11:04,0.03237200,0.92600000
2018-02-22 13:11:04,0.03237200,0.41000000
2018-02-22 13:11:04,0.03236000,7.05800000
2018-02-22 13:11:05,0.03237200,1.52000000
2018-02-22 13:11:05,0.03237300,0.92600000
2018-02-22 13:11:06,0.03239100,0.00600000
2018-02-22 13:11:06,0.03237300,0.92600000
2018-02-22 13:11:06,0.03237300,0.92600000
2018-02-22 13:11:06,0.03237300,0.04100000
2018-02-22 13:11:06,0.03237200,0.92600000
2018-02-22 13:11:06,0.03239000,0.07800000
2018-02-22 13:11:07,0.03237200,0.80700000
2018-02-22 13:11:08,0.03238900,2.81900000
2018-02-22 13:11:08,0.03239000,0.25000000
2018-02-22 13:11:11,0.03239100,0.29800000
2018-02-22 13:11:11,0.03239700,0.05100000
2018-02-22 13:11:11,0.03239700,0.42100000
2018-02-22 13:11:11,0.03240000,7.57400000
2018-02-22 13:11:12,0.03240000,0.97500000
2018-02-22 13:11:12,0.03240000,0.08500000
2018-02-22 13:11:12,0.03240000,2.79100000
2018-02-22 13:11:13,0.03239000,3.58700000
2018-02-22 13:11:13,0.03237300,0.86700000
2018-02-22 13:11:13,0.03237300,0.07700000
2018-02-22 13:11:13,0.03240000,0.02700000
2018-02-22 13:11:14,0.03240000,0.87400000
2018-02-22 13:11:14,0.03240000,0.10000000
2018-02-22 13:11:14,0.03240000,0.15000000
2018-02-22 13:11:15,0.03240100,1.12800000
2018-02-22 13:11:15,0.03240100,4.97800000
2018-02-22 13:11:15,0.03240900,0.17700000
2018-02-22 13:11:15,0.03241000,0.37400000
2018-02-22 13:11:15,0.03242000,1.13800000
2018-02-22 13:11:15,0.03242000,2.07000000
2018-02-22 13:11:16,0.03242900,0.06500000
2018-02-22 13:11:18,0.03242100,0.87900000
2018-02-22 13:11:18,0.03243000,1.68300000
2018-02-22 13:11:18,0.03243000,1.34900000
2018-02-22 13:11:18,0.03242000,1.24500000
2018-02-22 13:11:19,0.03242000,9.90900000
2018-02-22 13:11:19,0.03242100,0.92500000
2018-02-22 13:11:20,0.03242100,1.07500000
2018-02-22 13:11:20,0.03242000,1.75400000
2018-02-22 13:11:21,0.03242000,5.52000000
2018-02-22 13:11:21,0.03240200,2.81300000
2018-02-22 13:11:21,0.03240100,2.92500000
2018-02-22 13:11:21,0.03240000,9.61600000
2018-02-22 13:11:21,0.03240000,6.43900000
2018-02-22 13:11:22,0.03240000,5.73000000
2018-02-22 13:11:22,0.03240000,0.08900000
2018-02-22 13:11:23,0.03240000,2.31200000
2018-02-22 13:11:23,0.03240800,0.92500000
2018-02-22 13:11:23,0.03242800,0.22000000
2018-02-22 13:11:23,0.03240000,7.32500000
2018-02-22 13:11:24,0.03236300,3.08800000
2018-02-22 13:11:24,0.03236100,2.02300000
2018-02-22 13:11:24,0.03242600,0.86400000
2018-02-22 13:11:25,0.03242300,0.68000000
2018-02-22 13:11:25,0.03236200,0.22700000
2018-02-22 13:11:25,0.03236100,0.92700000
2018-02-22 13:11:25,0.03236000,0.51400000
2018-02-22 13:11:26,0.03242300,1.54400000
2018-02-22 13:11:26,0.03242500,1.04100000
2018-02-22 13:11:26,0.03236200,0.08000000
2018-02-22 13:11:26,0.03240000,0.15400000
2018-02-22 13:11:27,0.03239800,0.08000000
2018-02-22 13:11:27,0.03240000,0.42000000
2018-02-22 13:11:27,0.03236100,1.04300000
2018-02-22 13:11:27,0.03236000,1.19100000
2018-02-22 13:11:27,0.03236000,1.66400000
2018-02-22 13:11:27,0.03236000,2.26800000
2018-02-22 13:11:27,0.03236000,1.94200000
2018-02-22 13:11:28,0.03232300,0.03900000
2018-02-22 13:11:28,0.03230100,0.09200000
2018-02-22 13:11:28,0.03230000,5.27900000
2018-02-22 13:11:28,0.03230000,0.50000000
2018-02-22 13:11:29,0.03236000,0.59400000
2018-02-22 13:11:30,0.03230000,0.14200000
2018-02-22 13:11:30,0.03230700,0.27600000
2018-02-22 13:11:30,0.03230200,0.97500000
2018-02-22 13:11:31,0.03230200,0.28100000
2018-02-22 13:11:32,0.03234300,0.16100000
2018-02-22 13:11:32,0.03234100,0.92700000
2018-02-22 13:11:32,0.03234100,0.32900000
2018-02-22 13:11:33,0.03230100,0.93800000
2018-02-22 13:11:33,0.03234300,0.57600000
2018-02-22 13:11:34,0.03234300,5.51400000
2018-02-22 13:11:34,0.03234600,3.64500000
2018-02-22 13:11:34,0.03235000,1.06500000
2018-02-22 13:11:35,0.03230300,0.19800000
2018-02-22 13:11:39,0.03234900,1.71700000
2018-02-22 13:11:39,0.03235000,3.38400000
2018-02-22 13:11:40,0.03232300,0.34800000
2018-02-22 13:11:40,0.03230200,3.24300000
2018-02-22 13:11:40,0.03230100,14.27200000
2018-02-22 13:11:40,0.03230000,1.06300000
2018-02-22 13:11:41,0.03230000,0.03800000
2018-02-22 13:11:41,0.03230000,2.50900000
2018-02-22 13:11:41,0.03235000,0.03500000
2018-02-22 13:11:41,0.03229800,0.03800000
2018-02-22 13:11:41,0.03229800,0.03700000
2018-02-22 13:11:41,0.03229800,0.12300000
2018-02-22 13:11:42,0.03229800,0.03500000
2018-02-22 13:11:42,0.03232300,1.67500000
2018-02-22 13:11:42,0.03232300,0.92600000
2018-02-22 13:11:42,0.03232300,5.44200000
2018-02-22 13:11:42,0.03227800,0.92600000
2018-02-22 13:11:42,0.03227800,4.86500000
2018-02-22 13:11:42,0.03227700,3.09600000
2018-02-22 13:11:42,0.03227500,0.03400000
2018-02-22 13:11:42,0.03226700,1.15300000
2018-02-22 13:11:42,0.03226700,2.56600000
2018-02-22 13:11:42,0.03223300,0.24800000
2018-02-22 13:11:42,0.03232300,1.42000000
2018-02-22 13:11:42,0.03232300,0.29500000
2018-02-22 13:11:42,0.03232300,1.58000000
2018-02-22 13:11:42,0.03232300,0.29500000
2018-02-22 13:11:42,0.03232300,0.92700000
2018-02-22 13:11:42,0.03223300,0.29500000
2018-02-22 13:11:42,0.03232300,0.33500000
2018-02-22 13:11:43,0.03223400,3.82200000
2018-02-22 13:11:43,0.03223300,1.55600000
2018-02-22 13:11:43,0.03229800,0.06800000
2018-02-22 13:11:44,0.03229500,0.50400000
2018-02-22 13:11:45,0.03229500,2.52400000
2018-02-22 13:11:45,0.03229700,2.55900000
2018-02-22 13:11:45,0.03230000,2.87000000
2018-02-22 13:11:45,0.03229400,1.85800000
2018-02-22 13:11:45,0.03223700,3.09800000
2018-02-22 13:11:45,0.03223500,0.03900000
2018-02-22 13:11:45,0.03223500,1.12700000
2018-02-22 13:11:46,0.03223500,0.89100000
2018-02-22 13:11:47,0.03223700,0.52700000
2018-02-22 13:11:47,0.03228900,0.40000000
2018-02-22 13:11:47,0.03228900,0.40000000
2018-02-22 13:11:47,0.03228900,0.40000000
2018-02-22 13:11:47,0.03228900,0.40000000
2018-02-22 13:11:47,0.03228900,0.06700000
2018-02-22 13:11:47,0.03228900,1.43100000
2018-02-22 13:11:47,0.03229100,0.40000000
2018-02-22 13:11:47,0.03230000,0.19500000
2018-02-22 13:11:47,0.03230000,0.19600000
2018-02-22 13:11:47,0.03223700,0.40000000
2018-02-22 13:11:48,0.03223800,0.19600000
2018-02-22 13:11:48,0.03223900,0.10900000
2018-02-22 13:11:49,0.03224500,0.77600000
2018-02-22 13:11:50,0.03224500,1.11800000
2018-02-22 13:11:51,0.03224800,2.21500000
2018-02-22 13:11:51,0.03224600,0.60700000
2018-02-22 13:11:51,0.03224600,0.32700000
2018-02-22 13:11:51,0.03223800,1.25200000
2018-02-22 13:11:51,0.03223500,1.44800000
2018-02-22 13:11:51,0.03223300,0.58400000
2018-02-22 13:11:51,0.03222900,0.18600000
2018-02-22 13:11:51,0.03222800,0.30800000
2018-02-22 13:11:51,0.03221700,4.21500000
2018-02-22 13:11:52,0.03224900,0.93000000
2018-02-22 13:11:52,0.03224100,0.11200000
2018-02-22 13:11:53,0.03224100,0.21900000
2018-02-22 13:11:53,0.03224100,0.46500000
2018-02-22 13:11:53,0.03224100,0.92800000
2018-02-22 13:11:53,0.03224100,1.65000000
2018-02-22 13:11:53,0.03224100,0.84400000
2018-02-22 13:11:53,0.03221700,0.92800000
2018-02-22 13:11:56,0.03224200,1.65100000
2018-02-22 13:11:56,0.03223000,1.26600000
2018-02-22 13:11:56,0.03221700,4.05700000
2018-02-22 13:11:56,0.03220000,8.43300000
2018-02-22 13:11:56,0.03224300,2.15900000
2018-02-22 13:11:56,0.03224300,0.97500000
2018-02-22 13:11:57,0.03224200,0.10200000
2018-02-22 13:11:58,0.03219800,3.10500000
2018-02-22 13:11:58,0.03216700,0.38000000
2018-02-22 13:11:58,0.03219800,0.80500000
2018-02-22 13:11:58,0.03224100,5.79100000
2018-02-22 13:11:58,0.03224200,33.14800000
2018-02-22 13:11:58,0.03224300,3.92800000
2018-02-22 13:11:59,0.03224500,1.54900000
2018-02-22 13:12:00,0.03225000,0.11600000
2018-02-22 13:12:00,0.03225000,2.98900000
2018-02-22 13:12:00,0.03224500,0.34900000
2018-02-22 13:12:02,0.03225000,0.84400000
2018-02-22 13:12:03,0.03226400,0.44400000
2018-02-22 13:12:05,0.03226400,1.94300000
2018-02-22 13:12:06,0.03225200,0.32800000
2018-02-22 13:12:08,0.03229500,0.02600000
2018-02-22 13:12:08,0.03227300,0.13500000
2018-02-22 13:12:08,0.03225200,5.67200000
2018-02-22 13:12:08,0.03225100,6.00000000
2018-02-22 13:12:08,0.03224900,2.00000000
2018-02-22 13:12:08,0.03224800,2.40000000
2018-02-22 13:12:08,0.03224600,2.00000000
2018-02-22 13:12:08,0.03224500,27.97000000
2018-02-22 13:12:08,0.03224300,0.03500000
2018-02-22 13:12:08,0.03220200,0.99000000
2018-02-22 13:12:10,0.03219800,0.81800000
2018-02-22 13:12:10,0.03220000,6.71300000
2018-02-22 13:12:10,0.03225200,5.85600000
2018-02-22 13:12:10,0.03216700,4.35700000
2018-02-22 13:12:12,0.03227000,3.56000000
2018-02-22 13:12:13,0.03227100,2.26000000
2018-02-22 13:12:13,0.03227200,0.93000000
2018-02-22 13:12:13,0.03227300,50.56100000
2018-02-22 13:12:13,0.03227300,3.27500000
2018-02-22 13:12:13,0.03217900,0.13400000
2018-02-22 13:12:13,0.03217300,3.10800000
2018-02-22 13:12:13,0.03217100,0.61200000
2018-02-22 13:12:14,0.03227100,1.26400000
2018-02-22 13:12:17,0.03226500,0.45800000
2018-02-22 13:12:17,0.03226500,1.38600000
2018-02-22 13:12:17,0.03226800,2.67800000
2018-02-22 13:12:17,0.03217700,1.56400000
2018-02-22 13:12:17,0.03217600,0.93200000
2018-02-22 13:12:17,0.03216600,0.08800000
2018-02-22 13:12:18,0.03226300,2.60500000
2018-02-22 13:12:18,0.03226300,2.36400000
2018-02-22 13:12:18,0.03226800,5.49100000
2018-02-22 13:12:19,0.03226800,1.56400000
2018-02-22 13:12:19,0.03226800,1.57600000
2018-02-22 13:12:19,0.03226800,2.04900000
2018-02-22 13:12:19,0.03226800,2.59100000
2018-02-22 13:12:19,0.03226800,3.18700000
2018-02-22 13:12:19,0.03226800,1.64500000
2018-02-22 13:12:21,0.03223900,0.42900000
2018-02-22 13:12:21,0.03226500,1.49300000
2018-02-22 13:12:26,0.03224100,4.26300000
2018-02-22 13:12:26,0.03220000,0.88000000
2018-02-22 13:12:28,0.03224100,2.85600000
2018-02-22 13:12:28,0.03224100,0.08800000
2018-02-22 13:12:28,0.03224800,0.81900000
2018-02-22 13:12:29,0.03224100,0.04400000
2018-02-22 13:12:29,0.03224100,0.22100000
2018-02-22 13:12:29,0.03224800,0.11200000
2018-02-22 13:12:30,0.03226800,0.34700000
2018-02-22 13:12:30,0.03224100,1.75500000
2018-02-22 13:12:31,0.03224100,1.76800000
2018-02-22 13:12:34,0.03226700,0.15500000
2018-02-22 13:12:34,0.03226800,1.29100000
2018-02-22 13:12:34,0.03227300,0.01100000
2018-02-22 13:12:35,0.03226800,0.73000000
2018-02-22 13:12:38,0.03226800,0.79600000
2018-02-22 13:12:38,0.03227100,0.50700000
2018-02-22 13:12:38,0.03227300,0.58300000
2018-02-22 13:12:38,0.03230000,5.84500000
2018-02-22 13:12:39,0.03230000,11.15300000
2018-02-22 13:12:39,0.03230000,0.12900000
2018-02-22 13:12:39,0.03231600,0.40200000
2018-02-22 13:12:39,0.03230000,0.98900000
2018-02-22 13:12:39,0.03231600,0.24900000
2018-02-22 13:12:40,0.03230000,16.10500000
2018-02-22 13:12:40,0.03226400,3.25100000
2018-02-22 13:12:40,0.03221800,2.58100000
2018-02-22 13:12:40,0.03220000,0.14400000
2018-02-22 13:12:42,0.03231600,1.73600000
2018-02-22 13:12:42,0.03232100,0.93100000
2018-02-22 13:12:42,0.03233900,1.44800000
2018-02-22 13:12:43,0.03233900,0.92700000
2018-02-22 13:12:43,0.03233900,0.92700000
2018-02-22 13:12:43,0.03233900,0.92700000
2018-02-22 13:12:43,0.03233900,0.71100000
2018-02-22 13:12:43,0.03233900,0.35900000
2018-02-22 13:12:46,0.03228500,0.61200000
2018-02-22 13:12:46,0.03228400,3.09500000
2018-02-22 13:12:46,0.03228200,0.56000000
2018-02-22 13:12:46,0.03228000,0.92900000
2018-02-22 13:12:46,0.03227300,2.84900000
2018-02-22 13:12:47,0.03233800,0.06800000
2018-02-22 13:12:49,0.03233500,0.84100000
2018-02-22 13:12:50,0.03227400,0.43700000
2018-02-22 13:12:51,0.03227400,1.00000000
2018-02-22 13:12:51,0.03227300,0.96200000
2018-02-22 13:12:52,0.03227400,10.59900000
2018-02-22 13:12:54,0.03232300,2.18300000
2018-02-22 13:12:54,0.03232300,0.00300000
2018-02-22 13:12:54,0.03232400,2.18300000
2018-02-22 13:12:54,0.03231600,0.55300000
2018-02-22 13:12:55,0.03231600,0.25700000
2018-02-22 13:12:55,0.03227300,0.40000000
2018-02-22 13:12:56,0.03222600,2.89700000
2018-02-22 13:12:56,0.03222600,0.20300000
2018-02-22 13:12:56,0.03222400,0.25000000
2018-02-22 13:12:57,0.03229900,1.74600000
2018-02-22 13:12:57,0.03222600,0.40000000
2018-02-22 13:12:57,0.03229700,0.21100000
2018-02-22 13:12:58,0.03227400,0.37200000
2018-02-22 13:12:59,0.03229400,0.07000000
2018-02-22 13:13:01,0.03222600,0.77200000
2018-02-22 13:13:02,0.03228800,0.06800000
2018-02-22 13:13:02,0.03222700,0.06100000
2018-02-22 13:13:03,0.03227100,0.53200000
2018-02-22 13:13:03,0.03227100,0.06800000
2018-02-22 13:13:03,0.03227100,0.33100000
2018-02-22 13:13:04,0.03222700,0.40000000
2018-02-22 13:13:07,0.03226200,0.52500000
2018-02-22 13:13:08,0.03225800,0.13600000
2018-02-22 13:13:08,0.03226200,0.40000000
2018-02-22 13:13:08,0.03227300,0.14000000
2018-02-22 13:13:09,0.03225600,0.06800000
2018-02-22 13:13:10,0.03225600,1.00000000
2018-02-22 13:13:10,0.03225600,0.17500000
2018-02-22 13:13:12,0.03225600,0.05200000
2018-02-22 13:13:12,0.03225800,0.15500000
2018-02-22 13:13:12,0.03225900,0.15200000
2018-02-22 13:13:17,0.03222700,1.28900000
2018-02-22 13:13:17,0.03222500,1.06700000
2018-02-22 13:13:17,0.03222100,3.10300000
2018-02-22 13:13:17,0.03220000,2.50500000
2018-02-22 13:13:18,0.03225900,0.09800000
2018-02-22 13:13:19,0.03222700,0.08400000
2018-02-22 13:13:21,0.03220000,3.50600000
2018-02-22 13:13:21,0.03219500,0.03600000
2018-02-22 13:13:21,0.03215600,1.45800000
2018-02-22 13:13:24,0.03216600,3.10600000
2018-02-22 13:13:24,0.03216400,1.92700000
2018-02-22 13:13:24,0.03221900,0.86300000
2018-02-22 13:13:25,0.03216600,0.03900000
2018-02-22 13:13:25,0.03219800,2.24300000
2018-02-22 13:13:25,0.03220000,2.84400000
2018-02-22 13:13:25,0.03219900,0.93100000
2018-02-22 13:13:25,0.03219900,0.93100000
2018-02-22 13:13:25,0.03216100,0.03900000
2018-02-22 13:13:25,0.03216100,0.01900000
2018-02-22 13:13:25,0.03214800,0.91100000
2018-02-22 13:13:26,0.03214800,0.02900000
2018-02-22 13:13:27,0.03219800,0.12100000
2018-02-22 13:13:27,0.03215600,0.03500000
2018-02-22 13:13:27,0.03215600,0.03500000
2018-02-22 13:13:27,0.03215600,0.03500000
2018-02-22 13:13:27,0.03215600,0.03500000
2018-02-22 13:13:27,0.03215600,0.06900000
2018-02-22 13:13:28,0.03214900,1.86400000
2018-02-22 13:13:28,0.03214600,7.63200000
2018-02-22 13:13:28,0.03213900,0.18600000
2018-02-22 13:13:28,0.03213000,1.35500000
2018-02-22 13:13:28,0.03212400,0.03700000
2018-02-22 13:13:28,0.03210900,0.15600000
2018-02-22 13:13:28,0.03210000,7.94200000
2018-02-22 13:13:28,0.03209600,0.09300000
2018-02-22 13:13:28,0.03208300,0.28800000
2018-02-22 13:13:28,0.03210000,2.00300000
2018-02-22 13:13:28,0.03210000,2.00100000
2018-02-22 13:13:28,0.03210000,2.00200000
2018-02-22 13:13:28,0.03208300,2.00200000
2018-02-22 13:13:28,0.03207800,2.00200000
2018-02-22 13:13:29,0.03207800,2.00100000
2018-02-22 13:13:31,0.03208000,0.20700000
2018-02-22 13:13:31,0.03207800,0.50900000
2018-02-22 13:13:31,0.03207800,0.67600000
2018-02-22 13:13:32,0.03207800,0.03500000
2018-02-22 13:13:32,0.03207800,0.08000000
2018-02-22 13:13:33,0.03208100,0.03500000
2018-02-22 13:13:33,0.03208100,0.27000000
2018-02-22 13:13:33,0.03207800,1.52500000
2018-02-22 13:13:33,0.03207700,1.30800000
2018-02-22 13:13:34,0.03207800,0.58700000
2018-02-22 13:13:34,0.03207700,0.73700000
2018-02-22 13:13:34,0.03207300,0.18100000
2018-02-22 13:13:34,0.03204400,0.46800000
2018-02-22 13:13:34,0.03203900,0.18600000
2018-02-22 13:13:34,0.03203700,0.03700000
2018-02-22 13:13:34,0.03203600,0.37600000
2018-02-22 13:13:34,0.03203400,8.42900000
2018-02-22 13:13:34,0.03201800,0.03200000
2018-02-22 13:13:34,0.03201000,0.43300000
2018-02-22 13:13:34,0.03200500,0.15600000
2018-02-22 13:13:34,0.03200200,1.84800000
2018-02-22 13:13:34,0.03200100,4.89300000
2018-02-22 13:13:34,0.03200100,1.12100000
2018-02-22 13:13:34,0.03200100,0.51800000
2018-02-22 13:13:34,0.03200000,0.83700000
2018-02-22 13:13:35,0.03207600,1.33400000
2018-02-22 13:13:36,0.03207400,0.28100000
2018-02-22 13:13:37,0.03200500,0.34600000
2018-02-22 13:13:38,0.03200900,1.49400000
2018-02-22 13:13:38,0.03200800,2.77800000
2018-02-22 13:13:38,0.03200500,0.12700000
2018-02-22 13:13:39,0.03201800,0.50400000
2018-02-22 13:13:40,0.03201800,2.61900000
2018-02-22 13:13:40,0.03200900,0.94100000
2018-02-22 13:13:40,0.03200900,0.55300000
2018-02-22 13:13:40,0.03200500,0.27300000
2018-02-22 13:13:40,0.03200000,27.95300000
2018-02-22 13:13:40,0.03206800,3.12400000
2018-02-22 13:13:40,0.03207000,3.12300000
2018-02-22 13:13:40,0.03207400,0.32400000
2018-02-22 13:13:40,0.03207700,0.64800000
2018-02-22 13:13:40,0.03207800,0.77300000
2018-02-22 13:13:41,0.03202100,4.05700000
2018-02-22 13:13:41,0.03200000,12.59200000
2018-02-22 13:13:42,0.03206900,1.65000000
2018-02-22 13:13:42,0.03200100,1.00100000
2018-02-22 13:13:42,0.03200000,0.20900000
2018-02-22 13:13:43,0.03200000,5.00000000
2018-02-22 13:13:43,0.03206400,0.23300000
2018-02-22 13:13:44,0.03200000,11.29500000
2018-02-22 13:13:44,0.03200000,1.48200000
2018-02-22 13:13:44,0.03200000,1.72000000
2018-02-22 13:13:44,0.03206100,0.10800000
2018-02-22 13:13:44,0.03206100,0.50300000
2018-02-22 13:13:44,0.03200100,0.50400000
2018-02-22 13:13:44,0.03199300,0.27100000
2018-02-22 13:13:44,0.03199300,3.12500000
2018-02-22 13:13:44,0.03199300,1.37800000
2018-02-22 13:13:44,0.03199300,0.36000000
2018-02-22 13:13:44,0.03199300,0.35900000
2018-02-22 13:13:44,0.03198000,0.06300000
2018-02-22 13:13:44,0.03199300,1.99200000
2018-02-22 13:13:44,0.03206100,2.13400000
2018-02-22 13:13:44,0.03206100,0.14300000
2018-02-22 13:13:44,0.03206300,1.84700000
2018-02-22 13:13:44,0.03206300,0.57500000
2018-02-22 13:13:44,0.03197700,0.04500000
2018-02-22 13:13:44,0.03197700,3.70800000
2018-02-22 13:13:44,0.03195500,0.19900000
2018-02-22 13:13:44,0.03195500,0.19900000
2018-02-22 13:13:45,0.03195500,0.16600000
2018-02-22 13:13:45,0.03195500,0.19900000
2018-02-22 13:13:45,0.03195500,0.23800000
2018-02-22 13:13:45,0.03195500,0.23800000
2018-02-22 13:13:45,0.03195500,0.10800000
2018-02-22 13:13:45,0.03195400,0.19900000
2018-02-22 13:13:45,0.03195500,0.93700000
2018-02-22 13:13:45,0.03195400,0.33300000
2018-02-22 13:13:45,0.03195400,0.32800000
2018-02-22 13:13:45,0.03195400,1.60800000
2018-02-22 13:13:45,0.03195500,0.32800000
2018-02-22 13:13:45,0.03195500,0.23800000
2018-02-22 13:13:45,0.03195200,0.10800000
2018-02-22 13:13:45,0.03195500,0.23900000
2018-02-22 13:13:45,0.03195500,0.15600000
2018-02-22 13:13:45,0.03195500,0.99400000
2018-02-22 13:13:45,0.03195200,0.23900000
2018-02-22 13:13:45,0.03195500,0.93600000
2018-02-22 13:13:45,0.03195500,4.64600000
2018-02-22 13:13:45,0.03195500,0.23500000
2018-02-22 13:13:46,0.03195400,0.40500000
2018-02-22 13:13:47,0.03195500,4.61600000
2018-02-22 13:13:47,0.03198000,2.66800000
2018-02-22 13:13:47,0.03198000,0.03700000
2018-02-22 13:13:49,0.03195200,0.18500000
2018-02-22 13:13:49,0.03194700,0.04600000
2018-02-22 13:13:49,0.03194500,0.03700000
2018-02-22 13:13:50,0.03198000,0.58200000
2018-02-22 13:13:51,0.03194500,0.27600000
2018-02-22 13:13:53,0.03193200,0.10000000
2018-02-22 13:13:54,0.03193200,0.83900000
2018-02-22 13:13:54,0.03193000,0.18600000
2018-02-22 13:13:54,0.03192700,0.41700000
2018-02-22 13:13:54,0.03192200,8.84100000
2018-02-22 13:13:55,0.03191700,0.31300000
2018-02-22 13:13:55,0.03191500,0.06600000
2018-02-22 13:13:55,0.03191300,1.34600000
2018-02-22 13:13:55,0.03191100,0.21900000
2018-02-22 13:13:57,0.03190500,1.54200000
2018-02-22 13:13:57,0.03190000,5.21400000
2018-02-22 13:13:57,0.03190000,7.15700000
2018-02-22 13:13:57,0.03189000,0.32500000
2018-02-22 13:13:58,0.03190000,0.07800000
2018-02-22 13:13:58,0.03191700,1.50000000
2018-02-22 13:13:58,0.03190000,0.72100000
2018-02-22 13:13:58,0.03188400,0.59000000
2018-02-22 13:13:58,0.03188300,0.11400000
2018-02-22 13:13:59,0.03187600,0.13500000
2018-02-22 13:13:59,0.03187600,0.33200000
2018-02-22 13:14:02,0.03187600,0.44700000
2018-02-22 13:14:03,0.03186000,3.13800000
2018-02-22 13:14:03,0.03185200,0.47000000
2018-02-22 13:14:03,0.03185000,0.55000000
2018-02-22 13:14:03,0.03184200,0.16200000
2018-02-22 13:14:04,0.03191300,0.93900000
2018-02-22 13:14:04,0.03191700,2.96100000
2018-02-22 13:14:04,0.03184300,2.67300000
2018-02-22 13:14:04,0.03184200,2.97800000
2018-02-22 13:14:04,0.03184100,0.12600000
2018-02-22 13:14:04,0.03183300,0.47100000
2018-02-22 13:14:04,0.03181400,0.14100000
2018-02-22 13:14:04,0.03181200,0.18600000
2018-02-22 13:14:04,0.03180000,11.82800000
2018-02-22 13:14:06,0.03180000,1.66600000
2018-02-22 13:14:06,0.03190400,0.60400000
2018-02-22 13:14:06,0.03190000,3.58600000
2018-02-22 13:14:06,0.03185200,1.50000000
2018-02-22 13:14:06,0.03185200,0.30000000
2018-02-22 13:14:06,0.03185200,0.25500000
2018-02-22 13:14:07,0.03185200,0.30000000
2018-02-22 13:14:07,0.03185200,0.36100000
2018-02-22 13:14:07,0.03185200,0.36100000
2018-02-22 13:14:07,0.03183900,0.04000000
2018-02-22 13:14:07,0.03180100,0.87400000
2018-02-22 13:14:07,0.03180100,0.06900000
2018-02-22 13:14:07,0.03180000,0.85600000
2018-02-22 13:14:07,0.03179900,0.62900000
2018-02-22 13:14:07,0.03178800,4.18700000
2018-02-22 13:14:07,0.03177600,2.00000000
2018-02-22 13:14:07,0.03177500,0.96300000
2018-02-22 13:14:07,0.03177400,0.09400000
2018-02-22 13:14:07,0.03175600,0.63300000
2018-02-22 13:14:07,0.03175500,0.05700000
2018-02-22 13:14:07,0.03175100,0.09500000
2018-02-22 13:14:07,0.03175000,0.33900000
2018-02-22 13:14:07,0.03174300,0.11600000
2018-02-22 13:14:07,0.03172700,3.78200000
2018-02-22 13:14:07,0.03172500,0.74300000
2018-02-22 13:14:07,0.03171700,0.03700000
2018-02-22 13:14:07,0.03171600,0.38000000
2018-02-22 13:14:07,0.03170000,1.63000000
2018-02-22 13:14:07,0.03169800,0.03200000
2018-02-22 13:14:07,0.03169500,4.37200000
2018-02-22 13:14:07,0.03169300,0.23700000
2018-02-22 13:14:07,0.03169100,0.31600000
2018-02-22 13:14:07,0.03168500,0.18600000
2018-02-22 13:14:07,0.03168100,0.05100000
2018-02-22 13:14:07,0.03168000,0.31100000
2018-02-22 13:14:07,0.03166800,7.00000000
2018-02-22 13:14:07,0.03166700,1.26400000
2018-02-22 13:14:07,0.03166600,0.48400000
2018-02-22 13:14:07,0.03183900,2.49400000
2018-02-22 13:14:07,0.03184100,5.50800000
2018-02-22 13:14:07,0.03185100,1.89800000
2018-02-22 13:14:11,0.03184100,0.30200000
2018-02-22 13:14:11,0.03184100,0.18900000
2018-02-22 13:14:13,0.03184100,0.50000000
2018-02-22 13:14:13,0.03184100,0.34800000
2018-02-22 13:14:13,0.03180500,0.35400000
2018-02-22 13:14:16,0.03183900,0.22300000
2018-02-22 13:14:16,0.03184000,1.41900000
2018-02-22 13:14:17,0.03183900,1.96500000
2018-02-22 13:14:17,0.03180000,4.48000000
2018-02-22 13:14:17,0.03183900,0.03800000
2018-02-22 13:14:19,0.03180500,1.36800000
2018-02-22 13:14:19,0.03183900,1.30600000
2018-02-22 13:14:19,0.03183900,0.22800000
2018-02-22 13:14:21,0.03180000,2.58500000
2018-02-22 13:14:21,0.03183900,1.38000000
2018-02-22 13:14:21,0.03183900,0.18500000
2018-02-22 13:14:21,0.03184000,5.74000000
2018-02-22 13:14:22,0.03184100,0.07500000
2018-02-22 13:14:24,0.03184100,20.00000000
2018-02-22 13:14:24,0.03184000,0.38900000
2018-02-22 13:14:25,0.03184100,3.67100000
2018-02-22 13:14:25,0.03185100,0.86400000
2018-02-22 13:14:25,0.03185200,10.63500000
2018-02-22 13:14:25,0.03187600,1.09000000
2018-02-22 13:14:25,0.03186000,0.89100000
2018-02-22 13:14:26,0.03186300,0.13500000
2018-02-22 13:14:27,0.03191600,0.13500000
2018-02-22 13:14:27,0.03191500,0.12600000
2018-02-22 13:14:27,0.03186000,0.01000000
2018-02-22 13:14:29,0.03191700,5.76000000
2018-02-22 13:14:29,0.03192200,2.49700000
2018-02-22 13:14:29,0.03187100,1.61000000
2018-02-22 13:14:30,0.03187100,1.52300000
2018-02-22 13:14:30,0.03186900,0.94100000
2018-02-22 13:14:30,0.03186600,2.27300000
2018-02-22 13:14:30,0.03184100,3.53900000
2018-02-22 13:14:30,0.03184000,3.87300000
2018-02-22 13:14:30,0.03183900,0.47800000
2018-02-22 13:14:30,0.03180500,0.50000000
2018-02-22 13:14:30,0.03180000,7.33300000
2018-02-22 13:14:31,0.03191700,1.71500000
2018-02-22 13:14:32,0.03191700,0.10900000
2018-02-22 13:14:33,0.03191600,0.06000000
2018-02-22 13:14:42,0.03189300,0.40300000
2018-02-22 13:14:43,0.03182100,1.58200000
2018-02-22 13:14:43,0.03182000,8.27700000
2018-02-22 13:14:43,0.03181800,0.90600000
2018-02-22 13:14:43,0.03182000,1.81400000
2018-02-22 13:14:44,0.03181700,1.58200000
2018-02-22 13:14:44,0.03182000,3.71400000
2018-02-22 13:14:45,0.03186000,6.21500000
2018-02-22 13:14:46,0.03181000,0.08200000
2018-02-22 13:14:46,0.03182100,0.15000000
2018-02-22 13:14:46,0.03182100,3.72700000
2018-02-22 13:14:46,0.03182100,0.43500000
2018-02-22 13:14:47,0.03189500,0.13500000
2018-02-22 13:14:47,0.03187800,0.07800000
2018-02-22 13:14:47,0.03181000,0.39000000
2018-02-22 13:14:49,0.03189500,0.03900000
2018-02-22 13:14:50,0.03189500,1.83800000
2018-02-22 13:14:50,0.03182600,3.13900000
2018-02-22 13:14:50,0.03182400,1.58200000
2018-02-22 13:14:50,0.03182100,0.05700000
2018-02-22 13:14:50,0.03181000,1.15000000
2018-02-22 13:14:51,0.03188800,3.13900000
2018-02-22 13:14:51,0.03189000,6.71200000
2018-02-22 13:14:52,0.03181500,1.82400000
2018-02-22 13:14:54,0.03182200,1.68800000
2018-02-22 13:14:54,0.03187900,1.58200000
2018-02-22 13:14:54,0.03188000,3.14000000
2018-02-22 13:14:54,0.03189000,9.35900000
2018-02-22 13:14:54,0.03189400,1.83000000
2018-02-22 13:14:54,0.03189500,0.10100000
2018-02-22 13:14:55,0.03189300,0.69800000
2018-02-22 13:14:57,0.03189000,1.12600000
2018-02-22 13:14:57,0.03189200,2.62900000
2018-02-22 13:14:57,0.03188000,1.19800000
2018-02-22 13:14:58,0.03189200,0.20000000
2018-02-22 13:15:00,0.03189200,1.93900000
2018-02-22 13:15:00,0.03189200,0.20000000
2018-02-22 13:15:02,0.03188000,0.20200000
2018-02-22 13:15:03,0.03189500,0.20000000
2018-02-22 13:15:03,0.03189500,0.08700000
2018-02-22 13:15:04,0.03188000,0.14100000
2018-02-22 13:15:06,0.03189500,0.20000000
2018-02-22 13:15:07,0.03189500,1.00000000
2018-02-22 13:15:07,0.03189500,3.52400000
2018-02-22 13:15:09,0.03189200,2.59900000
2018-02-22 13:15:09,0.03189500,8.73000000
2018-02-22 13:15:10,0.03189500,0.30000000
2018-02-22 13:15:13,0.03188100,1.50400000
2018-02-22 13:15:15,0.03189500,0.86200000
2018-02-22 13:15:16,0.03189500,0.33900000
2018-02-22 13:15:16,0.03189800,0.50500000
2018-02-22 13:15:17,0.03189200,0.93900000
2018-02-22 13:15:17,0.03189200,0.30000000
2018-02-22 13:15:17,0.03189200,0.09900000
2018-02-22 13:15:17,0.03189800,1.76700000
2018-02-22 13:15:18,0.03192200,0.28100000
2018-02-22 13:15:22,0.03192200,3.76900000
2018-02-22 13:15:24,0.03192200,1.81700000
2018-02-22 13:15:27,0.03190100,1.64100000
2018-02-22 13:15:27,0.03192200,36.27200000
2018-02-22 13:15:28,0.03192200,0.06600000
2018-02-22 13:15:29,0.03192200,3.33000000
2018-02-22 13:15:30,0.03192200,13.37500000
2018-02-22 13:15:30,0.03192200,5.29100000
2018-02-22 13:15:30,0.03193200,0.74000000
2018-02-22 13:15:30,0.03193200,1.42400000
2018-02-22 13:15:31,0.03197600,0.31600000
2018-02-22 13:15:31,0.03198000,0.18400000
2018-02-22 13:15:31,0.03192400,0.03500000
2018-02-22 13:15:33,0.03192700,3.09600000
2018-02-22 13:15:33,0.03192500,0.84400000
2018-02-22 13:15:34,0.03197800,0.50000000
2018-02-22 13:15:35,0.03193600,3.13100000
2018-02-22 13:15:35,0.03192700,2.00000000
2018-02-22 13:15:35,0.03192600,2.93900000
2018-02-22 13:15:35,0.03192500,2.00000000
2018-02-22 13:15:35,0.03192200,2.39900000
2018-02-22 13:15:35,0.03190100,9.44100000
2018-02-22 13:15:35,0.03190000,25.34100000
2018-02-22 13:15:35,0.03189200,1.68900000
2018-02-22 13:15:35,0.03189000,0.20000000
2018-02-22 13:15:35,0.03188100,0.75000000
2018-02-22 13:15:35,0.03188000,14.95500000
2018-02-22 13:15:35,0.03197700,0.93900000
2018-02-22 13:15:35,0.03197800,2.38500000
2018-02-22 13:15:36,0.03197500,0.24600000
2018-02-22 13:15:36,0.03197400,0.84400000
2018-02-22 13:15:37,0.03197900,0.30000000
2018-02-22 13:15:39,0.03197900,1.36700000
2018-02-22 13:15:40,0.03197900,1.46300000
2018-02-22 13:15:42,0.03197000,0.15900000
2018-02-22 13:15:42,0.03198000,1.19100000
2018-02-22 13:15:42,0.03198500,1.31400000
2018-02-22 13:15:42,0.03197900,7.37000000
2018-02-22 13:15:42,0.03189900,3.13100000
2018-02-22 13:15:42,0.03189700,1.42700000
2018-02-22 13:15:42,0.03189400,0.94000000
2018-02-22 13:15:42,0.03188000,1.45900000
2018-02-22 13:15:42,0.03184300,0.04000000
2018-02-22 13:15:42,0.03182300,0.39400000
2018-02-22 13:15:42,0.03182100,5.23900000
2018-02-22 13:15:43,0.03197000,0.46800000
2018-02-22 13:15:44,0.03196400,1.42700000
2018-02-22 13:15:44,0.03196500,0.28000000
2018-02-22 13:15:46,0.03196200,0.93500000
2018-02-22 13:15:47,0.03196200,1.91600000
2018-02-22 13:15:47,0.03196400,0.38700000
2018-02-22 13:15:47,0.03196400,0.55300000
2018-02-22 13:15:47,0.03197000,0.24800000
2018-02-22 13:15:49,0.03197000,3.13200000
2018-02-22 13:15:49,0.03196900,0.35800000
2018-02-22 13:15:49,0.03197000,1.39100000
2018-02-22 13:15:49,0.03198000,1.17300000
2018-02-22 13:15:51,0.03198000,2.39400000
2018-02-22 13:15:51,0.03198000,3.83600000
2018-02-22 13:15:51,0.03198500,2.95100000
2018-02-22 13:15:53,0.03198500,1.69600000
2018-02-22 13:15:54,0.03198500,0.34600000
2018-02-22 13:15:55,0.03198500,0.56600000
2018-02-22 13:15:55,0.03198500,0.81600000
2018-02-22 13:15:55,0.03198500,8.31100000
2018-02-22 13:15:55,0.03198700,3.13100000
2018-02-22 13:15:55,0.03199000,10.32100000
2018-02-22 13:15:55,0.03200000,21.73900000
2018-02-22 13:15:55,0.03200000,24.00100000
2018-02-22 13:15:55,0.03201100,0.06200000
2018-02-22 13:15:55,0.03201300,0.09200000
2018-02-22 13:15:56,0.03198200,0.35400000
2018-02-22 13:15:56,0.03203300,0.15600000
2018-02-22 13:15:56,0.03204500,0.24000000
2018-02-22 13:15:58,0.03199000,1.50000000
2018-02-22 13:15:58,0.03204500,0.25300000
2018-02-22 13:15:58,0.03205000,0.85700000
2018-02-22 13:15:59,0.03204900,1.15400000
2018-02-22 13:15:59,0.03204900,0.14900000
2018-02-22 13:15:59,0.03205000,0.35700000
2018-02-22 13:16:00,0.03205000,1.21700000
2018-02-22 13:16:00,0.03205000,3.64400000
2018-02-22 13:16:01,0.03205000,4.49900000
2018-02-22 13:16:02,0.03204900,0.39400000
2018-02-22 13:16:02,0.03205000,1.01000000
2018-02-22 13:16:02,0.03205000,1.79000000
2018-02-22 13:16:02,0.03205000,0.75800000
2018-02-22 13:16:02,0.03205000,0.48900000
2018-02-22 13:16:02,0.03205000,0.28400000
2018-02-22 13:16:03,0.03205000,0.93600000
2018-02-22 13:16:03,0.03205000,0.06400000
2018-02-22 13:16:03,0.03205000,0.72800000
2018-02-22 13:16:03,0.03205000,1.00000000
2018-02-22 13:16:03,0.03205000,0.49200000
2018-02-22 13:16:03,0.03205000,0.25500000
2018-02-22 13:16:03,0.03200000,0.26500000
2018-02-22 13:16:04,0.03206300,0.39400000
2018-02-22 13:16:06,0.03206300,1.46000000
2018-02-22 13:16:07,0.03206300,0.28400000
2018-02-22 13:16:07,0.03205000,0.71600000
2018-02-22 13:16:07,0.03206400,2.52700000
2018-02-22 13:16:08,0.03206400,3.47300000
2018-02-22 13:16:11,0.03206500,0.12600000
2018-02-22 13:16:11,0.03206800,0.14100000
2018-02-22 13:16:11,0.03207500,0.31400000
2018-02-22 13:16:11,0.03210000,1.06900000
2018-02-22 13:16:13,0.03209900,0.19500000
2018-02-22 13:16:16,0.03206400,0.06200000
2018-02-22 13:16:16,0.03206400,0.82300000
2018-02-22 13:16:16,0.03206300,5.97300000
2018-02-22 13:16:18,0.03206500,0.47600000
2018-02-22 13:16:20,0.03209900,1.79600000
2018-02-22 13:16:22,0.03209900,0.28800000
2018-02-22 13:16:23,0.03206500,4.01200000
2018-02-22 13:16:23,0.03209900,8.94700000
2018-02-22 13:16:24,0.03209900,2.14700000
2018-02-22 13:16:24,0.03209900,7.85300000
2018-02-22 13:16:24,0.03206500,0.25400000
2018-02-22 13:16:25,0.03209900,2.14700000
2018-02-22 13:16:25,0.03210000,3.25300000
2018-02-22 13:16:25,0.03206500,0.10800000
2018-02-22 13:16:25,0.03206500,10.08900000
2018-02-22 13:16:26,0.03210000,0.04200000
2018-02-22 13:16:26,0.03210000,8.81200000
2018-02-22 13:16:29,0.03209900,0.72000000
2018-02-22 13:16:29,0.03206700,0.44500000
2018-02-22 13:16:32,0.03206700,1.55500000
2018-02-22 13:16:32,0.03206600,2.19900000
2018-02-22 13:16:33,0.03206600,0.50500000
2018-02-22 13:16:33,0.03206500,4.64400000
2018-02-22 13:16:33,0.03206500,16.55900000
2018-02-22 13:16:33,0.03206400,2.00000000
2018-02-22 13:16:33,0.03205100,1.50500000
2018-02-22 13:16:34,0.03205000,0.04700000
2018-02-22 13:16:35,0.03200500,1.45400000
2018-02-22 13:16:35,0.03200400,3.04400000
2018-02-22 13:16:35,0.03206300,0.09000000
2018-02-22 13:16:35,0.03206700,0.17700000
2018-02-22 13:16:37,0.03206500,0.50600000
2018-02-22 13:16:37,0.03210000,19.34100000
2018-02-22 13:16:37,0.03210000,0.40100000
2018-02-22 13:16:37,0.03210000,0.34300000
2018-02-22 13:16:37,0.03210000,0.93400000
2018-02-22 13:16:37,0.03210000,2.66300000
2018-02-22 13:16:37,0.03210000,0.88400000
2018-02-22 13:16:37,0.03210000,3.04400000
2018-02-22 13:16:37,0.03210000,0.08400000
2018-02-22 13:16:37,0.03210000,15.64600000
2018-02-22 13:16:38,0.03201300,0.33600000
2018-02-22 13:16:39,0.03201400,1.57800000
2018-02-22 13:16:39,0.03201300,2.00800000
2018-02-22 13:16:40,0.03206700,2.66200000
2018-02-22 13:16:40,0.03206400,0.12400000
2018-02-22 13:16:42,0.03201900,0.34800000
2018-02-22 13:16:47,0.03202300,3.20200000
2018-02-22 13:16:47,0.03202200,0.77100000
2018-02-22 13:16:48,0.03208500,0.40500000
2018-02-22 13:16:54,0.03207000,2.33900000
2018-02-22 13:16:54,0.03207200,2.11100000
2018-02-22 13:16:56,0.03207100,0.28800000
2018-02-22 13:16:58,0.03202500,0.75000000
2018-02-22 13:16:58,0.03202500,0.34200000
2018-02-22 13:16:58,0.03202500,1.80800000
2018-02-22 13:16:59,0.03202400,1.29000000
2018-02-22 13:17:04,0.03207200,3.38100000
2018-02-22 13:17:05,0.03207200,0.30900000
2018-02-22 13:17:05,0.03207200,0.04900000
2018-02-22 13:17:07,0.03207700,1.45400000
2018-02-22 13:17:07,0.03207800,0.93600000
2018-02-22 13:17:09,0.03205200,2.00000000
2018-02-22 13:17:09,0.03209900,0.50000000
2018-02-22 13:17:10,0.03209900,1.24400000
2018-02-22 13:17:10,0.03210000,1.78800000
2018-02-22 13:17:10,0.03210000,1.74300000
2018-02-22 13:17:10,0.03210100,3.30700000
2018-02-22 13:17:10,0.03210100,4.87600000
2018-02-22 13:17:10,0.03210100,0.24600000
2018-02-22 13:17:11,0.03211600,2.00000000
2018-02-22 13:17:12,0.03210000,0.40000000
2018-02-22 13:17:13,0.03210000,3.05300000
2018-02-22 13:17:14,0.03210000,1.60900000
2018-02-22 13:17:16,0.03210100,0.93400000
2018-02-22 13:17:17,0.03210100,0.03700000
2018-02-22 13:17:17,0.03210100,1.02900000
2018-02-22 13:17:17,0.03210000,2.10200000
2018-02-22 13:17:18,0.03210000,0.38400000
2018-02-22 13:17:21,0.03211800,1.42900000
2018-02-22 13:17:21,0.03211900,2.53700000
2018-02-22 13:17:21,0.03213200,4.37200000
2018-02-22 13:17:22,0.03213200,5.90500000
2018-02-22 13:17:22,0.03213200,0.39300000
2018-02-22 13:17:22,0.03213300,1.22400000
2018-02-22 13:17:22,0.03213400,0.21900000
2018-02-22 13:17:25,0.03213600,1.22100000
2018-02-22 13:17:26,0.03213900,0.23400000
2018-02-22 13:17:26,0.03214200,0.25900000
2018-02-22 13:17:26,0.03214600,0.20900000
2018-02-22 13:17:26,0.03215500,1.02900000
2018-02-22 13:17:26,0.03216800,10.71900000
2018-02-22 13:17:26,0.03216900,0.31300000
2018-02-22 13:17:26,0.03217600,0.53200000
2018-02-22 13:17:26,0.03217800,0.38800000
2018-02-22 13:17:27,0.03217800,0.14400000
2018-02-22 13:17:27,0.03218200,0.15700000
2018-02-22 13:17:27,0.03220000,0.04700000
2018-02-22 13:17:27,0.03220000,22.19200000
2018-02-22 13:17:28,0.03213600,0.71600000
2018-02-22 13:17:30,0.03220000,1.64200000
2018-02-22 13:17:31,0.03220000,1.68500000
2018-02-22 13:17:31,0.03220000,11.09000000
2018-02-22 13:17:31,0.03220000,6.30600000
2018-02-22 13:17:32,0.03220000,3.15300000
