DATE,PRICE,VOLUME
2018-02-27 19:00:00,0.04651500,0.07400000
2018-02-27 19:00:02,0.04655800,0.17200000
2018-02-27 19:00:02,0.04657100,0.03500000
2018-02-27 19:00:02,0.04657100,0.04300000
2018-02-27 19:00:04,0.04655700,0.21400000
2018-02-27 19:00:05,0.04655700,0.00100000
2018-02-27 19:00:05,0.04657100,0.17100000
2018-02-27 19:00:05,0.04657900,0.10200000
2018-02-27 19:00:05,0.04651000,0.64200000
2018-02-27 19:00:05,0.04650100,12.29600000
2018-02-27 19:00:05,0.04650000,24.48600000
2018-02-27 19:00:06,0.04657100,0.03200000
2018-02-27 19:00:07,0.04653700,1.14600000
2018-02-27 19:00:09,0.04650300,0.25000000
2018-02-27 19:00:09,0.04650000,18.73100000
2018-02-27 19:00:11,0.04650300,0.06000000
2018-02-27 19:00:11,0.04650000,0.21600000
2018-02-27 19:00:11,0.04650000,4.20300000
2018-02-27 19:00:19,0.04657000,0.21400000
2018-02-27 19:00:19,0.04657100,6.50800000
2018-02-27 19:00:19,0.04657700,1.14600000
2018-02-27 19:00:19,0.04657900,0.73000000
2018-02-27 19:00:19,0.04658800,0.70000000
2018-02-27 19:00:19,0.04659000,5.74400000
2018-02-27 19:00:20,0.04650000,0.29200000
2018-02-27 19:00:21,0.04659000,1.20800000
2018-02-27 19:00:21,0.04659000,2.14600000
2018-02-27 19:00:21,0.04659000,0.21400000
2018-02-27 19:00:21,0.04659000,1.21600000
2018-02-27 19:00:21,0.04659200,0.93200000
2018-02-27 19:00:21,0.04659900,7.26200000
2018-02-27 19:00:21,0.04659900,1.76100000
2018-02-27 19:00:21,0.04660000,2.25700000
2018-02-27 19:00:21,0.04660100,1.04000000
2018-02-27 19:00:21,0.04660300,0.21500000
2018-02-27 19:00:21,0.04661100,0.48400000
2018-02-27 19:00:21,0.04661400,0.97400000
2018-02-27 19:00:21,0.04661500,3.32500000
2018-02-27 19:00:21,0.04650000,0.21400000
2018-02-27 19:00:22,0.04650200,0.70200000
2018-02-27 19:00:22,0.04661500,3.73400000
2018-02-27 19:00:24,0.04656800,0.70200000
2018-02-27 19:00:24,0.04657000,0.23000000
2018-02-27 19:00:25,0.04650000,14.61100000
2018-02-27 19:00:26,0.04657000,0.01000000
2018-02-27 19:00:26,0.04657000,0.23400000
2018-02-27 19:00:27,0.04650000,8.58400000
2018-02-27 19:00:28,0.04650000,9.65200000
2018-02-27 19:00:28,0.04657000,0.05800000
2018-02-27 19:00:29,0.04650000,0.04700000
2018-02-27 19:00:30,0.04650000,0.06500000
2018-02-27 19:00:30,0.04650000,0.94900000
2018-02-27 19:00:31,0.04657000,0.01500000
2018-02-27 19:00:33,0.04657000,0.00300000
2018-02-27 19:00:34,0.04650000,0.25800000
2018-02-27 19:00:38,0.04650100,0.09500000
2018-02-27 19:00:39,0.04650000,0.06300000
2018-02-27 19:00:39,0.04650000,0.06300000
2018-02-27 19:00:40,0.04650000,1.17300000
2018-02-27 19:00:44,0.04650000,0.05600000
2018-02-27 19:00:48,0.04650000,0.12400000
2018-02-27 19:00:50,0.04650000,0.31200000
2018-02-27 19:00:50,0.04650000,15.24100000
2018-02-27 19:00:51,0.04650000,2.62700000
2018-02-27 19:00:52,0.04650000,0.31900000
2018-02-27 19:00:52,0.04650000,0.17300000
2018-02-27 19:00:52,0.04650000,29.05800000
2018-02-27 19:00:52,0.04650000,15.72000000
2018-02-27 19:00:52,0.04650000,7.68400000
2018-02-27 19:00:52,0.04650000,3.54400000
2018-02-27 19:00:52,0.04650000,1.59800000
2018-02-27 19:00:53,0.04650000,0.52000000
2018-02-27 19:00:53,0.04650100,0.09300000
2018-02-27 19:00:53,0.04650000,3.63700000
2018-02-27 19:00:53,0.04650000,12.05800000
2018-02-27 19:00:54,0.04650000,6.05200000
2018-02-27 19:00:54,0.04650000,29.99400000
2018-02-27 19:00:54,0.04650000,0.20500000
2018-02-27 19:00:54,0.04650000,2.73800000
2018-02-27 19:00:54,0.04649500,0.34600000
2018-02-27 19:00:54,0.04649500,1.77600000
2018-02-27 19:00:55,0.04649500,7.63800000
2018-02-27 19:00:55,0.04647800,0.30800000
2018-02-27 19:00:55,0.04647600,0.43000000
2018-02-27 19:00:55,0.04643500,4.24000000
2018-02-27 19:00:55,0.04643000,0.32500000
2018-02-27 19:00:55,0.04642900,0.06500000
2018-02-27 19:00:55,0.04640000,1.17500000
2018-02-27 19:00:56,0.04640200,1.08800000
2018-02-27 19:00:56,0.04640200,1.06700000
2018-02-27 19:00:56,0.04640000,0.93300000
2018-02-27 19:00:57,0.04640000,1.99900000
2018-02-27 19:00:57,0.04640000,4.52300000
2018-02-27 19:00:58,0.04640000,0.18100000
2018-02-27 19:00:58,0.04640000,2.99400000
2018-02-27 19:00:58,0.04640000,0.64200000
2018-02-27 19:00:59,0.04640000,2.88400000
2018-02-27 19:00:59,0.04640000,0.30800000
2018-02-27 19:01:00,0.04640000,2.00000000
2018-02-27 19:01:00,0.04640000,1.27900000
2018-02-27 19:01:01,0.04640000,0.08000000
2018-02-27 19:01:03,0.04640500,0.03500000
2018-02-27 19:01:04,0.04640500,2.12000000
2018-02-27 19:01:04,0.04649900,0.43000000
2018-02-27 19:01:04,0.04650000,5.52300000
2018-02-27 19:01:04,0.04650100,0.61500000
2018-02-27 19:01:04,0.04654000,0.58000000
2018-02-27 19:01:04,0.04654900,10.11700000
2018-02-27 19:01:04,0.04655000,20.00000000
2018-02-27 19:01:08,0.04655200,0.10100000
2018-02-27 19:01:08,0.04655000,3.73800000
2018-02-27 19:01:08,0.04655000,0.34200000
2018-02-27 19:01:09,0.04657000,0.23700000
2018-02-27 19:01:09,0.04655000,1.31700000
2018-02-27 19:01:11,0.04657000,0.12800000
2018-02-27 19:01:11,0.04655000,0.10300000
2018-02-27 19:01:11,0.04655000,0.03600000
2018-02-27 19:01:13,0.04655000,0.07900000
2018-02-27 19:01:13,0.04655000,0.16100000
2018-02-27 19:01:15,0.04641000,0.06700000
2018-02-27 19:01:18,0.04655000,0.03600000
2018-02-27 19:01:18,0.04641300,0.10100000
2018-02-27 19:01:19,0.04641600,0.30300000
2018-02-27 19:01:20,0.04641600,0.22400000
2018-02-27 19:01:21,0.04641900,0.22200000
2018-02-27 19:01:23,0.04642200,0.22200000
2018-02-27 19:01:24,0.04642200,1.05700000
2018-02-27 19:01:24,0.04642300,0.21900000
2018-02-27 19:01:29,0.04650200,0.91200000
2018-02-27 19:01:29,0.04642600,0.21100000
2018-02-27 19:01:29,0.04640200,1.15800000
2018-02-27 19:01:31,0.04652400,2.19600000
2018-02-27 19:01:31,0.04652900,0.06000000
2018-02-27 19:01:31,0.04655000,0.17000000
2018-02-27 19:01:31,0.04657000,3.06800000
2018-02-27 19:01:31,0.04657100,0.36200000
2018-02-27 19:01:32,0.04640500,0.09300000
2018-02-27 19:01:34,0.04642200,0.89500000
2018-02-27 19:01:35,0.04642000,0.09300000
2018-02-27 19:01:35,0.04642200,0.22100000
2018-02-27 19:01:39,0.04642200,0.04700000
2018-02-27 19:01:40,0.04640200,1.87600000
2018-02-27 19:01:40,0.04640200,0.36700000
2018-02-27 19:01:41,0.04640100,0.17600000
2018-02-27 19:01:41,0.04640000,29.79400000
2018-02-27 19:01:44,0.04640000,1.37800000
2018-02-27 19:01:46,0.04640000,11.37400000
2018-02-27 19:01:47,0.04640100,0.30000000
2018-02-27 19:01:47,0.04640200,4.08800000
2018-02-27 19:01:48,0.04640000,3.26000000
2018-02-27 19:01:48,0.04638700,0.27800000
2018-02-27 19:01:50,0.04638700,0.55600000
2018-02-27 19:01:50,0.04638300,0.21600000
2018-02-27 19:01:50,0.04636400,0.26200000
2018-02-27 19:01:50,0.04636300,0.12900000
2018-02-27 19:01:50,0.04636200,0.11600000
2018-02-27 19:01:50,0.04635000,0.91600000
2018-02-27 19:01:51,0.04635000,0.01300000
2018-02-27 19:01:52,0.04635000,0.07100000
2018-02-27 19:01:52,0.04634900,0.43100000
2018-02-27 19:01:52,0.04633500,0.03200000
2018-02-27 19:01:56,0.04635000,0.12000000
2018-02-27 19:01:56,0.04633500,0.07600000
2018-02-27 19:01:56,0.04633300,0.04300000
2018-02-27 19:01:56,0.04633200,0.53300000
2018-02-27 19:01:57,0.04635000,0.09700000
2018-02-27 19:01:58,0.04633200,0.11500000
2018-02-27 19:01:58,0.04632600,0.13000000
2018-02-27 19:01:59,0.04630000,0.85200000
2018-02-27 19:02:00,0.04630000,0.05400000
2018-02-27 19:02:01,0.04629200,0.07800000
2018-02-27 19:02:01,0.04626900,0.01400000
2018-02-27 19:02:02,0.04626900,0.20200000
2018-02-27 19:02:02,0.04625500,1.28400000
2018-02-27 19:02:02,0.04630000,0.49500000
2018-02-27 19:02:02,0.04630000,1.53300000
2018-02-27 19:02:05,0.04625500,0.10800000
2018-02-27 19:02:07,0.04625500,0.67600000
2018-02-27 19:02:08,0.04630000,0.11400000
2018-02-27 19:02:10,0.04625100,0.06500000
2018-02-27 19:02:10,0.04624600,0.32700000
2018-02-27 19:02:10,0.04624600,0.12100000
2018-02-27 19:02:10,0.04620100,4.92600000
2018-02-27 19:02:10,0.04620000,14.70300000
2018-02-27 19:02:11,0.04624500,0.44800000
2018-02-27 19:02:15,0.04620200,0.58500000
2018-02-27 19:02:15,0.04620200,0.20400000
2018-02-27 19:02:16,0.04620200,3.53400000
2018-02-27 19:02:16,0.04620000,16.46600000
2018-02-27 19:02:19,0.04620000,0.65400000
2018-02-27 19:02:20,0.04620000,0.41900000
2018-02-27 19:02:20,0.04620000,0.64900000
2018-02-27 19:02:20,0.04620000,1.67800000
2018-02-27 19:02:21,0.04620000,0.91900000
2018-02-27 19:02:23,0.04620000,0.41100000
2018-02-27 19:02:24,0.04629200,0.14300000
2018-02-27 19:02:24,0.04620000,0.22400000
2018-02-27 19:02:25,0.04620000,0.06500000
2018-02-27 19:02:25,0.04620000,0.17300000
2018-02-27 19:02:25,0.04620000,0.03300000
2018-02-27 19:02:25,0.04620000,8.09000000
2018-02-27 19:02:26,0.04620000,0.27800000
2018-02-27 19:02:26,0.04620000,6.71800000
2018-02-27 19:02:29,0.04620000,0.94500000
2018-02-27 19:02:30,0.04620000,8.08200000
2018-02-27 19:02:31,0.04620000,1.00000000
2018-02-27 19:02:32,0.04620000,0.03900000
2018-02-27 19:02:36,0.04620000,0.03200000
2018-02-27 19:02:37,0.04620000,0.50900000
2018-02-27 19:02:39,0.04620000,0.07200000
2018-02-27 19:02:40,0.04620000,2.37800000
2018-02-27 19:02:42,0.04620000,1.09900000
2018-02-27 19:02:44,0.04620000,1.87100000
2018-02-27 19:02:44,0.04624300,4.18000000
2018-02-27 19:02:44,0.04626900,2.06600000
2018-02-27 19:02:44,0.04628900,0.59100000
2018-02-27 19:02:44,0.04629200,0.43000000
2018-02-27 19:02:44,0.04630000,2.16400000
2018-02-27 19:02:49,0.04620800,2.16200000
2018-02-27 19:02:49,0.04620600,0.43200000
2018-02-27 19:02:49,0.04620000,0.70600000
2018-02-27 19:02:50,0.04629500,0.10000000
2018-02-27 19:02:52,0.04629200,2.06200000
2018-02-27 19:02:52,0.04629400,0.43200000
2018-02-27 19:02:52,0.04630000,4.57000000
2018-02-27 19:02:54,0.04630000,0.10000000
2018-02-27 19:02:55,0.04620600,2.16100000
2018-02-27 19:02:55,0.04620400,0.43200000
2018-02-27 19:02:55,0.04620100,4.78800000
2018-02-27 19:03:00,0.04620100,2.23000000
2018-02-27 19:03:00,0.04620000,34.00600000
2018-02-27 19:03:00,0.04620000,0.28900000
2018-02-27 19:03:02,0.04620000,1.00000000
2018-02-27 19:03:03,0.04620000,0.38600000
2018-02-27 19:03:05,0.04620000,1.12500000
2018-02-27 19:03:06,0.04620000,0.40000000
2018-02-27 19:03:06,0.04628900,2.16100000
2018-02-27 19:03:06,0.04629100,0.11200000
2018-02-27 19:03:07,0.04620000,0.31400000
2018-02-27 19:03:07,0.04620000,0.98500000
2018-02-27 19:03:09,0.04628900,0.56500000
2018-02-27 19:03:14,0.04620000,0.03100000
2018-02-27 19:03:16,0.04620000,1.51100000
2018-02-27 19:03:20,0.04620200,3.09300000
2018-02-27 19:03:20,0.04620000,0.32600000
2018-02-27 19:03:24,0.04620000,3.94700000
2018-02-27 19:03:33,0.04628800,0.94500000
2018-02-27 19:03:33,0.04628900,0.54600000
2018-02-27 19:03:40,0.04620000,19.59600000
2018-02-27 19:03:44,0.04620100,0.54400000
2018-02-27 19:03:50,0.04620100,0.25000000
2018-02-27 19:03:50,0.04628500,0.11200000
2018-02-27 19:03:52,0.04628500,0.08800000
2018-02-27 19:03:52,0.04628700,0.17500000
2018-02-27 19:03:57,0.04620100,2.20400000
2018-02-27 19:03:58,0.04620100,0.86600000
2018-02-27 19:03:58,0.04620000,0.76100000
2018-02-27 19:04:02,0.04628700,0.21600000
2018-02-27 19:04:03,0.04628700,1.04000000
2018-02-27 19:04:03,0.04628900,1.57800000
2018-02-27 19:04:05,0.04628700,0.37200000
2018-02-27 19:04:05,0.04628900,3.44800000
2018-02-27 19:04:08,0.04630000,0.05300000
2018-02-27 19:04:09,0.04628700,1.26800000
2018-02-27 19:04:13,0.04625000,0.57700000
2018-02-27 19:04:13,0.04620300,0.14800000
2018-02-27 19:04:13,0.04620200,0.04000000
2018-02-27 19:04:13,0.04620000,0.92200000
2018-02-27 19:04:13,0.04628700,0.27900000
2018-02-27 19:04:14,0.04628700,0.31800000
2018-02-27 19:04:17,0.04628700,0.03800000
2018-02-27 19:04:19,0.04622500,1.43900000
2018-02-27 19:04:19,0.04620000,2.83300000
2018-02-27 19:04:19,0.04628700,0.06200000
2018-02-27 19:04:22,0.04625000,0.20000000
2018-02-27 19:04:22,0.04628500,0.06400000
2018-02-27 19:04:22,0.04628700,0.17300000
2018-02-27 19:04:28,0.04626700,1.43900000
2018-02-27 19:04:29,0.04628700,0.04600000
2018-02-27 19:04:35,0.04626600,0.02900000
2018-02-27 19:04:36,0.04626600,0.06100000
2018-02-27 19:04:37,0.04626600,0.06400000
2018-02-27 19:04:41,0.04621200,0.50000000
2018-02-27 19:04:42,0.04621000,0.22500000
2018-02-27 19:04:44,0.04621000,0.22500000
2018-02-27 19:04:48,0.04625000,0.07900000
2018-02-27 19:04:50,0.04625000,0.06400000
2018-02-27 19:04:50,0.04625000,0.09000000
2018-02-27 19:04:53,0.04625000,0.60500000
2018-02-27 19:04:53,0.04625000,0.73100000
2018-02-27 19:04:58,0.04626600,0.23900000
2018-02-27 19:05:03,0.04628500,0.18800000
2018-02-27 19:05:03,0.04628600,0.14800000
2018-02-27 19:05:03,0.04628700,0.31700000
2018-02-27 19:05:03,0.04625000,0.19100000
2018-02-27 19:05:03,0.04621300,0.51300000
2018-02-27 19:05:06,0.04621300,0.59300000
2018-02-27 19:05:06,0.04621000,0.07200000
2018-02-27 19:05:06,0.04620200,0.58500000
2018-02-27 19:05:06,0.04620100,1.77900000
2018-02-27 19:05:06,0.04620000,0.68100000
2018-02-27 19:05:06,0.04620000,0.09200000
2018-02-27 19:05:06,0.04620000,0.21500000
2018-02-27 19:05:10,0.04620100,1.68800000
2018-02-27 19:05:13,0.04620000,0.05600000
2018-02-27 19:05:14,0.04621300,0.92700000
2018-02-27 19:05:18,0.04620000,0.24500000
2018-02-27 19:05:21,0.04620000,0.38500000
2018-02-27 19:05:22,0.04621200,2.58000000
2018-02-27 19:05:23,0.04620100,0.14800000
2018-02-27 19:05:23,0.04620000,0.29200000
2018-02-27 19:05:26,0.04620000,2.28800000
2018-02-27 19:05:29,0.04620000,2.06900000
2018-02-27 19:05:31,0.04620000,0.10300000
2018-02-27 19:05:31,0.04620000,5.18300000
2018-02-27 19:05:32,0.04620000,1.48800000
2018-02-27 19:05:38,0.04621100,0.32400000
2018-02-27 19:05:38,0.04621200,0.35200000
2018-02-27 19:05:42,0.04621000,0.05700000
2018-02-27 19:05:46,0.04620200,0.30000000
2018-02-27 19:05:46,0.04620100,0.78800000
2018-02-27 19:05:46,0.04620000,0.06000000
2018-02-27 19:05:55,0.04620000,2.95100000
2018-02-27 19:05:59,0.04620000,1.04700000
2018-02-27 19:06:00,0.04620000,1.06600000
2018-02-27 19:06:08,0.04621000,0.85600000
2018-02-27 19:06:10,0.04621000,0.03000000
2018-02-27 19:06:10,0.04621200,0.70400000
2018-02-27 19:06:10,0.04621500,0.11500000
2018-02-27 19:06:19,0.04620000,0.56000000
2018-02-27 19:06:20,0.04620000,0.37000000
2018-02-27 19:06:22,0.04620000,1.45000000
2018-02-27 19:06:24,0.04620000,0.70800000
2018-02-27 19:06:28,0.04621500,0.10800000
2018-02-27 19:06:29,0.04620000,0.27300000
2018-02-27 19:06:29,0.04620000,5.00000000
2018-02-27 19:06:31,0.04620000,0.80000000
2018-02-27 19:06:31,0.04620000,6.36300000
2018-02-27 19:06:32,0.04620000,0.92600000
2018-02-27 19:06:34,0.04621400,0.06400000
2018-02-27 19:06:39,0.04620000,1.29900000
2018-02-27 19:06:40,0.04621400,0.03000000
2018-02-27 19:06:41,0.04621400,0.14300000
2018-02-27 19:06:41,0.04620000,0.57000000
2018-02-27 19:06:45,0.04620000,0.65300000
2018-02-27 19:06:46,0.04621300,0.10800000
2018-02-27 19:06:46,0.04621500,0.09200000
2018-02-27 19:06:47,0.04620000,0.23700000
2018-02-27 19:06:53,0.04620000,2.01200000
2018-02-27 19:06:53,0.04620000,0.43900000
2018-02-27 19:06:54,0.04619800,0.06500000
2018-02-27 19:07:01,0.04619700,0.21600000
2018-02-27 19:07:01,0.04619600,0.06500000
2018-02-27 19:07:01,0.04619500,0.49100000
2018-02-27 19:07:01,0.04619500,0.11200000
2018-02-27 19:07:03,0.04619500,0.04600000
2018-02-27 19:07:03,0.04619400,0.03800000
2018-02-27 19:07:06,0.04619800,2.00000000
2018-02-27 19:07:06,0.04619400,0.11400000
2018-02-27 19:07:10,0.04619300,0.08300000
2018-02-27 19:07:10,0.04619400,2.29500000
2018-02-27 19:07:17,0.04619400,0.41200000
2018-02-27 19:07:26,0.04619400,0.10800000
2018-02-27 19:07:27,0.04619500,0.08800000
2018-02-27 19:07:27,0.04619400,0.08900000
2018-02-27 19:07:31,0.04619400,0.45600000
2018-02-27 19:07:31,0.04619400,0.15000000
2018-02-27 19:07:33,0.04619400,0.02500000
2018-02-27 19:07:33,0.04615500,0.50800000
2018-02-27 19:07:34,0.04615500,0.69300000
2018-02-27 19:07:34,0.04615100,0.12800000
2018-02-27 19:07:34,0.04615000,0.02700000
2018-02-27 19:07:38,0.04619400,0.94000000
2018-02-27 19:07:38,0.04615000,1.15400000
2018-02-27 19:07:43,0.04619300,1.14700000
2018-02-27 19:07:43,0.04619400,1.85300000
2018-02-27 19:07:45,0.04615000,0.48000000
2018-02-27 19:07:45,0.04615000,0.94500000
2018-02-27 19:07:49,0.04615000,0.00200000
2018-02-27 19:07:49,0.04613000,0.10900000
2018-02-27 19:07:49,0.04611300,0.16300000
2018-02-27 19:07:49,0.04608000,0.32800000
2018-02-27 19:07:49,0.04608000,0.54300000
2018-02-27 19:07:51,0.04608200,0.02600000
2018-02-27 19:07:57,0.04608000,0.03500000
2018-02-27 19:08:02,0.04608000,0.07000000
2018-02-27 19:08:09,0.04608000,0.00100000
2018-02-27 19:08:12,0.04607900,0.18600000
2018-02-27 19:08:16,0.04606300,0.48400000
2018-02-27 19:08:16,0.04606000,0.15200000
2018-02-27 19:08:16,0.04605500,0.04600000
2018-02-27 19:08:16,0.04604500,0.03000000
2018-02-27 19:08:16,0.04603700,0.78700000
2018-02-27 19:08:22,0.04603700,0.01600000
2018-02-27 19:08:22,0.04603600,0.36900000
2018-02-27 19:08:26,0.04602000,0.43500000
2018-02-27 19:08:29,0.04602000,0.58400000
2018-02-27 19:08:30,0.04601500,0.11000000
2018-02-27 19:08:30,0.04600000,0.41400000
2018-02-27 19:08:30,0.04600000,0.05200000
2018-02-27 19:08:30,0.04596800,0.09400000
2018-02-27 19:08:30,0.04596600,0.29100000
2018-02-27 19:08:38,0.04596600,0.08600000
2018-02-27 19:08:39,0.04596500,0.08100000
2018-02-27 19:08:44,0.04595200,0.02200000
2018-02-27 19:08:46,0.04595200,0.06900000
2018-02-27 19:08:47,0.04596500,0.65200000
2018-02-27 19:08:50,0.04595200,0.17900000
2018-02-27 19:08:50,0.04591800,0.15400000
2018-02-27 19:08:50,0.04590700,0.86800000
2018-02-27 19:08:50,0.04590100,0.26400000
2018-02-27 19:08:52,0.04590000,0.03300000
2018-02-27 19:08:55,0.04589900,0.10700000
2018-02-27 19:08:55,0.04589500,0.72800000
2018-02-27 19:08:57,0.04589900,0.02500000
2018-02-27 19:08:57,0.04590000,1.41100000
2018-02-27 19:08:57,0.04590000,2.72500000
2018-02-27 19:08:57,0.04590000,0.91000000
2018-02-27 19:08:57,0.04590000,2.72500000
2018-02-27 19:08:57,0.04590000,0.21600000
2018-02-27 19:08:57,0.04589500,0.21600000
2018-02-27 19:09:00,0.04589500,1.26500000
2018-02-27 19:09:00,0.04589500,1.09000000
2018-02-27 19:09:02,0.04588000,1.00000000
2018-02-27 19:09:02,0.04587300,0.06700000
2018-02-27 19:09:04,0.04587300,0.13700000
2018-02-27 19:09:04,0.04586900,0.38100000
2018-02-27 19:09:06,0.04586900,0.42900000
2018-02-27 19:09:06,0.04585700,0.06600000
2018-02-27 19:09:09,0.04585700,0.30300000
2018-02-27 19:09:16,0.04585700,0.16100000
2018-02-27 19:09:16,0.04586100,0.05000000
2018-02-27 19:09:16,0.04582400,0.10900000
2018-02-27 19:09:18,0.04581900,0.05400000
2018-02-27 19:09:18,0.04582400,1.44900000
2018-02-27 19:09:18,0.04581900,0.10900000
2018-02-27 19:09:23,0.04578300,0.08200000
2018-02-27 19:09:23,0.04578200,0.03500000
2018-02-27 19:09:23,0.04578200,0.06000000
2018-02-27 19:09:23,0.04578200,0.12300000
2018-02-27 19:09:23,0.04577800,0.53700000
2018-02-27 19:09:23,0.04573500,0.27000000
2018-02-27 19:09:23,0.04573300,0.86300000
2018-02-27 19:09:23,0.04573200,0.19000000
2018-02-27 19:09:23,0.04570100,0.30600000
2018-02-27 19:09:23,0.04568800,0.08100000
2018-02-27 19:09:23,0.04567000,0.13800000
2018-02-27 19:09:23,0.04566800,0.11000000
2018-02-27 19:09:23,0.04565400,0.32400000
2018-02-27 19:09:23,0.04565000,1.29900000
2018-02-27 19:09:23,0.04564900,0.03800000
2018-02-27 19:09:23,0.04564300,0.15400000
2018-02-27 19:09:23,0.04561900,3.41300000
2018-02-27 19:09:23,0.04560700,0.25500000
2018-02-27 19:09:23,0.04560000,1.88200000
2018-02-27 19:09:28,0.04578500,0.32700000
2018-02-27 19:09:28,0.04578200,0.06000000
2018-02-27 19:09:28,0.04562400,0.10900000
2018-02-27 19:09:28,0.04562300,0.21900000
2018-02-27 19:09:28,0.04560300,2.90100000
2018-02-27 19:09:28,0.04560000,0.07800000
2018-02-27 19:09:29,0.04560000,0.54300000
2018-02-27 19:09:29,0.04560000,0.15200000
2018-02-27 19:09:29,0.04560000,0.15100000
2018-02-27 19:09:29,0.04560000,8.85000000
2018-02-27 19:09:29,0.04560200,0.18800000
2018-02-27 19:09:29,0.04560100,2.18800000
2018-02-27 19:09:29,0.04559900,0.19000000
2018-02-27 19:09:29,0.04559300,0.10700000
2018-02-27 19:09:29,0.04557700,1.11600000
2018-02-27 19:09:29,0.04557600,0.46100000
2018-02-27 19:09:29,0.04555900,0.15700000
2018-02-27 19:09:29,0.04555800,3.33700000
2018-02-27 19:09:29,0.04555300,0.17600000
2018-02-27 19:09:29,0.04554900,0.06900000
2018-02-27 19:09:29,0.04554000,0.04100000
2018-02-27 19:09:29,0.04553600,0.08100000
2018-02-27 19:09:29,0.04551600,0.38000000
2018-02-27 19:09:29,0.04551500,0.69400000
2018-02-27 19:09:29,0.04581800,0.12400000
2018-02-27 19:09:31,0.04572000,2.21400000
2018-02-27 19:09:31,0.04572200,0.30800000
2018-02-27 19:09:31,0.04572500,2.19200000
2018-02-27 19:09:31,0.04572600,0.06900000
2018-02-27 19:09:35,0.04572600,0.11400000
2018-02-27 19:09:36,0.04576400,0.08100000
2018-02-27 19:09:36,0.04581700,0.18800000
2018-02-27 19:09:36,0.04581900,5.33800000
2018-02-27 19:09:40,0.04581900,1.93900000
2018-02-27 19:09:41,0.04581900,18.72300000
2018-02-27 19:09:42,0.04581900,1.49100000
2018-02-27 19:09:45,0.04581900,1.00000000
2018-02-27 19:09:46,0.04569100,0.23900000
2018-02-27 19:09:48,0.04569400,1.94700000
2018-02-27 19:09:48,0.04569200,0.43700000
2018-02-27 19:09:48,0.04568900,0.05100000
2018-02-27 19:09:48,0.04567300,0.39300000
2018-02-27 19:09:48,0.04565200,0.17500000
2018-02-27 19:09:48,0.04563800,0.17500000
2018-02-27 19:09:48,0.04562500,0.03300000
2018-02-27 19:09:48,0.04559900,0.23500000
2018-02-27 19:09:48,0.04554900,0.06900000
2018-02-27 19:09:48,0.04551100,1.84900000
2018-02-27 19:09:48,0.04550600,0.47200000
2018-02-27 19:09:48,0.04550500,0.32100000
2018-02-27 19:09:48,0.04550100,8.75900000
2018-02-27 19:09:50,0.04572400,2.18600000
2018-02-27 19:09:50,0.04572600,0.06900000
2018-02-27 19:09:50,0.04579500,0.38000000
2018-02-27 19:09:50,0.04579600,0.43700000
2018-02-27 19:09:50,0.04579900,0.10700000
2018-02-27 19:09:50,0.04580000,2.88300000
2018-02-27 19:09:55,0.04579300,0.15000000
2018-02-27 19:09:56,0.04559000,1.08700000
2018-02-27 19:09:57,0.04559300,0.91100000
2018-02-27 19:09:58,0.04560700,0.10900000
2018-02-27 19:09:58,0.04560200,0.39500000
2018-02-27 19:10:04,0.04562000,0.88800000
2018-02-27 19:10:04,0.04561800,0.43800000
2018-02-27 19:10:04,0.04560300,0.87800000
2018-02-27 19:10:10,0.04561800,0.24400000
2018-02-27 19:10:10,0.04561600,2.19400000
2018-02-27 19:10:10,0.04561800,1.53500000
2018-02-27 19:10:11,0.04561800,0.06500000
2018-02-27 19:10:11,0.04560500,2.18800000
2018-02-27 19:10:11,0.04560300,2.56900000
2018-02-27 19:10:11,0.04577200,0.50000000
2018-02-27 19:10:12,0.04576900,1.00000000
2018-02-27 19:10:12,0.04576900,0.68800000
2018-02-27 19:10:12,0.04577100,0.31200000
2018-02-27 19:10:12,0.04577100,0.12600000
2018-02-27 19:10:12,0.04577100,0.24400000
2018-02-27 19:10:12,0.04578300,0.98500000
2018-02-27 19:10:13,0.04578500,0.24800000
2018-02-27 19:10:14,0.04578500,0.21300000
2018-02-27 19:10:14,0.04563500,0.10900000
2018-02-27 19:10:14,0.04561800,0.11800000
2018-02-27 19:10:16,0.04562600,1.19000000
2018-02-27 19:10:17,0.04562900,1.00200000
2018-02-27 19:10:17,0.04562700,0.43800000
2018-02-27 19:10:17,0.04562100,0.33400000
2018-02-27 19:10:17,0.04561800,0.01600000
2018-02-27 19:10:17,0.04560300,0.93800000
2018-02-27 19:10:17,0.04556600,0.46000000
2018-02-27 19:10:17,0.04555100,0.10900000
2018-02-27 19:10:17,0.04555000,0.24400000
2018-02-27 19:10:18,0.04555000,2.34900000
2018-02-27 19:10:18,0.04555000,0.52400000
2018-02-27 19:10:18,0.04555000,0.52500000
2018-02-27 19:10:18,0.04554800,2.19200000
2018-02-27 19:10:18,0.04555000,2.27000000
2018-02-27 19:10:19,0.04560200,1.00000000
2018-02-27 19:10:26,0.04553100,0.08700000
2018-02-27 19:10:26,0.04553000,1.17600000
2018-02-27 19:10:26,0.04550100,2.01000000
2018-02-27 19:10:26,0.04550000,2.94000000
2018-02-27 19:10:26,0.04548600,0.12400000
2018-02-27 19:10:26,0.04545500,0.15400000
2018-02-27 19:10:26,0.04544200,0.26900000
2018-02-27 19:10:26,0.04544000,0.13400000
2018-02-27 19:10:26,0.04542800,0.90300000
2018-02-27 19:10:26,0.04541000,2.56600000
2018-02-27 19:10:26,0.04540100,1.09700000
2018-02-27 19:10:26,0.04540000,8.52000000
2018-02-27 19:10:26,0.04559900,1.08700000
2018-02-27 19:10:26,0.04560000,9.76900000
2018-02-27 19:10:26,0.04560200,1.51500000
2018-02-27 19:10:27,0.04559500,0.08700000
2018-02-27 19:10:27,0.04550300,2.20100000
2018-02-27 19:10:27,0.04550100,0.30700000
2018-02-27 19:10:27,0.04540800,0.08200000
2018-02-27 19:10:27,0.04540700,4.57100000
2018-02-27 19:10:27,0.04540500,1.37600000
2018-02-27 19:10:27,0.04540400,20.57400000
2018-02-27 19:10:27,0.04540100,8.91500000
2018-02-27 19:10:27,0.04540000,211.97400000
2018-02-27 19:10:27,0.04540000,0.30000000
2018-02-27 19:10:27,0.04577400,0.02600000
2018-02-27 19:10:30,0.04559000,1.62300000
2018-02-27 19:10:30,0.04558600,0.57800000
2018-02-27 19:10:30,0.04558800,0.43300000
2018-02-27 19:10:32,0.04558700,1.00000000
2018-02-27 19:10:32,0.04558700,0.02500000
2018-02-27 19:10:32,0.04558800,0.08800000
2018-02-27 19:10:32,0.04558900,0.33400000
2018-02-27 19:10:32,0.04559800,0.52400000
2018-02-27 19:10:35,0.04559700,2.20100000
2018-02-27 19:10:35,0.04559500,3.43000000
2018-02-27 19:10:35,0.04550700,0.43900000
2018-02-27 19:10:35,0.04549800,1.02500000
2018-02-27 19:10:35,0.04549500,0.10000000
2018-02-27 19:10:35,0.04542200,0.11000000
2018-02-27 19:10:35,0.04541300,1.47100000
2018-02-27 19:10:35,0.04540000,3.08800000
2018-02-27 19:10:35,0.04540000,0.53900000
2018-02-27 19:10:37,0.04559100,0.47400000
2018-02-27 19:10:40,0.04553000,0.65400000
2018-02-27 19:10:42,0.04550000,0.79500000
2018-02-27 19:10:42,0.04550000,0.21800000
2018-02-27 19:10:42,0.04550000,0.66300000
2018-02-27 19:10:43,0.04549800,1.72700000
2018-02-27 19:10:43,0.04550000,4.17700000
2018-02-27 19:10:43,0.04553000,17.32000000
2018-02-27 19:10:43,0.04557700,3.77600000
2018-02-27 19:10:44,0.04549800,0.02200000
2018-02-27 19:10:44,0.04549800,2.00600000
2018-02-27 19:10:44,0.04549900,1.02500000
2018-02-27 19:10:44,0.04552900,2.02800000
2018-02-27 19:10:45,0.04557600,0.01100000
2018-02-27 19:10:47,0.04543000,0.09900000
2018-02-27 19:10:49,0.04557400,0.10100000
2018-02-27 19:10:55,0.04545500,0.23100000
2018-02-27 19:11:01,0.04546700,2.20100000
2018-02-27 19:11:01,0.04546500,0.43900000
2018-02-27 19:11:02,0.04546100,2.90100000
2018-02-27 19:11:04,0.04545500,0.61400000
2018-02-27 19:11:05,0.04545300,0.11600000
2018-02-27 19:11:05,0.04545300,2.31600000
2018-02-27 19:11:05,0.04545500,0.66300000
2018-02-27 19:11:07,0.04546000,0.30400000
2018-02-27 19:11:08,0.04555600,0.08300000
2018-02-27 19:11:10,0.04546000,0.49500000
2018-02-27 19:11:10,0.04555500,0.07600000
2018-02-27 19:11:13,0.04546000,1.39800000
2018-02-27 19:11:13,0.04545800,28.04100000
2018-02-27 19:11:13,0.04545800,4.69600000
2018-02-27 19:11:13,0.04545600,1.86800000
2018-02-27 19:11:13,0.04545300,1.21200000
2018-02-27 19:11:13,0.04545000,0.93400000
2018-02-27 19:11:17,0.04546000,1.00000000
2018-02-27 19:11:20,0.04553000,0.65400000
2018-02-27 19:11:21,0.04545500,0.94200000
2018-02-27 19:11:23,0.04540300,0.14600000
2018-02-27 19:11:31,0.04543500,0.07300000
2018-02-27 19:11:35,0.04542700,2.19700000
2018-02-27 19:11:35,0.04542900,0.05900000
2018-02-27 19:11:35,0.04543200,13.18100000
2018-02-27 19:11:35,0.04544100,0.35100000
2018-02-27 19:11:35,0.04544400,0.44600000
2018-02-27 19:11:35,0.04544500,0.21400000
2018-02-27 19:11:35,0.04545000,1.19900000
2018-02-27 19:11:35,0.04546100,0.25200000
2018-02-27 19:11:35,0.04549700,0.35600000
2018-02-27 19:11:35,0.04550000,2.47400000
2018-02-27 19:11:36,0.04555400,6.13500000
2018-02-27 19:11:36,0.04557000,0.07800000
2018-02-27 19:11:36,0.04557400,0.51900000
2018-02-27 19:11:37,0.04559900,1.04300000
2018-02-27 19:11:37,0.04560000,3.88500000
2018-02-27 19:11:40,0.04555000,0.14600000
2018-02-27 19:11:40,0.04560000,0.13100000
2018-02-27 19:11:41,0.04544600,0.13400000
2018-02-27 19:11:41,0.04560000,0.93500000
2018-02-27 19:11:42,0.04560000,0.04200000
2018-02-27 19:11:43,0.04577200,0.06500000
2018-02-27 19:11:44,0.04560100,0.03500000
2018-02-27 19:11:44,0.04577200,0.04400000
2018-02-27 19:11:45,0.04560300,0.37000000
2018-02-27 19:11:46,0.04577200,0.03500000
2018-02-27 19:11:47,0.04577300,0.08200000
2018-02-27 19:11:47,0.04579300,0.64300000
2018-02-27 19:11:47,0.04580000,4.68600000
2018-02-27 19:11:47,0.04580000,2.88000000
2018-02-27 19:11:50,0.04577100,1.39900000
2018-02-27 19:11:50,0.04561500,0.23300000
2018-02-27 19:11:51,0.04577100,0.37500000
2018-02-27 19:11:52,0.04577000,0.29200000
2018-02-27 19:11:52,0.04577100,0.36700000
2018-02-27 19:11:53,0.04577100,0.69600000
2018-02-27 19:11:53,0.04577200,0.16700000
2018-02-27 19:11:53,0.04580200,0.06200000
2018-02-27 19:11:56,0.04577100,1.63700000
2018-02-27 19:11:56,0.04577100,3.22800000
2018-02-27 19:11:56,0.04577100,4.81100000
2018-02-27 19:11:58,0.04580000,0.73700000
2018-02-27 19:11:58,0.04580200,2.38000000
2018-02-27 19:11:58,0.04581900,6.22900000
2018-02-27 19:11:59,0.04588000,0.30400000
2018-02-27 19:12:03,0.04579900,0.09900000
2018-02-27 19:12:03,0.04588000,0.98000000
2018-02-27 19:12:04,0.04588000,1.48300000
2018-02-27 19:12:04,0.04589900,0.31500000
2018-02-27 19:12:04,0.04589900,0.28700000
2018-02-27 19:12:07,0.04588000,0.04200000
2018-02-27 19:12:07,0.04589900,1.26200000
2018-02-27 19:12:08,0.04590000,0.00600000
2018-02-27 19:12:09,0.04590000,0.07500000
2018-02-27 19:12:09,0.04590000,0.00200000
2018-02-27 19:12:09,0.04595200,1.82100000
2018-02-27 19:12:09,0.04595200,0.21600000
2018-02-27 19:12:10,0.04595200,1.08800000
2018-02-27 19:12:12,0.04595200,0.82500000
2018-02-27 19:12:13,0.04581400,0.14600000
2018-02-27 19:12:15,0.04595200,0.65200000
2018-02-27 19:12:15,0.04585000,1.77000000
2018-02-27 19:12:15,0.04581500,0.09800000
2018-02-27 19:12:16,0.04599700,0.14600000
2018-02-27 19:12:16,0.04599900,0.16200000
2018-02-27 19:12:17,0.04599900,0.95200000
2018-02-27 19:12:20,0.04599800,0.09800000
2018-02-27 19:12:20,0.04599900,0.53700000
2018-02-27 19:12:20,0.04600000,0.49500000
2018-02-27 19:12:20,0.04600200,0.45500000
2018-02-27 19:12:20,0.04601500,0.22600000
2018-02-27 19:12:20,0.04607900,0.65900000
2018-02-27 19:12:20,0.04608000,3.62900000
2018-02-27 19:12:20,0.04610000,0.19700000
2018-02-27 19:12:20,0.04610100,0.83000000
2018-02-27 19:12:20,0.04610200,1.80500000
2018-02-27 19:12:20,0.04612300,2.47100000
2018-02-27 19:12:20,0.04612500,0.34200000
2018-02-27 19:12:20,0.04614500,1.36800000
2018-02-27 19:12:20,0.04615200,0.06700000
2018-02-27 19:12:20,0.04615400,0.32700000
2018-02-27 19:12:20,0.04615700,1.21200000
2018-02-27 19:12:20,0.04619700,0.22900000
2018-02-27 19:12:20,0.04620000,3.66300000
2018-02-27 19:12:20,0.04621100,0.11000000
2018-02-27 19:12:20,0.04621500,0.43200000
2018-02-27 19:12:20,0.04621900,0.33000000
2018-02-27 19:12:20,0.04622800,0.15400000
2018-02-27 19:12:20,0.04623500,0.48200000
2018-02-27 19:12:20,0.04623600,0.14600000
2018-02-27 19:12:20,0.04625900,0.34200000
2018-02-27 19:12:20,0.04626200,0.56200000
2018-02-27 19:12:20,0.04626300,0.08300000
2018-02-27 19:12:20,0.04627700,0.23800000
2018-02-27 19:12:20,0.04628000,0.75200000
2018-02-27 19:12:20,0.04628500,1.71700000
2018-02-27 19:12:20,0.04628600,0.24500000
2018-02-27 19:12:20,0.04629000,0.34800000
2018-02-27 19:12:20,0.04631200,1.06700000
2018-02-27 19:12:20,0.04631800,0.15600000
2018-02-27 19:12:20,0.04635000,1.00000000
2018-02-27 19:12:20,0.04635900,0.54000000
2018-02-27 19:12:20,0.04639600,0.09200000
2018-02-27 19:12:20,0.04640000,0.53600000
2018-02-27 19:12:20,0.04640300,0.83000000
2018-02-27 19:12:20,0.04640400,0.13400000
2018-02-27 19:12:20,0.04640700,0.69400000
2018-02-27 19:12:20,0.04641500,0.09700000
2018-02-27 19:12:20,0.04642200,0.44900000
2018-02-27 19:12:20,0.04643500,0.84900000
2018-02-27 19:12:20,0.04644200,1.53200000
2018-02-27 19:12:20,0.04644800,2.16000000
2018-02-27 19:12:20,0.04648200,1.51200000
2018-02-27 19:12:20,0.04649300,0.38900000
2018-02-27 19:12:20,0.04650000,3.11300000
2018-02-27 19:12:20,0.04650900,0.67700000
2018-02-27 19:12:20,0.04652400,0.32700000
2018-02-27 19:12:20,0.04655800,0.13500000
2018-02-27 19:12:20,0.04657100,4.91100000
2018-02-27 19:12:20,0.04661000,3.26300000
2018-02-27 19:12:20,0.04661500,0.52600000
2018-02-27 19:12:20,0.04661700,0.21000000
2018-02-27 19:12:20,0.04665000,0.39500000
2018-02-27 19:12:20,0.04666600,0.86900000
2018-02-27 19:12:20,0.04666800,0.07400000
2018-02-27 19:12:20,0.04667000,0.05600000
2018-02-27 19:12:20,0.04669000,13.95600000
2018-02-27 19:12:20,0.04670000,2.92000000
2018-02-27 19:12:20,0.04671500,0.65100000
2018-02-27 19:12:20,0.04675000,0.22200000
2018-02-27 19:12:20,0.04675800,0.08900000
2018-02-27 19:12:20,0.04676000,1.65800000
2018-02-27 19:12:20,0.04680000,8.34600000
2018-02-27 19:12:20,0.04680000,13.09300000
2018-02-27 19:12:20,0.04680000,6.02000000
2018-02-27 19:12:20,0.04680000,12.60000000
2018-02-27 19:12:20,0.04687200,0.37100000
2018-02-27 19:12:20,0.04689800,0.11300000
2018-02-27 19:12:21,0.04680200,0.03500000
2018-02-27 19:12:21,0.04689800,0.09800000
2018-02-27 19:12:21,0.04690000,2.18600000
2018-02-27 19:12:21,0.04693500,0.11000000
2018-02-27 19:12:22,0.04680500,0.19600000
2018-02-27 19:12:22,0.04683000,1.00000000
2018-02-27 19:12:22,0.04695000,2.34400000
2018-02-27 19:12:22,0.04696500,6.96900000
2018-02-27 19:12:23,0.04680900,0.10000000
2018-02-27 19:12:23,0.04680900,0.10000000
2018-02-27 19:12:23,0.04681100,0.10000000
2018-02-27 19:12:24,0.04681200,0.03200000
2018-02-27 19:12:25,0.04689800,0.08800000
2018-02-27 19:12:25,0.04690500,0.10000000
2018-02-27 19:12:26,0.04680100,0.17900000
2018-02-27 19:12:26,0.04689600,0.33100000
2018-02-27 19:12:26,0.04690500,0.03200000
2018-02-27 19:12:27,0.04692400,0.70300000
2018-02-27 19:12:27,0.04680500,0.25000000
2018-02-27 19:12:27,0.04680500,0.30600000
2018-02-27 19:12:27,0.04680500,0.30700000
2018-02-27 19:12:28,0.04692400,0.70000000
2018-02-27 19:12:28,0.04680800,0.11600000
2018-02-27 19:12:28,0.04680800,0.82500000
2018-02-27 19:12:30,0.04690500,0.18700000
2018-02-27 19:12:30,0.04680900,0.18700000
2018-02-27 19:12:30,0.04686200,0.18700000
2018-02-27 19:12:30,0.04690500,0.19000000
2018-02-27 19:12:31,0.04680900,0.57300000
2018-02-27 19:12:31,0.04685700,1.80400000
2018-02-27 19:12:31,0.04685900,0.20000000
2018-02-27 19:12:32,0.04681400,1.27800000
2018-02-27 19:12:35,0.04682200,1.47700000
2018-02-27 19:12:35,0.04682200,0.04400000
2018-02-27 19:12:36,0.04682000,0.42500000
2018-02-27 19:12:36,0.04685500,1.52100000
2018-02-27 19:12:36,0.04685700,0.10700000
2018-02-27 19:12:37,0.04682300,0.10100000
2018-02-27 19:12:37,0.04682300,0.48500000
2018-02-27 19:12:38,0.04693500,1.73900000
2018-02-27 19:12:38,0.04697800,0.02600000
2018-02-27 19:12:40,0.04683100,0.04600000
2018-02-27 19:12:43,0.04684800,0.63200000
2018-02-27 19:12:43,0.04684900,0.36900000
2018-02-27 19:12:43,0.04685000,0.27900000
2018-02-27 19:12:43,0.04697700,0.42500000
2018-02-27 19:12:43,0.04697800,0.18800000
2018-02-27 19:12:43,0.04699400,0.15200000
2018-02-27 19:12:43,0.04683500,0.15200000
2018-02-27 19:12:43,0.04683500,0.21300000
2018-02-27 19:12:44,0.04683700,0.32200000
2018-02-27 19:12:44,0.04685000,3.19000000
2018-02-27 19:12:46,0.04684000,0.10100000
2018-02-27 19:12:46,0.04684100,0.42600000
2018-02-27 19:12:46,0.04684000,0.13700000
2018-02-27 19:12:46,0.04682900,1.43700000
2018-02-27 19:12:47,0.04682900,0.03500000
2018-02-27 19:12:47,0.04682900,0.04000000
2018-02-27 19:12:48,0.04682900,2.10800000
2018-02-27 19:12:48,0.04694900,0.21400000
2018-02-27 19:12:48,0.04695400,0.21800000
2018-02-27 19:12:49,0.04682900,0.70300000
2018-02-27 19:12:51,0.04683100,1.77900000
2018-02-27 19:12:51,0.04682900,0.22100000
2018-02-27 19:12:53,0.04694500,0.10400000
2018-02-27 19:12:53,0.04694700,0.42600000
2018-02-27 19:12:53,0.04695000,0.39100000
2018-02-27 19:12:53,0.04696200,0.10000000
2018-02-27 19:12:53,0.04699400,0.66700000
2018-02-27 19:12:53,0.04699700,4.22200000
2018-02-27 19:12:53,0.04699800,0.07200000
2018-02-27 19:12:54,0.04683100,0.30600000
2018-02-27 19:12:55,0.04685200,0.43300000
2018-02-27 19:12:56,0.04690000,0.42500000
2018-02-27 19:12:56,0.04685500,0.42500000
2018-02-27 19:12:56,0.04685500,0.21300000
2018-02-27 19:12:56,0.04685300,0.42600000
2018-02-27 19:12:56,0.04685000,1.57400000
2018-02-27 19:12:56,0.04685000,1.00000000
2018-02-27 19:12:58,0.04685000,0.39800000
2018-02-27 19:13:00,0.04685000,0.43200000
2018-02-27 19:13:00,0.04685000,0.23400000
2018-02-27 19:13:01,0.04685000,2.00000000
2018-02-27 19:13:01,0.04685000,5.63800000
2018-02-27 19:13:03,0.04682900,1.82000000
2018-02-27 19:13:03,0.04684500,1.33600000
2018-02-27 19:13:03,0.04684700,1.58900000
2018-02-27 19:13:04,0.04684700,1.10000000
2018-02-27 19:13:05,0.04681600,0.00100000
2018-02-27 19:13:05,0.04681600,0.09000000
2018-02-27 19:13:06,0.04684700,0.47700000
2018-02-27 19:13:07,0.04681600,0.28700000
2018-02-27 19:13:08,0.04681600,0.25800000
2018-02-27 19:13:08,0.04681600,0.07700000
2018-02-27 19:13:09,0.04684600,0.56200000
2018-02-27 19:13:09,0.04681600,0.27400000
2018-02-27 19:13:09,0.04680000,0.67800000
2018-02-27 19:13:10,0.04680000,7.16600000
2018-02-27 19:13:11,0.04684400,0.10000000
2018-02-27 19:13:12,0.04684400,0.00600000
2018-02-27 19:13:12,0.04684700,0.52000000
2018-02-27 19:13:12,0.04684700,0.00100000
2018-02-27 19:13:12,0.04680000,0.63500000
2018-02-27 19:13:13,0.04684700,3.58700000
2018-02-27 19:13:14,0.04680000,1.26100000
2018-02-27 19:13:14,0.04682900,0.64200000
2018-02-27 19:13:15,0.04688500,0.23300000
2018-02-27 19:13:15,0.04680100,4.24800000
2018-02-27 19:13:15,0.04680000,7.40300000
2018-02-27 19:13:16,0.04684300,0.17400000
2018-02-27 19:13:16,0.04680000,20.58500000
2018-02-27 19:13:17,0.04680000,0.20700000
2018-02-27 19:13:18,0.04680000,0.30400000
2018-02-27 19:13:18,0.04682900,0.85900000
2018-02-27 19:13:18,0.04684700,0.03800000
2018-02-27 19:13:18,0.04688400,0.14500000
2018-02-27 19:13:19,0.04682900,0.27200000
2018-02-27 19:13:20,0.04682900,0.65200000
2018-02-27 19:13:21,0.04680100,1.76400000
2018-02-27 19:13:21,0.04680000,0.05800000
2018-02-27 19:13:22,0.04682800,0.09300000
2018-02-27 19:13:23,0.04685000,0.14100000
2018-02-27 19:13:23,0.04680000,0.03800000
2018-02-27 19:13:23,0.04680000,27.10000000
2018-02-27 19:13:24,0.04680000,2.60500000
2018-02-27 19:13:26,0.04680000,26.04000000
2018-02-27 19:13:26,0.04680000,0.15900000
2018-02-27 19:13:26,0.04680000,7.19200000
2018-02-27 19:13:28,0.04680000,5.00000000
2018-02-27 19:13:29,0.04680100,0.29500000
2018-02-27 19:13:29,0.04680000,2.12900000
2018-02-27 19:13:29,0.04680000,6.58200000
2018-02-27 19:13:29,0.04680000,14.29200000
2018-02-27 19:13:29,0.04680000,15.50200000
2018-02-27 19:13:29,0.04675300,0.04500000
2018-02-27 19:13:30,0.04688000,0.12100000
2018-02-27 19:13:30,0.04689400,0.42600000
2018-02-27 19:13:30,0.04694700,4.24800000
2018-02-27 19:13:30,0.04694800,1.04100000
2018-02-27 19:13:30,0.04699000,0.41400000
2018-02-27 19:13:30,0.04699700,1.53200000
2018-02-27 19:13:30,0.04671400,0.13100000
2018-02-27 19:13:30,0.04672000,1.03600000
2018-02-27 19:13:31,0.04671500,0.67600000
2018-02-27 19:13:31,0.04670900,0.02700000
2018-02-27 19:13:32,0.04670900,0.18700000
2018-02-27 19:13:33,0.04671500,0.13100000
2018-02-27 19:13:33,0.04671700,0.42900000
2018-02-27 19:13:36,0.04669000,0.02200000
2018-02-27 19:13:36,0.04665100,0.32900000
2018-02-27 19:13:36,0.04665000,0.11000000
2018-02-27 19:13:36,0.04663600,0.05400000
2018-02-27 19:13:36,0.04662300,0.42800000
2018-02-27 19:13:36,0.04661400,0.35500000
2018-02-27 19:13:36,0.04661600,0.04300000
2018-02-27 19:13:36,0.04671600,0.42800000
2018-02-27 19:13:36,0.04671700,0.24700000
2018-02-27 19:13:36,0.04672000,0.36300000
2018-02-27 19:13:36,0.04680000,1.86900000
2018-02-27 19:13:37,0.04680200,2.14300000
2018-02-27 19:13:37,0.04680000,0.50800000
2018-02-27 19:13:38,0.04680300,0.23700000
2018-02-27 19:13:38,0.04674400,2.18600000
2018-02-27 19:13:38,0.04674600,2.85800000
2018-02-27 19:13:38,0.04685200,0.32900000
2018-02-27 19:13:38,0.04699700,0.45500000
2018-02-27 19:13:41,0.04666200,2.14300000
2018-02-27 19:13:41,0.04666100,2.14200000
2018-02-27 19:13:41,0.04665900,1.20100000
2018-02-27 19:13:41,0.04665500,0.36100000
2018-02-27 19:13:44,0.04666500,0.27000000
2018-02-27 19:13:44,0.04666400,0.34200000
2018-02-27 19:13:44,0.04666300,0.39900000
2018-02-27 19:13:45,0.04666300,0.02900000
2018-02-27 19:13:46,0.04666200,0.02400000
2018-02-27 19:13:46,0.04665500,0.48200000
2018-02-27 19:13:46,0.04665100,0.20100000
2018-02-27 19:13:46,0.04661600,5.63400000
2018-02-27 19:13:47,0.04661500,1.73100000
2018-02-27 19:13:47,0.04661400,0.05100000
2018-02-27 19:13:47,0.04661400,0.36000000
2018-02-27 19:13:47,0.04661600,0.21800000
2018-02-27 19:13:48,0.04661500,0.42600000
2018-02-27 19:13:48,0.04661500,0.00200000
2018-02-27 19:13:48,0.04661600,3.10700000
2018-02-27 19:13:48,0.04666300,0.67600000
2018-02-27 19:13:49,0.04670300,0.12800000
2018-02-27 19:13:49,0.04690000,1.45500000
2018-02-27 19:13:50,0.04670500,0.02800000
2018-02-27 19:13:51,0.04670500,0.65900000
2018-02-27 19:13:53,0.04670800,0.44300000
2018-02-27 19:13:53,0.04689300,0.12800000
2018-02-27 19:13:53,0.04689400,0.92400000
2018-02-27 19:13:53,0.04689500,0.42800000
2018-02-27 19:13:53,0.04689600,0.42800000
2018-02-27 19:13:53,0.04689700,0.38000000
2018-02-27 19:13:53,0.04689800,0.34200000
2018-02-27 19:13:53,0.04690000,1.00000000
2018-02-27 19:13:53,0.04692300,0.04500000
2018-02-27 19:13:53,0.04699700,1.12500000
2018-02-27 19:13:53,0.04699700,0.21800000
2018-02-27 19:13:58,0.04679500,0.35400000
2018-02-27 19:14:00,0.04670100,0.03500000
2018-02-27 19:14:03,0.04670100,0.04400000
2018-02-27 19:14:05,0.04678600,0.03400000
2018-02-27 19:14:07,0.04670100,0.25000000
2018-02-27 19:14:08,0.04670100,0.09900000
2018-02-27 19:14:10,0.04670000,0.84900000
2018-02-27 19:14:11,0.04670000,0.06400000
2018-02-27 19:14:11,0.04670000,0.09500000
2018-02-27 19:14:12,0.04670000,0.18900000
2018-02-27 19:14:15,0.04677700,0.02100000
2018-02-27 19:14:16,0.04670000,2.35900000
2018-02-27 19:14:16,0.04666300,0.19200000
2018-02-27 19:14:19,0.04677300,0.12200000
2018-02-27 19:14:22,0.04666300,0.06800000
2018-02-27 19:14:25,0.04666100,0.72100000
2018-02-27 19:14:25,0.04666300,0.99400000
2018-02-27 19:14:25,0.04676700,0.30600000
2018-02-27 19:14:26,0.04677300,0.36100000
2018-02-27 19:14:27,0.04677300,0.71700000
2018-02-27 19:14:31,0.04677300,0.96400000
2018-02-27 19:14:32,0.04679500,0.84700000
2018-02-27 19:14:35,0.04679500,0.88600000
2018-02-27 19:14:48,0.04673400,0.21300000
2018-02-27 19:14:48,0.04672800,0.17200000
2018-02-27 19:14:48,0.04672700,0.21400000
2018-02-27 19:14:48,0.04672000,0.16900000
2018-02-27 19:14:48,0.04671200,0.17100000
2018-02-27 19:14:48,0.04670100,1.67700000
2018-02-27 19:14:50,0.04679500,0.61600000
2018-02-27 19:15:03,0.04679800,0.12100000
2018-02-27 19:15:03,0.04679500,0.19900000
2018-02-27 19:15:05,0.04679500,0.03700000
2018-02-27 19:15:06,0.04679800,2.91000000
2018-02-27 19:15:06,0.04679900,1.76200000
2018-02-27 19:15:06,0.04680000,1.30900000
2018-02-27 19:15:06,0.04690100,0.01900000
2018-02-27 19:15:07,0.04690000,0.11100000
2018-02-27 19:15:10,0.04680000,0.84700000
2018-02-27 19:15:11,0.04690000,0.07000000
2018-02-27 19:15:13,0.04680300,1.28900000
2018-02-27 19:15:13,0.04680100,0.08000000
2018-02-27 19:15:14,0.04679500,1.30100000
2018-02-27 19:15:25,0.04679500,0.62500000
2018-02-27 19:15:25,0.04679300,2.13600000
2018-02-27 19:15:25,0.04679400,1.03100000
2018-02-27 19:15:25,0.04679400,1.00000000
2018-02-27 19:15:27,0.04679400,0.04500000
2018-02-27 19:15:27,0.04679400,0.04500000
2018-02-27 19:15:27,0.04679400,0.04500000
2018-02-27 19:15:37,0.04679500,0.38000000
2018-02-27 19:15:38,0.04679500,2.00000000
2018-02-27 19:15:40,0.04679400,3.54900000
2018-02-27 19:15:41,0.04679400,0.00300000
2018-02-27 19:15:41,0.04679400,0.77800000
2018-02-27 19:15:42,0.04673800,0.04600000
2018-02-27 19:15:43,0.04679400,0.06800000
2018-02-27 19:15:44,0.04673800,0.05500000
2018-02-27 19:15:44,0.04673200,0.12800000
2018-02-27 19:15:46,0.04673200,0.01300000
2018-02-27 19:15:46,0.04672500,0.10100000
2018-02-27 19:15:46,0.04671800,0.10100000
2018-02-27 19:15:46,0.04670300,1.76400000
2018-02-27 19:15:46,0.04670100,0.13400000
2018-02-27 19:15:46,0.04670000,9.37900000
2018-02-27 19:15:46,0.04668600,0.30800000
2018-02-27 19:15:46,0.04661300,0.06400000
2018-02-27 19:15:46,0.04660700,0.33000000
2018-02-27 19:15:46,0.04656500,0.10700000
2018-02-27 19:15:46,0.04653500,0.10700000
2018-02-27 19:15:46,0.04653000,0.38000000
2018-02-27 19:15:46,0.04652000,0.06900000
2018-02-27 19:15:46,0.04650000,13.18400000
2018-02-27 19:15:47,0.04679100,0.84600000
2018-02-27 19:15:48,0.04670000,0.06900000
2018-02-27 19:15:54,0.04676600,0.25300000
2018-02-27 19:15:54,0.04676700,0.02800000
2018-02-27 19:15:54,0.04676700,0.28000000
2018-02-27 19:15:59,0.04670600,0.06000000
2018-02-27 19:15:59,0.04670000,0.02200000
2018-02-27 19:15:59,0.04655000,0.42900000
2018-02-27 19:15:59,0.04654900,0.15100000
2018-02-27 19:15:59,0.04653000,3.15900000
2018-02-27 19:16:00,0.04654300,2.14500000
2018-02-27 19:16:00,0.04654100,0.09900000
2018-02-27 19:16:00,0.04653700,0.16700000
2018-02-27 19:16:00,0.04653600,0.33400000
2018-02-27 19:16:00,0.04653300,0.24300000
2018-02-27 19:16:00,0.04653000,0.36100000
2018-02-27 19:16:00,0.04651500,0.86000000
2018-02-27 19:16:00,0.04650000,5.77800000
2018-02-27 19:16:00,0.04645100,0.12900000
2018-02-27 19:16:00,0.04638200,0.06700000
2018-02-27 19:16:00,0.04636700,0.66200000
2018-02-27 19:16:00,0.04636600,0.04300000
2018-02-27 19:16:00,0.04635000,4.20800000
2018-02-27 19:16:00,0.04634800,1.27200000
2018-02-27 19:16:00,0.04634700,0.40400000
2018-02-27 19:16:00,0.04634200,0.21300000
2018-02-27 19:16:00,0.04629500,0.76000000
2018-02-27 19:16:00,0.04629400,8.31500000
2018-02-27 19:16:00,0.04629300,0.08000000
2018-02-27 19:16:00,0.04628200,0.83300000
2018-02-27 19:16:00,0.04662500,0.21300000
2018-02-27 19:16:01,0.04653900,0.06400000
2018-02-27 19:16:01,0.04662500,0.33400000
2018-02-27 19:16:01,0.04662600,0.08000000
2018-02-27 19:16:07,0.04633200,0.04100000
2018-02-27 19:16:12,0.04659700,1.67400000
2018-02-27 19:16:13,0.04634600,0.21800000
2018-02-27 19:16:15,0.04634700,0.15300000
2018-02-27 19:16:15,0.04634600,0.02300000
2018-02-27 19:16:15,0.04634400,2.77900000
2018-02-27 19:16:16,0.04634400,0.12800000
2018-02-27 19:16:16,0.04634400,0.66800000
2018-02-27 19:16:25,0.04653000,0.47100000
2018-02-27 19:16:25,0.04653100,0.16700000
2018-02-27 19:16:25,0.04653200,0.42900000
2018-02-27 19:16:25,0.04654400,0.24100000
2018-02-27 19:16:26,0.04654400,1.76600000
2018-02-27 19:16:29,0.04650000,0.62900000
2018-02-27 19:16:29,0.04650000,0.17600000
2018-02-27 19:16:30,0.04649900,0.10500000
2018-02-27 19:16:30,0.04638000,0.07000000
2018-02-27 19:16:36,0.04649800,0.23700000
2018-02-27 19:16:41,0.04639800,0.00600000
2018-02-27 19:16:50,0.04649800,0.89500000
2018-02-27 19:16:51,0.04644800,0.07000000
2018-02-27 19:16:57,0.04654400,0.07600000
2018-02-27 19:16:57,0.04654600,0.14900000
2018-02-27 19:17:01,0.04645000,1.18600000
2018-02-27 19:17:06,0.04649800,1.18600000
2018-02-27 19:17:06,0.04650000,1.51700000
2018-02-27 19:17:06,0.04654300,1.75000000
2018-02-27 19:17:06,0.04654400,1.73400000
2018-02-27 19:17:06,0.04654600,0.19100000
2018-02-27 19:17:06,0.04654900,0.40400000
2018-02-27 19:17:06,0.04655000,8.54000000
2018-02-27 19:17:06,0.04666900,3.96400000
2018-02-27 19:17:06,0.04667200,1.27200000
2018-02-27 19:17:06,0.04668600,3.78800000
2018-02-27 19:17:06,0.04670000,4.26400000
2018-02-27 19:17:06,0.04673700,0.04300000
2018-02-27 19:17:06,0.04676600,0.08000000
2018-02-27 19:17:06,0.04676700,0.51300000
2018-02-27 19:17:06,0.04678000,0.06500000
2018-02-27 19:17:06,0.04679000,1.76300000
2018-02-27 19:17:06,0.04679400,2.40200000
2018-02-27 19:17:06,0.04679500,6.99500000
2018-02-27 19:17:06,0.04680000,3.52900000
2018-02-27 19:17:07,0.04645000,0.08500000
2018-02-27 19:17:30,0.04655200,0.10000000
2018-02-27 19:17:39,0.04658400,2.14800000
2018-02-27 19:17:39,0.04658300,0.53500000
2018-02-27 19:17:39,0.04658200,1.59900000
2018-02-27 19:17:39,0.04658500,0.53500000
2018-02-27 19:17:39,0.04658200,1.87000000
2018-02-27 19:17:50,0.04675600,0.21500000
2018-02-27 19:17:56,0.04674100,0.62100000
2018-02-27 19:17:58,0.04673500,0.07500000
2018-02-27 19:17:58,0.04673400,0.53500000
2018-02-27 19:17:58,0.04673700,0.18500000
2018-02-27 19:17:58,0.04673900,0.20300000
2018-02-27 19:18:09,0.04672500,0.11700000
2018-02-27 19:18:09,0.04672500,1.12000000
2018-02-27 19:18:09,0.04677000,0.07600000
2018-02-27 19:18:13,0.04665000,0.08100000
2018-02-27 19:18:15,0.04673600,0.26900000
2018-02-27 19:18:15,0.04665000,0.67500000
2018-02-27 19:18:29,0.04665000,0.21000000
2018-02-27 19:18:46,0.04665000,0.75600000
2018-02-27 19:18:57,0.04665200,0.09000000
2018-02-27 19:18:57,0.04665200,0.20400000
2018-02-27 19:19:05,0.04665600,0.07700000
2018-02-27 19:19:06,0.04671500,1.00000000
2018-02-27 19:19:08,0.04671400,0.07100000
2018-02-27 19:19:15,0.04670000,0.21000000
2018-02-27 19:19:15,0.04670900,0.42900000
2018-02-27 19:19:17,0.04670700,1.09100000
2018-02-27 19:19:19,0.04670000,0.00100000
2018-02-27 19:19:20,0.04670000,2.97200000
2018-02-27 19:19:21,0.04670000,0.36000000
2018-02-27 19:19:26,0.04665200,0.11400000
2018-02-27 19:19:26,0.04665000,1.39100000
2018-02-27 19:19:33,0.04665000,1.50500000
2018-02-27 19:19:33,0.04665000,1.43700000
2018-02-27 19:19:33,0.04660900,0.06800000
2018-02-27 19:19:34,0.04669900,1.38300000
2018-02-27 19:19:34,0.04670000,0.14300000
2018-02-27 19:19:40,0.04670000,0.08400000
2018-02-27 19:19:48,0.04669900,0.06800000
2018-02-27 19:19:48,0.04670000,0.25100000
2018-02-27 19:19:48,0.04659800,2.14200000
2018-02-27 19:19:48,0.04659600,0.29200000
2018-02-27 19:19:48,0.04659000,0.40500000
2018-02-27 19:19:48,0.04658300,0.02700000
2018-02-27 19:19:51,0.04658400,0.13700000
2018-02-27 19:19:51,0.04658300,0.51100000
2018-02-27 19:19:55,0.04669200,1.00000000
2018-02-27 19:19:55,0.04669200,0.22600000
2018-02-27 19:20:00,0.04668900,0.48700000
2018-02-27 19:20:02,0.04668900,0.42900000
2018-02-27 19:20:02,0.04669100,0.16700000
2018-02-27 19:20:07,0.04658500,0.58400000
2018-02-27 19:20:09,0.04669000,0.04700000
2018-02-27 19:20:14,0.04660000,1.00000000
2018-02-27 19:20:14,0.04658300,0.52500000
2018-02-27 19:20:14,0.04655900,0.62400000
2018-02-27 19:20:22,0.04668500,0.05000000
2018-02-27 19:20:23,0.04668500,0.21200000
2018-02-27 19:20:27,0.04659700,0.10000000
2018-02-27 19:20:27,0.04656000,0.23300000
2018-02-27 19:20:27,0.04655900,1.31300000
2018-02-27 19:20:29,0.04667600,0.27800000
2018-02-27 19:20:33,0.04658300,0.05800000
2018-02-27 19:20:33,0.04655900,0.10000000
2018-02-27 19:20:42,0.04655900,3.22500000
2018-02-27 19:20:51,0.04664300,0.04400000
2018-02-27 19:20:51,0.04664500,0.23300000
2018-02-27 19:20:51,0.04665300,0.38200000
2018-02-27 19:20:51,0.04665800,2.74100000
2018-02-27 19:20:51,0.04665800,0.21400000
2018-02-27 19:20:51,0.04665800,0.14000000
2018-02-27 19:20:54,0.04663500,0.21200000
2018-02-27 19:20:54,0.04663500,0.19000000
2018-02-27 19:20:54,0.04665800,0.05400000
2018-02-27 19:20:57,0.04665800,0.63300000
2018-02-27 19:20:58,0.04667000,0.39900000
2018-02-27 19:21:06,0.04669000,1.00000000
2018-02-27 19:21:07,0.04669000,0.01700000
2018-02-27 19:21:08,0.04669000,0.27100000
2018-02-27 19:21:10,0.04667000,0.63800000
2018-02-27 19:21:11,0.04669000,0.08700000
2018-02-27 19:21:11,0.04667200,0.10700000
2018-02-27 19:21:11,0.04667000,0.02400000
2018-02-27 19:21:12,0.04666900,0.03500000
2018-02-27 19:21:12,0.04666900,0.38600000
2018-02-27 19:21:12,0.04666900,0.00700000
2018-02-27 19:21:12,0.04667000,0.10000000
2018-02-27 19:21:14,0.04667000,0.03500000
2018-02-27 19:21:14,0.04667000,0.10000000
2018-02-27 19:21:16,0.04667000,0.35500000
2018-02-27 19:21:16,0.04667000,2.51600000
2018-02-27 19:21:16,0.04669000,5.62700000
2018-02-27 19:21:16,0.04669800,0.09200000
2018-02-27 19:21:16,0.04669900,2.87600000
2018-02-27 19:21:18,0.04669900,0.34400000
2018-02-27 19:21:19,0.04669900,0.81500000
2018-02-27 19:21:24,0.04670000,0.16700000
2018-02-27 19:21:28,0.04670000,0.82600000
2018-02-27 19:21:37,0.04669900,0.01700000
2018-02-27 19:21:48,0.04669900,0.12900000
2018-02-27 19:21:48,0.04669900,0.20500000
2018-02-27 19:21:48,0.04669900,1.61200000
2018-02-27 19:21:49,0.04669900,0.98200000
2018-02-27 19:21:54,0.04669900,1.11600000
2018-02-27 19:21:58,0.04670000,1.21000000
2018-02-27 19:22:06,0.04670000,0.35200000
2018-02-27 19:22:09,0.04670000,3.78800000
2018-02-27 19:22:10,0.04665800,0.11500000
2018-02-27 19:22:11,0.04670000,10.28800000
2018-02-27 19:22:11,0.04670000,1.00000000
2018-02-27 19:22:11,0.04675000,0.20000000
2018-02-27 19:22:12,0.04675000,2.13500000
2018-02-27 19:22:12,0.04678300,0.05800000
2018-02-27 19:22:12,0.04679400,4.15200000
2018-02-27 19:22:12,0.04679600,20.39400000
2018-02-27 19:22:13,0.04670300,0.26600000
2018-02-27 19:22:14,0.04679600,33.81300000
2018-02-27 19:22:14,0.04679900,5.81500000
2018-02-27 19:22:18,0.04679900,5.91100000
2018-02-27 19:22:18,0.04680000,8.57100000
2018-02-27 19:22:18,0.04680000,4.00000000
2018-02-27 19:22:18,0.04682300,0.12900000
2018-02-27 19:22:18,0.04683000,1.00000000
2018-02-27 19:22:18,0.04685000,0.50200000
2018-02-27 19:22:18,0.04690000,0.56000000
2018-02-27 19:22:20,0.04692000,3.58900000
2018-02-27 19:22:20,0.04692300,0.05400000
2018-02-27 19:22:20,0.04693200,0.11600000
2018-02-27 19:22:21,0.04680800,0.31700000
2018-02-27 19:22:22,0.04681200,0.42700000
2018-02-27 19:22:22,0.04681100,0.23500000
2018-02-27 19:22:23,0.04693900,0.04300000
2018-02-27 19:22:23,0.04695400,0.10700000
2018-02-27 19:22:23,0.04696600,0.02400000
2018-02-27 19:22:23,0.04699600,5.09500000
2018-02-27 19:22:23,0.04699700,0.16100000
2018-02-27 19:22:23,0.04699800,0.52300000
2018-02-27 19:22:24,0.04699700,0.42700000
2018-02-27 19:22:24,0.04699800,0.41800000
2018-02-27 19:22:24,0.04699900,2.92300000
2018-02-27 19:22:24,0.04700000,0.66200000
2018-02-27 19:22:25,0.04681700,0.14100000
2018-02-27 19:22:26,0.04699900,0.26600000
2018-02-27 19:22:26,0.04700000,15.86500000
2018-02-27 19:22:26,0.04700000,0.30700000
2018-02-27 19:22:27,0.04682600,1.15300000
2018-02-27 19:22:28,0.04682900,0.28700000
2018-02-27 19:22:28,0.04682900,0.00200000
2018-02-27 19:22:28,0.04682700,0.42700000
2018-02-27 19:22:28,0.04682400,0.37100000
2018-02-27 19:22:28,0.04680000,0.23200000
2018-02-27 19:22:28,0.04682700,0.43000000
2018-02-27 19:22:28,0.04700000,0.67900000
2018-02-27 19:22:28,0.04682500,0.74100000
2018-02-27 19:22:29,0.04682500,0.24300000
2018-02-27 19:22:29,0.04682500,1.15100000
2018-02-27 19:22:30,0.04699700,0.24300000
2018-02-27 19:22:30,0.04699800,0.42700000
2018-02-27 19:22:30,0.04699900,0.90600000
2018-02-27 19:22:30,0.04700000,7.15000000
2018-02-27 19:22:30,0.04705000,0.42900000
2018-02-27 19:22:30,0.04705600,0.10800000
2018-02-27 19:22:30,0.04705900,0.30800000
2018-02-27 19:22:31,0.04700000,1.07400000
2018-02-27 19:22:31,0.04683400,0.42700000
2018-02-27 19:22:31,0.04683300,0.64700000
2018-02-27 19:22:31,0.04683300,0.21100000
2018-02-27 19:22:33,0.04683900,0.03500000
2018-02-27 19:22:36,0.04709800,0.42700000
2018-02-27 19:22:36,0.04709800,0.23100000
2018-02-27 19:22:37,0.04709800,1.03400000
2018-02-27 19:22:37,0.04687700,1.03400000
2018-02-27 19:22:38,0.04690200,0.20700000
2018-02-27 19:22:38,0.04690000,0.83300000
2018-02-27 19:22:38,0.04688300,4.24400000
2018-02-27 19:22:38,0.04688200,0.24300000
2018-02-27 19:22:38,0.04688100,0.42600000
2018-02-27 19:22:38,0.04687800,0.42800000
2018-02-27 19:22:38,0.04687500,0.76900000
2018-02-27 19:22:38,0.04687200,0.10700000
2018-02-27 19:22:38,0.04686800,0.10500000
2018-02-27 19:22:39,0.04686100,2.13400000
2018-02-27 19:22:39,0.04686300,0.78600000
2018-02-27 19:22:43,0.04686500,0.66700000
2018-02-27 19:22:44,0.04686500,0.23600000
2018-02-27 19:22:48,0.04702200,0.02900000
2018-02-27 19:22:49,0.04702200,0.39700000
2018-02-27 19:22:49,0.04702300,1.19800000
2018-02-27 19:22:49,0.04702700,0.30500000
2018-02-27 19:22:52,0.04702100,0.52500000
2018-02-27 19:22:52,0.04688000,0.31500000
2018-02-27 19:22:53,0.04688000,0.81000000
2018-02-27 19:22:53,0.04688000,0.10500000
2018-02-27 19:22:54,0.04688400,0.03500000
2018-02-27 19:22:54,0.04688600,0.28100000
2018-02-27 19:22:55,0.04688600,0.03500000
2018-02-27 19:22:55,0.04688600,0.60100000
2018-02-27 19:22:55,0.04688400,0.35800000
2018-02-27 19:22:56,0.04687300,0.03300000
2018-02-27 19:22:56,0.04699700,0.39300000
2018-02-27 19:22:56,0.04699800,3.05000000
2018-02-27 19:22:56,0.04700000,0.38800000
2018-02-27 19:22:56,0.04702100,0.16900000
2018-02-27 19:22:56,0.04687200,0.16900000
2018-02-27 19:22:57,0.04687500,1.98100000
2018-02-27 19:22:58,0.04687800,0.14800000
2018-02-27 19:22:59,0.04701400,2.12900000
2018-02-27 19:22:59,0.04701600,2.96700000
2018-02-27 19:22:59,0.04690800,0.05400000
2018-02-27 19:23:03,0.04690700,0.07600000
2018-02-27 19:23:06,0.04690700,0.17000000
2018-02-27 19:23:06,0.04698700,0.05400000
2018-02-27 19:23:06,0.04698900,0.05200000
2018-02-27 19:23:07,0.04690700,0.03500000
2018-02-27 19:23:07,0.04690700,0.09000000
2018-02-27 19:23:08,0.04690700,0.69200000
2018-02-27 19:23:10,0.04690700,0.53300000
2018-02-27 19:23:11,0.04690700,0.03500000
2018-02-27 19:23:12,0.04690700,0.19800000
2018-02-27 19:23:12,0.04690700,0.64900000
2018-02-27 19:23:12,0.04690700,1.79800000
2018-02-27 19:23:12,0.04698400,0.14700000
2018-02-27 19:23:13,0.04690700,0.73400000
2018-02-27 19:23:14,0.04690700,0.04200000
2018-02-27 19:23:14,0.04690700,0.83400000
2018-02-27 19:23:15,0.04690700,0.03500000
2018-02-27 19:23:16,0.04690700,0.10000000
2018-02-27 19:23:16,0.04690700,0.09600000
2018-02-27 19:23:17,0.04698000,0.42700000
2018-02-27 19:23:17,0.04698200,0.26400000
2018-02-27 19:23:19,0.04691000,0.10600000
2018-02-27 19:23:22,0.04695000,1.03600000
2018-02-27 19:23:27,0.04691000,0.00200000
2018-02-27 19:23:27,0.04690700,0.02200000
2018-02-27 19:23:27,0.04690700,0.27100000
2018-02-27 19:23:28,0.04690700,0.10500000
2018-02-27 19:23:29,0.04690700,0.32200000
2018-02-27 19:23:29,0.04690700,1.74000000
2018-02-27 19:23:30,0.04690400,0.38600000
2018-02-27 19:23:30,0.04690400,0.20300000
2018-02-27 19:23:31,0.04689000,0.08800000
2018-02-27 19:23:32,0.04689900,0.12300000
2018-02-27 19:23:32,0.04690000,0.35500000
2018-02-27 19:23:33,0.04689900,0.18500000
2018-02-27 19:23:34,0.04689900,0.18100000
2018-02-27 19:23:34,0.04690000,1.48200000
2018-02-27 19:23:34,0.04689000,0.00200000
2018-02-27 19:23:34,0.04688000,0.01200000
2018-02-27 19:23:37,0.04688800,0.36600000
2018-02-27 19:23:38,0.04688800,0.12800000
2018-02-27 19:23:38,0.04690000,0.56500000
2018-02-27 19:23:38,0.04690400,0.26600000
2018-02-27 19:23:39,0.04694500,0.17100000
2018-02-27 19:23:39,0.04697500,0.06000000
2018-02-27 19:23:40,0.04688300,0.70500000
2018-02-27 19:23:40,0.04688300,0.70500000
2018-02-27 19:23:40,0.04694900,0.30600000
2018-02-27 19:23:40,0.04700000,0.21800000
2018-02-27 19:23:40,0.04701000,0.84900000
2018-02-27 19:23:42,0.04688200,0.03500000
2018-02-27 19:23:43,0.04688300,0.39100000
2018-02-27 19:23:43,0.04688200,0.10900000
2018-02-27 19:23:44,0.04688200,0.12700000
2018-02-27 19:23:44,0.04688000,0.60800000
2018-02-27 19:23:46,0.04688000,1.46700000
2018-02-27 19:23:46,0.04688100,6.61400000
2018-02-27 19:23:46,0.04688000,13.20000000
2018-02-27 19:23:47,0.04688000,2.13300000
2018-02-27 19:23:47,0.04688000,1.06800000
2018-02-27 19:23:48,0.04698700,1.41000000
2018-02-27 19:23:48,0.04699200,0.42600000
2018-02-27 19:23:48,0.04700700,0.22800000
2018-02-27 19:23:49,0.04700600,0.12800000
2018-02-27 19:23:50,0.04690200,0.70300000
2018-02-27 19:23:51,0.04690500,1.42700000
2018-02-27 19:23:51,0.04690300,0.42400000
2018-02-27 19:23:52,0.04690500,0.10000000
2018-02-27 19:23:53,0.04690000,0.13200000
2018-02-27 19:23:53,0.04688000,0.66800000
2018-02-27 19:23:54,0.04688000,0.05200000
2018-02-27 19:23:58,0.04688000,0.27100000
2018-02-27 19:24:01,0.04688000,0.63300000
2018-02-27 19:24:02,0.04688000,0.02900000
2018-02-27 19:24:02,0.04688000,1.05000000
2018-02-27 19:24:03,0.04688000,0.53700000
2018-02-27 19:24:07,0.04688000,2.13300000
2018-02-27 19:24:07,0.04688000,0.15700000
2018-02-27 19:24:08,0.04688000,1.10000000
2018-02-27 19:24:08,0.04686000,0.04500000
2018-02-27 19:24:08,0.04683400,0.22200000
2018-02-27 19:24:08,0.04683300,8.54000000
2018-02-27 19:24:08,0.04689800,0.15800000
2018-02-27 19:24:09,0.04687200,1.05700000
2018-02-27 19:24:09,0.04683300,1.07200000
2018-02-27 19:24:09,0.04683000,0.17900000
2018-02-27 19:24:09,0.04682500,5.04400000
2018-02-27 19:24:10,0.04679800,0.40000000
2018-02-27 19:24:10,0.04679800,1.47200000
2018-02-27 19:24:10,0.04680000,2.05400000
2018-02-27 19:24:16,0.04676300,0.06200000
2018-02-27 19:24:20,0.04676300,0.07100000
2018-02-27 19:24:21,0.04676300,0.17500000
2018-02-27 19:24:24,0.04676300,0.44600000
2018-02-27 19:24:24,0.04679900,0.09400000
2018-02-27 19:24:25,0.04675000,0.40000000
2018-02-27 19:24:29,0.04674300,0.05400000
2018-02-27 19:24:29,0.04673900,0.11500000
2018-02-27 19:24:29,0.04671900,0.32900000
2018-02-27 19:24:29,0.04670000,2.00000000
2018-02-27 19:24:32,0.04669900,0.17800000
2018-02-27 19:24:32,0.04670000,1.58000000
2018-02-27 19:24:35,0.04670000,0.13500000
2018-02-27 19:24:36,0.04669900,0.13600000
2018-02-27 19:24:36,0.04670000,7.16500000
2018-02-27 19:24:38,0.04670500,1.21500000
2018-02-27 19:24:43,0.04671200,0.42500000
2018-02-27 19:24:43,0.04671100,0.57400000
2018-02-27 19:24:49,0.04672000,0.28600000
2018-02-27 19:24:50,0.04672000,0.19900000
2018-02-27 19:24:54,0.04672000,0.34900000
2018-02-27 19:24:56,0.04672000,0.08800000
2018-02-27 19:24:57,0.04670900,0.02400000
2018-02-27 19:24:57,0.04670600,0.89700000
2018-02-27 19:24:57,0.04670000,1.69500000
2018-02-27 19:24:57,0.04669900,0.54400000
2018-02-27 19:24:57,0.04665800,0.04900000
2018-02-27 19:24:57,0.04664100,0.37900000
2018-02-27 19:24:57,0.04662600,0.10700000
2018-02-27 19:24:57,0.04660000,0.10600000
2018-02-27 19:24:57,0.04655900,0.20000000
2018-02-27 19:24:57,0.04655600,0.06500000
2018-02-27 19:24:57,0.04653000,0.12900000
2018-02-27 19:24:57,0.04650100,0.11400000
2018-02-27 19:24:57,0.04650000,3.65300000
2018-02-27 19:24:57,0.04644100,0.06500000
2018-02-27 19:24:57,0.04643800,1.31300000
2018-02-27 19:24:57,0.04642400,0.06900000
2018-02-27 19:24:57,0.04641800,2.15400000
2018-02-27 19:24:57,0.04641200,0.21500000
2018-02-27 19:24:57,0.04641100,0.87700000
2018-02-27 19:24:57,0.04640000,0.50300000
2018-02-27 19:24:57,0.04639300,0.07900000
2018-02-27 19:24:57,0.04639100,0.07900000
2018-02-27 19:24:57,0.04637900,0.06800000
2018-02-27 19:24:57,0.04636700,2.00000000
2018-02-27 19:24:57,0.04636300,0.04300000
2018-02-27 19:24:57,0.04635500,0.43100000
2018-02-27 19:24:57,0.04635400,0.03800000
2018-02-27 19:24:57,0.04635000,1.00000000
2018-02-27 19:24:57,0.04634400,0.78500000
2018-02-27 19:24:57,0.04631700,0.38000000
2018-02-27 19:24:57,0.04631600,0.16100000
2018-02-27 19:24:57,0.04630400,0.07800000
2018-02-27 19:24:57,0.04630000,0.64000000
2018-02-27 19:24:57,0.04629500,1.44700000
2018-02-27 19:24:57,0.04628500,0.08000000
2018-02-27 19:24:57,0.04628300,0.10800000
2018-02-27 19:24:57,0.04628200,0.08000000
2018-02-27 19:24:57,0.04627600,0.38000000
2018-02-27 19:24:57,0.04627500,0.26800000
2018-02-27 19:24:57,0.04626700,0.10800000
2018-02-27 19:24:57,0.04626300,0.09000000
2018-02-27 19:24:57,0.04624300,0.14200000
2018-02-27 19:24:57,0.04623800,1.25600000
2018-02-27 19:24:57,0.04623300,0.21600000
2018-02-27 19:24:57,0.04623000,0.07900000
2018-02-27 19:24:57,0.04622300,0.02800000
2018-02-27 19:24:57,0.04620700,0.66400000
2018-02-27 19:24:57,0.04620600,0.50800000
2018-02-27 19:24:57,0.04620000,3.23100000
2018-02-27 19:24:57,0.04619300,0.23900000
2018-02-27 19:24:57,0.04619200,0.10000000
2018-02-27 19:24:57,0.04618700,0.98500000
2018-02-27 19:24:57,0.04618300,0.84500000
2018-02-27 19:24:57,0.04618200,1.33400000
2018-02-27 19:24:57,0.04616600,0.87900000
2018-02-27 19:24:57,0.04616500,1.05400000
2018-02-27 19:24:57,0.04616400,0.64300000
2018-02-27 19:24:57,0.04616000,0.12800000
2018-02-27 19:24:57,0.04615900,1.04800000
2018-02-27 19:24:57,0.04614900,0.65000000
2018-02-27 19:24:57,0.04614500,0.67100000
2018-02-27 19:24:57,0.04614200,0.43200000
2018-02-27 19:24:57,0.04614000,0.10700000
2018-02-27 19:24:57,0.04613900,0.03200000
2018-02-27 19:24:57,0.04613000,0.86500000
2018-02-27 19:24:57,0.04612900,1.50400000
2018-02-27 19:24:57,0.04612300,0.98700000
2018-02-27 19:24:57,0.04612100,0.02400000
2018-02-27 19:24:57,0.04611800,1.45600000
2018-02-27 19:24:57,0.04611400,0.06500000
2018-02-27 19:24:57,0.04610700,0.12000000
2018-02-27 19:24:57,0.04610500,1.15900000
2018-02-27 19:24:57,0.04610200,0.86500000
2018-02-27 19:24:57,0.04610000,1.28600000
2018-02-27 19:24:57,0.04609400,0.05300000
2018-02-27 19:24:57,0.04609200,0.10800000
2018-02-27 19:24:57,0.04609000,0.04500000
2018-02-27 19:24:57,0.04607600,0.08000000
2018-02-27 19:24:57,0.04607500,0.20100000
2018-02-27 19:24:57,0.04607000,0.91300000
2018-02-27 19:24:57,0.04605700,0.58600000
2018-02-27 19:24:57,0.04605100,0.32500000
2018-02-27 19:24:57,0.04604700,0.08100000
2018-02-27 19:24:57,0.04604500,0.08100000
2018-02-27 19:24:57,0.04604400,0.36900000
2018-02-27 19:24:57,0.04603100,0.34000000
2018-02-27 19:24:57,0.04602800,0.17400000
2018-02-27 19:24:57,0.04602700,0.08100000
2018-02-27 19:24:57,0.04601400,0.02300000
2018-02-27 19:24:57,0.04600200,0.51200000
2018-02-27 19:24:57,0.04600000,7.73200000
2018-02-27 19:24:57,0.04599700,0.06000000
2018-02-27 19:24:57,0.04599700,0.00500000
2018-02-27 19:24:57,0.04599400,0.08100000
2018-02-27 19:24:57,0.04599200,0.15200000
2018-02-27 19:24:57,0.04597700,0.13800000
2018-02-27 19:24:57,0.04600000,13.09300000
2018-02-27 19:24:57,0.04600000,0.31900000
2018-02-27 19:24:57,0.04600000,0.21400000
2018-02-27 19:24:57,0.04600000,0.28800000
2018-02-27 19:24:57,0.04617500,0.04300000
2018-02-27 19:24:57,0.04597800,0.00800000
2018-02-27 19:24:57,0.04597800,1.23300000
2018-02-27 19:24:57,0.04597700,0.02400000
2018-02-27 19:24:57,0.04597400,0.18900000
2018-02-27 19:24:57,0.04597400,0.31900000
2018-02-27 19:24:57,0.04633000,0.08200000
2018-02-27 19:24:58,0.04633000,0.08000000
2018-02-27 19:24:58,0.04633000,0.06000000
2018-02-27 19:24:58,0.04632800,0.02400000
2018-02-27 19:24:59,0.04632500,1.10200000
2018-02-27 19:24:59,0.04632500,0.06200000
2018-02-27 19:24:59,0.04632500,0.05400000
2018-02-27 19:25:01,0.04628300,0.03200000
2018-02-27 19:25:01,0.04618200,0.19900000
2018-02-27 19:25:01,0.04618100,0.00200000
2018-02-27 19:25:01,0.04632100,0.32900000
2018-02-27 19:25:03,0.04627400,0.64700000
2018-02-27 19:25:03,0.04627400,0.64700000
2018-02-27 19:25:03,0.04627400,0.17500000
2018-02-27 19:25:03,0.04626100,0.02200000
2018-02-27 19:25:04,0.04626100,0.02100000
2018-02-27 19:25:05,0.04626000,0.09600000
2018-02-27 19:25:05,0.04626100,2.75200000
2018-02-27 19:25:05,0.04627000,0.05800000
2018-02-27 19:25:05,0.04627600,0.69000000
2018-02-27 19:25:05,0.04631800,0.19900000
2018-02-27 19:25:05,0.04632500,0.10800000
2018-02-27 19:25:06,0.04632900,0.17800000
2018-02-27 19:25:07,0.04633300,0.58600000
2018-02-27 19:25:07,0.04637300,0.05300000
2018-02-27 19:25:07,0.04639200,0.36100000
2018-02-27 19:25:07,0.04632500,1.90000000
2018-02-27 19:25:07,0.04639200,0.06800000
2018-02-27 19:25:07,0.04640600,0.05400000
2018-02-27 19:25:07,0.04641700,0.42400000
2018-02-27 19:25:07,0.04641900,0.32500000
2018-02-27 19:25:07,0.04643700,0.08100000
2018-02-27 19:25:07,0.04644500,0.38000000
2018-02-27 19:25:07,0.04644600,0.10000000
2018-02-27 19:25:07,0.04645200,0.04300000
2018-02-27 19:25:07,0.04646100,0.07900000
2018-02-27 19:25:07,0.04646900,0.04500000
2018-02-27 19:25:07,0.04648000,1.08000000
2018-02-27 19:25:07,0.04649300,0.08000000
2018-02-27 19:25:07,0.04650000,1.24100000
2018-02-27 19:25:08,0.04649900,0.50000000
2018-02-27 19:25:09,0.04633300,0.04000000
2018-02-27 19:25:09,0.04633300,2.11700000
2018-02-27 19:25:09,0.04633100,0.43100000
2018-02-27 19:25:09,0.04632800,1.77000000
2018-02-27 19:25:11,0.04632500,0.50500000
2018-02-27 19:25:11,0.04632500,0.20400000
2018-02-27 19:25:11,0.04632500,0.03200000
2018-02-27 19:25:15,0.04642400,0.10600000
2018-02-27 19:25:15,0.04642700,0.18000000
2018-02-27 19:25:17,0.04632500,0.28400000
2018-02-27 19:25:17,0.04641900,1.64200000
2018-02-27 19:25:17,0.04641900,0.51500000
2018-02-27 19:25:17,0.04642100,0.25100000
2018-02-27 19:25:17,0.04643600,1.77000000
2018-02-27 19:25:17,0.04643700,0.06500000
2018-02-27 19:25:17,0.04647900,5.85100000
2018-02-27 19:25:17,0.04649900,2.31700000
2018-02-27 19:25:17,0.04650000,1.09700000
2018-02-27 19:25:17,0.04650400,0.19300000
2018-02-27 19:25:17,0.04651400,0.03200000
2018-02-27 19:25:17,0.04653600,0.02400000
2018-02-27 19:25:17,0.04656400,0.93900000
2018-02-27 19:25:17,0.04656800,0.06800000
2018-02-27 19:25:17,0.04657800,0.21600000
2018-02-27 19:25:17,0.04658000,0.04300000
2018-02-27 19:25:17,0.04659600,0.32900000
2018-02-27 19:25:17,0.04659900,0.66300000
2018-02-27 19:25:17,0.04660000,0.50100000
2018-02-27 19:25:17,0.04660400,0.06900000
2018-02-27 19:25:17,0.04660600,0.02400000
2018-02-27 19:25:17,0.04661000,0.38000000
2018-02-27 19:25:17,0.04661100,1.62300000
2018-02-27 19:25:17,0.04661800,0.81800000
2018-02-27 19:25:17,0.04661900,0.42800000
2018-02-27 19:25:17,0.04662500,0.28800000
2018-02-27 19:25:17,0.04662600,0.13800000
2018-02-27 19:25:18,0.04632800,0.42500000
2018-02-27 19:25:20,0.04659900,0.10000000
2018-02-27 19:25:20,0.04662600,0.24800000
2018-02-27 19:25:20,0.04663000,0.16000000
2018-02-27 19:25:22,0.04655100,0.10700000
2018-02-27 19:25:22,0.04655200,0.08000000
2018-02-27 19:25:22,0.04661900,0.20800000
2018-02-27 19:25:23,0.04656200,0.21600000
2018-02-27 19:25:23,0.04661900,0.15900000
2018-02-27 19:25:23,0.04663000,0.28400000
2018-02-27 19:25:23,0.04663900,0.32800000
2018-02-27 19:25:23,0.04664300,0.32800000
2018-02-27 19:25:23,0.04664400,0.49100000
2018-02-27 19:25:23,0.04664700,0.50100000
2018-02-27 19:25:23,0.04665400,0.08000000
2018-02-27 19:25:23,0.04665700,0.08000000
2018-02-27 19:25:23,0.04665800,0.63000000
2018-02-27 19:25:23,0.04666400,0.81800000
2018-02-27 19:25:23,0.04666500,0.42800000
2018-02-27 19:25:23,0.04666800,0.42800000
2018-02-27 19:25:23,0.04667100,0.18900000
2018-02-27 19:25:23,0.04667200,0.28800000
2018-02-27 19:25:23,0.04667300,0.46400000
2018-02-27 19:25:23,0.04667700,0.44400000
2018-02-27 19:25:23,0.04668300,0.10800000
2018-02-27 19:25:23,0.04668500,0.32800000
2018-02-27 19:25:23,0.04668900,0.32800000
2018-02-27 19:25:23,0.04669000,0.35800000
2018-02-27 19:25:23,0.04669300,0.50100000
2018-02-27 19:25:23,0.04669500,0.21600000
2018-02-27 19:25:23,0.04670000,2.72900000
2018-02-27 19:25:23,0.04670300,0.65000000
2018-02-27 19:25:23,0.04670400,0.34900000
2018-02-27 19:25:23,0.04670500,0.32800000
2018-02-27 19:25:23,0.04671100,0.81800000
2018-02-27 19:25:23,0.04671200,0.42800000
2018-02-27 19:25:23,0.04671800,0.21600000
2018-02-27 19:25:23,0.04671900,0.67400000
2018-02-27 19:25:23,0.04672000,1.52500000
2018-02-27 19:25:23,0.04672000,0.12000000
2018-02-27 19:25:24,0.04672000,4.50100000
2018-02-27 19:25:24,0.04643000,0.00200000
2018-02-27 19:25:24,0.04643000,0.00100000
2018-02-27 19:25:24,0.04643000,0.00200000
2018-02-27 19:25:25,0.04663000,0.04200000
2018-02-27 19:25:29,0.04644000,0.00100000
2018-02-27 19:25:29,0.04644000,0.00100000
2018-02-27 19:25:29,0.04644000,0.00100000
2018-02-27 19:25:30,0.04652600,0.42500000
2018-02-27 19:25:30,0.04652800,0.08000000
2018-02-27 19:25:30,0.04656200,0.73600000
2018-02-27 19:25:30,0.04644200,0.00100000
2018-02-27 19:25:32,0.04645900,0.08000000
2018-02-27 19:25:33,0.04659900,0.14600000
2018-02-27 19:25:34,0.04672400,0.44400000
2018-02-27 19:25:34,0.04673200,0.32800000
2018-02-27 19:25:34,0.04673400,0.04300000
2018-02-27 19:25:34,0.04673600,0.84000000
2018-02-27 19:25:34,0.04674200,0.67700000
2018-02-27 19:25:34,0.04675100,0.63000000
2018-02-27 19:25:34,0.04676000,0.79500000
2018-02-27 19:25:34,0.04676300,0.64600000
2018-02-27 19:25:34,0.04676900,0.08100000
2018-02-27 19:25:34,0.04678300,1.54300000
2018-02-27 19:25:34,0.04679000,0.23500000
2018-02-27 19:25:34,0.04680500,0.24100000
2018-02-27 19:25:34,0.04681500,0.08800000
2018-02-27 19:25:34,0.04682500,0.28800000
2018-02-27 19:25:34,0.04682900,0.03700000
2018-02-27 19:25:34,0.04683000,1.50900000
2018-02-27 19:25:34,0.04690000,0.83100000
2018-02-27 19:25:35,0.04660100,0.00100000
2018-02-27 19:25:38,0.04661000,0.00200000
2018-02-27 19:25:38,0.04661000,0.00100000
2018-02-27 19:25:38,0.04661000,0.00200000
2018-02-27 19:25:46,0.04663700,1.00000000
2018-02-27 19:25:46,0.04663700,1.14300000
2018-02-27 19:25:46,0.04663500,0.42000000
2018-02-27 19:25:46,0.04660100,1.10300000
2018-02-27 19:25:46,0.04660000,0.71400000
2018-02-27 19:25:47,0.04674800,2.14900000
2018-02-27 19:25:47,0.04675000,0.57300000
2018-02-27 19:25:47,0.04677300,0.34600000
2018-02-27 19:25:47,0.04689900,0.90100000
2018-02-27 19:25:47,0.04690000,2.90100000
2018-02-27 19:25:53,0.04663800,1.50500000
2018-02-27 19:25:54,0.04664500,0.07100000
2018-02-27 19:25:54,0.04689900,0.00100000
2018-02-27 19:25:56,0.04689900,1.63300000
2018-02-27 19:25:57,0.04665600,0.28600000
2018-02-27 19:25:58,0.04665900,0.08600000
2018-02-27 19:25:58,0.04689400,0.07100000
2018-02-27 19:25:58,0.04689900,2.17300000
2018-02-27 19:26:03,0.04668200,0.13700000
2018-02-27 19:26:04,0.04689800,4.26100000
2018-02-27 19:26:06,0.04669300,0.63800000
2018-02-27 19:26:06,0.04669200,0.17700000
2018-02-27 19:26:07,0.04669800,0.15100000
2018-02-27 19:26:07,0.04669800,0.16700000
2018-02-27 19:26:08,0.04689200,0.28600000
2018-02-27 19:26:13,0.04670400,0.03500000
2018-02-27 19:26:13,0.04670400,0.17700000
2018-02-27 19:26:23,0.04670500,0.23600000
2018-02-27 19:26:23,0.04669800,0.23400000
2018-02-27 19:26:23,0.04682700,0.10000000
2018-02-27 19:26:24,0.04669800,0.82900000
2018-02-27 19:26:27,0.04669800,0.11300000
2018-02-27 19:26:27,0.04667700,0.11700000
2018-02-27 19:26:28,0.04667700,0.45800000
2018-02-27 19:26:30,0.04667700,0.10300000
2018-02-27 19:26:31,0.04667700,0.08100000
2018-02-27 19:26:32,0.04667700,0.05100000
2018-02-27 19:26:41,0.04676100,0.04100000
2018-02-27 19:26:43,0.04675500,1.66900000
2018-02-27 19:26:43,0.04667700,0.00200000
2018-02-27 19:26:43,0.04665000,0.04500000
2018-02-27 19:26:43,0.04661100,0.47700000
2018-02-27 19:26:44,0.04667800,0.02100000
2018-02-27 19:26:57,0.04672200,0.21000000
2018-02-27 19:26:57,0.04671900,0.20900000
2018-02-27 19:26:57,0.04672100,0.23600000
2018-02-27 19:26:57,0.04672300,0.17700000
2018-02-27 19:26:57,0.04672400,0.21200000
2018-02-27 19:26:57,0.04672700,0.16500000
2018-02-27 19:26:57,0.04673300,0.08600000
2018-02-27 19:26:57,0.04674800,0.11500000
2018-02-27 19:27:00,0.04667800,2.20200000
2018-02-27 19:27:01,0.04667800,0.71200000
2018-02-27 19:27:01,0.04661100,0.03100000
2018-02-27 19:27:01,0.04661000,0.25600000
2018-02-27 19:27:17,0.04662700,0.15700000
2018-02-27 19:27:18,0.04662700,1.98600000
2018-02-27 19:27:18,0.04661000,4.54200000
2018-02-27 19:27:25,0.04662700,0.48900000
2018-02-27 19:27:26,0.04662500,2.14300000
2018-02-27 19:27:45,0.04662700,0.02800000
2018-02-27 19:27:45,0.04662600,0.17200000
2018-02-27 19:27:45,0.04662500,0.11700000
2018-02-27 19:27:50,0.04669800,0.10600000
2018-02-27 19:27:52,0.04670000,1.00000000
2018-02-27 19:27:56,0.04673100,0.10000000
2018-02-27 19:27:58,0.04673100,0.19000000
2018-02-27 19:27:58,0.04673200,1.63500000
2018-02-27 19:28:00,0.04674700,0.50700000
2018-02-27 19:28:01,0.04676900,1.70800000
2018-02-27 19:28:01,0.04677000,0.26900000
2018-02-27 19:28:01,0.04680000,0.03000000
2018-02-27 19:28:05,0.04680000,0.03000000
2018-02-27 19:28:08,0.04674300,1.25000000
2018-02-27 19:28:21,0.04674000,0.55300000
2018-02-27 19:28:21,0.04674300,2.82500000
2018-02-27 19:28:21,0.04674300,0.09100000
2018-02-27 19:28:26,0.04673000,1.03800000
2018-02-27 19:28:31,0.04673000,0.05800000
2018-02-27 19:28:33,0.04673000,0.21300000
2018-02-27 19:28:34,0.04663700,1.17900000
2018-02-27 19:28:37,0.04672800,1.17900000
2018-02-27 19:28:37,0.04673000,5.82600000
2018-02-27 19:28:37,0.04674300,4.15800000
2018-02-27 19:28:40,0.04680000,0.19700000
2018-02-27 19:28:42,0.04665900,2.14000000
2018-02-27 19:28:42,0.04665700,0.12500000
2018-02-27 19:28:45,0.04673000,1.00000000
2018-02-27 19:28:50,0.04673000,1.14000000
2018-02-27 19:28:50,0.04673200,0.89400000
2018-02-27 19:28:50,0.04673200,0.80200000
2018-02-27 19:28:52,0.04664900,0.03900000
2018-02-27 19:28:52,0.04672900,0.57800000
2018-02-27 19:29:11,0.04666800,1.64200000
2018-02-27 19:29:12,0.04666800,0.09700000
2018-02-27 19:29:12,0.04672900,2.90300000
2018-02-27 19:29:13,0.04672900,0.28800000
2018-02-27 19:29:20,0.04672900,2.00000000
2018-02-27 19:29:21,0.04666700,0.06000000
2018-02-27 19:29:21,0.04666400,0.86200000
2018-02-27 19:29:29,0.04666400,0.86800000
2018-02-27 19:29:29,0.04664900,0.30100000
2018-02-27 19:29:29,0.04664600,0.50000000
2018-02-27 19:29:30,0.04664600,1.54900000
2018-02-27 19:29:30,0.04664500,2.22800000
2018-02-27 19:29:30,0.04663500,0.17800000
2018-02-27 19:29:37,0.04662500,1.79700000
2018-02-27 19:29:37,0.04662500,0.17300000
2018-02-27 19:29:46,0.04662500,0.03500000
2018-02-27 19:29:47,0.04662500,0.05900000
2018-02-27 19:29:54,0.04662500,3.05000000
2018-02-27 19:29:55,0.04662000,15.70900000
2018-02-27 19:29:55,0.04661200,2.00000000
2018-02-27 19:29:55,0.04661000,2.95200000
2018-02-27 19:30:08,0.04659900,1.04800000
2018-02-27 19:30:12,0.04658100,0.19100000
2018-02-27 19:30:14,0.04659900,0.25400000
2018-02-27 19:30:24,0.04654000,1.34300000
2018-02-27 19:30:27,0.04658000,0.82300000
2018-02-27 19:30:35,0.04659900,0.04300000
2018-02-27 19:30:42,0.04659900,0.03500000
2018-02-27 19:30:45,0.04659900,0.03500000
2018-02-27 19:30:46,0.04658100,0.10800000
2018-02-27 19:30:46,0.04658000,0.05600000
2018-02-27 19:30:46,0.04659900,0.42200000
2018-02-27 19:30:52,0.04660000,0.03500000
2018-02-27 19:31:01,0.04659900,0.08500000
2018-02-27 19:31:02,0.04660000,2.15900000
2018-02-27 19:31:07,0.04660000,8.00000000
2018-02-27 19:31:07,0.04660000,2.67500000
2018-02-27 19:31:07,0.04662500,1.27600000
2018-02-27 19:31:20,0.04662500,0.07800000
2018-02-27 19:31:22,0.04666100,0.04200000
2018-02-27 19:31:25,0.04666100,0.06600000
2018-02-27 19:31:29,0.04666100,0.46200000
2018-02-27 19:31:30,0.04666100,0.03500000
2018-02-27 19:31:30,0.04666100,11.68600000
2018-02-27 19:31:32,0.04663100,0.19000000
2018-02-27 19:31:32,0.04663000,0.63500000
2018-02-27 19:31:33,0.04666100,0.67100000
2018-02-27 19:31:33,0.04666300,0.14700000
2018-02-27 19:31:43,0.04666000,1.63400000
2018-02-27 19:31:45,0.04666000,1.25300000
2018-02-27 19:31:46,0.04663000,1.35400000
2018-02-27 19:31:48,0.04663000,0.60000000
2018-02-27 19:31:49,0.04663000,5.26400000
2018-02-27 19:31:49,0.04662500,1.89600000
2018-02-27 19:31:50,0.04660000,0.33900000
2018-02-27 19:31:51,0.04658000,2.12500000
2018-02-27 19:31:54,0.04663500,3.51600000
2018-02-27 19:31:54,0.04666000,0.24300000
2018-02-27 19:31:59,0.04655200,0.11600000
2018-02-27 19:32:00,0.04663000,1.66100000
2018-02-27 19:32:00,0.04665700,0.03200000
2018-02-27 19:32:00,0.04655000,0.05900000
2018-02-27 19:32:00,0.04654000,0.17300000
2018-02-27 19:32:14,0.04655000,5.97600000
2018-02-27 19:32:15,0.04655000,0.54700000
2018-02-27 19:32:15,0.04654000,0.31100000
2018-02-27 19:32:18,0.04662800,0.00100000
2018-02-27 19:32:19,0.04662800,0.08300000
2018-02-27 19:32:19,0.04663000,0.01500000
2018-02-27 19:32:19,0.04654000,0.11500000
2018-02-27 19:32:20,0.04662800,0.62500000
2018-02-27 19:32:23,0.04663000,0.00100000
2018-02-27 19:32:26,0.04663000,0.00100000
2018-02-27 19:32:26,0.04663000,0.17200000
2018-02-27 19:32:29,0.04663000,0.00100000
2018-02-27 19:32:30,0.04663000,0.00100000
2018-02-27 19:32:32,0.04663000,1.20800000
2018-02-27 19:32:36,0.04663000,0.46300000
2018-02-27 19:32:39,0.04663000,1.49900000
2018-02-27 19:32:50,0.04655000,0.67300000
2018-02-27 19:32:50,0.04654000,0.09800000
2018-02-27 19:32:51,0.04654000,0.29600000
2018-02-27 19:32:57,0.04654000,0.29800000
2018-02-27 19:33:01,0.04654000,0.74700000
2018-02-27 19:33:01,0.04653800,0.19200000
2018-02-27 19:33:01,0.04653300,0.05200000
2018-02-27 19:33:02,0.04653300,0.00200000
2018-02-27 19:33:02,0.04651000,0.14000000
2018-02-27 19:33:04,0.04654000,0.99500000
2018-02-27 19:33:07,0.04654000,1.00000000
2018-02-27 19:33:07,0.04651000,0.31500000
2018-02-27 19:33:08,0.04651000,0.03500000
2018-02-27 19:33:08,0.04651000,0.08800000
2018-02-27 19:33:09,0.04651000,0.39400000
2018-02-27 19:33:15,0.04651000,0.65100000
2018-02-27 19:33:16,0.04653600,0.15800000
2018-02-27 19:33:19,0.04650000,2.70700000
2018-02-27 19:33:19,0.04650000,0.83200000
2018-02-27 19:33:19,0.04650000,5.59900000
2018-02-27 19:33:19,0.04649500,0.30800000
2018-02-27 19:33:28,0.04644700,0.33100000
2018-02-27 19:33:28,0.04641800,0.10800000
2018-02-27 19:33:28,0.04639000,0.35400000
2018-02-27 19:33:29,0.04639200,0.63700000
2018-02-27 19:33:31,0.04639200,1.51700000
2018-02-27 19:33:31,0.04639000,0.39200000
2018-02-27 19:33:31,0.04649200,0.30300000
2018-02-27 19:33:31,0.04649300,0.21500000
2018-02-27 19:33:31,0.04649500,0.38900000
2018-02-27 19:33:31,0.04650000,1.00000000
2018-02-27 19:33:31,0.04651000,0.53600000
2018-02-27 19:33:32,0.04649000,0.50000000
2018-02-27 19:33:39,0.04648700,0.05700000
2018-02-27 19:33:40,0.04639100,0.43100000
2018-02-27 19:33:40,0.04639000,1.41100000
2018-02-27 19:33:40,0.04637000,0.38100000
2018-02-27 19:33:40,0.04635000,2.57300000
2018-02-27 19:33:40,0.04635000,0.65900000
2018-02-27 19:33:54,0.04635000,0.15800000
2018-02-27 19:33:55,0.04635000,0.00400000
2018-02-27 19:33:58,0.04635000,1.20900000
2018-02-27 19:33:58,0.04638000,0.04200000
2018-02-27 19:33:58,0.04635000,1.32900000
2018-02-27 19:34:00,0.04635000,0.22400000
2018-02-27 19:34:00,0.04635000,0.23000000
2018-02-27 19:34:01,0.04638000,0.82200000
2018-02-27 19:34:01,0.04635000,1.58300000
2018-02-27 19:34:03,0.04638000,0.08600000
2018-02-27 19:34:03,0.04635000,0.77500000
2018-02-27 19:34:03,0.04638000,0.35500000
2018-02-27 19:34:06,0.04635000,0.48100000
2018-02-27 19:34:06,0.04634900,0.10800000
2018-02-27 19:34:06,0.04634700,0.06500000
2018-02-27 19:34:07,0.04632500,0.01500000
2018-02-27 19:34:11,0.04632500,3.61600000
2018-02-27 19:34:11,0.04632000,0.16600000
2018-02-27 19:34:12,0.04632000,1.99200000
2018-02-27 19:34:12,0.04630000,9.43000000
2018-02-27 19:34:12,0.04628000,0.13000000
2018-02-27 19:34:12,0.04624200,0.02400000
2018-02-27 19:34:12,0.04623900,0.10900000
2018-02-27 19:34:12,0.04623800,0.69200000
2018-02-27 19:34:12,0.04621800,0.54100000
2018-02-27 19:34:12,0.04620400,0.02400000
2018-02-27 19:34:12,0.04620000,1.47100000
2018-02-27 19:34:12,0.04619600,0.08700000
2018-02-27 19:34:12,0.04618900,0.03700000
2018-02-27 19:34:12,0.04618300,0.04300000
2018-02-27 19:34:12,0.04617400,0.06900000
2018-02-27 19:34:12,0.04616800,2.16600000
2018-02-27 19:34:12,0.04616100,1.69000000
2018-02-27 19:34:12,0.04615800,0.36900000
2018-02-27 19:34:12,0.04615200,0.06500000
2018-02-27 19:34:12,0.04614400,0.36800000
2018-02-27 19:34:12,0.04613500,0.03100000
2018-02-27 19:34:12,0.04611700,2.71000000
2018-02-27 19:34:12,0.04610100,1.73600000
2018-02-27 19:34:12,0.04610000,19.17300000
2018-02-27 19:34:12,0.04610100,0.22900000
2018-02-27 19:34:12,0.04610000,3.14600000
2018-02-27 19:34:13,0.04634200,0.18400000
2018-02-27 19:34:13,0.04634400,0.44300000
2018-02-27 19:34:13,0.04634500,0.07000000
2018-02-27 19:34:13,0.04634700,0.04200000
2018-02-27 19:34:13,0.04634800,0.13700000
2018-02-27 19:34:13,0.04635000,0.92800000
2018-02-27 19:34:22,0.04617100,0.89700000
2018-02-27 19:34:23,0.04633700,0.10600000
2018-02-27 19:34:28,0.04633400,0.28000000
2018-02-27 19:34:31,0.04631500,0.61700000
2018-02-27 19:34:31,0.04631700,0.32500000
2018-02-27 19:34:31,0.04632000,2.16600000
2018-02-27 19:34:33,0.04632500,0.50000000
2018-02-27 19:34:35,0.04633000,0.05200000
2018-02-27 19:34:38,0.04632500,1.12000000
2018-02-27 19:34:38,0.04610500,2.16600000
2018-02-27 19:34:38,0.04610300,0.66200000
2018-02-27 19:34:38,0.04610200,0.22900000
2018-02-27 19:34:39,0.04610200,0.23700000
2018-02-27 19:34:39,0.04610000,0.53600000
2018-02-27 19:34:39,0.04610000,1.63000000
2018-02-27 19:34:39,0.04610200,8.87700000
2018-02-27 19:34:42,0.04631900,0.06300000
2018-02-27 19:34:44,0.04623800,0.04300000
2018-02-27 19:34:48,0.04623700,0.12800000
2018-02-27 19:34:49,0.04609400,2.06500000
2018-02-27 19:34:50,0.04619800,0.21400000
2018-02-27 19:34:51,0.04610600,0.10400000
2018-02-27 19:34:51,0.04610400,0.10600000
2018-02-27 19:34:51,0.04609500,0.25100000
2018-02-27 19:34:51,0.04609200,0.07800000
2018-02-27 19:34:52,0.04609200,2.09100000
2018-02-27 19:34:52,0.04609300,0.22900000
2018-02-27 19:34:52,0.04609400,1.20200000
2018-02-27 19:34:52,0.04610000,0.48500000
2018-02-27 19:34:56,0.04610500,0.17300000
2018-02-27 19:34:56,0.04609300,0.60100000
2018-02-27 19:34:56,0.04608600,0.43300000
2018-02-27 19:34:56,0.04607200,0.10900000
2018-02-27 19:34:56,0.04606700,0.16300000
2018-02-27 19:34:56,0.04601600,0.32300000
2018-02-27 19:34:58,0.04602100,1.20700000
2018-02-27 19:34:59,0.04602100,0.85800000
2018-02-27 19:35:01,0.04604000,1.58000000
2018-02-27 19:35:02,0.04604000,0.10000000
2018-02-27 19:35:02,0.04603800,0.17300000
2018-02-27 19:35:02,0.04602200,8.39100000
2018-02-27 19:35:02,0.04601500,0.54100000
2018-02-27 19:35:02,0.04601000,0.08000000
2018-02-27 19:35:02,0.04600600,2.09800000
2018-02-27 19:35:02,0.04601600,0.30300000
2018-02-27 19:35:03,0.04605500,0.15400000
2018-02-27 19:35:03,0.04602200,2.10400000
2018-02-27 19:35:03,0.04602200,0.21900000
2018-02-27 19:35:03,0.04602200,0.21600000
2018-02-27 19:35:03,0.04602200,0.18200000
2018-02-27 19:35:04,0.04602200,0.38000000
2018-02-27 19:35:04,0.04601600,0.21600000
2018-02-27 19:35:04,0.04602000,2.16900000
2018-02-27 19:35:04,0.04602200,2.94300000
2018-02-27 19:35:11,0.04602100,2.17200000
2018-02-27 19:35:11,0.04601800,0.04200000
2018-02-27 19:35:11,0.04601600,0.16900000
2018-02-27 19:35:15,0.04617500,2.17200000
2018-02-27 19:35:15,0.04617700,0.57900000
2018-02-27 19:35:15,0.04618000,1.57600000
2018-02-27 19:35:15,0.04618400,0.04400000
2018-02-27 19:35:15,0.04619000,0.22900000
2018-02-27 19:35:15,0.04619300,0.38600000
2018-02-27 19:35:15,0.04619400,0.82300000
2018-02-27 19:35:18,0.04630000,0.04300000
2018-02-27 19:35:20,0.04630000,0.89800000
2018-02-27 19:35:20,0.04603900,1.60000000
2018-02-27 19:35:20,0.04603900,0.50100000
2018-02-27 19:35:20,0.04603900,0.07000000
2018-02-27 19:35:20,0.04603700,0.43000000
2018-02-27 19:35:20,0.04603800,0.50100000
2018-02-27 19:35:20,0.04603700,2.17100000
2018-02-27 19:35:20,0.04603700,1.72100000
2018-02-27 19:35:20,0.04603100,0.77500000
2018-02-27 19:35:20,0.04602200,0.49100000
2018-02-27 19:35:20,0.04601600,0.13800000
2018-02-27 19:35:20,0.04600600,0.99100000
2018-02-27 19:35:20,0.04600000,14.82700000
2018-02-27 19:35:21,0.04616200,0.10800000
2018-02-27 19:35:23,0.04604900,0.28600000
2018-02-27 19:35:25,0.04605800,1.88700000
2018-02-27 19:35:25,0.04605600,0.08600000
2018-02-27 19:35:25,0.04604700,0.23800000
2018-02-27 19:35:26,0.04604700,0.82800000
2018-02-27 19:35:26,0.04604700,1.10700000
2018-02-27 19:35:26,0.04604900,7.63000000
2018-02-27 19:35:27,0.04608800,0.08600000
2018-02-27 19:35:27,0.04610200,0.02600000
2018-02-27 19:35:28,0.04610200,0.08700000
2018-02-27 19:35:28,0.04610600,0.08600000
2018-02-27 19:35:28,0.04610500,0.27400000
2018-02-27 19:35:28,0.04629700,0.23800000
2018-02-27 19:35:28,0.04629800,0.15800000
2018-02-27 19:35:29,0.04610500,0.61500000
2018-02-27 19:35:30,0.04610500,1.16400000
2018-02-27 19:35:30,0.04610300,0.35000000
2018-02-27 19:35:30,0.04610000,2.38000000
2018-02-27 19:35:30,0.04604900,6.35000000
2018-02-27 19:35:30,0.04614800,2.16600000
2018-02-27 19:35:30,0.04614900,0.35000000
2018-02-27 19:35:30,0.04615000,7.29800000
2018-02-27 19:35:30,0.04615000,2.16600000
2018-02-27 19:35:37,0.04611500,0.10100000
2018-02-27 19:35:37,0.04611700,0.13700000
2018-02-27 19:35:38,0.04615000,0.17100000
2018-02-27 19:35:38,0.04615000,0.00100000
2018-02-27 19:35:38,0.04615000,0.80100000
2018-02-27 19:35:38,0.04615000,0.06600000
2018-02-27 19:35:38,0.04615200,0.13300000
2018-02-27 19:35:38,0.04615200,0.18200000
2018-02-27 19:35:39,0.04615200,0.28200000
2018-02-27 19:35:40,0.04615500,0.03500000
2018-02-27 19:35:40,0.04615500,0.04200000
2018-02-27 19:35:41,0.04628400,0.02000000
2018-02-27 19:35:42,0.04615500,0.29800000
2018-02-27 19:35:42,0.04627900,0.40000000
2018-02-27 19:35:43,0.04627900,0.00800000
2018-02-27 19:35:45,0.04627600,0.25600000
2018-02-27 19:35:45,0.04627700,0.10100000
2018-02-27 19:35:45,0.04629900,0.34100000
2018-02-27 19:35:45,0.04630000,0.06600000
2018-02-27 19:35:48,0.04628400,0.31000000
2018-02-27 19:35:48,0.04628400,4.06200000
2018-02-27 19:35:48,0.04630000,0.98700000
2018-02-27 19:35:48,0.04632500,5.58600000
2018-02-27 19:35:48,0.04633200,0.08000000
2018-02-27 19:35:48,0.04633400,0.25600000
2018-02-27 19:35:48,0.04635300,2.31900000
2018-02-27 19:35:48,0.04646700,2.87400000
2018-02-27 19:35:48,0.04648100,0.15200000
2018-02-27 19:35:48,0.04648400,1.68900000
2018-02-27 19:35:48,0.04648500,1.14500000
2018-02-27 19:35:48,0.04648700,0.10900000
2018-02-27 19:35:48,0.04649000,1.52500000
2018-02-27 19:35:48,0.04649900,0.52600000
2018-02-27 19:35:48,0.04651900,0.08700000
2018-02-27 19:35:48,0.04653100,0.29300000
2018-02-27 19:35:48,0.04654200,0.54100000
2018-02-27 19:35:48,0.04655200,0.04300000
2018-02-27 19:35:48,0.04656200,0.64900000
2018-02-27 19:35:48,0.04656700,0.06500000
2018-02-27 19:35:48,0.04657300,0.21700000
2018-02-27 19:35:48,0.04659500,0.24200000
2018-02-27 19:35:48,0.04660000,0.22500000
2018-02-27 19:35:48,0.04660500,0.03700000
2018-02-27 19:35:48,0.04662000,0.02400000
2018-02-27 19:35:48,0.04663000,0.58800000
2018-02-27 19:35:48,0.04666400,0.14700000
2018-02-27 19:35:48,0.04669500,0.48400000
2018-02-27 19:35:48,0.04670000,0.04100000
2018-02-27 19:35:48,0.04673000,0.34900000
2018-02-27 19:35:48,0.04677800,1.65800000
2018-02-27 19:35:49,0.04646600,0.08000000
2018-02-27 19:35:50,0.04617200,0.22400000
2018-02-27 19:35:50,0.04617000,0.17000000
2018-02-27 19:35:52,0.04618100,0.03500000
2018-02-27 19:35:52,0.04646500,0.22400000
2018-02-27 19:35:52,0.04646600,0.37800000
2018-02-27 19:35:53,0.04619000,0.07600000
2018-02-27 19:36:00,0.04674600,0.06500000
2018-02-27 19:36:00,0.04675000,0.36500000
2018-02-27 19:36:00,0.04675000,0.93300000
2018-02-27 19:36:00,0.04675000,1.06700000
2018-02-27 19:36:04,0.04642000,0.45500000
2018-02-27 19:36:05,0.04642000,0.06400000
2018-02-27 19:36:06,0.04642000,0.21400000
2018-02-27 19:36:16,0.04640200,0.45200000
2018-02-27 19:36:16,0.04640400,0.17000000
2018-02-27 19:36:16,0.04640700,0.04700000
2018-02-27 19:36:22,0.04640000,0.77100000
2018-02-27 19:36:22,0.04640000,4.22900000
2018-02-27 19:36:25,0.04634700,0.22300000
2018-02-27 19:36:25,0.04634500,0.43100000
2018-02-27 19:36:25,0.04632600,0.52400000
2018-02-27 19:36:25,0.04629100,0.83700000
2018-02-27 19:36:25,0.04619200,1.14900000
2018-02-27 19:36:29,0.04630300,2.16100000
2018-02-27 19:36:29,0.04630100,0.04500000
2018-02-27 19:36:29,0.04619900,0.17200000
2018-02-27 19:36:36,0.04622000,0.33900000
2018-02-27 19:36:40,0.04623100,0.17300000
2018-02-27 19:36:40,0.04622100,0.02300000
2018-02-27 19:36:40,0.04622000,0.30400000
2018-02-27 19:36:41,0.04632100,0.15300000
2018-02-27 19:36:41,0.04622000,0.22500000
2018-02-27 19:36:47,0.04622000,0.04500000
2018-02-27 19:36:51,0.04622000,0.12800000
2018-02-27 19:36:54,0.04622000,0.75000000
2018-02-27 19:36:55,0.04622000,0.75000000
2018-02-27 19:37:06,0.04622000,1.65100000
2018-02-27 19:37:13,0.04622000,0.86000000
2018-02-27 19:37:15,0.04622000,0.39600000
2018-02-27 19:37:28,0.04628200,0.07000000
2018-02-27 19:37:38,0.04627600,0.09600000
2018-02-27 19:37:39,0.04622000,4.14400000
2018-02-27 19:37:46,0.04622100,0.02400000
2018-02-27 19:37:46,0.04622000,0.14700000
2018-02-27 19:37:50,0.04622000,3.00000000
2018-02-27 19:37:52,0.04622000,0.04700000
2018-02-27 19:37:52,0.04627600,0.15800000
2018-02-27 19:37:54,0.04622000,3.37400000
2018-02-27 19:37:54,0.04621000,0.76700000
2018-02-27 19:37:54,0.04619900,10.16500000
2018-02-27 19:37:54,0.04619200,0.03300000
2018-02-27 19:37:54,0.04619000,0.07200000
2018-02-27 19:37:54,0.04618500,0.05400000
2018-02-27 19:37:54,0.04618000,0.25600000
2018-02-27 19:37:54,0.04617000,1.00000000
2018-02-27 19:37:54,0.04616100,0.33300000
2018-02-27 19:37:54,0.04615000,3.49400000
2018-02-27 19:37:54,0.04613000,0.34100000
2018-02-27 19:37:54,0.04608400,0.38300000
2018-02-27 19:37:54,0.04605900,3.42500000
2018-02-27 19:37:54,0.04604900,0.10800000
2018-02-27 19:37:54,0.04603300,0.06900000
2018-02-27 19:37:54,0.04602900,0.38000000
2018-02-27 19:37:54,0.04602800,2.17200000
2018-02-27 19:37:54,0.04600200,4.55800000
2018-02-27 19:37:54,0.04600100,2.17300000
2018-02-27 19:37:54,0.04600000,95.10100000
2018-02-27 19:37:54,0.04600000,0.10800000
2018-02-27 19:37:54,0.04600000,0.52000000
2018-02-27 19:37:54,0.04600000,0.03600000
2018-02-27 19:37:54,0.04599800,0.04700000
2018-02-27 19:37:54,0.04599800,0.04700000
2018-02-27 19:37:54,0.04599800,0.52000000
2018-02-27 19:37:54,0.04599800,0.03600000
2018-02-27 19:37:54,0.04599800,0.19200000
2018-02-27 19:37:54,0.04599800,0.03500000
2018-02-27 19:37:54,0.04599800,0.16000000
2018-02-27 19:37:54,0.04598300,0.03600000
2018-02-27 19:37:54,0.04599800,0.15700000
2018-02-27 19:37:54,0.04599800,0.15700000
2018-02-27 19:37:54,0.04599800,0.15700000
2018-02-27 19:37:54,0.04598300,0.34400000
2018-02-27 19:37:54,0.04598100,0.06500000
2018-02-27 19:37:54,0.04598000,0.21700000
2018-02-27 19:37:54,0.04596900,0.65300000
2018-02-27 19:37:54,0.04595400,0.13000000
2018-02-27 19:37:54,0.04595300,0.08000000
2018-02-27 19:37:54,0.04592700,0.17500000
2018-02-27 19:37:54,0.04590000,5.90200000
2018-02-27 19:37:54,0.04589200,0.15300000
2018-02-27 19:37:54,0.04589100,0.04500000
2018-02-27 19:37:54,0.04588600,0.10900000
2018-02-27 19:37:54,0.04588400,0.08100000
2018-02-27 19:37:54,0.04588000,1.00000000
2018-02-27 19:37:54,0.04587700,0.06800000
2018-02-27 19:37:54,0.04587600,0.04000000
2018-02-27 19:37:54,0.04587400,0.36900000
2018-02-27 19:37:54,0.04586600,0.67000000
2018-02-27 19:37:54,0.04586500,0.10600000
2018-02-27 19:37:54,0.04586000,0.39600000
2018-02-27 19:37:54,0.04585600,0.06000000
2018-02-27 19:37:54,0.04599800,0.17600000
2018-02-27 19:37:54,0.04600000,0.39100000
2018-02-27 19:37:54,0.04585600,0.06400000
2018-02-27 19:37:55,0.04584500,0.15700000
2018-02-27 19:37:55,0.04584500,2.02400000
2018-02-27 19:37:55,0.04584300,0.13100000
2018-02-27 19:37:55,0.04584000,0.65400000
2018-02-27 19:37:55,0.04583900,0.43100000
2018-02-27 19:37:55,0.04583100,0.33500000
2018-02-27 19:37:55,0.04583000,0.08000000
2018-02-27 19:37:55,0.04582700,0.66900000
2018-02-27 19:37:55,0.04581200,0.87100000
2018-02-27 19:37:55,0.04580200,0.43600000
2018-02-27 19:37:55,0.04580000,12.13900000
2018-02-27 19:37:55,0.04579400,0.10200000
2018-02-27 19:37:55,0.04579100,0.10900000
2018-02-27 19:37:55,0.04577700,0.11000000
2018-02-27 19:37:55,0.04577500,0.10800000
2018-02-27 19:37:55,0.04577000,0.30200000
2018-02-27 19:37:55,0.04575900,0.04700000
2018-02-27 19:37:55,0.04575800,2.23300000
2018-02-27 19:37:55,0.04575800,0.28500000
2018-02-27 19:37:56,0.04584600,0.04700000
2018-02-27 19:37:56,0.04584600,0.03600000
2018-02-27 19:37:56,0.04584600,0.15500000
2018-02-27 19:37:56,0.04575400,0.12600000
2018-02-27 19:37:56,0.04575100,0.11100000
2018-02-27 19:37:56,0.04574700,0.07800000
2018-02-27 19:37:56,0.04573700,0.54700000
2018-02-27 19:37:56,0.04573100,0.24100000
2018-02-27 19:37:57,0.04596100,0.08700000
2018-02-27 19:37:59,0.04585000,0.04300000
2018-02-27 19:38:01,0.04574700,0.13800000
2018-02-27 19:38:01,0.04572100,0.07600000
2018-02-27 19:38:02,0.04572000,0.08000000
2018-02-27 19:38:02,0.04571900,0.03500000
2018-02-27 19:38:02,0.04571600,0.17400000
2018-02-27 19:38:02,0.04571600,0.22300000
2018-02-27 19:38:03,0.04571600,0.27300000
2018-02-27 19:38:04,0.04571600,0.14800000
2018-02-27 19:38:05,0.04571600,0.23700000
2018-02-27 19:38:05,0.04571600,0.21900000
2018-02-27 19:38:05,0.04571600,0.16000000
2018-02-27 19:38:06,0.04571600,0.63200000
2018-02-27 19:38:07,0.04570800,0.10000000
2018-02-27 19:38:07,0.04570100,0.03500000
2018-02-27 19:38:07,0.04570000,0.02300000
2018-02-27 19:38:08,0.04570800,0.05500000
2018-02-27 19:38:08,0.04570800,1.32200000
2018-02-27 19:38:09,0.04570800,0.51000000
2018-02-27 19:38:09,0.04570800,0.18500000
2018-02-27 19:38:09,0.04571800,0.22300000
2018-02-27 19:38:09,0.04572100,0.23900000
2018-02-27 19:38:11,0.04570000,0.08000000
2018-02-27 19:38:11,0.04570000,0.12200000
2018-02-27 19:38:12,0.04571600,0.10000000
2018-02-27 19:38:17,0.04572100,0.35000000
2018-02-27 19:38:21,0.04572000,0.06300000
2018-02-27 19:38:21,0.04571700,0.52200000
2018-02-27 19:38:22,0.04572000,0.04500000
2018-02-27 19:38:22,0.04572100,0.11100000
2018-02-27 19:38:22,0.04573100,0.65700000
2018-02-27 19:38:23,0.04575200,2.18200000
2018-02-27 19:38:23,0.04575000,1.59000000
2018-02-27 19:38:23,0.04571700,0.15300000
2018-02-27 19:38:24,0.04571600,0.01500000
2018-02-27 19:38:24,0.04571500,0.62700000
2018-02-27 19:38:26,0.04571200,0.18200000
2018-02-27 19:38:27,0.04571200,1.35800000
2018-02-27 19:38:27,0.04571400,0.39600000
2018-02-27 19:38:27,0.04571700,0.24600000
2018-02-27 19:38:28,0.04570100,1.63100000
2018-02-27 19:38:30,0.04571600,0.15300000
2018-02-27 19:38:30,0.04571700,0.48300000
2018-02-27 19:38:31,0.04570400,1.66800000
2018-02-27 19:38:31,0.04571700,0.67400000
2018-02-27 19:38:32,0.04571700,0.06500000
2018-02-27 19:38:32,0.04571700,2.00000000
2018-02-27 19:38:33,0.04571700,0.63100000
2018-02-27 19:38:33,0.04592900,0.24300000
2018-02-27 19:38:33,0.04592800,0.34600000
2018-02-27 19:38:33,0.04592900,0.15400000
2018-02-27 19:38:33,0.04570700,2.18500000
2018-02-27 19:38:33,0.04570500,1.87400000
2018-02-27 19:38:35,0.04592100,0.21800000
2018-02-27 19:38:36,0.04592000,0.16000000
2018-02-27 19:38:36,0.04592300,0.38400000
2018-02-27 19:38:36,0.04592300,0.02600000
2018-02-27 19:38:36,0.04592300,0.02100000
2018-02-27 19:38:36,0.04593700,0.23000000
2018-02-27 19:38:36,0.04594900,0.08000000
2018-02-27 19:38:36,0.04598600,3.66900000
2018-02-27 19:38:36,0.04592100,0.04400000
2018-02-27 19:38:37,0.04591700,0.08600000
2018-02-27 19:38:38,0.04591700,0.04900000
2018-02-27 19:38:38,0.04591700,0.05400000
2018-02-27 19:38:38,0.04591700,0.02600000
2018-02-27 19:38:40,0.04575900,0.02500000
2018-02-27 19:38:40,0.04574800,0.43700000
2018-02-27 19:38:40,0.04574700,0.12900000
2018-02-27 19:38:40,0.04573000,0.06900000
2018-02-27 19:38:42,0.04591000,0.17400000
2018-02-27 19:38:43,0.04591000,0.13100000
2018-02-27 19:38:47,0.04589700,0.03700000
2018-02-27 19:38:52,0.04588400,0.10100000
2018-02-27 19:38:54,0.04587900,1.36600000
2018-02-27 19:38:54,0.04588100,0.06900000
2018-02-27 19:38:54,0.04588200,0.27300000
2018-02-27 19:38:54,0.04588700,0.43700000
2018-02-27 19:38:54,0.04591000,1.05700000
2018-02-27 19:38:54,0.04591700,0.03300000
2018-02-27 19:38:54,0.04598500,0.87800000
2018-02-27 19:38:57,0.04575400,2.18600000
2018-02-27 19:38:57,0.04575200,0.31200000
2018-02-27 19:38:58,0.04588400,0.20300000
2018-02-27 19:38:59,0.04588400,1.61800000
2018-02-27 19:39:07,0.04596800,1.00000000
2018-02-27 19:39:07,0.04588400,0.01000000
2018-02-27 19:39:15,0.04595900,0.21000000
2018-02-27 19:39:18,0.04595600,0.00100000
2018-02-27 19:39:20,0.04588800,0.25200000
2018-02-27 19:39:20,0.04588400,16.93800000
2018-02-27 19:39:20,0.04580200,0.43600000
2018-02-27 19:39:20,0.04580000,2.37200000
2018-02-27 19:39:22,0.04594600,0.43600000
2018-02-27 19:39:22,0.04594700,0.23800000
2018-02-27 19:39:28,0.04580200,0.43600000
2018-02-27 19:39:28,0.04580100,0.64200000
2018-02-27 19:39:29,0.04594100,0.73700000
2018-02-27 19:39:29,0.04595200,0.02500000
2018-02-27 19:39:29,0.04597000,0.10700000
2018-02-27 19:39:29,0.04597600,0.07700000
2018-02-27 19:39:31,0.04580300,0.02800000
2018-02-27 19:39:42,0.04580900,2.15100000
2018-02-27 19:39:42,0.04580700,1.05600000
2018-02-27 19:39:42,0.04580400,3.88100000
2018-02-27 19:39:46,0.04583400,0.10700000
2018-02-27 19:39:48,0.04583300,0.17200000
2018-02-27 19:39:49,0.04583100,1.62500000
2018-02-27 19:39:49,0.04583100,0.44700000
2018-02-27 19:39:52,0.04583900,0.08500000
2018-02-27 19:39:54,0.04583100,0.03300000
2018-02-27 19:39:56,0.04583300,0.11500000
2018-02-27 19:40:02,0.04583000,0.49200000
2018-02-27 19:40:03,0.04580900,0.71900000
2018-02-27 19:40:03,0.04580400,8.80400000
2018-02-27 19:40:03,0.04580100,2.10800000
2018-02-27 19:40:03,0.04580000,7.62800000
2018-02-27 19:40:03,0.04580000,0.33200000
2018-02-27 19:40:03,0.04580000,1.00000000
2018-02-27 19:40:07,0.04579900,0.57200000
2018-02-27 19:40:09,0.04579900,1.02900000
2018-02-27 19:40:10,0.04579900,0.17500000
2018-02-27 19:40:10,0.04575200,11.30500000
2018-02-27 19:40:20,0.04575200,1.12600000
2018-02-27 19:40:22,0.04575200,1.63100000
2018-02-27 19:40:25,0.04578500,0.38200000
2018-02-27 19:40:25,0.04575200,3.68600000
2018-02-27 19:40:26,0.04570300,1.24100000
2018-02-27 19:40:26,0.04570200,0.13200000
2018-02-27 19:40:26,0.04570100,1.06700000
2018-02-27 19:40:26,0.04578500,0.46800000
2018-02-27 19:40:27,0.04578500,0.91500000
