DATE,PRICE,VOLUME
2018-02-27 03:00:12,0.04096600,0.68600000
2018-02-27 03:00:14,0.04096600,2.90600000
2018-02-27 03:00:24,0.04097500,0.38000000
2018-02-27 03:00:24,0.04097900,7.50000000
2018-02-27 03:00:24,0.04097900,2.27500000
2018-02-27 03:00:25,0.04097900,0.75700000
2018-02-27 03:00:25,0.04097900,2.79400000
2018-02-27 03:00:29,0.04090100,0.19300000
2018-02-27 03:00:29,0.04074400,0.12300000
2018-02-27 03:00:29,0.04074300,1.20300000
2018-02-27 03:00:29,0.04074200,0.91800000
2018-02-27 03:00:29,0.04073600,0.37700000
2018-02-27 03:00:29,0.04072000,0.31800000
2018-02-27 03:00:33,0.04089800,0.42900000
2018-02-27 03:00:36,0.04089700,0.21000000
2018-02-27 03:00:42,0.04075600,0.14800000
2018-02-27 03:00:50,0.04076400,0.56800000
2018-02-27 03:01:05,0.04087100,0.05400000
2018-02-27 03:01:06,0.04087000,0.29900000
2018-02-27 03:01:13,0.04077000,0.25300000
2018-02-27 03:01:14,0.04086300,0.05200000
2018-02-27 03:01:18,0.04086100,0.04800000
2018-02-27 03:01:24,0.04085500,0.91900000
2018-02-27 03:01:24,0.04085600,0.05500000
2018-02-27 03:02:08,0.04078100,1.46400000
2018-02-27 03:02:09,0.04077900,0.77800000
2018-02-27 03:02:09,0.04077900,0.04300000
2018-02-27 03:02:14,0.04078100,0.04000000
2018-02-27 03:02:15,0.04078100,0.87900000
2018-02-27 03:02:31,0.04078000,2.13300000
2018-02-27 03:02:31,0.04078100,0.20700000
2018-02-27 03:02:32,0.04073600,0.14400000
2018-02-27 03:02:39,0.04074000,0.16500000
2018-02-27 03:02:39,0.04073600,0.18600000
2018-02-27 03:02:39,0.04073200,0.54200000
2018-02-27 03:02:42,0.04074000,1.00000000
2018-02-27 03:02:55,0.04078100,0.64500000
2018-02-27 03:03:21,0.04076200,2.44900000
2018-02-27 03:03:21,0.04076000,0.27400000
2018-02-27 03:03:21,0.04075700,0.41500000
2018-02-27 03:03:21,0.04075400,1.73700000
2018-02-27 03:03:21,0.04075100,1.43300000
2018-02-27 03:03:21,0.04075100,3.76300000
2018-02-27 03:03:21,0.04075100,0.56700000
2018-02-27 03:03:21,0.04074900,5.76300000
2018-02-27 03:03:21,0.04074800,1.69000000
2018-02-27 03:03:21,0.04074000,0.27700000
2018-02-27 03:03:21,0.04074000,1.28200000
2018-02-27 03:03:22,0.04073300,0.12200000
2018-02-27 03:03:22,0.04073200,0.39700000
2018-02-27 03:03:22,0.04072900,0.25300000
2018-02-27 03:03:31,0.04088000,0.86000000
2018-02-27 03:03:33,0.04072700,0.12000000
2018-02-27 03:03:33,0.04071600,1.84100000
2018-02-27 03:03:33,0.04071500,0.75100000
2018-02-27 03:03:33,0.04071500,2.38400000
2018-02-27 03:03:34,0.04070000,2.89200000
2018-02-27 03:03:35,0.04072400,0.23500000
2018-02-27 03:03:35,0.04072400,1.23400000
2018-02-27 03:03:35,0.04072600,0.12200000
2018-02-27 03:03:35,0.04072900,8.46200000
2018-02-27 03:03:36,0.04072900,1.90100000
2018-02-27 03:03:38,0.04072900,2.61700000
2018-02-27 03:03:45,0.04072900,0.95300000
2018-02-27 03:04:06,0.04074000,2.45700000
2018-02-27 03:04:06,0.04073800,0.12300000
2018-02-27 03:04:06,0.04073000,1.05300000
2018-02-27 03:04:06,0.04072900,7.35600000
2018-02-27 03:04:09,0.04072900,5.66100000
2018-02-27 03:04:32,0.04073000,0.71500000
2018-02-27 03:04:32,0.04072900,4.46400000
2018-02-27 03:05:03,0.04072900,1.94900000
2018-02-27 03:05:18,0.04072900,0.16100000
2018-02-27 03:05:52,0.04072900,0.31100000
2018-02-27 03:05:52,0.04068500,2.68600000
2018-02-27 03:05:59,0.04068500,0.98700000
2018-02-27 03:06:04,0.04069000,0.20000000
2018-02-27 03:06:17,0.04072200,0.07500000
2018-02-27 03:06:24,0.04071600,0.47400000
2018-02-27 03:06:43,0.04070100,1.00000000
2018-02-27 03:07:03,0.04068500,1.82800000
2018-02-27 03:07:09,0.04068500,0.49500000
2018-02-27 03:07:09,0.04068600,0.90800000
2018-02-27 03:07:10,0.04068700,0.31100000
2018-02-27 03:07:22,0.04068700,1.81500000
2018-02-27 03:07:49,0.04069700,0.33100000
2018-02-27 03:07:49,0.04068700,0.23600000
2018-02-27 03:07:49,0.04068500,0.32400000
2018-02-27 03:08:23,0.04068500,1.26200000
2018-02-27 03:09:01,0.04070500,0.09800000
2018-02-27 03:09:02,0.04070500,0.07500000
2018-02-27 03:09:02,0.04070500,2.28400000
2018-02-27 03:09:02,0.04078600,0.07600000
2018-02-27 03:09:24,0.04073500,0.27400000
2018-02-27 03:09:25,0.04078500,1.11900000
2018-02-27 03:09:26,0.04073600,2.26000000
2018-02-27 03:09:50,0.04078400,0.72200000
2018-02-27 03:09:50,0.04078500,1.31400000
2018-02-27 03:09:50,0.04078500,1.25200000
2018-02-27 03:09:50,0.04078500,0.05300000
2018-02-27 03:09:51,0.04078500,0.26300000
2018-02-27 03:09:51,0.04078500,0.63200000
2018-02-27 03:09:55,0.04078500,2.45100000
2018-02-27 03:09:55,0.04078500,1.20900000
2018-02-27 03:10:08,0.04078500,0.71500000
2018-02-27 03:10:09,0.04078600,0.03900000
2018-02-27 03:10:09,0.04078700,0.63100000
2018-02-27 03:10:09,0.04090000,0.08000000
2018-02-27 03:10:18,0.04079900,2.44700000
2018-02-27 03:10:18,0.04079400,0.07300000
2018-02-27 03:10:19,0.04088800,0.03900000
2018-02-27 03:10:23,0.04088800,2.00000000
2018-02-27 03:10:42,0.04088500,0.05900000
2018-02-27 03:10:47,0.04088500,0.24400000
2018-02-27 03:11:18,0.04087600,0.04900000
2018-02-27 03:11:21,0.04078500,0.57800000
2018-02-27 03:11:22,0.04087300,0.05200000
2018-02-27 03:11:28,0.04078500,2.67300000
2018-02-27 03:11:52,0.04078400,0.21600000
2018-02-27 03:12:10,0.04069100,0.08700000
2018-02-27 03:12:32,0.04078400,0.06800000
2018-02-27 03:12:32,0.04078400,0.04200000
2018-02-27 03:12:33,0.04078400,0.66900000
2018-02-27 03:12:48,0.04078400,0.10000000
2018-02-27 03:13:03,0.04070000,2.06100000
2018-02-27 03:13:17,0.04078300,0.77900000
2018-02-27 03:13:51,0.04070300,4.76500000
2018-02-27 03:13:53,0.04074800,2.15200000
2018-02-27 03:13:53,0.04075000,0.03000000
2018-02-27 03:13:53,0.04077900,4.94600000
2018-02-27 03:13:53,0.04078200,1.64400000
2018-02-27 03:13:53,0.04078300,10.33100000
2018-02-27 03:13:53,0.04078400,8.98600000
2018-02-27 03:14:16,0.04074400,1.04000000
2018-02-27 03:14:45,0.04077100,0.11400000
2018-02-27 03:14:46,0.04077100,1.30000000
2018-02-27 03:14:47,0.04076900,0.07500000
2018-02-27 03:14:47,0.04076500,0.14800000
2018-02-27 03:15:36,0.04068500,1.18800000
2018-02-27 03:15:36,0.04067400,0.25300000
2018-02-27 03:15:36,0.04066800,0.43500000
2018-02-27 03:15:36,0.04065100,0.03000000
2018-02-27 03:15:36,0.04065000,5.77900000
2018-02-27 03:15:36,0.04060000,1.75300000
2018-02-27 03:15:36,0.04057300,0.15400000
2018-02-27 03:15:36,0.04057000,0.96800000
2018-02-27 03:15:36,0.04056900,25.19200000
2018-02-27 03:15:44,0.04057500,0.06700000
2018-02-27 03:15:51,0.04057600,0.27100000
2018-02-27 03:15:51,0.04056900,2.94700000
2018-02-27 03:15:51,0.04056900,0.24500000
2018-02-27 03:15:51,0.04056900,0.30700000
2018-02-27 03:15:51,0.04056900,0.24400000
2018-02-27 03:15:51,0.04056900,0.25600000
2018-02-27 03:15:51,0.04056000,0.12300000
2018-02-27 03:15:52,0.04055000,0.24400000
2018-02-27 03:15:52,0.04056700,0.12800000
2018-02-27 03:15:52,0.04056700,0.28400000
2018-02-27 03:15:52,0.04055000,0.12200000
2018-02-27 03:16:05,0.04055200,2.04200000
2018-02-27 03:16:05,0.04055400,0.19500000
2018-02-27 03:16:05,0.04055700,0.06700000
2018-02-27 03:16:07,0.04056900,2.22800000
2018-02-27 03:16:28,0.04056900,9.52100000
2018-02-27 03:16:29,0.04069900,0.04900000
2018-02-27 03:16:34,0.04057500,2.46400000
2018-02-27 03:16:34,0.04057000,0.12300000
2018-02-27 03:16:35,0.04055600,0.57700000
2018-02-27 03:16:35,0.04055600,1.88700000
2018-02-27 03:16:35,0.04055800,6.59900000
2018-02-27 03:16:35,0.04055800,9.48800000
2018-02-27 03:16:39,0.04057200,2.46300000
2018-02-27 03:16:39,0.04057000,0.22200000
2018-02-27 03:16:39,0.04055800,0.54700000
2018-02-27 03:16:39,0.04055600,2.46300000
2018-02-27 03:16:39,0.04055800,3.91300000
2018-02-27 03:16:39,0.04055800,6.86100000
2018-02-27 03:17:13,0.04057000,2.62800000
2018-02-27 03:17:14,0.04055600,0.42800000
2018-02-27 03:17:15,0.04055500,0.12300000
2018-02-27 03:17:15,0.04055600,2.03300000
2018-02-27 03:17:15,0.04055800,3.87900000
2018-02-27 03:17:15,0.04068100,0.00700000
2018-02-27 03:17:19,0.04055900,0.72500000
2018-02-27 03:17:34,0.04057400,1.73700000
2018-02-27 03:17:34,0.04057200,0.12300000
2018-02-27 03:17:34,0.04055900,5.15000000
2018-02-27 03:17:40,0.04055700,0.96100000
2018-02-27 03:17:41,0.04055700,0.03000000
2018-02-27 03:17:42,0.04055000,2.59100000
2018-02-27 03:17:42,0.04050000,4.68300000
2018-02-27 03:17:42,0.04046000,0.49400000
2018-02-27 03:17:42,0.04043900,5.31500000
2018-02-27 03:17:49,0.04045000,0.10100000
2018-02-27 03:17:49,0.04043900,13.82400000
2018-02-27 03:17:49,0.04041900,0.49400000
2018-02-27 03:17:49,0.04040300,0.19300000
2018-02-27 03:17:49,0.04040000,6.71700000
2018-02-27 03:17:50,0.04040000,6.76000000
2018-02-27 03:17:50,0.04039800,1.47100000
2018-02-27 03:17:56,0.04040200,1.00000000
2018-02-27 03:18:02,0.04040200,1.47300000
2018-02-27 03:18:02,0.04040000,5.28900000
2018-02-27 03:18:02,0.04039700,1.46100000
2018-02-27 03:18:02,0.04038500,0.05200000
2018-02-27 03:18:02,0.04035600,1.16400000
2018-02-27 03:18:02,0.04035300,0.17300000
2018-02-27 03:18:02,0.04035100,1.23900000
2018-02-27 03:18:02,0.04034800,0.74400000
2018-02-27 03:18:02,0.04034700,0.24800000
2018-02-27 03:18:02,0.04034500,0.42100000
2018-02-27 03:18:02,0.04034400,0.66900000
2018-02-27 03:18:02,0.04033300,2.52500000
2018-02-27 03:18:02,0.04030000,8.34400000
2018-02-27 03:18:02,0.04029300,0.11300000
2018-02-27 03:18:02,0.04029100,0.19600000
2018-02-27 03:18:02,0.04025200,4.27200000
2018-02-27 03:18:02,0.04024900,2.20400000
2018-02-27 03:18:02,0.04023500,0.09300000
2018-02-27 03:18:02,0.04023200,0.83400000
2018-02-27 03:18:08,0.04028300,0.24400000
2018-02-27 03:18:08,0.04028300,2.80000000
2018-02-27 03:18:09,0.04028400,0.23800000
2018-02-27 03:18:12,0.04044000,2.47100000
2018-02-27 03:18:13,0.04043900,0.54700000
2018-02-27 03:18:13,0.04029000,2.09300000
2018-02-27 03:18:13,0.04028200,0.09700000
2018-02-27 03:18:13,0.04023600,0.97900000
2018-02-27 03:18:13,0.04022700,0.06200000
2018-02-27 03:18:13,0.04022200,0.03800000
2018-02-27 03:18:13,0.04021900,0.18500000
2018-02-27 03:18:13,0.04020900,0.29000000
2018-02-27 03:18:13,0.04020400,0.08700000
2018-02-27 03:18:13,0.04020000,0.70800000
2018-02-27 03:18:13,0.04018500,6.42800000
2018-02-27 03:18:14,0.04040800,0.06000000
2018-02-27 03:18:15,0.04040700,0.21500000
2018-02-27 03:18:16,0.04038800,0.16300000
2018-02-27 03:18:16,0.04038800,0.03300000
2018-02-27 03:18:16,0.04040700,0.12300000
2018-02-27 03:18:16,0.04040800,0.00200000
2018-02-27 03:18:17,0.04044300,0.09700000
2018-02-27 03:18:17,0.04044500,0.08500000
2018-02-27 03:18:18,0.04040800,0.02800000
2018-02-27 03:18:21,0.04044500,0.00200000
2018-02-27 03:18:21,0.04045000,0.04900000
2018-02-27 03:18:25,0.04050600,0.73400000
2018-02-27 03:18:27,0.04041000,2.47300000
2018-02-27 03:18:27,0.04040800,0.09300000
2018-02-27 03:18:27,0.04040800,1.38300000
2018-02-27 03:18:27,0.04040800,1.91800000
2018-02-27 03:18:28,0.04040600,0.81500000
2018-02-27 03:18:28,0.04040600,1.00500000
2018-02-27 03:18:29,0.04040600,0.23400000
2018-02-27 03:18:29,0.04040600,0.41900000
2018-02-27 03:18:30,0.04020500,0.12100000
2018-02-27 03:18:30,0.04019200,0.46100000
2018-02-27 03:18:30,0.04019000,0.12400000
2018-02-27 03:18:30,0.04018500,1.43200000
2018-02-27 03:18:30,0.04017000,0.55500000
2018-02-27 03:18:30,0.04016500,2.78400000
2018-02-27 03:18:30,0.04016200,1.80700000
2018-02-27 03:18:30,0.04016100,3.22000000
2018-02-27 03:18:34,0.04038400,0.12500000
2018-02-27 03:18:35,0.04040800,0.45900000
2018-02-27 03:18:37,0.04043000,0.11200000
2018-02-27 03:18:46,0.04042600,0.12400000
2018-02-27 03:18:46,0.04042700,0.64800000
2018-02-27 03:18:46,0.04043000,0.11000000
2018-02-27 03:18:47,0.04043000,2.82600000
2018-02-27 03:18:54,0.04043000,1.35600000
2018-02-27 03:18:57,0.04034500,0.91000000
2018-02-27 03:19:12,0.04037600,0.24000000
2018-02-27 03:19:23,0.04039400,0.24000000
2018-02-27 03:19:23,0.04050100,0.06200000
2018-02-27 03:19:25,0.04039700,1.08700000
2018-02-27 03:19:26,0.04039800,0.27700000
2018-02-27 03:19:27,0.04039200,0.12300000
2018-02-27 03:19:33,0.04032900,0.24500000
2018-02-27 03:19:38,0.04028800,0.05000000
2018-02-27 03:19:39,0.04028800,0.13900000
2018-02-27 03:19:42,0.04028500,0.72800000
2018-02-27 03:19:43,0.04028500,0.05000000
2018-02-27 03:19:47,0.04028200,0.20000000
2018-02-27 03:19:49,0.04028200,0.06200000
2018-02-27 03:19:50,0.04028200,0.04900000
2018-02-27 03:19:55,0.04027600,0.14800000
2018-02-27 03:19:57,0.04023900,0.10000000
2018-02-27 03:19:57,0.04016200,1.90000000
2018-02-27 03:19:58,0.04027000,0.07400000
2018-02-27 03:19:58,0.04027000,0.24800000
2018-02-27 03:20:02,0.04026100,0.10900000
2018-02-27 03:20:03,0.04026000,0.02900000
2018-02-27 03:20:09,0.04025200,0.10900000
2018-02-27 03:20:10,0.04021000,0.10000000
2018-02-27 03:20:10,0.04024900,0.51300000
2018-02-27 03:20:11,0.04024800,0.24800000
2018-02-27 03:20:18,0.04027500,0.06200000
2018-02-27 03:20:21,0.04027500,0.03400000
2018-02-27 03:20:22,0.04027500,0.02700000
2018-02-27 03:20:34,0.04027600,0.11700000
2018-02-27 03:20:36,0.04029000,0.38800000
2018-02-27 03:20:37,0.04029000,0.34900000
2018-02-27 03:20:37,0.04028000,11.90500000
2018-02-27 03:20:38,0.04028000,1.49900000
2018-02-27 03:20:40,0.04028000,4.91600000
2018-02-27 03:20:41,0.04028000,0.78600000
2018-02-27 03:20:44,0.04028000,0.49700000
2018-02-27 03:20:45,0.04028000,0.19300000
2018-02-27 03:20:46,0.04028000,0.04900000
2018-02-27 03:20:47,0.04019200,2.35800000
2018-02-27 03:20:50,0.04019200,0.12600000
2018-02-27 03:20:50,0.04019200,0.41700000
2018-02-27 03:20:50,0.04019200,0.24800000
2018-02-27 03:20:50,0.04019200,0.20900000
2018-02-27 03:20:50,0.04019200,0.29100000
2018-02-27 03:20:50,0.04019000,0.45700000
2018-02-27 03:20:50,0.04019000,1.73600000
2018-02-27 03:20:51,0.04019100,2.48800000
2018-02-27 03:20:51,0.04018900,0.22600000
2018-02-27 03:20:51,0.04017900,0.12400000
2018-02-27 03:20:51,0.04016200,19.73400000
2018-02-27 03:20:51,0.04016100,0.18700000
2018-02-27 03:20:52,0.04027800,1.64200000
2018-02-27 03:20:56,0.04016200,0.27800000
2018-02-27 03:20:56,0.04016100,0.92900000
2018-02-27 03:20:58,0.04026800,0.84600000
2018-02-27 03:20:58,0.04027300,0.82500000
2018-02-27 03:20:58,0.04027300,0.09200000
2018-02-27 03:20:59,0.04026700,0.27800000
2018-02-27 03:21:01,0.04018100,2.48600000
2018-02-27 03:21:01,0.04017900,1.98300000
2018-02-27 03:21:04,0.04049800,0.12300000
2018-02-27 03:21:04,0.04049600,0.23400000
2018-02-27 03:21:06,0.04049300,0.05500000
2018-02-27 03:21:10,0.04020100,0.27900000
2018-02-27 03:21:10,0.04020000,3.19400000
2018-02-27 03:21:10,0.04016400,0.31400000
2018-02-27 03:21:10,0.04016200,11.64000000
2018-02-27 03:21:12,0.04043900,0.05500000
2018-02-27 03:21:13,0.04043800,0.24700000
2018-02-27 03:21:15,0.04042700,0.05500000
2018-02-27 03:21:16,0.04042400,0.05500000
2018-02-27 03:21:20,0.04039400,0.25500000
2018-02-27 03:21:20,0.04039200,0.05500000
2018-02-27 03:21:21,0.04039100,0.07700000
2018-02-27 03:21:22,0.04038900,0.06200000
2018-02-27 03:21:33,0.04020000,1.79800000
2018-02-27 03:21:37,0.04028600,0.07800000
2018-02-27 03:21:37,0.04028600,0.05500000
2018-02-27 03:21:37,0.04020000,0.00100000
2018-02-27 03:21:46,0.04026400,0.03200000
2018-02-27 03:21:46,0.04026500,0.02300000
2018-02-27 03:21:48,0.04025900,0.05500000
2018-02-27 03:21:56,0.04020000,0.22100000
2018-02-27 03:21:58,0.04023200,1.41400000
2018-02-27 03:21:59,0.04023200,0.29000000
2018-02-27 03:21:59,0.04023400,0.12400000
2018-02-27 03:22:00,0.04023700,1.87000000
2018-02-27 03:22:03,0.04020000,5.78500000
2018-02-27 03:22:03,0.04016200,17.21600000
2018-02-27 03:22:15,0.04024700,0.13300000
2018-02-27 03:22:15,0.04025200,0.72300000
2018-02-27 03:22:15,0.04016400,0.27800000
2018-02-27 03:22:21,0.04024100,0.27800000
2018-02-27 03:22:27,0.04039600,0.03500000
2018-02-27 03:22:29,0.04039600,0.03700000
2018-02-27 03:22:32,0.04039700,0.07400000
2018-02-27 03:22:37,0.04020000,1.00000000
2018-02-27 03:22:58,0.04027200,0.39500000
2018-02-27 03:22:59,0.04027500,0.14300000
2018-02-27 03:23:01,0.04027800,0.08400000
2018-02-27 03:23:02,0.04027800,0.18200000
2018-02-27 03:23:19,0.04029900,0.03900000
2018-02-27 03:23:26,0.04032100,0.09900000
2018-02-27 03:23:26,0.04031800,0.12400000
2018-02-27 03:23:26,0.04029900,0.99400000
2018-02-27 03:23:29,0.04032600,0.68300000
2018-02-27 03:23:30,0.04032400,0.27200000
2018-02-27 03:23:30,0.04029900,0.11200000
2018-02-27 03:23:33,0.04016200,0.74900000
2018-02-27 03:23:57,0.04026500,1.00000000
2018-02-27 03:23:58,0.04026200,1.36200000
2018-02-27 03:24:03,0.04025600,0.16400000
2018-02-27 03:24:06,0.04019900,2.42500000
2018-02-27 03:24:10,0.04016700,0.12800000
2018-02-27 03:24:14,0.04024900,0.24200000
2018-02-27 03:24:14,0.04025100,0.12400000
2018-02-27 03:24:28,0.04017500,0.78500000
2018-02-27 03:24:57,0.04024900,0.12800000
2018-02-27 03:24:57,0.04025100,0.12000000
2018-02-27 03:25:05,0.04025100,1.76700000
2018-02-27 03:25:05,0.04025100,0.39600000
2018-02-27 03:25:05,0.04025300,2.48100000
2018-02-27 03:25:05,0.04025100,1.47800000
2018-02-27 03:25:06,0.04025300,0.24800000
2018-02-27 03:25:06,0.04025200,0.96700000
2018-02-27 03:25:06,0.04025200,0.24800000
2018-02-27 03:25:08,0.04017700,0.15900000
2018-02-27 03:25:08,0.04017500,0.08200000
2018-02-27 03:25:10,0.04040800,0.32600000
2018-02-27 03:25:11,0.04017700,0.12400000
2018-02-27 03:25:11,0.04017500,0.93600000
2018-02-27 03:25:12,0.04040200,0.12400000
2018-02-27 03:25:47,0.04030700,0.27200000
2018-02-27 03:25:47,0.04030800,2.02800000
2018-02-27 03:25:52,0.04018100,2.48500000
2018-02-27 03:25:52,0.04017700,1.67400000
2018-02-27 03:25:52,0.04017600,0.41700000
2018-02-27 03:25:52,0.04017500,1.12900000
2018-02-27 03:25:52,0.04017100,0.30600000
2018-02-27 03:25:52,0.04016700,0.20000000
2018-02-27 03:25:52,0.04016400,2.42700000
2018-02-27 03:25:52,0.04016300,6.89500000
2018-02-27 03:25:52,0.04016200,18.48800000
2018-02-27 03:26:01,0.04019600,0.36400000
2018-02-27 03:26:01,0.04030000,0.15800000
2018-02-27 03:26:03,0.04019900,0.04900000
2018-02-27 03:26:17,0.04019900,2.32300000
2018-02-27 03:26:17,0.04029300,0.39900000
2018-02-27 03:26:22,0.04016300,0.52500000
2018-02-27 03:26:22,0.04016200,10.82500000
2018-02-27 03:26:22,0.04016100,3.13500000
2018-02-27 03:26:22,0.04027900,0.05500000
2018-02-27 03:26:27,0.04027200,0.05500000
2018-02-27 03:26:29,0.04026600,0.05500000
2018-02-27 03:26:32,0.04025700,0.05500000
2018-02-27 03:26:37,0.04024100,0.12400000
2018-02-27 03:26:37,0.04024200,0.37300000
2018-02-27 03:26:42,0.04023300,1.20800000
2018-02-27 03:26:53,0.04021800,1.63300000
2018-02-27 03:26:53,0.04021800,1.59700000
2018-02-27 03:26:53,0.04022000,0.03600000
2018-02-27 03:26:53,0.04022000,1.22200000
2018-02-27 03:27:00,0.04027700,0.05800000
2018-02-27 03:27:19,0.04027700,0.02800000
2018-02-27 03:27:19,0.04021800,1.00000000
2018-02-27 03:27:19,0.04017600,0.12400000
2018-02-27 03:27:19,0.04016200,0.10000000
2018-02-27 03:27:24,0.04017000,1.15100000
2018-02-27 03:27:25,0.04017000,1.33000000
2018-02-27 03:27:26,0.04017100,0.27400000
2018-02-27 03:27:26,0.04016800,0.01300000
2018-02-27 03:27:39,0.04016800,0.23800000
2018-02-27 03:27:47,0.04016800,1.21600000
2018-02-27 03:27:47,0.04016600,0.78000000
2018-02-27 03:27:48,0.04016600,0.04200000
2018-02-27 03:27:51,0.04016300,0.10300000
2018-02-27 03:27:53,0.04016200,0.41000000
2018-02-27 03:27:53,0.04016100,8.44000000
2018-02-27 03:27:54,0.04016300,0.10300000
2018-02-27 03:27:54,0.04016100,1.45300000
2018-02-27 03:27:55,0.04016100,8.55400000
2018-02-27 03:27:55,0.04016200,0.12400000
2018-02-27 03:27:55,0.04016100,1.00000000
2018-02-27 03:27:55,0.04016800,1.90500000
2018-02-27 03:27:55,0.04016800,1.71400000
2018-02-27 03:27:55,0.04016800,1.52300000
2018-02-27 03:27:55,0.04016800,1.34600000
2018-02-27 03:27:55,0.04016800,1.18700000
2018-02-27 03:27:55,0.04016800,1.03700000
2018-02-27 03:27:56,0.04016800,1.17100000
2018-02-27 03:27:56,0.04016800,0.74000000
2018-02-27 03:27:58,0.04023200,0.05500000
2018-02-27 03:28:04,0.04023200,0.21900000
2018-02-27 03:28:06,0.04027700,0.04700000
2018-02-27 03:28:06,0.04027700,0.06000000
2018-02-27 03:28:07,0.04027700,0.06200000
2018-02-27 03:28:07,0.04027700,0.03000000
2018-02-27 03:28:08,0.04027700,0.06200000
2018-02-27 03:28:08,0.04027700,0.96800000
2018-02-27 03:28:09,0.04027700,0.05500000
2018-02-27 03:28:09,0.04027700,0.07400000
2018-02-27 03:28:10,0.04027700,0.07700000
2018-02-27 03:28:11,0.04027700,0.06200000
2018-02-27 03:28:12,0.04027600,0.05500000
2018-02-27 03:28:13,0.04027600,0.07400000
2018-02-27 03:28:14,0.04027600,0.02700000
2018-02-27 03:28:16,0.04027600,0.96600000
2018-02-27 03:28:18,0.04017500,1.62100000
2018-02-27 03:28:20,0.04017500,0.38800000
2018-02-27 03:28:22,0.04017600,0.12400000
2018-02-27 03:28:22,0.04017500,0.47700000
2018-02-27 03:28:22,0.04017000,1.73000000
2018-02-27 03:28:22,0.04017000,0.01400000
2018-02-27 03:28:22,0.04017500,1.96600000
2018-02-27 03:28:36,0.04017500,0.03300000
2018-02-27 03:28:36,0.04016100,2.75100000
2018-02-27 03:28:39,0.04026600,0.06200000
2018-02-27 03:28:40,0.04026600,0.09900000
2018-02-27 03:28:48,0.04026300,0.12300000
2018-02-27 03:28:48,0.04026300,1.17700000
2018-02-27 03:28:48,0.04026300,0.12200000
2018-02-27 03:28:48,0.04026300,0.90300000
2018-02-27 03:29:15,0.04027600,0.12400000
2018-02-27 03:29:15,0.04027700,0.05000000
2018-02-27 03:29:15,0.04027800,1.28100000
2018-02-27 03:29:15,0.04029300,0.96200000
2018-02-27 03:29:15,0.04030000,11.60800000
2018-02-27 03:29:21,0.04030000,0.17100000
2018-02-27 03:29:31,0.04026300,1.00000000
2018-02-27 03:30:07,0.04027000,0.23300000
2018-02-27 03:30:07,0.04026300,4.91600000
2018-02-27 03:30:15,0.04020000,0.02500000
2018-02-27 03:30:16,0.04020000,0.04200000
2018-02-27 03:30:17,0.04020000,0.04200000
2018-02-27 03:30:19,0.04020000,0.13700000
2018-02-27 03:30:23,0.04019100,0.07900000
2018-02-27 03:30:23,0.04018300,0.07900000
2018-02-27 03:30:23,0.04017300,0.06600000
2018-02-27 03:30:23,0.04017000,0.21000000
2018-02-27 03:30:23,0.04017000,0.17500000
2018-02-27 03:30:23,0.04017000,0.03500000
2018-02-27 03:30:23,0.04017000,0.07300000
2018-02-27 03:30:23,0.04017000,0.28300000
2018-02-27 03:30:27,0.04026300,0.06200000
2018-02-27 03:30:28,0.04026300,0.07000000
2018-02-27 03:30:29,0.04026300,0.73100000
2018-02-27 03:30:31,0.04017300,2.48500000
2018-02-27 03:30:31,0.04017100,0.06300000
2018-02-27 03:30:31,0.04016800,3.78800000
2018-02-27 03:30:31,0.04016200,0.12400000
2018-02-27 03:30:31,0.04016100,19.54300000
2018-02-27 03:30:33,0.04016100,2.08900000
2018-02-27 03:30:44,0.04025200,0.24800000
2018-02-27 03:30:48,0.04024900,0.24800000
2018-02-27 03:30:48,0.04024900,1.98900000
2018-02-27 03:30:48,0.04025100,0.12400000
2018-02-27 03:30:48,0.04030000,2.40300000
2018-02-27 03:30:52,0.04030000,0.04300000
2018-02-27 03:30:54,0.04035400,0.07400000
2018-02-27 03:30:58,0.04030000,4.82200000
2018-02-27 03:31:02,0.04017500,1.11800000
2018-02-27 03:31:12,0.04026100,1.11800000
2018-02-27 03:31:12,0.04026300,3.27600000
2018-02-27 03:31:17,0.04026300,0.06200000
2018-02-27 03:31:20,0.04026300,0.06200000
2018-02-27 03:31:23,0.04026300,0.06200000
2018-02-27 03:31:26,0.04026300,0.42400000
2018-02-27 03:31:37,0.04018000,2.00000000
2018-02-27 03:31:58,0.04017600,0.24800000
2018-02-27 03:31:58,0.04017500,0.28300000
2018-02-27 03:31:59,0.04016800,0.07200000
2018-02-27 03:32:01,0.04016800,0.60700000
2018-02-27 03:32:02,0.04016800,0.07100000
2018-02-27 03:32:08,0.04016800,1.25000000
2018-02-27 03:32:08,0.04017000,0.46900000
2018-02-27 03:32:13,0.04017200,2.48700000
2018-02-27 03:32:14,0.04017000,2.48700000
2018-02-27 03:32:14,0.04017200,0.03700000
2018-02-27 03:32:15,0.04017000,1.00000000
2018-02-27 03:32:17,0.04017200,0.00200000
2018-02-27 03:32:17,0.04026100,0.27400000
2018-02-27 03:32:20,0.04026100,0.25600000
2018-02-27 03:32:21,0.04026100,8.58700000
2018-02-27 03:32:24,0.04026100,0.47800000
2018-02-27 03:32:27,0.04026100,0.05200000
2018-02-27 03:32:27,0.04017000,0.94800000
2018-02-27 03:33:08,0.04017500,2.00000000
2018-02-27 03:33:18,0.04026200,0.22400000
2018-02-27 03:33:18,0.04026200,2.00000000
2018-02-27 03:33:21,0.04026200,0.27600000
2018-02-27 03:33:21,0.04017600,0.12400000
2018-02-27 03:33:21,0.04017300,0.60000000
2018-02-27 03:33:41,0.04017500,1.00000000
2018-02-27 03:33:42,0.04017500,1.48700000
2018-02-27 03:33:42,0.04017500,0.08100000
2018-02-27 03:33:42,0.04017300,0.26900000
2018-02-27 03:33:48,0.04017300,0.03200000
2018-02-27 03:33:57,0.04017300,0.30500000
2018-02-27 03:33:59,0.04017000,0.02500000
2018-02-27 03:34:01,0.04017000,1.64800000
2018-02-27 03:34:13,0.04017100,0.49600000
2018-02-27 03:34:20,0.04017100,0.36000000
2018-02-27 03:34:20,0.04017000,2.82000000
2018-02-27 03:34:27,0.04017300,0.24800000
2018-02-27 03:34:36,0.04017300,0.06200000
2018-02-27 03:34:36,0.04017300,0.62200000
2018-02-27 03:34:37,0.04017100,1.00000000
2018-02-27 03:34:41,0.04017300,0.93500000
2018-02-27 03:34:46,0.04017100,0.15800000
2018-02-27 03:34:48,0.04017300,0.01400000
2018-02-27 03:34:48,0.04017500,0.04800000
2018-02-27 03:34:51,0.04017500,0.06200000
2018-02-27 03:34:54,0.04017500,0.06200000
2018-02-27 03:34:57,0.04017500,0.06200000
2018-02-27 03:34:57,0.04017100,0.19200000
2018-02-27 03:34:57,0.04017000,0.80800000
2018-02-27 03:35:00,0.04017500,0.06200000
2018-02-27 03:35:00,0.04017500,0.01800000
2018-02-27 03:35:02,0.04017500,0.33000000
2018-02-27 03:35:03,0.04017500,0.06200000
2018-02-27 03:35:06,0.04017500,0.10000000
2018-02-27 03:35:07,0.04017500,0.06200000
2018-02-27 03:35:10,0.04017500,0.06200000
2018-02-27 03:35:13,0.04017500,0.06200000
2018-02-27 03:35:16,0.04017500,0.06200000
2018-02-27 03:35:17,0.04017300,0.24600000
2018-02-27 03:35:17,0.04017000,0.75400000
2018-02-27 03:35:19,0.04017500,0.06200000
2018-02-27 03:35:22,0.04017500,0.06200000
2018-02-27 03:35:25,0.04017500,0.06200000
2018-02-27 03:35:27,0.04017100,0.10300000
2018-02-27 03:35:29,0.04017500,0.01200000
2018-02-27 03:35:29,0.04017700,0.05000000
2018-02-27 03:35:32,0.04017700,0.06200000
2018-02-27 03:35:35,0.04017100,0.43800000
2018-02-27 03:35:35,0.04017000,0.56200000
2018-02-27 03:35:35,0.04017700,0.06200000
2018-02-27 03:35:38,0.04017700,0.06200000
2018-02-27 03:35:41,0.04017700,0.06200000
2018-02-27 03:35:44,0.04017000,1.00000000
2018-02-27 03:35:44,0.04017700,0.06200000
2018-02-27 03:35:47,0.04017700,0.06200000
2018-02-27 03:35:49,0.04017000,6.26900000
2018-02-27 03:35:49,0.04016200,1.30100000
2018-02-27 03:35:49,0.04016100,5.76900000
2018-02-27 03:35:51,0.04016100,0.21500000
2018-02-27 03:35:52,0.04017700,0.06200000
2018-02-27 03:35:55,0.04017700,0.06200000
2018-02-27 03:35:58,0.04017700,1.00000000
2018-02-27 03:35:58,0.04017700,0.06200000
2018-02-27 03:36:01,0.04017700,0.46800000
2018-02-27 03:36:02,0.04017700,0.06200000
2018-02-27 03:36:04,0.04017000,0.06200000
2018-02-27 03:36:06,0.04016100,0.24800000
2018-02-27 03:36:06,0.04017000,0.06200000
2018-02-27 03:36:08,0.04017000,0.87600000
2018-02-27 03:36:08,0.04017700,1.61300000
2018-02-27 03:36:09,0.04017700,0.06200000
2018-02-27 03:36:10,0.04016100,0.77900000
2018-02-27 03:36:12,0.04017700,0.06200000
2018-02-27 03:36:16,0.04017700,1.22800000
2018-02-27 03:36:16,0.04017700,1.36600000
2018-02-27 03:36:16,0.04017700,1.49800000
2018-02-27 03:36:16,0.04017700,1.62000000
2018-02-27 03:36:16,0.04017700,1.72600000
2018-02-27 03:36:16,0.04017700,1.81100000
2018-02-27 03:36:16,0.04017700,1.87500000
2018-02-27 03:36:16,0.04017700,1.91300000
2018-02-27 03:36:22,0.04016100,27.80000000
2018-02-27 03:36:30,0.04016100,0.08800000
2018-02-27 03:36:56,0.04016100,1.00000000
2018-02-27 03:37:13,0.04016100,0.32200000
2018-02-27 03:37:14,0.04016100,0.49400000
2018-02-27 03:37:19,0.04016100,46.06300000
2018-02-27 03:37:21,0.04016100,0.36100000
2018-02-27 03:37:28,0.04016100,1.38000000
2018-02-27 03:37:48,0.04016200,0.51900000
2018-02-27 03:37:57,0.04016800,0.65000000
2018-02-27 03:37:58,0.04016200,2.85600000
2018-02-27 03:37:58,0.04016100,1.14400000
2018-02-27 03:38:02,0.04016800,0.11700000
2018-02-27 03:38:03,0.04016100,2.00000000
2018-02-27 03:38:27,0.04016100,0.48200000
2018-02-27 03:39:30,0.04016100,8.16900000
2018-02-27 03:39:34,0.04016100,15.52200000
2018-02-27 03:39:42,0.04016100,1.25000000
2018-02-27 03:39:58,0.04016200,1.00000000
2018-02-27 03:40:21,0.04016200,0.06800000
2018-02-27 03:40:34,0.04016200,0.30400000
2018-02-27 03:40:59,0.04017200,0.16300000
2018-02-27 03:41:07,0.04017200,0.24100000
2018-02-27 03:41:15,0.04016300,0.00500000
2018-02-27 03:41:25,0.04016300,0.07800000
2018-02-27 03:41:31,0.04016300,1.12800000
2018-02-27 03:41:42,0.04016400,5.92100000
2018-02-27 03:41:42,0.04016300,0.10000000
2018-02-27 03:41:46,0.04016200,10.79900000
2018-02-27 03:41:46,0.04016100,2.87500000
2018-02-27 03:41:49,0.04016100,88.08200000
2018-02-27 03:41:50,0.04016200,2.67400000
2018-02-27 03:41:55,0.04016100,0.23300000
2018-02-27 03:41:56,0.04016100,0.69500000
2018-02-27 03:41:58,0.04016100,1.00000000
2018-02-27 03:42:02,0.04016100,1.48700000
2018-02-27 03:42:04,0.04016100,1.01200000
2018-02-27 03:42:04,0.04016100,0.72500000
2018-02-27 03:42:12,0.04016100,4.01400000
2018-02-27 03:42:16,0.04016200,0.24800000
2018-02-27 03:42:38,0.04016100,0.00500000
2018-02-27 03:42:43,0.04016100,38.40300000
2018-02-27 03:42:45,0.04016100,5.91500000
2018-02-27 03:43:23,0.04016100,31.64300000
2018-02-27 03:43:30,0.04016200,0.50900000
2018-02-27 03:43:31,0.04016200,0.06200000
2018-02-27 03:43:40,0.04016100,0.29400000
2018-02-27 03:43:54,0.04016100,4.85000000
2018-02-27 03:43:56,0.04016100,1.41900000
2018-02-27 03:43:58,0.04016100,1.00000000
2018-02-27 03:43:59,0.04016200,0.28100000
2018-02-27 03:44:08,0.04016100,10.53200000
2018-02-27 03:44:29,0.04016200,0.04900000
2018-02-27 03:44:32,0.04016200,0.06700000
2018-02-27 03:44:40,0.04016200,0.14900000
2018-02-27 03:45:01,0.04016100,14.92500000
2018-02-27 03:45:06,0.04016100,23.72100000
2018-02-27 03:45:08,0.04016200,0.02500000
2018-02-27 03:45:13,0.04016100,16.61200000
2018-02-27 03:45:16,0.04016200,0.00700000
2018-02-27 03:45:17,0.04024900,0.24800000
2018-02-27 03:45:20,0.04023600,0.14900000
2018-02-27 03:45:22,0.04023600,0.14900000
2018-02-27 03:45:33,0.04016200,2.36400000
2018-02-27 03:45:33,0.04016100,5.16900000
2018-02-27 03:45:43,0.04016200,0.90500000
2018-02-27 03:45:48,0.04017300,0.05500000
2018-02-27 03:45:52,0.04017300,0.03000000
2018-02-27 03:45:53,0.04016200,0.61000000
2018-02-27 03:46:05,0.04016200,0.14900000
2018-02-27 03:46:08,0.04017200,0.14900000
2018-02-27 03:46:18,0.04016200,0.54200000
2018-02-27 03:46:23,0.04016200,0.59800000
2018-02-27 03:46:23,0.04016100,0.61000000
2018-02-27 03:46:23,0.04016100,3.18400000
2018-02-27 03:46:23,0.04016100,7.49500000
2018-02-27 03:46:23,0.04016100,14.08500000
2018-02-27 03:46:23,0.04016100,4.97100000
2018-02-27 03:46:23,0.04016100,7.47400000
2018-02-27 03:46:23,0.04016100,9.73700000
2018-02-27 03:46:24,0.04016100,0.50700000
2018-02-27 03:46:24,0.04016100,10.20400000
2018-02-27 03:46:24,0.04016100,9.56600000
2018-02-27 03:46:24,0.04016100,1.09800000
2018-02-27 03:46:24,0.04015400,0.14800000
2018-02-27 03:46:24,0.04010000,1.34300000
2018-02-27 03:46:24,0.04007100,0.12400000
2018-02-27 03:46:24,0.04006600,0.44200000
2018-02-27 03:46:24,0.04002200,0.06200000
2018-02-27 03:46:24,0.04000600,0.45600000
2018-02-27 03:46:37,0.04000800,0.42300000
2018-02-27 03:46:39,0.04000800,0.06100000
2018-02-27 03:46:47,0.04000800,2.01400000
2018-02-27 03:46:47,0.04000600,0.60300000
2018-02-27 03:46:47,0.04000000,11.76500000
2018-02-27 03:46:48,0.04000800,2.49800000
2018-02-27 03:46:48,0.04001000,1.59900000
2018-02-27 03:46:49,0.04000700,0.12400000
2018-02-27 03:46:55,0.04011000,0.06200000
2018-02-27 03:46:56,0.04011000,0.65100000
2018-02-27 03:46:57,0.04010900,0.08700000
2018-02-27 03:46:58,0.04010900,0.17500000
2018-02-27 03:47:13,0.04010900,0.06400000
2018-02-27 03:47:21,0.04010800,0.14200000
2018-02-27 03:47:25,0.04010800,0.06200000
2018-02-27 03:47:57,0.04010800,1.13900000
2018-02-27 03:47:57,0.04010900,3.54000000
2018-02-27 03:47:57,0.04011000,3.73700000
2018-02-27 03:47:58,0.04005200,1.00000000
2018-02-27 03:48:11,0.04007300,0.15600000
2018-02-27 03:48:22,0.04017200,5.61600000
2018-02-27 03:48:22,0.04017200,0.06300000
2018-02-27 03:48:22,0.04017300,10.77900000
2018-02-27 03:48:22,0.04017300,17.20500000
2018-02-27 03:48:22,0.04017300,3.14000000
2018-02-27 03:48:22,0.04016300,10.79000000
2018-02-27 03:48:22,0.04016300,2.03400000
2018-02-27 03:48:26,0.04025900,0.30300000
2018-02-27 03:48:26,0.04025900,0.06200000
2018-02-27 03:48:27,0.04025000,0.14900000
2018-02-27 03:48:27,0.04025900,1.32500000
2018-02-27 03:48:27,0.04026300,3.03700000
2018-02-27 03:48:28,0.04009100,1.50300000
2018-02-27 03:48:29,0.04026300,1.47400000
2018-02-27 03:48:29,0.04026300,1.53500000
2018-02-27 03:48:29,0.04012400,7.64200000
2018-02-27 03:48:30,0.04012400,0.73200000
2018-02-27 03:48:33,0.04012200,0.03100000
2018-02-27 03:48:38,0.04012200,0.64700000
2018-02-27 03:48:50,0.04012200,1.98100000
2018-02-27 03:48:50,0.04012400,5.82300000
2018-02-27 03:48:57,0.04012400,3.50500000
2018-02-27 03:48:58,0.04032900,0.09900000
2018-02-27 03:49:04,0.04033000,0.38000000
2018-02-27 03:49:04,0.04033200,3.11200000
2018-02-27 03:49:08,0.04033200,0.06900000
2018-02-27 03:49:11,0.04033200,0.80100000
2018-02-27 03:49:30,0.04022700,0.54700000
2018-02-27 03:49:41,0.04024400,0.24000000
2018-02-27 03:49:54,0.04033200,0.04900000
2018-02-27 03:49:58,0.04033200,0.06200000
2018-02-27 03:50:10,0.04025000,7.79600000
2018-02-27 03:50:12,0.04033000,3.03800000
2018-02-27 03:50:12,0.04033200,5.52500000
2018-02-27 03:50:12,0.04033200,12.55800000
2018-02-27 03:50:29,0.04025200,8.41600000
2018-02-27 03:50:29,0.04025000,2.36400000
2018-02-27 03:50:29,0.04024800,4.58400000
2018-02-27 03:50:29,0.04024700,10.50700000
2018-02-27 03:50:30,0.04024700,0.03900000
2018-02-27 03:50:30,0.04023400,0.12400000
2018-02-27 03:51:11,0.04029800,2.00000000
2018-02-27 03:51:12,0.04029800,0.28100000
2018-02-27 03:51:16,0.04029500,0.09900000
2018-02-27 03:51:17,0.04029500,0.03200000
2018-02-27 03:51:43,0.04022100,2.25400000
2018-02-27 03:51:43,0.04021700,4.50700000
2018-02-27 03:51:43,0.04021600,0.77100000
2018-02-27 03:51:48,0.04021600,0.07200000
2018-02-27 03:51:58,0.04022700,0.90500000
2018-02-27 03:52:33,0.04026900,1.57800000
2018-02-27 03:52:48,0.04021600,5.00000000
2018-02-27 03:52:49,0.04021600,1.35400000
2018-02-27 03:53:00,0.04021600,3.49200000
2018-02-27 03:53:21,0.04026400,0.02500000
2018-02-27 03:53:29,0.04026400,3.45800000
2018-02-27 03:53:29,0.04037000,0.12400000
2018-02-27 03:53:29,0.04037100,0.26800000
2018-02-27 03:53:32,0.04037100,0.12600000
2018-02-27 03:53:44,0.04023900,2.48200000
2018-02-27 03:53:44,0.04023700,0.27400000
2018-02-27 03:53:44,0.04023400,10.75600000
2018-02-27 03:53:44,0.04023100,0.12400000
2018-02-27 03:53:45,0.04022800,1.27300000
2018-02-27 03:53:54,0.04022500,1.20900000
2018-02-27 03:53:54,0.04022700,0.12400000
2018-02-27 03:53:59,0.04023000,1.00000000
2018-02-27 03:53:59,0.04023000,2.46400000
2018-02-27 03:54:06,0.04035900,0.22300000
2018-02-27 03:54:06,0.04035900,0.05100000
2018-02-27 03:54:11,0.04023000,11.10000000
2018-02-27 03:54:43,0.04026000,1.17100000
2018-02-27 03:54:54,0.04035800,0.04300000
2018-02-27 03:54:54,0.04035900,0.10900000
2018-02-27 03:54:58,0.04026000,0.00500000
2018-02-27 03:54:59,0.04026000,4.11600000
2018-02-27 03:55:08,0.04029800,0.05100000
2018-02-27 03:55:55,0.04026000,0.03000000
2018-02-27 03:56:03,0.04029500,1.12000000
2018-02-27 03:56:03,0.04029700,2.56200000
2018-02-27 03:56:03,0.04029800,2.35900000
2018-02-27 03:56:12,0.04026000,3.61000000
2018-02-27 03:56:14,0.04029800,4.53000000
2018-02-27 03:56:20,0.04029800,1.15200000
2018-02-27 03:56:20,0.04029800,1.44100000
2018-02-27 03:56:20,0.04029800,1.76200000
2018-02-27 03:56:20,0.04029800,2.09100000
2018-02-27 03:56:20,0.04029800,0.35000000
2018-02-27 03:56:36,0.04029800,0.16300000
2018-02-27 03:57:06,0.04029800,2.93900000
2018-02-27 03:57:51,0.04026100,0.17300000
2018-02-27 03:57:54,0.04029800,0.02900000
2018-02-27 03:57:59,0.04029800,1.00000000
2018-02-27 03:58:08,0.04030000,4.10700000
2018-02-27 03:58:28,0.04029800,0.50700000
2018-02-27 03:58:30,0.04029800,1.08300000
2018-02-27 03:59:27,0.04026100,0.07100000
2018-02-27 03:59:40,0.04026100,0.15600000
2018-02-27 03:59:43,0.04026100,0.45100000
2018-02-27 03:59:43,0.04026000,3.61100000
2018-02-27 03:59:43,0.04021600,3.87200000
2018-02-27 03:59:48,0.04019900,0.12400000
2018-02-27 03:59:52,0.04020000,0.23700000
