DATE,PRICE,VOLUME
2018-02-27 06:00:13,0.04019500,0.26700000
2018-02-27 06:00:19,0.04018800,0.07200000
2018-02-27 06:00:19,0.04018600,0.08000000
2018-02-27 06:00:21,0.04017500,11.91900000
2018-02-27 06:00:21,0.04010000,0.19200000
2018-02-27 06:00:30,0.04010000,0.88600000
2018-02-27 06:00:30,0.04009500,0.11400000
2018-02-27 06:00:32,0.04009500,0.97800000
2018-02-27 06:00:57,0.04009500,0.25100000
2018-02-27 06:01:07,0.04009500,2.67800000
2018-02-27 06:01:07,0.04009500,5.00000000
2018-02-27 06:01:21,0.04009500,3.19700000
2018-02-27 06:01:21,0.04008900,0.14900000
2018-02-27 06:01:21,0.04008000,1.59800000
2018-02-27 06:01:41,0.04008000,0.04000000
2018-02-27 06:02:01,0.04005000,1.56300000
2018-02-27 06:02:42,0.04007800,1.60900000
2018-02-27 06:02:42,0.04008000,1.12000000
2018-02-27 06:03:12,0.04008000,0.04600000
2018-02-27 06:03:14,0.04013000,0.24900000
2018-02-27 06:03:19,0.04005300,0.24500000
2018-02-27 06:03:37,0.04005400,0.03800000
2018-02-27 06:04:11,0.04013000,0.06000000
2018-02-27 06:04:14,0.04008000,0.33900000
2018-02-27 06:04:14,0.04008000,0.10300000
2018-02-27 06:04:17,0.04008000,0.10300000
2018-02-27 06:04:19,0.04008000,0.57800000
2018-02-27 06:04:30,0.04006100,0.39700000
2018-02-27 06:04:30,0.04006000,0.60300000
2018-02-27 06:04:46,0.04006000,0.03600000
2018-02-27 06:04:54,0.04013000,0.04200000
2018-02-27 06:04:55,0.04006000,0.64800000
2018-02-27 06:04:59,0.04006000,0.65600000
2018-02-27 06:05:04,0.04006000,14.00700000
2018-02-27 06:05:04,0.04006000,4.16500000
2018-02-27 06:05:05,0.04006000,1.08400000
2018-02-27 06:05:12,0.04006000,0.65400000
2018-02-27 06:05:12,0.04005400,0.11500000
2018-02-27 06:05:36,0.04006000,0.81200000
2018-02-27 06:05:47,0.04005400,0.03800000
2018-02-27 06:06:06,0.04005500,0.05800000
2018-02-27 06:06:07,0.04006100,0.08600000
2018-02-27 06:06:30,0.04013000,0.20300000
2018-02-27 06:06:30,0.04013300,0.49700000
2018-02-27 06:06:30,0.04015000,0.30000000
2018-02-27 06:06:36,0.04007800,0.19900000
2018-02-27 06:06:58,0.04007100,0.46800000
2018-02-27 06:07:20,0.04007800,1.00200000
2018-02-27 06:07:22,0.04007800,0.46800000
2018-02-27 06:07:36,0.04007800,0.49000000
2018-02-27 06:07:36,0.04006900,0.49900000
2018-02-27 06:07:36,0.04006300,0.01100000
2018-02-27 06:07:40,0.04006700,2.49500000
2018-02-27 06:07:40,0.04006200,1.35600000
2018-02-27 06:07:40,0.04005500,0.20600000
2018-02-27 06:07:40,0.04005500,0.14900000
2018-02-27 06:08:03,0.04005900,0.32800000
2018-02-27 06:08:03,0.04005900,2.16500000
2018-02-27 06:08:07,0.04005800,0.62800000
2018-02-27 06:08:07,0.04006100,0.08500000
2018-02-27 06:08:08,0.04005500,0.16100000
2018-02-27 06:08:33,0.04007100,0.50000000
2018-02-27 06:08:39,0.04007100,1.99500000
2018-02-27 06:08:39,0.04007100,0.03700000
2018-02-27 06:08:39,0.04006900,1.20500000
2018-02-27 06:08:41,0.04006600,1.29200000
2018-02-27 06:08:49,0.04006300,0.01200000
2018-02-27 06:08:55,0.04006600,0.04400000
2018-02-27 06:08:56,0.04006600,1.10800000
2018-02-27 06:08:57,0.04005400,0.82900000
2018-02-27 06:08:57,0.04005000,3.12100000
2018-02-27 06:08:57,0.04005000,0.04800000
2018-02-27 06:08:58,0.04005000,0.09100000
2018-02-27 06:09:10,0.04004900,0.19900000
2018-02-27 06:09:10,0.04005000,0.30100000
2018-02-27 06:09:12,0.04005000,0.30200000
2018-02-27 06:09:31,0.04005000,0.21300000
2018-02-27 06:09:32,0.04005000,0.06200000
2018-02-27 06:09:47,0.04004800,0.10100000
2018-02-27 06:10:01,0.04004800,0.23000000
2018-02-27 06:10:09,0.04000600,0.72400000
2018-02-27 06:10:15,0.04004800,0.26400000
2018-02-27 06:10:30,0.04004800,0.51900000
2018-02-27 06:10:34,0.04004900,1.72200000
2018-02-27 06:10:34,0.04004800,4.58700000
2018-02-27 06:10:41,0.04004800,0.22900000
2018-02-27 06:10:41,0.04004800,0.29400000
2018-02-27 06:10:42,0.04004800,1.11800000
2018-02-27 06:10:47,0.04005000,0.28600000
2018-02-27 06:10:54,0.04004800,0.05800000
2018-02-27 06:10:58,0.04005000,1.84900000
2018-02-27 06:11:02,0.04005000,0.25600000
2018-02-27 06:11:02,0.04006600,0.05300000
2018-02-27 06:11:06,0.04014900,0.18700000
2018-02-27 06:11:10,0.04014900,0.03000000
2018-02-27 06:11:17,0.04007100,0.06300000
2018-02-27 06:11:17,0.04014900,0.06200000
2018-02-27 06:11:20,0.04007100,0.06300000
2018-02-27 06:11:21,0.04014900,0.42400000
2018-02-27 06:11:21,0.04014900,0.12600000
2018-02-27 06:11:22,0.04014900,0.28300000
2018-02-27 06:11:23,0.04014900,0.06300000
2018-02-27 06:11:25,0.04014900,0.06300000
2018-02-27 06:11:27,0.04014900,0.06300000
2018-02-27 06:11:29,0.04014900,1.14800000
2018-02-27 06:11:30,0.04014900,0.56000000
2018-02-27 06:11:30,0.04014900,0.06300000
2018-02-27 06:11:30,0.04014900,0.22700000
2018-02-27 06:11:31,0.04014900,12.08000000
2018-02-27 06:11:33,0.04014900,0.06300000
2018-02-27 06:11:34,0.04014900,0.75100000
2018-02-27 06:11:35,0.04007100,1.01000000
2018-02-27 06:11:35,0.04007100,0.06300000
2018-02-27 06:11:35,0.04014900,0.06300000
2018-02-27 06:11:35,0.04015000,0.31100000
2018-02-27 06:11:38,0.04007100,0.06300000
2018-02-27 06:11:41,0.04007100,0.06300000
2018-02-27 06:11:43,0.04005000,0.06300000
2018-02-27 06:11:46,0.04014500,1.19900000
2018-02-27 06:11:46,0.04014700,0.06300000
2018-02-27 06:11:46,0.04015000,0.38900000
2018-02-27 06:11:47,0.04015000,0.33300000
2018-02-27 06:11:50,0.04017700,0.10200000
2018-02-27 06:11:50,0.04015000,0.17300000
2018-02-27 06:12:07,0.04017700,1.41200000
2018-02-27 06:12:10,0.04015000,0.06300000
2018-02-27 06:12:10,0.04015000,0.60700000
2018-02-27 06:12:38,0.04015000,0.02000000
2018-02-27 06:12:48,0.04017700,0.12700000
2018-02-27 06:12:54,0.04015000,0.04600000
2018-02-27 06:12:58,0.04015000,0.38200000
2018-02-27 06:13:23,0.04007200,1.93600000
2018-02-27 06:13:41,0.04007000,1.93200000
2018-02-27 06:13:41,0.04007000,0.22000000
2018-02-27 06:13:41,0.04007000,0.04300000
2018-02-27 06:13:41,0.04006900,0.49900000
2018-02-27 06:13:41,0.04006800,0.08000000
2018-02-27 06:13:42,0.04006800,0.38900000
2018-02-27 06:13:56,0.04005100,0.00100000
2018-02-27 06:14:03,0.04006800,2.49500000
2018-02-27 06:14:03,0.04006800,3.34500000
2018-02-27 06:14:03,0.04007200,0.06300000
2018-02-27 06:14:22,0.04005100,0.02600000
2018-02-27 06:14:22,0.04005100,0.41800000
2018-02-27 06:14:47,0.04000600,0.18900000
2018-02-27 06:14:47,0.04000500,2.97800000
2018-02-27 06:14:47,0.04000400,10.17900000
2018-02-27 06:14:47,0.04000400,0.54700000
2018-02-27 06:14:47,0.04000400,0.54700000
2018-02-27 06:14:47,0.04000400,5.56000000
2018-02-27 06:14:49,0.04007200,0.02900000
2018-02-27 06:15:33,0.04007200,0.00200000
2018-02-27 06:15:33,0.04008600,0.49900000
2018-02-27 06:15:33,0.04015000,3.07000000
2018-02-27 06:15:33,0.04015000,0.71500000
2018-02-27 06:15:39,0.04017700,0.08700000
2018-02-27 06:15:54,0.04007600,2.49900000
2018-02-27 06:15:55,0.04007400,0.24900000
2018-02-27 06:15:55,0.04007000,0.49900000
2018-02-27 06:15:57,0.04000600,0.62600000
2018-02-27 06:15:57,0.04000300,9.15400000
2018-02-27 06:15:57,0.04000200,7.05800000
2018-02-27 06:15:57,0.04000200,1.19200000
2018-02-27 06:15:57,0.04000100,1.37900000
2018-02-27 06:15:57,0.04000100,1.42000000
2018-02-27 06:15:58,0.04000100,1.52900000
2018-02-27 06:16:02,0.04000100,5.90200000
2018-02-27 06:16:02,0.04000000,80.46400000
2018-02-27 06:16:02,0.04000000,1.52500000
2018-02-27 06:16:02,0.04000000,31.33400000
2018-02-27 06:16:06,0.04000000,9.00000000
2018-02-27 06:16:31,0.04000000,2.97400000
2018-02-27 06:16:38,0.04000000,1.54400000
2018-02-27 06:16:41,0.04000000,0.26900000
2018-02-27 06:16:53,0.04000000,2.95900000
2018-02-27 06:16:56,0.04000000,2.50000000
2018-02-27 06:16:59,0.04006800,2.25000000
2018-02-27 06:16:59,0.04007000,0.07000000
2018-02-27 06:17:00,0.04006700,2.49900000
2018-02-27 06:17:00,0.04006700,16.43100000
2018-02-27 06:17:06,0.04006400,8.39100000
2018-02-27 06:17:06,0.04006500,5.35900000
2018-02-27 06:17:11,0.04006500,0.74800000
2018-02-27 06:17:36,0.04003100,0.12300000
2018-02-27 06:17:46,0.04006300,0.02900000
2018-02-27 06:17:51,0.04006300,1.87300000
2018-02-27 06:17:53,0.04003100,0.36000000
2018-02-27 06:18:05,0.04006300,1.97100000
2018-02-27 06:18:08,0.04006300,0.65700000
2018-02-27 06:18:11,0.04006300,13.03600000
2018-02-27 06:18:13,0.04003100,6.79100000
2018-02-27 06:18:14,0.04003100,0.34300000
2018-02-27 06:18:16,0.04003100,3.18400000
2018-02-27 06:18:20,0.04003000,0.10100000
2018-02-27 06:18:28,0.04003000,0.30600000
2018-02-27 06:18:31,0.04001500,0.07000000
2018-02-27 06:18:31,0.04001500,8.15900000
2018-02-27 06:18:31,0.04003000,5.67300000
2018-02-27 06:18:35,0.04002500,14.51600000
2018-02-27 06:18:35,0.04002500,5.11800000
2018-02-27 06:18:35,0.04003000,9.39800000
2018-02-27 06:18:35,0.04003000,5.06800000
2018-02-27 06:18:35,0.04003100,0.05000000
2018-02-27 06:18:35,0.04006300,5.35600000
2018-02-27 06:18:35,0.04006700,1.84000000
2018-02-27 06:18:35,0.04006700,24.14200000
2018-02-27 06:18:35,0.04006700,7.62800000
2018-02-27 06:18:35,0.04011300,0.24900000
2018-02-27 06:18:35,0.04016900,0.38000000
2018-02-27 06:18:35,0.04017000,0.85000000
2018-02-27 06:18:35,0.04017700,1.86700000
2018-02-27 06:18:35,0.04017900,0.17500000
2018-02-27 06:18:35,0.04020000,1.39400000
2018-02-27 06:18:36,0.04024200,0.99400000
2018-02-27 06:18:36,0.04027600,0.97500000
2018-02-27 06:18:42,0.04005500,7.40900000
2018-02-27 06:18:42,0.04005300,6.82900000
2018-02-27 06:18:42,0.04005200,0.27400000
2018-02-27 06:18:42,0.04005000,4.86900000
2018-02-27 06:18:42,0.04004600,2.12100000
2018-02-27 06:18:47,0.04032200,0.25000000
2018-02-27 06:18:50,0.04031900,0.05500000
2018-02-27 06:18:59,0.04028500,2.19100000
2018-02-27 06:18:59,0.04028700,0.49900000
2018-02-27 06:18:59,0.04029000,5.14200000
2018-02-27 06:18:59,0.04029300,4.91300000
2018-02-27 06:18:59,0.04029500,6.88400000
2018-02-27 06:18:59,0.04031900,0.24100000
2018-02-27 06:18:59,0.04031900,0.07000000
2018-02-27 06:18:59,0.04031900,0.20200000
2018-02-27 06:19:00,0.04034100,2.49100000
2018-02-27 06:19:02,0.04035000,0.12500000
2018-02-27 06:19:04,0.04032200,0.52100000
2018-02-27 06:19:04,0.04037800,0.08000000
2018-02-27 06:19:04,0.04038400,3.36200000
2018-02-27 06:19:04,0.04039100,0.04200000
2018-02-27 06:19:07,0.04035000,1.15800000
2018-02-27 06:19:10,0.04034100,0.62300000
2018-02-27 06:19:12,0.04031900,0.74800000
2018-02-27 06:19:18,0.04034100,3.21400000
2018-02-27 06:19:25,0.04034100,0.32500000
2018-02-27 06:19:25,0.04034100,0.39000000
2018-02-27 06:19:28,0.04034100,6.35700000
2018-02-27 06:19:30,0.04034100,0.43200000
2018-02-27 06:19:39,0.04031900,1.52500000
2018-02-27 06:19:40,0.04031900,3.92900000
2018-02-27 06:19:41,0.04031900,8.22400000
2018-02-27 06:19:44,0.04031900,0.45300000
2018-02-27 06:20:05,0.04031800,0.71000000
2018-02-27 06:20:08,0.04022500,2.48500000
2018-02-27 06:20:08,0.04022300,1.20600000
2018-02-27 06:20:08,0.04022000,0.49700000
2018-02-27 06:20:08,0.04021600,1.84600000
2018-02-27 06:20:15,0.04020100,0.13700000
2018-02-27 06:20:15,0.04020100,0.20900000
2018-02-27 06:20:22,0.04015400,0.07500000
2018-02-27 06:20:22,0.04013400,0.49800000
2018-02-27 06:20:23,0.04013200,0.21000000
2018-02-27 06:20:28,0.04012900,0.24100000
2018-02-27 06:20:29,0.04012900,0.10300000
2018-02-27 06:20:31,0.04012300,0.10300000
2018-02-27 06:20:32,0.04008700,0.18200000
2018-02-27 06:20:37,0.04012000,0.10300000
2018-02-27 06:20:43,0.04011400,0.10300000
2018-02-27 06:20:45,0.04011400,0.03700000
2018-02-27 06:20:46,0.04011300,1.20500000
2018-02-27 06:20:46,0.04011300,0.00100000
2018-02-27 06:20:46,0.04011400,1.23900000
2018-02-27 06:21:15,0.04011400,1.05400000
2018-02-27 06:21:15,0.04011400,0.38300000
2018-02-27 06:21:16,0.04011400,0.40700000
2018-02-27 06:21:47,0.04019000,0.05500000
2018-02-27 06:21:48,0.04018900,0.05500000
2018-02-27 06:21:52,0.04011400,1.78400000
2018-02-27 06:21:53,0.04011400,0.29700000
2018-02-27 06:21:54,0.04011400,0.05800000
2018-02-27 06:21:56,0.04011400,0.03700000
2018-02-27 06:21:57,0.04011400,2.49100000
2018-02-27 06:21:57,0.04011400,0.49600000
2018-02-27 06:22:02,0.04011400,0.02600000
2018-02-27 06:22:02,0.04008700,2.31100000
2018-02-27 06:22:02,0.04007700,0.12500000
2018-02-27 06:22:02,0.04005000,2.84900000
2018-02-27 06:22:04,0.04011300,0.05500000
2018-02-27 06:22:04,0.04011400,1.07600000
2018-02-27 06:22:04,0.04011400,1.59600000
2018-02-27 06:22:11,0.04019000,0.05500000
2018-02-27 06:22:19,0.04018900,0.05500000
2018-02-27 06:22:27,0.04011200,0.51200000
2018-02-27 06:22:40,0.04018900,0.05500000
2018-02-27 06:22:40,0.04019000,0.19300000
2018-02-27 06:22:44,0.04012100,0.07800000
2018-02-27 06:22:44,0.04011400,0.02300000
2018-02-27 06:22:51,0.04019000,0.27100000
2018-02-27 06:22:53,0.04018900,0.02500000
2018-02-27 06:22:59,0.04012100,0.07800000
2018-02-27 06:22:59,0.04011400,0.17700000
2018-02-27 06:23:02,0.04011400,0.03700000
2018-02-27 06:23:03,0.04011400,1.60800000
2018-02-27 06:23:08,0.04008900,0.24200000
2018-02-27 06:23:10,0.04008900,0.04800000
2018-02-27 06:23:10,0.04011400,0.20300000
2018-02-27 06:23:11,0.04011400,0.03700000
2018-02-27 06:23:14,0.04011400,2.06000000
2018-02-27 06:23:23,0.04005000,0.36700000
2018-02-27 06:23:31,0.04002800,1.67800000
2018-02-27 06:23:39,0.04011200,0.05500000
2018-02-27 06:23:42,0.04010100,0.26600000
2018-02-27 06:23:45,0.04009500,1.41200000
2018-02-27 06:23:46,0.04009700,0.05500000
2018-02-27 06:23:46,0.04011200,0.47800000
2018-02-27 06:24:02,0.04002500,0.12300000
2018-02-27 06:24:02,0.04002500,1.09000000
2018-02-27 06:24:02,0.04002500,0.00100000
2018-02-27 06:24:03,0.04009700,0.43300000
2018-02-27 06:24:15,0.04011100,2.07200000
2018-02-27 06:24:18,0.04011100,2.44400000
2018-02-27 06:24:22,0.04011100,0.05500000
2018-02-27 06:24:31,0.04011100,0.51500000
2018-02-27 06:24:32,0.04011100,0.51100000
2018-02-27 06:24:35,0.04011100,0.21000000
2018-02-27 06:24:36,0.04011000,0.48700000
2018-02-27 06:24:38,0.04003200,2.49400000
2018-02-27 06:24:38,0.04003000,0.49900000
2018-02-27 06:24:38,0.04002700,0.10900000
2018-02-27 06:24:38,0.04001000,1.30000000
2018-02-27 06:24:38,0.04000000,5.83600000
2018-02-27 06:24:38,0.04000000,12.43400000
2018-02-27 06:24:42,0.04010200,0.05500000
2018-02-27 06:24:43,0.04009900,0.05500000
2018-02-27 06:24:47,0.04008600,0.05500000
2018-02-27 06:24:56,0.04006900,1.00000000
2018-02-27 06:24:56,0.04006900,1.00000000
2018-02-27 06:24:56,0.04006900,0.38400000
2018-02-27 06:24:56,0.04007100,0.22000000
2018-02-27 06:25:05,0.04011100,0.22400000
2018-02-27 06:25:05,0.04011100,0.05500000
2018-02-27 06:25:09,0.04007200,0.19600000
2018-02-27 06:25:20,0.04008800,0.16300000
2018-02-27 06:25:24,0.04007300,3.59500000
2018-02-27 06:25:32,0.04008700,0.05500000
2018-02-27 06:25:32,0.04008800,0.28000000
2018-02-27 06:25:32,0.04010800,2.15600000
2018-02-27 06:25:32,0.04010800,0.41300000
2018-02-27 06:25:32,0.04011100,0.16500000
2018-02-27 06:25:32,0.04011200,0.00200000
2018-02-27 06:25:32,0.04011400,1.24700000
2018-02-27 06:25:32,0.04011400,3.48900000
2018-02-27 06:25:37,0.04011200,3.02400000
2018-02-27 06:25:37,0.04000500,1.21700000
2018-02-27 06:25:37,0.04000400,0.24900000
2018-02-27 06:25:37,0.04000300,0.27900000
2018-02-27 06:25:37,0.04000200,0.49900000
2018-02-27 06:25:37,0.04000000,0.08600000
2018-02-27 06:25:37,0.03999400,0.12500000
2018-02-27 06:25:37,0.03996500,0.06700000
2018-02-27 06:25:38,0.04011100,0.23300000
2018-02-27 06:25:38,0.04011100,0.04600000
2018-02-27 06:25:38,0.04011200,0.27900000
2018-02-27 06:25:38,0.04011200,1.84400000
2018-02-27 06:25:38,0.04011200,0.23300000
2018-02-27 06:25:38,0.04011200,0.20100000
2018-02-27 06:25:38,0.04011100,0.49900000
2018-02-27 06:25:38,0.04011200,2.18900000
2018-02-27 06:25:57,0.04011000,0.12500000
2018-02-27 06:25:58,0.04010900,0.24900000
2018-02-27 06:26:01,0.04010700,0.73700000
2018-02-27 06:26:01,0.04011100,0.11300000
2018-02-27 06:26:06,0.04005300,0.12400000
2018-02-27 06:26:08,0.04003800,0.12400000
2018-02-27 06:26:09,0.04003200,1.00000000
2018-02-27 06:26:09,0.04003200,1.00000000
2018-02-27 06:26:09,0.04003200,0.49800000
2018-02-27 06:26:09,0.04003000,0.49900000
2018-02-27 06:26:10,0.04002400,0.07400000
2018-02-27 06:26:11,0.04001500,0.07400000
2018-02-27 06:26:27,0.04007200,0.05500000
2018-02-27 06:26:29,0.04006900,0.04200000
2018-02-27 06:26:29,0.04006800,0.91300000
2018-02-27 06:26:29,0.04006800,0.24900000
2018-02-27 06:26:29,0.04006600,0.11000000
2018-02-27 06:26:36,0.04005100,2.29000000
2018-02-27 06:26:38,0.04005000,0.09200000
2018-02-27 06:26:41,0.04005000,0.01800000
2018-02-27 06:26:41,0.04006100,0.01900000
2018-02-27 06:26:41,0.04006100,0.47800000
2018-02-27 06:26:56,0.04010500,0.05500000
2018-02-27 06:27:09,0.04010400,0.05500000
2018-02-27 06:27:12,0.04010500,0.24800000
2018-02-27 06:27:12,0.04010700,0.02300000
2018-02-27 06:27:19,0.04009600,0.53100000
2018-02-27 06:27:21,0.04009600,1.95300000
2018-02-27 06:27:22,0.04009600,1.05300000
2018-02-27 06:27:26,0.04003900,0.12400000
2018-02-27 06:27:26,0.04003300,0.12400000
2018-02-27 06:27:26,0.04002600,3.62500000
2018-02-27 06:27:26,0.04001500,0.49700000
2018-02-27 06:27:36,0.04001500,1.44300000
2018-02-27 06:27:36,0.04001500,0.28900000
2018-02-27 06:27:38,0.04009500,2.38700000
2018-02-27 06:27:38,0.04009500,5.47400000
2018-02-27 06:27:39,0.04009500,2.50000000
2018-02-27 06:27:39,0.04009500,7.22100000
2018-02-27 06:27:40,0.04009500,0.50000000
2018-02-27 06:27:48,0.04001500,0.12400000
2018-02-27 06:27:50,0.04001000,2.49600000
2018-02-27 06:27:50,0.04000800,0.21100000
2018-02-27 06:27:50,0.04000800,0.28800000
2018-02-27 06:27:50,0.04001700,0.52300000
2018-02-27 06:27:55,0.03998700,0.12000000
2018-02-27 06:27:55,0.03997800,0.27700000
2018-02-27 06:27:55,0.03997700,0.12500000
2018-02-27 06:27:55,0.03996500,0.09900000
2018-02-27 06:27:58,0.03995100,1.22000000
2018-02-27 06:27:58,0.03995000,0.25000000
2018-02-27 06:27:58,0.03994700,1.13700000
2018-02-27 06:27:58,0.03994700,0.34000000
2018-02-27 06:27:59,0.04007200,0.27700000
2018-02-27 06:27:59,0.03993900,0.38500000
2018-02-27 06:27:59,0.03993600,0.49500000
2018-02-27 06:27:59,0.03993300,0.15600000
2018-02-27 06:27:59,0.03992100,0.05300000
2018-02-27 06:27:59,0.03992000,1.03800000
2018-02-27 06:27:59,0.03993900,0.60500000
2018-02-27 06:28:01,0.04006100,2.48700000
2018-02-27 06:28:01,0.03995200,0.35800000
2018-02-27 06:28:02,0.04006000,0.25700000
2018-02-27 06:28:03,0.04005900,0.04200000
2018-02-27 06:28:03,0.03992300,0.05000000
2018-02-27 06:28:04,0.04005800,0.96100000
2018-02-27 06:28:05,0.04005800,0.00200000
2018-02-27 06:28:05,0.04005900,0.05300000
2018-02-27 06:28:06,0.04005900,0.40400000
2018-02-27 06:28:06,0.04006000,0.34100000
2018-02-27 06:28:07,0.04005800,0.10300000
2018-02-27 06:28:10,0.04005800,0.00200000
2018-02-27 06:28:10,0.04009400,0.05300000
2018-02-27 06:28:10,0.04009400,0.05500000
2018-02-27 06:28:13,0.03997500,2.50100000
2018-02-27 06:28:13,0.03997300,0.27600000
2018-02-27 06:28:13,0.03997000,1.61000000
2018-02-27 06:28:14,0.03994900,0.08600000
2018-02-27 06:28:15,0.04008800,0.27600000
2018-02-27 06:28:15,0.04008900,2.51100000
2018-02-27 06:28:17,0.04008800,0.50000000
2018-02-27 06:28:17,0.04008800,0.71800000
2018-02-27 06:28:22,0.04006600,1.46100000
2018-02-27 06:28:23,0.04006600,2.50000000
2018-02-27 06:28:23,0.04006600,1.66100000
2018-02-27 06:28:38,0.04006000,0.07000000
2018-02-27 06:28:44,0.04007300,0.50000000
2018-02-27 06:28:46,0.04008800,0.18800000
2018-02-27 06:28:52,0.04009200,2.50000000
2018-02-27 06:28:52,0.04009200,3.79000000
2018-02-27 06:29:02,0.04009200,0.05500000
2018-02-27 06:29:04,0.04009200,12.81000000
2018-02-27 06:29:27,0.04002000,0.05000000
2018-02-27 06:29:28,0.04001900,0.68100000
2018-02-27 06:29:29,0.04009100,2.49900000
2018-02-27 06:29:29,0.04009100,7.59100000
2018-02-27 06:29:31,0.04001900,0.03300000
2018-02-27 06:29:32,0.04009100,0.03700000
2018-02-27 06:29:33,0.04001500,0.19800000
2018-02-27 06:29:33,0.04001500,0.04000000
2018-02-27 06:29:41,0.04001500,0.24500000
2018-02-27 06:29:46,0.04001500,0.11300000
2018-02-27 06:29:46,0.04000000,0.01200000
2018-02-27 06:29:59,0.04002900,0.08500000
2018-02-27 06:30:00,0.04002900,0.00100000
2018-02-27 06:30:00,0.04003200,0.23300000
2018-02-27 06:30:01,0.04009200,0.39000000
2018-02-27 06:30:21,0.04009900,0.05100000
2018-02-27 06:30:24,0.04009900,0.08000000
2018-02-27 06:30:28,0.04006600,0.08800000
2018-02-27 06:30:30,0.04009800,0.05500000
2018-02-27 06:30:47,0.04002500,0.20400000
2018-02-27 06:30:49,0.04009800,0.05500000
2018-02-27 06:30:51,0.04002500,12.22200000
2018-02-27 06:30:51,0.04001800,0.49900000
2018-02-27 06:30:52,0.04000200,0.24100000
2018-02-27 06:30:58,0.04009600,0.05500000
2018-02-27 06:31:03,0.03994200,0.54100000
2018-02-27 06:31:11,0.03997800,1.95900000
2018-02-27 06:31:17,0.03997900,0.27700000
2018-02-27 06:31:20,0.03997000,0.11000000
2018-02-27 06:31:26,0.04006400,0.05500000
2018-02-27 06:31:33,0.04004900,0.14500000
2018-02-27 06:31:37,0.04003700,0.05500000
2018-02-27 06:31:38,0.04003700,0.32300000
2018-02-27 06:31:38,0.04003700,0.17100000
2018-02-27 06:31:38,0.03997000,0.04200000
2018-02-27 06:31:38,0.03997000,0.05500000
2018-02-27 06:31:38,0.03997000,0.00300000
2018-02-27 06:31:41,0.04002800,0.05500000
2018-02-27 06:31:45,0.04001900,0.05500000
2018-02-27 06:31:46,0.04001600,0.05500000
2018-02-27 06:31:47,0.04001600,0.30200000
2018-02-27 06:31:55,0.03998500,0.09400000
2018-02-27 06:31:55,0.03997000,0.04200000
2018-02-27 06:32:04,0.03994900,0.17700000
2018-02-27 06:32:04,0.03994400,0.08300000
2018-02-27 06:32:04,0.03993800,0.17700000
2018-02-27 06:32:04,0.03993100,0.17700000
2018-02-27 06:32:04,0.03999800,0.03700000
2018-02-27 06:32:04,0.03995300,0.08300000
2018-02-27 06:32:05,0.03999800,0.51400000
2018-02-27 06:32:09,0.03993500,0.13900000
2018-02-27 06:32:09,0.03992900,0.08700000
2018-02-27 06:32:09,0.03992200,0.43400000
2018-02-27 06:32:09,0.03992000,1.51800000
2018-02-27 06:32:09,0.03999200,0.73300000
2018-02-27 06:32:09,0.03999400,0.13100000
2018-02-27 06:32:09,0.03999400,0.11300000
2018-02-27 06:32:09,0.03999400,0.03300000
2018-02-27 06:32:09,0.03999700,0.10300000
2018-02-27 06:32:09,0.03999300,0.73300000
2018-02-27 06:32:25,0.03992200,0.09200000
2018-02-27 06:32:25,0.03992100,0.14700000
2018-02-27 06:32:26,0.03992000,0.28100000
2018-02-27 06:32:28,0.03992000,0.00100000
2018-02-27 06:32:28,0.03992100,0.00200000
2018-02-27 06:32:29,0.03999800,0.06800000
2018-02-27 06:32:34,0.03999800,0.28300000
2018-02-27 06:32:43,0.03999800,0.14800000
2018-02-27 06:32:44,0.03999900,0.06500000
2018-02-27 06:32:44,0.04000000,11.08700000
2018-02-27 06:32:44,0.04000000,13.21200000
2018-02-27 06:32:47,0.04000700,0.11300000
2018-02-27 06:32:47,0.04000700,0.09400000
2018-02-27 06:32:47,0.04009800,0.02900000
2018-02-27 06:32:48,0.04000900,0.22600000
2018-02-27 06:32:48,0.04000900,0.28100000
2018-02-27 06:32:50,0.04001600,0.41300000
2018-02-27 06:32:51,0.04009800,0.05200000
2018-02-27 06:32:59,0.04009600,0.50700000
2018-02-27 06:33:00,0.04009800,0.85500000
2018-02-27 06:33:00,0.04009900,0.25400000
2018-02-27 06:33:00,0.04010000,0.94100000
2018-02-27 06:33:00,0.04010000,2.05500000
2018-02-27 06:33:01,0.04011100,0.14800000
2018-02-27 06:33:09,0.04005400,0.07200000
2018-02-27 06:33:09,0.04005600,0.03100000
2018-02-27 06:33:14,0.04019100,0.07500000
2018-02-27 06:33:14,0.04019900,1.41300000
2018-02-27 06:33:15,0.04019900,1.14200000
2018-02-27 06:33:15,0.04020000,0.05300000
2018-02-27 06:33:15,0.04022700,1.47700000
2018-02-27 06:33:15,0.04023200,0.08600000
2018-02-27 06:33:15,0.04023700,0.28100000
2018-02-27 06:33:15,0.04030000,0.06300000
2018-02-27 06:33:15,0.04030500,3.13800000
2018-02-27 06:33:15,0.04033300,2.49100000
2018-02-27 06:33:15,0.04039100,1.41100000
2018-02-27 06:33:15,0.04040000,1.42600000
2018-02-27 06:33:15,0.04041800,0.76600000
2018-02-27 06:33:15,0.04041900,0.22200000
2018-02-27 06:33:15,0.04042300,0.35500000
2018-02-27 06:33:15,0.04043500,0.20700000
2018-02-27 06:33:15,0.04046400,0.50900000
2018-02-27 06:33:15,0.04049800,7.50000000
2018-02-27 06:33:15,0.04049900,2.62100000
2018-02-27 06:33:15,0.04050000,10.29200000
2018-02-27 06:33:15,0.04051200,12.42500000
2018-02-27 06:33:16,0.04051200,0.02400000
2018-02-27 06:33:16,0.04051200,0.02400000
2018-02-27 06:33:17,0.04051100,0.02400000
2018-02-27 06:33:17,0.04024200,0.07400000
2018-02-27 06:33:17,0.04011300,0.07400000
2018-02-27 06:33:17,0.04011500,0.07400000
2018-02-27 06:33:17,0.04024200,0.02400000
2018-02-27 06:33:22,0.04013000,2.39100000
2018-02-27 06:33:23,0.04024100,0.07400000
2018-02-27 06:33:25,0.04013300,2.49100000
2018-02-27 06:33:25,0.04013300,3.05900000
2018-02-27 06:33:26,0.04013300,0.49600000
2018-02-27 06:33:26,0.04013300,0.71700000
2018-02-27 06:33:33,0.04017900,2.49600000
2018-02-27 06:33:33,0.04018100,1.21300000
2018-02-27 06:33:39,0.04018700,0.04800000
2018-02-27 06:33:39,0.04024200,1.22200000
2018-02-27 06:33:51,0.04012900,2.49100000
2018-02-27 06:33:52,0.04013000,1.21500000
2018-02-27 06:33:59,0.04022500,0.22000000
2018-02-27 06:34:05,0.04010800,0.49800000
2018-02-27 06:34:05,0.04010700,0.60800000
2018-02-27 06:34:05,0.04010800,0.02400000
2018-02-27 06:34:07,0.04021600,1.15600000
2018-02-27 06:34:19,0.04010700,1.00000000
2018-02-27 06:34:25,0.04010700,1.67600000
2018-02-27 06:34:25,0.04006900,0.32400000
2018-02-27 06:34:47,0.04006900,2.17100000
2018-02-27 06:34:47,0.04000200,0.04200000
2018-02-27 06:34:48,0.04001200,1.11500000
2018-02-27 06:34:48,0.04001400,4.01700000
2018-02-27 06:35:08,0.04008900,0.02800000
2018-02-27 06:35:13,0.04002400,0.50000000
2018-02-27 06:35:50,0.04003300,0.84900000
2018-02-27 06:35:54,0.04008900,0.04600000
2018-02-27 06:36:07,0.04005000,0.56300000
2018-02-27 06:36:12,0.04005000,1.00000000
2018-02-27 06:36:19,0.04005100,0.29800000
2018-02-27 06:36:19,0.04005100,0.30000000
2018-02-27 06:36:25,0.04008900,0.86300000
2018-02-27 06:36:56,0.04008500,0.27800000
2018-02-27 06:37:14,0.04009300,0.12800000
2018-02-27 06:37:14,0.04009400,0.07400000
2018-02-27 06:37:15,0.04011000,6.86000000
2018-02-27 06:37:15,0.04010700,1.29300000
2018-02-27 06:37:20,0.04009800,2.49200000
2018-02-27 06:37:20,0.04009600,1.21300000
2018-02-27 06:37:20,0.04018400,2.49200000
2018-02-27 06:37:20,0.04018600,0.52200000
2018-02-27 06:37:29,0.04010400,0.08000000
2018-02-27 06:37:36,0.04010400,0.04200000
2018-02-27 06:37:42,0.04010400,2.37100000
2018-02-27 06:37:42,0.04010200,0.49800000
2018-02-27 06:37:42,0.04009900,0.75500000
2018-02-27 06:38:26,0.04010500,0.29300000
2018-02-27 06:38:38,0.04010500,0.70400000
2018-02-27 06:38:38,0.04009900,0.45800000
2018-02-27 06:38:38,0.04009800,0.23300000
2018-02-27 06:38:38,0.04000100,0.70400000
2018-02-27 06:38:44,0.04000100,1.97900000
2018-02-27 06:38:44,0.04000000,1.29300000
2018-02-27 06:38:44,0.04010100,1.50600000
2018-02-27 06:38:47,0.04010100,0.92000000
2018-02-27 06:38:47,0.04010200,0.10900000
2018-02-27 06:38:52,0.04000300,1.21000000
2018-02-27 06:38:52,0.04000100,9.46900000
2018-02-27 06:39:10,0.04008900,0.84100000
2018-02-27 06:39:35,0.04000100,0.46700000
2018-02-27 06:39:36,0.04000100,0.05700000
2018-02-27 06:39:36,0.04000100,0.69800000
2018-02-27 06:39:36,0.04000000,1.21000000
2018-02-27 06:39:36,0.04000000,0.20000000
2018-02-27 06:40:02,0.04000100,1.15600000
2018-02-27 06:40:06,0.04008800,0.54600000
2018-02-27 06:40:20,0.04000200,0.09500000
2018-02-27 06:40:41,0.04000200,0.12700000
2018-02-27 06:40:46,0.04006800,0.24900000
2018-02-27 06:40:54,0.04000200,2.72900000
2018-02-27 06:40:55,0.04000100,0.45600000
2018-02-27 06:40:55,0.04000200,0.36300000
2018-02-27 06:41:19,0.04000200,0.24400000
2018-02-27 06:41:19,0.04000100,0.32400000
2018-02-27 06:41:26,0.04000100,1.18300000
2018-02-27 06:41:28,0.04000100,0.38100000
2018-02-27 06:42:13,0.04000200,1.17200000
2018-02-27 06:42:20,0.04000100,0.04000000
2018-02-27 06:42:37,0.04000100,0.36300000
2018-02-27 06:42:43,0.04000100,7.20500000
2018-02-27 06:42:43,0.04000100,11.85400000
2018-02-27 06:42:43,0.04000100,1.90900000
2018-02-27 06:42:46,0.04000000,3.44100000
2018-02-27 06:42:50,0.04000000,0.23700000
2018-02-27 06:43:04,0.04000000,0.47500000
2018-02-27 06:43:15,0.04000100,3.53400000
2018-02-27 06:43:15,0.04008600,2.68300000
2018-02-27 06:43:15,0.04008700,1.90000000
2018-02-27 06:43:19,0.04008700,2.69000000
2018-02-27 06:43:32,0.04000100,1.11200000
2018-02-27 06:43:35,0.04008100,0.25000000
2018-02-27 06:43:35,0.04008600,0.01700000
2018-02-27 06:43:43,0.04000100,0.05300000
2018-02-27 06:44:24,0.04000100,0.37200000
2018-02-27 06:44:28,0.04000100,0.11600000
2018-02-27 06:45:09,0.04000100,2.82700000
2018-02-27 06:45:10,0.04000000,1.21100000
2018-02-27 06:45:13,0.04000000,2.90300000
2018-02-27 06:45:17,0.04000000,0.22000000
2018-02-27 06:45:21,0.04000100,0.05800000
2018-02-27 06:46:21,0.04000100,0.22600000
2018-02-27 06:46:33,0.04007800,23.27800000
2018-02-27 06:46:33,0.04010000,0.25300000
2018-02-27 06:46:33,0.04010000,0.30300000
2018-02-27 06:46:33,0.04010000,0.25300000
2018-02-27 06:46:33,0.04010000,7.97900000
2018-02-27 06:46:34,0.04010000,0.09800000
2018-02-27 06:46:34,0.04010000,0.03100000
2018-02-27 06:46:37,0.04010000,2.80500000
2018-02-27 06:46:37,0.04000200,1.55200000
2018-02-27 06:46:37,0.04000100,9.71600000
2018-02-27 06:46:37,0.04000000,29.13300000
2018-02-27 06:46:38,0.03999800,6.14300000
2018-02-27 06:46:38,0.03999800,22.16400000
2018-02-27 06:46:38,0.03999800,26.54500000
2018-02-27 06:46:38,0.03996200,0.12500000
2018-02-27 06:46:38,0.03994600,0.38500000
2018-02-27 06:46:39,0.03994700,0.38000000
2018-02-27 06:46:39,0.03992100,0.11000000
2018-02-27 06:46:39,0.03992000,0.16700000
2018-02-27 06:46:39,0.03991100,7.64900000
2018-02-27 06:46:39,0.03990100,0.38000000
2018-02-27 06:46:39,0.03990000,0.22900000
2018-02-27 06:46:39,0.03988900,0.76400000
2018-02-27 06:46:39,0.03988900,4.47100000
2018-02-27 06:46:39,0.03988800,2.52900000
2018-02-27 06:46:39,0.03988600,3.65100000
2018-02-27 06:46:39,0.03988600,5.02300000
2018-02-27 06:46:39,0.03987900,0.44300000
2018-02-27 06:46:39,0.03999900,0.11500000
2018-02-27 06:46:39,0.03986400,0.12500000
2018-02-27 06:46:40,0.03995200,0.20000000
2018-02-27 06:46:41,0.03992800,0.12500000
2018-02-27 06:46:43,0.03994800,0.50000000
2018-02-27 06:46:43,0.03993500,0.20000000
2018-02-27 06:46:44,0.03986400,0.12500000
2018-02-27 06:46:45,0.03995200,0.20000000
2018-02-27 06:46:45,0.03988100,0.11000000
2018-02-27 06:46:45,0.03986500,0.27500000
2018-02-27 06:46:45,0.03985000,0.07000000
2018-02-27 06:46:45,0.03983300,0.11600000
2018-02-27 06:46:45,0.03982600,0.20000000
2018-02-27 06:46:46,0.03986400,0.12500000
2018-02-27 06:46:47,0.03987700,0.20000000
2018-02-27 06:47:00,0.03984000,0.10800000
2018-02-27 06:47:04,0.03994700,0.52800000
2018-02-27 06:47:05,0.03980100,2.56000000
2018-02-27 06:47:05,0.03980000,0.02600000
2018-02-27 06:47:05,0.03979400,0.31100000
2018-02-27 06:47:05,0.03977000,0.10100000
2018-02-27 06:47:05,0.03973300,1.96600000
2018-02-27 06:47:05,0.03994600,0.49800000
2018-02-27 06:47:05,0.03994700,0.95700000
2018-02-27 06:47:07,0.03994300,0.08500000
2018-02-27 06:47:12,0.03994100,1.31600000
2018-02-27 06:47:35,0.03992300,0.62600000
2018-02-27 06:47:38,0.03985400,0.12400000
2018-02-27 06:47:38,0.03985000,0.76300000
2018-02-27 06:47:44,0.03989700,0.06300000
2018-02-27 06:47:51,0.03989600,0.12500000
2018-02-27 06:47:51,0.03989700,1.76400000
2018-02-27 06:47:59,0.03989700,0.06800000
2018-02-27 06:48:09,0.03989900,0.07500000
2018-02-27 06:48:19,0.03989900,0.71900000
2018-02-27 06:48:33,0.03986400,0.12500000
2018-02-27 06:48:33,0.03989900,0.16900000
2018-02-27 06:48:36,0.03989900,0.03000000
2018-02-27 06:48:39,0.03989900,0.06100000
2018-02-27 06:48:52,0.03989600,0.37600000
2018-02-27 06:49:02,0.03989600,0.12600000
2018-02-27 06:49:15,0.03989300,0.09800000
2018-02-27 06:49:15,0.03989400,0.21600000
2018-02-27 06:49:15,0.03989500,0.20000000
2018-02-27 06:49:15,0.03989600,0.46600000
2018-02-27 06:49:16,0.03989700,1.16700000
2018-02-27 06:49:17,0.03989700,2.37000000
2018-02-27 06:49:22,0.03989700,0.09000000
2018-02-27 06:49:22,0.03989600,0.14100000
2018-02-27 06:49:28,0.03989900,0.12800000
2018-02-27 06:49:32,0.03999000,0.03300000
2018-02-27 06:49:33,0.03990000,0.10200000
2018-02-27 06:49:33,0.03999000,0.14000000
2018-02-27 06:49:33,0.03990000,0.39900000
2018-02-27 06:49:34,0.03999000,0.05500000
2018-02-27 06:49:59,0.03998900,0.50100000
2018-02-27 06:49:59,0.03999000,0.29500000
2018-02-27 06:50:03,0.03999000,3.21300000
2018-02-27 06:50:03,0.03999000,15.05300000
2018-02-27 06:50:04,0.03999800,2.16800000
2018-02-27 06:50:04,0.04000000,47.83200000
2018-02-27 06:50:04,0.04000000,33.70900000
2018-02-27 06:50:07,0.03999900,0.06300000
2018-02-27 06:50:10,0.03999900,0.03100000
2018-02-27 06:50:11,0.03999900,20.00000000
2018-02-27 06:50:18,0.03999900,2.43200000
2018-02-27 06:50:21,0.03999900,5.57900000
2018-02-27 06:50:21,0.04000000,4.42100000
2018-02-27 06:50:28,0.03999900,2.69300000
2018-02-27 06:50:31,0.03999900,0.06300000
2018-02-27 06:50:34,0.03999900,21.46800000
2018-02-27 06:50:39,0.03999900,5.19600000
2018-02-27 06:50:39,0.04000000,4.80400000
2018-02-27 06:50:43,0.03999100,0.07500000
2018-02-27 06:50:43,0.03999000,0.00400000
2018-02-27 06:50:43,0.04000000,1.14700000
2018-02-27 06:50:43,0.03999000,4.79000000
2018-02-27 06:50:50,0.04000000,0.25000000
2018-02-27 06:51:01,0.03999900,10.00000000
2018-02-27 06:51:40,0.03999000,2.50000000
2018-02-27 06:51:40,0.03999000,2.47400000
2018-02-27 06:51:40,0.03999000,0.17000000
2018-02-27 06:51:44,0.03999000,0.83600000
2018-02-27 06:51:54,0.03999000,50.00000000
2018-02-27 06:51:54,0.03999000,35.38700000
2018-02-27 06:51:54,0.03990200,0.50100000
2018-02-27 06:51:54,0.03990100,1.21800000
2018-02-27 06:51:54,0.03988800,2.50000000
2018-02-27 06:51:54,0.03987900,0.30000000
2018-02-27 06:51:56,0.03999700,0.50100000
2018-02-27 06:51:56,0.03999800,7.50000000
2018-02-27 06:51:56,0.03999900,1.99900000
2018-02-27 06:51:56,0.03999000,0.12500000
2018-02-27 06:51:56,0.03988800,0.35200000
2018-02-27 06:51:56,0.03982300,0.25100000
2018-02-27 06:52:02,0.03999600,0.11600000
2018-02-27 06:52:26,0.03999600,0.40900000
2018-02-27 06:52:28,0.03987700,0.50100000
2018-02-27 06:52:31,0.03987700,0.17700000
2018-02-27 06:52:32,0.03987700,2.50800000
2018-02-27 06:52:32,0.03987700,5.57500000
2018-02-27 06:52:32,0.03987600,2.00000000
2018-02-27 06:52:34,0.03987600,0.03700000
2018-02-27 06:52:35,0.03987600,0.65600000
2018-02-27 06:52:35,0.03987700,1.35600000
2018-02-27 06:52:36,0.03987700,0.30800000
2018-02-27 06:52:37,0.03982300,0.07800000
2018-02-27 06:52:40,0.03987700,0.00200000
2018-02-27 06:52:40,0.03999300,0.02000000
2018-02-27 06:52:44,0.03999400,0.23800000
2018-02-27 06:53:11,0.03989100,0.17500000
2018-02-27 06:53:35,0.03990300,0.25100000
2018-02-27 06:53:37,0.03989800,0.25000000
2018-02-27 06:53:37,0.03989200,0.50100000
2018-02-27 06:53:38,0.03989000,0.19400000
2018-02-27 06:53:38,0.03989000,0.30300000
2018-02-27 06:54:20,0.03988000,0.02700000
2018-02-27 06:54:20,0.03974200,0.51900000
2018-02-27 06:54:20,0.03988900,0.12500000
2018-02-27 06:54:20,0.03989000,3.38400000
2018-02-27 06:54:23,0.03988900,0.24100000
2018-02-27 06:54:24,0.03988900,0.00200000
2018-02-27 06:54:24,0.03989000,0.66100000
2018-02-27 06:54:25,0.03989000,0.11500000
2018-02-27 06:54:35,0.03976500,0.50200000
2018-02-27 06:54:35,0.03976400,0.49800000
2018-02-27 06:54:39,0.03977100,0.08700000
2018-02-27 06:54:40,0.03997000,0.50200000
2018-02-27 06:54:42,0.03977600,0.18800000
2018-02-27 06:54:45,0.03978000,0.59100000
2018-02-27 06:54:45,0.03977900,5.07200000
2018-02-27 06:54:45,0.03977500,0.71800000
2018-02-27 06:54:45,0.03977000,0.12500000
2018-02-27 06:54:45,0.03975100,7.50000000
2018-02-27 06:54:45,0.03974200,0.90400000
2018-02-27 06:54:57,0.03976400,0.26700000
2018-02-27 06:55:05,0.03988100,0.15000000
2018-02-27 06:55:05,0.03978000,0.07300000
2018-02-27 06:55:05,0.03976900,0.09700000
2018-02-27 06:55:05,0.03975600,0.09700000
2018-02-27 06:55:05,0.03974200,1.06900000
2018-02-27 06:55:05,0.03972800,0.07600000
2018-02-27 06:55:05,0.03972100,2.02900000
2018-02-27 06:55:05,0.03972000,0.15600000
2018-02-27 06:55:05,0.03971300,1.21800000
2018-02-27 06:55:05,0.03971200,0.64500000
2018-02-27 06:55:10,0.03987100,0.08500000
2018-02-27 06:55:11,0.03987000,2.30200000
2018-02-27 06:55:14,0.03986500,0.15100000
2018-02-27 06:55:17,0.03986100,0.10000000
2018-02-27 06:55:17,0.03986300,0.48900000
2018-02-27 06:55:18,0.03980600,0.20000000
2018-02-27 06:55:18,0.03980000,0.16100000
2018-02-27 06:55:18,0.03980000,0.24900000
2018-02-27 06:55:18,0.03986000,0.09800000
2018-02-27 06:55:25,0.03985600,1.21500000
2018-02-27 06:55:26,0.03985600,1.43900000
2018-02-27 06:55:26,0.03985600,0.46800000
2018-02-27 06:55:27,0.03985600,0.04200000
2018-02-27 06:55:28,0.03985600,0.70500000
2018-02-27 06:55:29,0.03985600,0.66800000
2018-02-27 06:55:35,0.03985600,1.83000000
2018-02-27 06:55:39,0.03985700,0.17300000
2018-02-27 06:55:42,0.03985700,0.00200000
2018-02-27 06:55:42,0.03986900,0.03500000
2018-02-27 06:55:43,0.03986900,2.51100000
2018-02-27 06:55:43,0.03986900,0.38400000
2018-02-27 06:55:47,0.03986900,0.17900000
2018-02-27 06:56:01,0.03982400,0.10800000
2018-02-27 06:56:04,0.03982400,0.13200000
2018-02-27 06:56:04,0.03986900,0.03700000
2018-02-27 06:56:06,0.03986800,0.25000000
2018-02-27 06:56:08,0.03982400,0.80800000
2018-02-27 06:56:12,0.03982400,0.03700000
2018-02-27 06:56:14,0.03981500,0.11500000
2018-02-27 06:56:14,0.03981500,0.86000000
2018-02-27 06:56:14,0.03981500,0.17200000
2018-02-27 06:56:15,0.03982400,0.03700000
2018-02-27 06:56:18,0.03982000,0.34200000
2018-02-27 06:56:19,0.03982000,0.03700000
2018-02-27 06:56:20,0.03982000,0.02900000
2018-02-27 06:56:29,0.03982000,0.00200000
2018-02-27 06:56:29,0.03982400,0.11700000
2018-02-27 06:56:29,0.03986800,0.38100000
2018-02-27 06:56:33,0.03986800,0.05500000
2018-02-27 06:56:33,0.03986800,0.03000000
2018-02-27 06:56:33,0.03981600,0.08700000
2018-02-27 06:56:33,0.03981000,0.80400000
2018-02-27 06:56:33,0.03981000,0.14800000
2018-02-27 06:56:33,0.03981000,0.01300000
2018-02-27 06:56:33,0.03986800,0.00200000
2018-02-27 06:56:37,0.03977100,1.00000000
2018-02-27 06:56:53,0.03985900,0.12000000
2018-02-27 06:56:53,0.03986000,0.26700000
2018-02-27 06:56:54,0.03980200,2.10100000
2018-02-27 06:56:54,0.03980000,4.68200000
2018-02-27 06:56:55,0.03980100,0.26800000
2018-02-27 06:56:55,0.03980000,0.31500000
2018-02-27 06:56:55,0.03977200,7.31000000
2018-02-27 06:56:55,0.03977100,6.52900000
2018-02-27 06:56:56,0.03977000,2.16400000
2018-02-27 06:56:56,0.03977000,2.83300000
2018-02-27 06:56:56,0.03977100,2.94900000
2018-02-27 06:57:08,0.03977700,0.12500000
2018-02-27 06:57:08,0.03977100,0.72900000
2018-02-27 06:57:08,0.03977100,0.14400000
2018-02-27 06:57:08,0.03977100,0.00200000
2018-02-27 06:57:13,0.03985200,0.03000000
2018-02-27 06:57:21,0.03985100,0.33000000
2018-02-27 06:57:37,0.03978800,0.00600000
2018-02-27 06:57:58,0.03984700,0.03600000
2018-02-27 06:58:00,0.03978800,0.42000000
2018-02-27 06:58:11,0.03984100,0.50600000
2018-02-27 06:58:12,0.03980400,1.42500000
2018-02-27 06:58:12,0.03971800,1.02300000
2018-02-27 06:58:15,0.03979900,2.00300000
2018-02-27 06:58:15,0.03980000,0.37200000
2018-02-27 06:58:16,0.03979900,1.34400000
2018-02-27 06:58:16,0.03979900,0.00100000
2018-02-27 06:58:16,0.03980000,0.00200000
2018-02-27 06:58:16,0.03984200,0.05200000
2018-02-27 06:58:23,0.03984200,0.03000000
2018-02-27 06:58:25,0.03984000,0.06100000
2018-02-27 06:58:28,0.03983900,0.05500000
2018-02-27 06:58:30,0.03975400,0.50300000
2018-02-27 06:58:30,0.03975300,1.10900000
2018-02-27 06:58:30,0.03974900,0.11000000
2018-02-27 06:58:30,0.03973600,0.20100000
2018-02-27 06:58:30,0.03973500,0.12500000
2018-02-27 06:58:30,0.03971700,0.15000000
2018-02-27 06:58:30,0.03971200,4.06800000
2018-02-27 06:58:32,0.03983700,0.50300000
2018-02-27 06:58:32,0.03983800,0.49700000
2018-02-27 06:58:32,0.03983800,0.05000000
2018-02-27 06:58:34,0.03983800,0.05500000
2018-02-27 06:59:10,0.03982800,0.00100000
2018-02-27 06:59:19,0.03982700,0.05500000
2018-02-27 06:59:28,0.03979900,0.67100000
2018-02-27 06:59:28,0.03980000,0.15000000
2018-02-27 06:59:29,0.03980000,0.00200000
2018-02-27 06:59:31,0.03982300,0.08500000
2018-02-27 06:59:35,0.03982400,0.06800000
2018-02-27 06:59:36,0.03982400,0.10500000
2018-02-27 06:59:36,0.03982500,0.13700000
2018-02-27 06:59:43,0.03982300,0.08500000
2018-02-27 06:59:56,0.03982200,0.08500000
2018-02-27 06:59:57,0.03979900,1.81900000
2018-02-27 06:59:57,0.03974200,0.50300000
2018-02-27 06:59:57,0.03974000,1.18600000
2018-02-27 06:59:57,0.03973900,0.11000000
2018-02-27 06:59:57,0.03971200,0.22100000
