DATE,PRICE,VOLUME
2018-02-23 06:00:03,0.03247900,0.12400000
2018-02-23 06:00:04,0.03248200,0.24200000
2018-02-23 06:00:04,0.03249800,0.15300000
2018-02-23 06:00:04,0.03249900,0.10600000
2018-02-23 06:00:04,0.03241700,0.22000000
2018-02-23 06:00:05,0.03241800,0.92400000
2018-02-23 06:00:05,0.03241900,0.50200000
2018-02-23 06:00:06,0.03249500,0.64400000
2018-02-23 06:00:06,0.03250000,15.35600000
2018-02-23 06:00:06,0.03241900,2.58100000
2018-02-23 06:00:06,0.03241700,0.70500000
2018-02-23 06:00:06,0.03241400,6.54800000
2018-02-23 06:00:06,0.03241400,3.97000000
2018-02-23 06:00:06,0.03241400,2.40900000
2018-02-23 06:00:06,0.03241400,0.19600000
2018-02-23 06:00:06,0.03241400,2.70800000
2018-02-23 06:00:06,0.03241400,1.79400000
2018-02-23 06:00:07,0.03241400,1.16600000
2018-02-23 06:00:07,0.03241100,0.63900000
2018-02-23 06:00:08,0.03241200,0.16600000
2018-02-23 06:00:09,0.03241100,0.92400000
2018-02-23 06:00:09,0.03241200,0.10600000
2018-02-23 06:00:09,0.03241200,2.81100000
2018-02-23 06:00:09,0.03241400,5.58600000
2018-02-23 06:00:13,0.03241400,0.06800000
2018-02-23 06:00:13,0.03241400,20.84200000
2018-02-23 06:00:14,0.03250000,0.01400000
2018-02-23 06:00:16,0.03250000,0.22300000
2018-02-23 06:00:18,0.03247900,8.00000000
2018-02-23 06:00:19,0.03247900,1.01100000
2018-02-23 06:00:19,0.03247900,2.55500000
2018-02-23 06:00:25,0.03241600,0.15600000
2018-02-23 06:00:28,0.03242100,0.05900000
2018-02-23 06:00:34,0.03242700,0.25400000
2018-02-23 06:00:35,0.03242400,3.34000000
2018-02-23 06:00:40,0.03249600,0.92500000
2018-02-23 06:00:40,0.03249700,1.04500000
2018-02-23 06:00:41,0.03242800,0.12400000
2018-02-23 06:00:47,0.03249300,0.03700000
2018-02-23 06:00:53,0.03249000,1.02400000
2018-02-23 06:00:55,0.03244300,0.07000000
2018-02-23 06:00:56,0.03248800,0.15600000
2018-02-23 06:00:56,0.03249000,1.23400000
2018-02-23 06:00:56,0.03249100,7.60900000
2018-02-23 06:01:00,0.03249000,1.99000000
2018-02-23 06:01:01,0.03249000,1.00000000
2018-02-23 06:01:07,0.03249000,0.80100000
2018-02-23 06:01:07,0.03249100,7.94100000
2018-02-23 06:01:07,0.03249300,0.22100000
2018-02-23 06:01:07,0.03249400,0.12400000
2018-02-23 06:01:07,0.03249800,2.76900000
2018-02-23 06:01:07,0.03250000,7.88500000
2018-02-23 06:01:07,0.03252600,2.59500000
2018-02-23 06:01:07,0.03254800,0.18500000
2018-02-23 06:01:07,0.03255000,3.46100000
2018-02-23 06:01:07,0.03259400,0.46900000
2018-02-23 06:01:07,0.03259500,3.33200000
2018-02-23 06:01:07,0.03260000,1.76400000
2018-02-23 06:01:16,0.03252800,0.10000000
2018-02-23 06:01:16,0.03259900,0.22300000
2018-02-23 06:01:16,0.03260000,2.30700000
2018-02-23 06:01:16,0.03260100,1.50000000
2018-02-23 06:01:16,0.03260400,2.22300000
2018-02-23 06:01:16,0.03260400,0.67400000
2018-02-23 06:01:16,0.03246000,0.67400000
2018-02-23 06:01:16,0.03246100,0.67400000
2018-02-23 06:01:19,0.03252500,0.55000000
2018-02-23 06:01:19,0.03252600,0.79800000
2018-02-23 06:01:19,0.03254400,0.67400000
2018-02-23 06:01:19,0.03260000,2.06200000
2018-02-23 06:01:19,0.03260000,2.06700000
2018-02-23 06:01:19,0.03260000,0.92000000
2018-02-23 06:01:19,0.03260000,2.06200000
2018-02-23 06:01:19,0.03260000,0.07000000
2018-02-23 06:01:19,0.03260000,3.33800000
2018-02-23 06:01:24,0.03254100,1.76200000
2018-02-23 06:01:24,0.03254200,0.16400000
2018-02-23 06:01:24,0.03259800,1.21300000
2018-02-23 06:01:24,0.03259800,1.79200000
2018-02-23 06:01:26,0.03254400,0.06800000
2018-02-23 06:01:26,0.03254500,0.24600000
2018-02-23 06:01:27,0.03259800,0.78700000
2018-02-23 06:01:28,0.03254800,0.07800000
2018-02-23 06:01:28,0.03259700,0.24600000
2018-02-23 06:01:28,0.03259800,0.99900000
2018-02-23 06:01:30,0.03255000,0.07800000
2018-02-23 06:01:30,0.03259800,0.93500000
2018-02-23 06:01:31,0.03259800,0.19500000
2018-02-23 06:01:32,0.03260000,0.70000000
2018-02-23 06:01:33,0.03259800,0.07800000
2018-02-23 06:01:34,0.03259900,0.52400000
2018-02-23 06:01:35,0.03259900,0.55900000
2018-02-23 06:01:35,0.03260000,0.44100000
2018-02-23 06:01:35,0.03259800,0.08700000
2018-02-23 06:01:35,0.03259800,0.01300000
2018-02-23 06:01:35,0.03260000,0.38000000
2018-02-23 06:01:36,0.03260000,0.57600000
2018-02-23 06:01:36,0.03260300,4.78800000
2018-02-23 06:01:36,0.03260500,0.47100000
2018-02-23 06:01:37,0.03260700,0.29500000
2018-02-23 06:01:37,0.03260500,4.62000000
2018-02-23 06:01:39,0.03260700,0.35000000
2018-02-23 06:01:39,0.03263000,0.31500000
2018-02-23 06:01:40,0.03263000,0.02700000
2018-02-23 06:01:40,0.03263100,0.06300000
2018-02-23 06:01:40,0.03263700,0.24700000
2018-02-23 06:01:40,0.03263800,0.15600000
2018-02-23 06:01:40,0.03264100,0.03300000
2018-02-23 06:01:40,0.03265000,0.99400000
2018-02-23 06:01:40,0.03266100,1.24200000
2018-02-23 06:01:40,0.03266700,0.41200000
2018-02-23 06:01:40,0.03267700,3.63100000
2018-02-23 06:01:40,0.03267900,0.93300000
2018-02-23 06:01:42,0.03267900,0.12000000
2018-02-23 06:01:42,0.03269300,0.04600000
2018-02-23 06:01:42,0.03269300,0.18500000
2018-02-23 06:01:42,0.03269700,0.28100000
2018-02-23 06:01:42,0.03270000,1.45300000
2018-02-23 06:01:43,0.03270000,0.06800000
2018-02-23 06:01:44,0.03267000,0.04100000
2018-02-23 06:01:44,0.03267000,0.05900000
2018-02-23 06:01:44,0.03270000,0.57900000
2018-02-23 06:01:45,0.03264100,0.91900000
2018-02-23 06:01:45,0.03263800,0.01100000
2018-02-23 06:01:45,0.03269900,0.01100000
2018-02-23 06:01:47,0.03269800,0.06800000
2018-02-23 06:01:47,0.03269800,0.00200000
2018-02-23 06:01:48,0.03267000,0.04600000
2018-02-23 06:01:48,0.03267000,0.14000000
2018-02-23 06:01:48,0.03264300,0.12400000
2018-02-23 06:01:48,0.03263800,0.13400000
2018-02-23 06:01:48,0.03261400,0.70100000
2018-02-23 06:01:49,0.03269800,0.00100000
2018-02-23 06:01:50,0.03269800,0.07600000
2018-02-23 06:01:53,0.03268500,0.05600000
2018-02-23 06:01:55,0.03268300,0.06800000
2018-02-23 06:01:55,0.03268500,0.04400000
2018-02-23 06:01:55,0.03269800,0.26900000
2018-02-23 06:01:56,0.03269900,0.07800000
2018-02-23 06:01:56,0.03270000,0.93800000
2018-02-23 06:01:56,0.03270000,2.75000000
2018-02-23 06:01:57,0.03269800,0.49700000
2018-02-23 06:01:57,0.03268500,2.39500000
2018-02-23 06:01:57,0.03267200,0.12400000
2018-02-23 06:01:57,0.03267100,2.82600000
2018-02-23 06:01:57,0.03267000,10.15800000
2018-02-23 06:01:57,0.03267000,0.49700000
2018-02-23 06:01:59,0.03269600,0.12400000
2018-02-23 06:02:00,0.03269900,1.75500000
2018-02-23 06:02:00,0.03269900,1.07100000
2018-02-23 06:02:00,0.03270000,22.28900000
2018-02-23 06:02:00,0.03271200,0.52300000
2018-02-23 06:02:00,0.03272100,0.90800000
2018-02-23 06:02:00,0.03273000,1.12600000
2018-02-23 06:02:00,0.03274100,0.03100000
2018-02-23 06:02:00,0.03274500,0.15700000
2018-02-23 06:02:00,0.03275000,3.96800000
2018-02-23 06:02:01,0.03275000,3.83700000
2018-02-23 06:02:01,0.03276000,0.21000000
2018-02-23 06:02:01,0.03277500,0.04400000
2018-02-23 06:02:01,0.03277800,0.33600000
2018-02-23 06:02:01,0.03278800,0.36400000
2018-02-23 06:02:01,0.03278900,0.36000000
2018-02-23 06:02:01,0.03279700,2.16200000
2018-02-23 06:02:01,0.03279700,0.16200000
2018-02-23 06:02:02,0.03279800,0.40800000
2018-02-23 06:02:02,0.03280000,2.59200000
2018-02-23 06:02:04,0.03279700,7.27100000
2018-02-23 06:02:04,0.03273200,2.41800000
2018-02-23 06:02:04,0.03279800,0.07600000
2018-02-23 06:02:04,0.03279800,0.02400000
2018-02-23 06:02:04,0.03279900,0.26500000
2018-02-23 06:02:05,0.03273500,0.12400000
2018-02-23 06:02:05,0.03273400,3.05400000
2018-02-23 06:02:05,0.03273100,4.57100000
2018-02-23 06:02:05,0.03273000,4.57200000
2018-02-23 06:02:05,0.03273000,10.56900000
2018-02-23 06:02:05,0.03270000,1.52800000
2018-02-23 06:02:05,0.03269800,3.92500000
2018-02-23 06:02:05,0.03269800,1.82700000
2018-02-23 06:02:05,0.03269600,0.93800000
2018-02-23 06:02:05,0.03267300,0.38000000
2018-02-23 06:02:06,0.03273300,0.15200000
2018-02-23 06:02:06,0.03267100,0.91800000
2018-02-23 06:02:06,0.03267000,2.25900000
2018-02-23 06:02:06,0.03267000,1.07000000
2018-02-23 06:02:06,0.03264300,0.11600000
2018-02-23 06:02:06,0.03263800,0.09300000
2018-02-23 06:02:07,0.03260700,0.33000000
2018-02-23 06:02:07,0.03260700,0.26200000
2018-02-23 06:02:08,0.03260700,0.16300000
2018-02-23 06:02:08,0.03260700,0.04700000
2018-02-23 06:02:08,0.03260800,0.06200000
2018-02-23 06:02:08,0.03260800,0.06200000
2018-02-23 06:02:08,0.03260700,3.02400000
2018-02-23 06:02:08,0.03260700,0.30000000
2018-02-23 06:02:08,0.03260700,0.34400000
2018-02-23 06:02:08,0.03260700,0.31100000
2018-02-23 06:02:08,0.03260700,0.83900000
2018-02-23 06:02:08,0.03260700,0.07100000
2018-02-23 06:02:09,0.03260700,0.13700000
2018-02-23 06:02:09,0.03260700,0.73600000
2018-02-23 06:02:09,0.03260700,0.31200000
2018-02-23 06:02:09,0.03260700,0.05600000
2018-02-23 06:02:09,0.03260700,0.27200000
2018-02-23 06:02:09,0.03260600,0.00800000
2018-02-23 06:02:09,0.03260600,0.12400000
2018-02-23 06:02:09,0.03260600,0.13400000
2018-02-23 06:02:09,0.03260600,0.63000000
2018-02-23 06:02:09,0.03260500,0.13100000
2018-02-23 06:02:09,0.03260500,0.09300000
2018-02-23 06:02:09,0.03260700,0.15400000
2018-02-23 06:02:09,0.03260700,0.15400000
2018-02-23 06:02:10,0.03260500,0.06200000
2018-02-23 06:02:10,0.03260500,6.31100000
2018-02-23 06:02:10,0.03260500,0.19500000
2018-02-23 06:02:10,0.03263800,0.04600000
2018-02-23 06:02:10,0.03263800,0.03700000
2018-02-23 06:02:10,0.03263800,0.03800000
2018-02-23 06:02:10,0.03263800,0.55200000
2018-02-23 06:02:10,0.03263800,0.03700000
2018-02-23 06:02:11,0.03263800,0.08900000
2018-02-23 06:02:11,0.03260600,0.04600000
2018-02-23 06:02:11,0.03260600,0.27900000
2018-02-23 06:02:11,0.03260700,0.15400000
2018-02-23 06:02:11,0.03260700,0.85900000
2018-02-23 06:02:11,0.03260700,0.09300000
2018-02-23 06:02:11,0.03260700,0.07800000
2018-02-23 06:02:11,0.03260700,0.18600000
2018-02-23 06:02:11,0.03260700,0.14700000
2018-02-23 06:02:11,0.03260700,0.04800000
2018-02-23 06:02:11,0.03260700,0.15400000
2018-02-23 06:02:11,0.03260700,0.18700000
2018-02-23 06:02:11,0.03260700,0.06200000
2018-02-23 06:02:11,0.03260700,0.25800000
2018-02-23 06:02:11,0.03260600,0.92200000
2018-02-23 06:02:11,0.03260600,0.61600000
2018-02-23 06:02:12,0.03260600,0.07800000
2018-02-23 06:02:12,0.03260600,0.09300000
2018-02-23 06:02:12,0.03260600,2.17200000
2018-02-23 06:02:12,0.03260600,0.14000000
2018-02-23 06:02:12,0.03260600,0.07800000
2018-02-23 06:02:12,0.03260600,0.15600000
2018-02-23 06:02:12,0.03260600,0.20500000
2018-02-23 06:02:12,0.03260600,0.17100000
2018-02-23 06:02:12,0.03260600,0.12800000
2018-02-23 06:02:12,0.03260600,0.12200000
2018-02-23 06:02:12,0.03260600,0.07700000
2018-02-23 06:02:12,0.03260600,0.03700000
2018-02-23 06:02:12,0.03260600,0.06200000
2018-02-23 06:02:12,0.03260800,0.15500000
2018-02-23 06:02:12,0.03260800,0.15600000
2018-02-23 06:02:12,0.03260800,0.06800000
2018-02-23 06:02:13,0.03260800,0.31200000
2018-02-23 06:02:13,0.03260800,0.07400000
2018-02-23 06:02:13,0.03260800,0.07700000
2018-02-23 06:02:13,0.03260800,0.26900000
2018-02-23 06:02:13,0.03260800,0.10300000
2018-02-23 06:02:13,0.03260800,0.58000000
2018-02-23 06:02:13,0.03260800,0.13000000
2018-02-23 06:02:13,0.03270000,0.52800000
2018-02-23 06:02:13,0.03260800,0.37300000
2018-02-23 06:02:13,0.03260800,0.07800000
2018-02-23 06:02:13,0.03260800,0.13000000
2018-02-23 06:02:13,0.03260800,1.37700000
2018-02-23 06:02:13,0.03260800,0.07800000
2018-02-23 06:02:13,0.03260800,0.04700000
2018-02-23 06:02:13,0.03260800,0.04200000
2018-02-23 06:02:13,0.03260800,0.27200000
2018-02-23 06:02:13,0.03260800,0.04400000
2018-02-23 06:02:13,0.03260800,0.07800000
2018-02-23 06:02:13,0.03260800,0.20500000
2018-02-23 06:02:13,0.03260800,0.12400000
2018-02-23 06:02:13,0.03260800,0.07800000
2018-02-23 06:02:13,0.03260800,0.07700000
2018-02-23 06:02:13,0.03260800,0.15400000
2018-02-23 06:02:14,0.03260800,1.30500000
2018-02-23 06:02:14,0.03260800,0.49100000
2018-02-23 06:02:14,0.03260800,0.53300000
2018-02-23 06:02:14,0.03260800,0.06000000
2018-02-23 06:02:14,0.03260800,0.46600000
2018-02-23 06:02:14,0.03260800,0.09300000
2018-02-23 06:02:14,0.03261000,0.12400000
2018-02-23 06:02:14,0.03260800,0.04700000
2018-02-23 06:02:14,0.03260800,0.18700000
2018-02-23 06:02:14,0.03260800,0.05200000
2018-02-23 06:02:14,0.03260800,0.06200000
2018-02-23 06:02:14,0.03260800,0.31000000
2018-02-23 06:02:14,0.03260800,0.15400000
2018-02-23 06:02:15,0.03260800,0.07700000
2018-02-23 06:02:15,0.03260800,0.09900000
2018-02-23 06:02:15,0.03260800,0.25400000
2018-02-23 06:02:15,0.03260800,0.23100000
2018-02-23 06:02:15,0.03260800,0.42000000
2018-02-23 06:02:15,0.03260800,0.31100000
2018-02-23 06:02:15,0.03260800,0.07800000
2018-02-23 06:02:15,0.03260800,1.62500000
2018-02-23 06:02:15,0.03260800,0.45300000
2018-02-23 06:02:15,0.03260800,0.21600000
2018-02-23 06:02:15,0.03260800,0.07800000
2018-02-23 06:02:16,0.03260800,0.07200000
2018-02-23 06:02:16,0.03260800,0.07700000
2018-02-23 06:02:16,0.03269400,0.12400000
2018-02-23 06:02:16,0.03269700,0.03700000
2018-02-23 06:02:16,0.03260800,0.06200000
2018-02-23 06:02:16,0.03260800,1.77400000
2018-02-23 06:02:16,0.03260800,0.07800000
2018-02-23 06:02:17,0.03260800,0.06200000
2018-02-23 06:02:17,0.03260800,0.06200000
2018-02-23 06:02:18,0.03261000,0.06000000
2018-02-23 06:02:18,0.03261000,0.06400000
2018-02-23 06:02:18,0.03260800,0.06100000
2018-02-23 06:02:18,0.03260800,0.07200000
2018-02-23 06:02:18,0.03268700,0.88100000
2018-02-23 06:02:18,0.03268800,0.12400000
2018-02-23 06:02:18,0.03268900,0.23300000
2018-02-23 06:02:18,0.03269000,4.57100000
2018-02-23 06:02:18,0.03269100,0.66400000
2018-02-23 06:02:18,0.03269800,0.12400000
2018-02-23 06:02:18,0.03269900,0.12400000
2018-02-23 06:02:18,0.03270000,0.07400000
2018-02-23 06:02:18,0.03272000,0.12400000
2018-02-23 06:02:18,0.03272100,0.19400000
2018-02-23 06:02:18,0.03272400,4.26600000
2018-02-23 06:02:18,0.03272700,0.62100000
2018-02-23 06:02:19,0.03260900,0.06200000
2018-02-23 06:02:19,0.03260900,0.11200000
2018-02-23 06:02:19,0.03260900,0.62500000
2018-02-23 06:02:19,0.03260900,0.07800000
2018-02-23 06:02:20,0.03260900,0.70000000
2018-02-23 06:02:20,0.03260800,2.35400000
2018-02-23 06:02:20,0.03261000,0.05800000
2018-02-23 06:02:20,0.03260900,0.03700000
2018-02-23 06:02:21,0.03261100,0.07800000
2018-02-23 06:02:21,0.03261100,0.09300000
2018-02-23 06:02:21,0.03261100,0.09900000
2018-02-23 06:02:21,0.03261100,0.27200000
2018-02-23 06:02:21,0.03261100,0.11800000
2018-02-23 06:02:21,0.03261100,0.15500000
2018-02-23 06:02:21,0.03261100,0.09600000
2018-02-23 06:02:21,0.03261100,0.04600000
2018-02-23 06:02:21,0.03261100,0.53800000
2018-02-23 06:02:21,0.03261100,0.24200000
2018-02-23 06:02:21,0.03261100,0.11000000
2018-02-23 06:02:22,0.03269900,0.38000000
2018-02-23 06:02:22,0.03261100,0.07800000
2018-02-23 06:02:22,0.03261100,0.14000000
2018-02-23 06:02:22,0.03261100,0.05300000
2018-02-23 06:02:22,0.03261100,0.09400000
2018-02-23 06:02:22,0.03261100,0.06500000
2018-02-23 06:02:22,0.03261100,0.78700000
2018-02-23 06:02:22,0.03269900,1.19700000
2018-02-23 06:02:22,0.03272700,2.61300000
2018-02-23 06:02:22,0.03273100,0.09300000
2018-02-23 06:02:22,0.03273500,0.11600000
2018-02-23 06:02:22,0.03275100,2.15300000
2018-02-23 06:02:22,0.03261200,0.15500000
2018-02-23 06:02:22,0.03276400,0.37900000
2018-02-23 06:02:22,0.03276500,1.52800000
2018-02-23 06:02:23,0.03261900,0.06900000
2018-02-23 06:02:23,0.03261900,0.05500000
2018-02-23 06:02:23,0.03261200,0.49400000
2018-02-23 06:02:23,0.03261200,0.27000000
2018-02-23 06:02:23,0.03261200,0.06200000
2018-02-23 06:02:23,0.03261200,0.07800000
2018-02-23 06:02:23,0.03261200,0.09000000
2018-02-23 06:02:23,0.03261200,0.14000000
2018-02-23 06:02:23,0.03261300,4.66800000
2018-02-23 06:02:23,0.03262000,0.07800000
2018-02-23 06:02:24,0.03262000,0.25800000
2018-02-23 06:02:24,0.03262000,0.04700000
2018-02-23 06:02:24,0.03262000,0.92700000
2018-02-23 06:02:24,0.03262000,0.06200000
2018-02-23 06:02:24,0.03262000,0.09300000
2018-02-23 06:02:24,0.03262000,0.03700000
2018-02-23 06:02:24,0.03262000,0.30400000
2018-02-23 06:02:24,0.03262000,0.11700000
2018-02-23 06:02:24,0.03262100,0.07800000
2018-02-23 06:02:24,0.03262100,0.06200000
2018-02-23 06:02:24,0.03262100,0.31500000
2018-02-23 06:02:24,0.03262100,0.22200000
2018-02-23 06:02:24,0.03262100,0.09600000
2018-02-23 06:02:24,0.03262100,0.05900000
2018-02-23 06:02:24,0.03262100,0.56900000
2018-02-23 06:02:24,0.03262100,0.61700000
2018-02-23 06:02:25,0.03262100,0.12800000
2018-02-23 06:02:25,0.03262200,0.26300000
2018-02-23 06:02:25,0.03262200,0.07800000
2018-02-23 06:02:25,0.03262200,0.30600000
2018-02-23 06:02:25,0.03262200,0.09300000
2018-02-23 06:02:25,0.03262200,0.04700000
2018-02-23 06:02:25,0.03262200,0.24800000
2018-02-23 06:02:25,0.03262200,0.18900000
2018-02-23 06:02:25,0.03262200,0.31000000
2018-02-23 06:02:26,0.03262200,0.61900000
2018-02-23 06:02:26,0.03262200,0.15200000
2018-02-23 06:02:26,0.03262200,0.21700000
2018-02-23 06:02:26,0.03262200,0.10900000
2018-02-23 06:02:26,0.03276600,0.64700000
2018-02-23 06:02:27,0.03262200,0.28100000
2018-02-23 06:02:27,0.03262200,0.07800000
2018-02-23 06:02:27,0.03262200,0.31000000
2018-02-23 06:02:27,0.03262200,0.07800000
2018-02-23 06:02:27,0.03262200,0.07700000
2018-02-23 06:02:28,0.03262200,0.52600000
2018-02-23 06:02:28,0.03262200,0.09300000
2018-02-23 06:02:28,0.03262200,0.08100000
2018-02-23 06:02:28,0.03262200,0.07800000
2018-02-23 06:02:29,0.03267000,8.48700000
2018-02-23 06:02:30,0.03262200,0.26100000
2018-02-23 06:02:31,0.03262400,0.04600000
2018-02-23 06:02:31,0.03262400,0.07800000
2018-02-23 06:02:31,0.03262200,0.03700000
2018-02-23 06:02:34,0.03269800,0.48200000
2018-02-23 06:02:34,0.03269900,0.12400000
2018-02-23 06:02:34,0.03269800,1.57700000
2018-02-23 06:02:34,0.03269800,0.90500000
2018-02-23 06:02:35,0.03269500,0.12800000
2018-02-23 06:02:36,0.03262000,0.12500000
2018-02-23 06:02:38,0.03269100,0.91900000
2018-02-23 06:02:38,0.03269200,0.68700000
2018-02-23 06:02:38,0.03269400,4.01700000
2018-02-23 06:02:38,0.03269500,1.92300000
2018-02-23 06:02:38,0.03269900,0.82400000
2018-02-23 06:02:38,0.03269900,0.27800000
2018-02-23 06:02:38,0.03268900,1.23400000
2018-02-23 06:02:38,0.03269100,0.51400000
2018-02-23 06:02:38,0.03262300,0.05300000
2018-02-23 06:02:40,0.03262600,0.31400000
2018-02-23 06:02:40,0.03273300,1.99500000
2018-02-23 06:02:40,0.03273300,1.61100000
2018-02-23 06:02:40,0.03273300,1.06200000
2018-02-23 06:02:40,0.03273400,0.06700000
2018-02-23 06:02:41,0.03262900,0.09300000
2018-02-23 06:02:41,0.03263200,0.07100000
2018-02-23 06:02:42,0.03263400,0.29700000
2018-02-23 06:02:45,0.03263900,0.05300000
2018-02-23 06:02:45,0.03263900,0.04300000
2018-02-23 06:02:46,0.03264100,0.03900000
2018-02-23 06:02:46,0.03273300,0.31400000
2018-02-23 06:02:51,0.03273200,0.09600000
2018-02-23 06:02:51,0.03273300,0.19600000
2018-02-23 06:02:51,0.03267000,0.11100000
2018-02-23 06:02:52,0.03267300,0.07700000
2018-02-23 06:02:54,0.03267600,2.63500000
2018-02-23 06:02:54,0.03267400,0.91800000
2018-02-23 06:02:54,0.03267000,0.01300000
2018-02-23 06:02:54,0.03266700,2.37100000
2018-02-23 06:02:55,0.03272900,0.86400000
2018-02-23 06:02:56,0.03272700,3.06400000
2018-02-23 06:02:56,0.03272900,0.05400000
2018-02-23 06:02:56,0.03273000,0.12400000
2018-02-23 06:02:56,0.03273200,2.51900000
2018-02-23 06:02:56,0.03273300,7.07400000
2018-02-23 06:02:56,0.03267800,0.07800000
2018-02-23 06:02:56,0.03273300,4.61700000
2018-02-23 06:02:58,0.03273300,1.42700000
2018-02-23 06:02:59,0.03273300,0.60500000
2018-02-23 06:03:02,0.03268300,0.21500000
2018-02-23 06:03:02,0.03273300,4.91100000
2018-02-23 06:03:02,0.03273400,0.03800000
2018-02-23 06:03:02,0.03274800,0.12400000
2018-02-23 06:03:02,0.03275500,0.05300000
2018-02-23 06:03:02,0.03273300,0.22300000
2018-02-23 06:03:03,0.03273300,0.39200000
2018-02-23 06:03:04,0.03275300,0.21500000
2018-02-23 06:03:04,0.03275500,0.07100000
2018-02-23 06:03:04,0.03276500,0.05100000
2018-02-23 06:03:04,0.03276600,0.24900000
2018-02-23 06:03:04,0.03273400,0.00200000
2018-02-23 06:03:05,0.03275200,0.07100000
2018-02-23 06:03:05,0.03273400,0.04400000
2018-02-23 06:03:08,0.03273300,0.24200000
2018-02-23 06:03:11,0.03273400,0.31000000
2018-02-23 06:03:12,0.03274300,0.20000000
2018-02-23 06:03:15,0.03273400,0.31000000
2018-02-23 06:03:16,0.03274300,0.03400000
2018-02-23 06:03:16,0.03274300,0.18800000
2018-02-23 06:03:16,0.03273600,0.12400000
2018-02-23 06:03:16,0.03273400,0.22500000
2018-02-23 06:03:17,0.03275000,0.12400000
2018-02-23 06:03:17,0.03275200,0.00700000
2018-02-23 06:03:17,0.03276600,0.00600000
2018-02-23 06:03:17,0.03278000,0.05700000
2018-02-23 06:03:17,0.03278000,0.02300000
2018-02-23 06:03:17,0.03279900,3.09900000
2018-02-23 06:03:18,0.03275200,0.15300000
2018-02-23 06:03:19,0.03275300,0.24400000
2018-02-23 06:03:20,0.03275000,0.30900000
2018-02-23 06:03:21,0.03275100,0.10000000
2018-02-23 06:03:21,0.03275300,0.04800000
2018-02-23 06:03:21,0.03275000,0.31100000
2018-02-23 06:03:21,0.03275000,0.15300000
2018-02-23 06:03:23,0.03275000,0.07500000
2018-02-23 06:03:23,0.03275000,0.56400000
2018-02-23 06:03:23,0.03273500,2.82700000
2018-02-23 06:03:23,0.03273400,2.88700000
2018-02-23 06:03:24,0.03273400,0.32400000
2018-02-23 06:03:26,0.03273600,0.06900000
2018-02-23 06:03:26,0.03275200,2.82700000
2018-02-23 06:03:26,0.03275300,10.75800000
2018-02-23 06:03:27,0.03273600,0.05500000
2018-02-23 06:03:27,0.03273400,0.94500000
2018-02-23 06:03:31,0.03275100,0.06900000
2018-02-23 06:03:31,0.03275100,0.05500000
2018-02-23 06:03:32,0.03275300,2.79300000
2018-02-23 06:03:33,0.03275300,0.13600000
2018-02-23 06:03:34,0.03275300,0.72400000
2018-02-23 06:03:34,0.03274900,0.06800000
2018-02-23 06:03:34,0.03274300,2.21900000
2018-02-23 06:03:35,0.03279900,0.40200000
2018-02-23 06:03:35,0.03279900,0.28100000
2018-02-23 06:03:36,0.03279900,0.41100000
2018-02-23 06:03:37,0.03279900,0.44800000
2018-02-23 06:03:37,0.03280000,0.10200000
2018-02-23 06:03:39,0.03280000,0.03100000
2018-02-23 06:03:39,0.03280000,0.19100000
2018-02-23 06:03:40,0.03280000,0.03100000
2018-02-23 06:03:40,0.03280000,1.98000000
2018-02-23 06:03:41,0.03280000,1.12700000
2018-02-23 06:03:41,0.03280100,0.10000000
2018-02-23 06:03:41,0.03281800,0.15200000
2018-02-23 06:03:41,0.03281900,1.53200000
2018-02-23 06:03:41,0.03282000,1.08900000
2018-02-23 06:03:42,0.03279900,0.23600000
2018-02-23 06:03:42,0.03280100,0.06300000
2018-02-23 06:03:43,0.03282000,0.61300000
2018-02-23 06:03:44,0.03280100,0.06100000
2018-02-23 06:03:45,0.03280100,0.24900000
2018-02-23 06:03:46,0.03281000,0.10000000
2018-02-23 06:03:46,0.03281800,0.12400000
2018-02-23 06:03:46,0.03282000,16.77600000
2018-02-23 06:03:46,0.03280000,0.07600000
2018-02-23 06:03:47,0.03281900,0.24900000
2018-02-23 06:03:47,0.03282000,0.22500000
2018-02-23 06:03:48,0.03282000,7.25900000
2018-02-23 06:03:48,0.03282000,7.03400000
2018-02-23 06:03:49,0.03280300,0.07600000
2018-02-23 06:03:50,0.03282000,0.21600000
2018-02-23 06:03:50,0.03284100,0.03700000
2018-02-23 06:03:50,0.03284800,0.23800000
2018-02-23 06:03:50,0.03285000,1.21700000
2018-02-23 06:03:50,0.03285400,0.37500000
2018-02-23 06:03:50,0.03288000,2.24800000
2018-02-23 06:03:50,0.03288200,0.25500000
2018-02-23 06:03:50,0.03288300,0.04900000
2018-02-23 06:03:50,0.03288500,0.14400000
2018-02-23 06:03:50,0.03289900,0.79200000
2018-02-23 06:03:50,0.03290000,6.06000000
2018-02-23 06:03:50,0.03290000,0.76000000
2018-02-23 06:03:50,0.03290000,0.91100000
2018-02-23 06:03:50,0.03290000,0.07800000
2018-02-23 06:03:50,0.03290000,3.73400000
2018-02-23 06:03:50,0.03290000,3.70800000
2018-02-23 06:03:50,0.03290000,0.06900000
2018-02-23 06:03:50,0.03290000,0.56000000
2018-02-23 06:03:51,0.03290000,0.11200000
2018-02-23 06:03:51,0.03282000,0.11200000
2018-02-23 06:03:51,0.03282200,0.07600000
2018-02-23 06:03:51,0.03282200,0.80000000
2018-02-23 06:03:52,0.03282300,0.09000000
2018-02-23 06:03:54,0.03282400,0.07600000
2018-02-23 06:03:55,0.03282900,0.92400000
2018-02-23 06:03:56,0.03283000,0.07100000
2018-02-23 06:03:56,0.03283200,0.03700000
2018-02-23 06:03:56,0.03289800,0.07600000
2018-02-23 06:03:56,0.03289900,0.87600000
2018-02-23 06:03:56,0.03290000,0.86000000
2018-02-23 06:03:56,0.03290500,0.00200000
2018-02-23 06:03:56,0.03283200,0.06200000
2018-02-23 06:03:57,0.03283200,0.08400000
2018-02-23 06:03:57,0.03283300,0.93900000
2018-02-23 06:03:57,0.03283400,0.12400000
2018-02-23 06:03:57,0.03283300,0.03100000
2018-02-23 06:03:58,0.03283400,0.07700000
2018-02-23 06:03:58,0.03283400,0.15500000
2018-02-23 06:03:58,0.03283600,0.92400000
2018-02-23 06:03:58,0.03283600,0.07600000
2018-02-23 06:03:58,0.03283600,0.07700000
2018-02-23 06:03:59,0.03283600,0.04600000
2018-02-23 06:04:00,0.03283600,0.07700000
2018-02-23 06:04:04,0.03284200,1.57300000
2018-02-23 06:04:04,0.03284400,0.12400000
2018-02-23 06:04:04,0.03284000,0.30700000
2018-02-23 06:04:05,0.03288800,0.30300000
2018-02-23 06:04:05,0.03288900,0.12400000
2018-02-23 06:04:05,0.03289100,0.02300000
2018-02-23 06:04:05,0.03283900,4.11900000
2018-02-23 06:04:05,0.03283300,2.81900000
2018-02-23 06:04:05,0.03283200,11.31300000
2018-02-23 06:04:05,0.03283200,8.70900000
2018-02-23 06:04:05,0.03283200,0.44300000
2018-02-23 06:04:05,0.03284200,1.10300000
2018-02-23 06:04:06,0.03282400,5.28800000
2018-02-23 06:04:06,0.03282200,3.21800000
2018-02-23 06:04:06,0.03282000,10.72000000
2018-02-23 06:04:06,0.03280100,1.42100000
2018-02-23 06:04:06,0.03280000,8.84300000
2018-02-23 06:04:06,0.03288500,0.07500000
2018-02-23 06:04:08,0.03288300,1.62400000
2018-02-23 06:04:08,0.03288300,1.42200000
2018-02-23 06:04:08,0.03288500,0.40300000
2018-02-23 06:04:08,0.03284200,0.12400000
2018-02-23 06:04:08,0.03284000,0.07000000
2018-02-23 06:04:08,0.03284000,0.44900000
2018-02-23 06:04:09,0.03284000,0.48400000
2018-02-23 06:04:09,0.03284000,0.03700000
2018-02-23 06:04:09,0.03288000,0.14900000
2018-02-23 06:04:10,0.03284000,0.71200000
2018-02-23 06:04:10,0.03283600,1.98200000
2018-02-23 06:04:10,0.03283500,0.29800000
2018-02-23 06:04:11,0.03276700,2.99900000
2018-02-23 06:04:11,0.03276700,0.05100000
2018-02-23 06:04:11,0.03276500,0.47000000
2018-02-23 06:04:11,0.03283400,0.29200000
2018-02-23 06:04:12,0.03276500,0.07700000
2018-02-23 06:04:12,0.03276500,0.07700000
2018-02-23 06:04:12,0.03277500,0.07200000
2018-02-23 06:04:12,0.03277500,0.09300000
2018-02-23 06:04:12,0.03277500,0.01400000
2018-02-23 06:04:12,0.03276500,0.06000000
2018-02-23 06:04:13,0.03276500,0.07700000
2018-02-23 06:04:13,0.03276500,0.40600000
2018-02-23 06:04:13,0.03276500,0.06200000
2018-02-23 06:04:14,0.03275100,3.35900000
2018-02-23 06:04:14,0.03275000,0.09200000
2018-02-23 06:04:14,0.03274300,2.86100000
2018-02-23 06:04:14,0.03274300,0.28900000
2018-02-23 06:04:14,0.03274300,0.07700000
2018-02-23 06:04:15,0.03274300,2.55400000
2018-02-23 06:04:15,0.03274300,0.07700000
2018-02-23 06:04:15,0.03274300,0.03700000
2018-02-23 06:04:15,0.03274300,0.11700000
2018-02-23 06:04:16,0.03274300,0.05600000
2018-02-23 06:04:16,0.03274300,0.09200000
2018-02-23 06:04:16,0.03274300,0.07700000
2018-02-23 06:04:16,0.03274300,0.22400000
2018-02-23 06:04:16,0.03274300,0.15500000
2018-02-23 06:04:17,0.03274300,0.23200000
2018-02-23 06:04:17,0.03274300,0.53100000
2018-02-23 06:04:17,0.03274300,0.02200000
2018-02-23 06:04:18,0.03273500,0.12400000
2018-02-23 06:04:18,0.03274300,0.25400000
2018-02-23 06:04:19,0.03273500,0.02800000
2018-02-23 06:04:19,0.03273300,0.29700000
2018-02-23 06:04:19,0.03267300,0.11600000
2018-02-23 06:04:19,0.03267200,0.09300000
2018-02-23 06:04:19,0.03265100,0.38000000
2018-02-23 06:04:19,0.03265000,2.81700000
2018-02-23 06:04:19,0.03264600,0.96100000
2018-02-23 06:04:19,0.03262800,0.30800000
2018-02-23 06:04:19,0.03273500,0.04600000
2018-02-23 06:04:19,0.03273500,0.04600000
2018-02-23 06:04:19,0.03273500,0.24400000
2018-02-23 06:04:19,0.03273500,0.24400000
2018-02-23 06:04:20,0.03262100,0.18400000
2018-02-23 06:04:21,0.03263000,0.15400000
2018-02-23 06:04:22,0.03263800,0.04200000
2018-02-23 06:04:22,0.03263100,0.14600000
2018-02-23 06:04:22,0.03263100,0.44500000
2018-02-23 06:04:23,0.03264600,0.14100000
2018-02-23 06:04:23,0.03263100,0.10700000
2018-02-23 06:04:23,0.03263100,0.02800000
2018-02-23 06:04:23,0.03262000,0.30800000
2018-02-23 06:04:24,0.03272800,0.07100000
2018-02-23 06:04:25,0.03262800,0.22200000
2018-02-23 06:04:25,0.03262000,0.07800000
2018-02-23 06:04:26,0.03272200,0.42300000
2018-02-23 06:04:26,0.03272300,2.97900000
2018-02-23 06:04:26,0.03272500,0.48000000
2018-02-23 06:04:26,0.03272400,0.62000000
2018-02-23 06:04:26,0.03272500,4.78100000
2018-02-23 06:04:26,0.03272700,0.82100000
2018-02-23 06:04:26,0.03273000,0.29700000
2018-02-23 06:04:26,0.03273100,0.20000000
2018-02-23 06:04:26,0.03274200,0.12400000
2018-02-23 06:04:26,0.03276500,0.20900000
2018-02-23 06:04:26,0.03279900,7.59300000
2018-02-23 06:04:26,0.03280000,5.01500000
2018-02-23 06:04:27,0.03262200,0.03700000
2018-02-23 06:04:27,0.03262300,0.55000000
2018-02-23 06:04:28,0.03262300,0.47200000
2018-02-23 06:04:29,0.03262700,0.04600000
2018-02-23 06:04:29,0.03262800,0.03700000
2018-02-23 06:04:29,0.03262800,0.07700000
2018-02-23 06:04:30,0.03262800,0.06800000
2018-02-23 06:04:30,0.03263000,0.12400000
2018-02-23 06:04:30,0.03262800,1.42100000
2018-02-23 06:04:30,0.03263000,0.07800000
2018-02-23 06:04:31,0.03263100,0.12900000
2018-02-23 06:04:31,0.03263300,0.04200000
2018-02-23 06:04:31,0.03263300,0.10800000
2018-02-23 06:04:31,0.03263300,0.27400000
2018-02-23 06:04:32,0.03263300,0.28800000
2018-02-23 06:04:32,0.03263600,0.05500000
2018-02-23 06:04:32,0.03263600,0.12100000
2018-02-23 06:04:32,0.03275000,0.20900000
2018-02-23 06:04:33,0.03263600,0.06100000
2018-02-23 06:04:33,0.03274900,1.56400000
2018-02-23 06:04:33,0.03276100,0.45900000
2018-02-23 06:04:33,0.03277700,2.82100000
2018-02-23 06:04:33,0.03263600,0.30800000
2018-02-23 06:04:34,0.03263700,0.09300000
2018-02-23 06:04:34,0.03263800,0.12400000
2018-02-23 06:04:34,0.03263700,0.16400000
2018-02-23 06:04:34,0.03277500,0.12400000
2018-02-23 06:04:34,0.03277600,0.04600000
2018-02-23 06:04:34,0.03277700,0.14000000
2018-02-23 06:04:36,0.03264200,0.29100000
2018-02-23 06:04:36,0.03264300,0.77500000
2018-02-23 06:04:36,0.03264300,0.14400000
2018-02-23 06:04:36,0.03264200,0.01100000
2018-02-23 06:04:36,0.03264200,0.09300000
2018-02-23 06:04:37,0.03277100,0.66200000
2018-02-23 06:04:37,0.03277600,0.25700000
2018-02-23 06:04:37,0.03278000,0.15300000
2018-02-23 06:04:37,0.03278200,0.12400000
2018-02-23 06:04:37,0.03278400,0.18400000
2018-02-23 06:04:37,0.03279900,0.43100000
2018-02-23 06:04:37,0.03280000,10.98500000
2018-02-23 06:04:37,0.03280000,0.77600000
2018-02-23 06:04:37,0.03280000,3.92100000
2018-02-23 06:04:37,0.03280000,0.82200000
2018-02-23 06:04:37,0.03280000,0.92600000
2018-02-23 06:04:37,0.03280000,0.04600000
2018-02-23 06:04:38,0.03280000,2.13100000
2018-02-23 06:04:38,0.03264500,0.38100000
2018-02-23 06:04:38,0.03264400,0.58400000
2018-02-23 06:04:38,0.03277400,0.12400000
2018-02-23 06:04:38,0.03283000,1.06600000
2018-02-23 06:04:38,0.03264400,0.06200000
2018-02-23 06:04:39,0.03264400,0.07700000
2018-02-23 06:04:39,0.03264900,0.09600000
2018-02-23 06:04:39,0.03264900,0.05300000
2018-02-23 06:04:39,0.03264900,0.06800000
2018-02-23 06:04:39,0.03264900,0.00500000
2018-02-23 06:04:39,0.03264500,0.06700000
2018-02-23 06:04:39,0.03264500,0.46800000
2018-02-23 06:04:40,0.03277100,0.25700000
2018-02-23 06:04:40,0.03277200,1.68400000
2018-02-23 06:04:40,0.03280000,0.53500000
2018-02-23 06:04:41,0.03280000,0.07700000
2018-02-23 06:04:41,0.03280200,0.10800000
2018-02-23 06:04:41,0.03280200,0.32400000
2018-02-23 06:04:42,0.03280200,0.07700000
2018-02-23 06:04:42,0.03280000,3.09600000
2018-02-23 06:04:43,0.03280000,1.72500000
2018-02-23 06:04:43,0.03282700,0.29700000
2018-02-23 06:04:44,0.03280400,0.12400000
2018-02-23 06:04:44,0.03271000,0.03000000
2018-02-23 06:04:45,0.03282300,0.09900000
2018-02-23 06:04:45,0.03282200,0.72300000
2018-02-23 06:04:45,0.03282300,0.56600000
2018-02-23 06:04:46,0.03271000,0.13400000
2018-02-23 06:04:46,0.03270900,0.09300000
2018-02-23 06:04:46,0.03265400,0.39200000
2018-02-23 06:04:46,0.03275600,0.07700000
2018-02-23 06:04:47,0.03275200,0.09300000
2018-02-23 06:04:47,0.03275200,0.03700000
2018-02-23 06:04:47,0.03277400,0.42200000
2018-02-23 06:04:47,0.03277500,0.25400000
2018-02-23 06:04:47,0.03277600,0.47700000
2018-02-23 06:04:47,0.03280200,0.09300000
2018-02-23 06:04:47,0.03275200,0.10500000
2018-02-23 06:04:48,0.03275200,0.09300000
2018-02-23 06:04:48,0.03275200,0.07700000
2018-02-23 06:04:48,0.03275200,0.90000000
2018-02-23 06:04:48,0.03277200,0.50900000
2018-02-23 06:04:49,0.03275300,0.06200000
2018-02-23 06:04:49,0.03275300,0.26900000
2018-02-23 06:04:49,0.03275300,0.06700000
2018-02-23 06:04:49,0.03275500,0.03400000
2018-02-23 06:04:50,0.03275500,0.09300000
2018-02-23 06:04:50,0.03275500,0.07700000
2018-02-23 06:04:50,0.03275500,0.30900000
2018-02-23 06:04:50,0.03275500,0.07700000
2018-02-23 06:04:50,0.03275500,0.07700000
2018-02-23 06:04:50,0.03275500,0.19400000
2018-02-23 06:04:50,0.03275500,0.05600000
2018-02-23 06:04:50,0.03275500,0.09300000
2018-02-23 06:04:50,0.03275600,0.07700000
2018-02-23 06:04:51,0.03275600,0.04700000
2018-02-23 06:04:51,0.03275500,0.07700000
2018-02-23 06:04:51,0.03275300,0.07700000
2018-02-23 06:04:51,0.03275300,0.33900000
2018-02-23 06:04:51,0.03275300,0.10100000
2018-02-23 06:04:53,0.03266900,1.07900000
2018-02-23 06:04:54,0.03267200,0.11100000
2018-02-23 06:04:54,0.03267400,0.31100000
2018-02-23 06:04:54,0.03275700,0.06800000
2018-02-23 06:04:54,0.03275700,0.07700000
2018-02-23 06:04:54,0.03281900,0.51700000
2018-02-23 06:04:54,0.03282000,0.07800000
2018-02-23 06:04:54,0.03282100,0.12400000
2018-02-23 06:04:54,0.03282200,0.39800000
2018-02-23 06:04:54,0.03282300,0.21800000
2018-02-23 06:04:54,0.03282400,0.34600000
2018-02-23 06:04:54,0.03282700,0.92200000
2018-02-23 06:04:54,0.03283000,3.55400000
2018-02-23 06:04:54,0.03275700,0.07100000
2018-02-23 06:04:55,0.03275700,0.07700000
2018-02-23 06:04:55,0.03275700,0.58700000
2018-02-23 06:04:56,0.03276000,0.04000000
2018-02-23 06:04:57,0.03276000,0.15400000
2018-02-23 06:04:57,0.03276300,0.12400000
2018-02-23 06:04:57,0.03276000,0.65700000
2018-02-23 06:04:57,0.03275800,0.91500000
2018-02-23 06:04:57,0.03275700,2.28700000
2018-02-23 06:04:57,0.03276200,0.15400000
2018-02-23 06:04:58,0.03276200,0.15400000
2018-02-23 06:04:58,0.03276200,0.07700000
2018-02-23 06:04:59,0.03287600,0.00200000
2018-02-23 06:05:00,0.03287300,0.46000000
2018-02-23 06:05:00,0.03276300,0.06800000
2018-02-23 06:05:02,0.03286700,0.19100000
2018-02-23 06:05:04,0.03281000,0.18500000
2018-02-23 06:05:07,0.03278200,0.31000000
2018-02-23 06:05:08,0.03278200,1.12900000
2018-02-23 06:05:08,0.03278100,2.10200000
2018-02-23 06:05:08,0.03276300,0.26400000
2018-02-23 06:05:09,0.03284300,1.59400000
2018-02-23 06:05:13,0.03283200,0.38500000
2018-02-23 06:05:13,0.03283300,0.47700000
2018-02-23 06:05:13,0.03283500,1.24700000
2018-02-23 06:05:13,0.03284300,1.48400000
2018-02-23 06:05:14,0.03284300,0.23800000
2018-02-23 06:05:14,0.03284300,0.34600000
2018-02-23 06:05:15,0.03284300,0.05900000
2018-02-23 06:05:15,0.03284300,0.91300000
2018-02-23 06:05:15,0.03284300,0.71300000
2018-02-23 06:05:16,0.03284800,0.11100000
2018-02-23 06:05:16,0.03288100,0.12400000
2018-02-23 06:05:16,0.03290000,0.40900000
2018-02-23 06:05:16,0.03284500,0.45200000
2018-02-23 06:05:18,0.03284700,0.45200000
2018-02-23 06:05:18,0.03284900,0.09300000
2018-02-23 06:05:18,0.03284600,0.91300000
2018-02-23 06:05:18,0.03284600,1.81300000
2018-02-23 06:05:18,0.03284800,0.06800000
2018-02-23 06:05:19,0.03290000,0.22200000
2018-02-23 06:05:20,0.03290000,0.21400000
2018-02-23 06:05:23,0.03290000,0.19400000
2018-02-23 06:05:24,0.03290000,0.61700000
2018-02-23 06:05:30,0.03285300,0.12400000
2018-02-23 06:05:30,0.03285300,0.12400000
2018-02-23 06:05:30,0.03285100,0.12400000
2018-02-23 06:05:32,0.03284900,0.19400000
2018-02-23 06:05:32,0.03285100,0.23000000
2018-02-23 06:05:32,0.03285100,0.37300000
2018-02-23 06:05:33,0.03276400,0.07300000
2018-02-23 06:05:34,0.03276400,0.92900000
2018-02-23 06:05:34,0.03276400,0.11700000
2018-02-23 06:05:35,0.03276400,0.07700000
2018-02-23 06:05:35,0.03276400,0.14500000
2018-02-23 06:05:36,0.03276400,2.23800000
2018-02-23 06:05:36,0.03276300,0.07700000
2018-02-23 06:05:36,0.03276300,0.04700000
2018-02-23 06:05:37,0.03276200,1.13000000
2018-02-23 06:05:37,0.03276400,0.14600000
2018-02-23 06:05:37,0.03276400,0.09300000
2018-02-23 06:05:37,0.03276400,3.07400000
2018-02-23 06:05:37,0.03276200,1.67600000
2018-02-23 06:05:37,0.03276100,0.70500000
2018-02-23 06:05:37,0.03276000,0.91800000
2018-02-23 06:05:39,0.03276000,0.07700000
2018-02-23 06:05:40,0.03281300,1.15400000
2018-02-23 06:05:40,0.03281500,3.57900000
2018-02-23 06:05:40,0.03281700,1.10700000
2018-02-23 06:05:40,0.03282100,1.30500000
2018-02-23 06:05:40,0.03282400,0.21500000
2018-02-23 06:05:40,0.03283100,0.12400000
2018-02-23 06:05:40,0.03284300,0.14100000
2018-02-23 06:05:40,0.03285000,0.12400000
2018-02-23 06:05:40,0.03285000,0.12400000
2018-02-23 06:05:40,0.03285000,0.12400000
2018-02-23 06:05:40,0.03285000,0.23200000
2018-02-23 06:05:40,0.03285000,2.80600000
2018-02-23 06:05:41,0.03285000,0.10800000
2018-02-23 06:05:41,0.03285000,0.09300000
2018-02-23 06:05:41,0.03285000,0.09300000
2018-02-23 06:05:43,0.03285000,0.09900000
2018-02-23 06:05:43,0.03285000,0.03700000
2018-02-23 06:05:44,0.03285000,0.32000000
2018-02-23 06:05:44,0.03285000,12.21200000
2018-02-23 06:05:44,0.03276600,0.05300000
2018-02-23 06:05:45,0.03276900,0.20000000
2018-02-23 06:05:46,0.03276900,0.13300000
2018-02-23 06:05:47,0.03279000,1.66000000
2018-02-23 06:05:47,0.03279000,0.54400000
2018-02-23 06:05:48,0.03279000,0.04900000
2018-02-23 06:05:49,0.03279200,0.07700000
2018-02-23 06:05:49,0.03279300,0.13600000
2018-02-23 06:05:49,0.03279500,0.07700000
2018-02-23 06:05:50,0.03279500,1.31400000
2018-02-23 06:05:50,0.03279700,0.07700000
2018-02-23 06:05:51,0.03279700,0.04700000
2018-02-23 06:05:51,0.03279300,0.06100000
2018-02-23 06:05:52,0.03279300,0.07700000
2018-02-23 06:05:53,0.03279300,0.07700000
2018-02-23 06:05:54,0.03280000,0.07700000
2018-02-23 06:05:55,0.03280100,0.07700000
2018-02-23 06:05:55,0.03280100,0.07700000
2018-02-23 06:05:56,0.03280100,0.04900000
2018-02-23 06:05:56,0.03280100,0.07700000
2018-02-23 06:05:56,0.03280000,0.07700000
2018-02-23 06:05:58,0.03280200,0.10500000
2018-02-23 06:05:58,0.03280400,0.12400000
2018-02-23 06:05:58,0.03280200,2.70700000
2018-02-23 06:05:58,0.03280000,1.55500000
2018-02-23 06:05:58,0.03283300,0.28000000
2018-02-23 06:05:58,0.03283400,1.85400000
2018-02-23 06:05:58,0.03283500,0.12400000
2018-02-23 06:05:58,0.03283900,1.43900000
2018-02-23 06:05:58,0.03284200,0.27400000
2018-02-23 06:05:58,0.03284300,0.12400000
2018-02-23 06:05:58,0.03284500,2.52900000
2018-02-23 06:05:58,0.03284900,0.07700000
2018-02-23 06:05:58,0.03285000,5.01400000
2018-02-23 06:05:59,0.03280200,3.04600000
2018-02-23 06:05:59,0.03280000,1.11200000
2018-02-23 06:06:00,0.03283300,0.62000000
2018-02-23 06:06:00,0.03280000,2.27800000
2018-02-23 06:06:02,0.03280000,0.15200000
2018-02-23 06:06:02,0.03280000,0.61600000
2018-02-23 06:06:02,0.03280200,0.12100000
2018-02-23 06:06:02,0.03283000,2.19200000
2018-02-23 06:06:02,0.03285000,3.73800000
2018-02-23 06:06:02,0.03279300,0.12400000
2018-02-23 06:06:03,0.03279100,0.08100000
2018-02-23 06:06:04,0.03279100,0.07700000
2018-02-23 06:06:04,0.03279100,0.34600000
2018-02-23 06:06:05,0.03279000,4.04800000
2018-02-23 06:06:05,0.03278800,0.41000000
2018-02-23 06:06:06,0.03279100,0.03700000
2018-02-23 06:06:07,0.03279100,0.13100000
2018-02-23 06:06:08,0.03279100,4.56500000
2018-02-23 06:06:08,0.03277900,0.14100000
2018-02-23 06:06:08,0.03276500,2.81000000
2018-02-23 06:06:08,0.03276400,0.37500000
2018-02-23 06:06:08,0.03276000,8.26400000
2018-02-23 06:06:08,0.03275600,4.04500000
2018-02-23 06:06:08,0.03275300,0.89800000
2018-02-23 06:06:08,0.03270200,0.09300000
2018-02-23 06:06:08,0.03270000,0.22200000
2018-02-23 06:06:08,0.03268800,4.67700000
2018-02-23 06:06:09,0.03279100,0.72900000
2018-02-23 06:06:10,0.03270400,0.12200000
2018-02-23 06:06:11,0.03270400,2.93200000
2018-02-23 06:06:11,0.03270200,2.82300000
2018-02-23 06:06:11,0.03268800,2.82300000
2018-02-23 06:06:11,0.03268800,0.25700000
2018-02-23 06:06:11,0.03268800,0.25700000
2018-02-23 06:06:11,0.03268800,22.44500000
2018-02-23 06:06:12,0.03269000,0.16700000
2018-02-23 06:06:13,0.03269000,0.07700000
2018-02-23 06:06:13,0.03269000,0.07700000
2018-02-23 06:06:13,0.03269000,3.20900000
2018-02-23 06:06:13,0.03268900,0.25800000
2018-02-23 06:06:13,0.03268800,0.25700000
2018-02-23 06:06:13,0.03267500,0.21400000
2018-02-23 06:06:13,0.03266600,0.18400000
2018-02-23 06:06:13,0.03266100,3.40600000
2018-02-23 06:06:13,0.03269100,0.04600000
2018-02-23 06:06:17,0.03269100,0.36700000
2018-02-23 06:06:17,0.03269100,0.43900000
2018-02-23 06:06:17,0.03269100,0.44000000
2018-02-23 06:06:17,0.03269100,0.43900000
2018-02-23 06:06:17,0.03269100,0.43900000
2018-02-23 06:06:17,0.03269100,0.07300000
2018-02-23 06:06:17,0.03269100,0.07200000
2018-02-23 06:06:17,0.03269100,0.73100000
2018-02-23 06:06:18,0.03266800,0.15400000
2018-02-23 06:06:19,0.03274300,0.91400000
2018-02-23 06:06:19,0.03274600,0.08600000
2018-02-23 06:06:21,0.03267500,0.04700000
2018-02-23 06:06:21,0.03266000,2.15200000
2018-02-23 06:06:23,0.03266100,0.91800000
2018-02-23 06:06:23,0.03266000,0.08200000
2018-02-23 06:06:25,0.03266000,3.37400000
2018-02-23 06:06:26,0.03266000,0.09100000
2018-02-23 06:06:26,0.03266000,0.07400000
2018-02-23 06:06:28,0.03272900,2.85000000
2018-02-23 06:06:28,0.03272800,0.20400000
2018-02-23 06:06:28,0.03272800,0.71400000
2018-02-23 06:06:30,0.03272900,0.20400000
2018-02-23 06:06:30,0.03273100,2.76900000
2018-02-23 06:06:31,0.03273100,0.67500000
2018-02-23 06:06:31,0.03273300,0.50500000
2018-02-23 06:06:31,0.03266300,0.24800000
2018-02-23 06:06:36,0.03267500,0.09300000
2018-02-23 06:06:37,0.03267600,0.15500000
2018-02-23 06:06:38,0.03269800,0.34100000
2018-02-23 06:06:38,0.03270000,0.30000000
2018-02-23 06:06:38,0.03267600,0.50000000
2018-02-23 06:06:39,0.03270000,0.00100000
2018-02-23 06:06:39,0.03272500,0.65500000
2018-02-23 06:06:39,0.03273300,0.13200000
2018-02-23 06:06:40,0.03273300,2.11400000
2018-02-23 06:06:46,0.03270100,4.00000000
2018-02-23 06:06:46,0.03270000,2.59600000
2018-02-23 06:06:47,0.03273300,0.81700000
2018-02-23 06:06:52,0.03273300,0.47600000
2018-02-23 06:06:53,0.03273300,0.24300000
2018-02-23 06:06:54,0.03273300,1.92300000
2018-02-23 06:06:57,0.03270300,0.12400000
2018-02-23 06:06:57,0.03270300,0.87600000
2018-02-23 06:06:58,0.03273100,0.12400000
2018-02-23 06:06:58,0.03273700,0.67600000
2018-02-23 06:06:59,0.03270100,0.20200000
2018-02-23 06:07:00,0.03270100,1.79800000
2018-02-23 06:07:00,0.03270000,0.04000000
2018-02-23 06:07:02,0.03273700,0.72400000
2018-02-23 06:07:02,0.03274600,0.12400000
2018-02-23 06:07:02,0.03275000,0.46600000
2018-02-23 06:07:03,0.03270300,0.12400000
2018-02-23 06:07:03,0.03270000,14.17400000
2018-02-23 06:07:03,0.03268300,0.91700000
2018-02-23 06:07:03,0.03267800,0.30600000
2018-02-23 06:07:03,0.03266000,9.59700000
2018-02-23 06:07:04,0.03273400,0.10000000
2018-02-23 06:07:05,0.03273400,0.81700000
2018-02-23 06:07:05,0.03273500,0.12400000
2018-02-23 06:07:07,0.03273700,0.04300000
2018-02-23 06:07:07,0.03266500,0.17900000
2018-02-23 06:07:07,0.03275000,0.03400000
2018-02-23 06:07:09,0.03277600,2.81000000
2018-02-23 06:07:09,0.03277700,6.00000000
2018-02-23 06:07:09,0.03277800,0.18300000
2018-02-23 06:07:09,0.03277800,0.03900000
2018-02-23 06:07:09,0.03277800,0.94800000
2018-02-23 06:07:09,0.03277800,0.91000000
2018-02-23 06:07:09,0.03277900,0.01000000
2018-02-23 06:07:10,0.03277800,17.62100000
2018-02-23 06:07:10,0.03275200,0.12400000
2018-02-23 06:07:10,0.03275000,0.20600000
2018-02-23 06:07:11,0.03270000,0.91000000
2018-02-23 06:07:11,0.03270000,0.75800000
2018-02-23 06:07:11,0.03270000,0.91000000
2018-02-23 06:07:12,0.03270000,0.84900000
2018-02-23 06:07:12,0.03270000,1.94000000
2018-02-23 06:07:12,0.03270000,32.08500000
2018-02-23 06:07:15,0.03270000,0.45100000
2018-02-23 06:07:15,0.03268200,2.08100000
2018-02-23 06:07:23,0.03277200,0.03000000
2018-02-23 06:07:24,0.03271800,2.08100000
2018-02-23 06:07:27,0.03272000,0.45200000
2018-02-23 06:07:29,0.03277200,6.36800000
2018-02-23 06:07:29,0.03277300,0.30700000
2018-02-23 06:07:29,0.03277400,0.30700000
2018-02-23 06:07:29,0.03277400,1.64400000
2018-02-23 06:07:29,0.03277400,2.25200000
2018-02-23 06:07:30,0.03277500,0.12400000
2018-02-23 06:07:30,0.03277800,0.59800000
2018-02-23 06:07:31,0.03277800,2.49200000
2018-02-23 06:07:34,0.03273000,3.05500000
2018-02-23 06:07:34,0.03272800,0.29800000
2018-02-23 06:07:34,0.03272300,0.30500000
2018-02-23 06:07:34,0.03272100,0.12400000
2018-02-23 06:07:34,0.03271700,0.61800000
2018-02-23 06:07:34,0.03271400,0.12400000
2018-02-23 06:07:34,0.03270000,0.30300000
2018-02-23 06:07:34,0.03266100,2.80800000
2018-02-23 06:07:34,0.03266000,2.65600000
2018-02-23 06:07:37,0.03276100,1.00300000
2018-02-23 06:07:40,0.03275500,0.00100000
2018-02-23 06:07:41,0.03275400,2.80800000
2018-02-23 06:07:41,0.03275500,2.05100000
2018-02-23 06:07:52,0.03276100,0.60500000
2018-02-23 06:07:54,0.03276900,0.12400000
2018-02-23 06:07:54,0.03277000,0.12400000
2018-02-23 06:07:54,0.03277200,1.10000000
2018-02-23 06:07:54,0.03278100,0.91600000
2018-02-23 06:07:55,0.03280000,15.72600000
2018-02-23 06:07:55,0.03280200,0.05100000
2018-02-23 06:07:55,0.03282900,0.18400000
2018-02-23 06:07:55,0.03284500,0.38000000
2018-02-23 06:07:55,0.03284700,3.41900000
2018-02-23 06:07:55,0.03284800,1.64300000
2018-02-23 06:07:56,0.03284800,10.03100000
2018-02-23 06:07:56,0.03277000,3.64500000
2018-02-23 06:07:56,0.03276900,0.00300000
2018-02-23 06:07:56,0.03276100,6.43100000
2018-02-23 06:07:56,0.03276100,3.77200000
2018-02-23 06:07:56,0.03276100,1.03000000
2018-02-23 06:07:56,0.03275600,0.11600000
2018-02-23 06:07:56,0.03275500,0.09300000
2018-02-23 06:07:56,0.03273300,0.82100000
2018-02-23 06:07:56,0.03276100,15.30800000
2018-02-23 06:07:57,0.03278100,0.44200000
2018-02-23 06:07:58,0.03276100,0.22200000
2018-02-23 06:07:59,0.03276700,1.54200000
2018-02-23 06:08:03,0.03277000,0.34000000
2018-02-23 06:08:03,0.03277400,0.29000000
2018-02-23 06:08:06,0.03284600,3.64500000
2018-02-23 06:08:06,0.03284700,0.82100000
2018-02-23 06:08:06,0.03284800,0.20900000
2018-02-23 06:08:06,0.03284900,0.71300000
2018-02-23 06:08:07,0.03284900,3.42100000
2018-02-23 06:08:07,0.03285000,2.81400000
2018-02-23 06:08:07,0.03285000,6.78000000
2018-02-23 06:08:08,0.03285000,2.15900000
2018-02-23 06:08:08,0.03285000,5.25500000
2018-02-23 06:08:08,0.03285000,1.42200000
2018-02-23 06:08:08,0.03285000,1.62300000
2018-02-23 06:08:09,0.03278300,0.07700000
2018-02-23 06:08:10,0.03285000,1.22000000
2018-02-23 06:08:10,0.03285000,15.99900000
2018-02-23 06:08:11,0.03285000,4.12300000
2018-02-23 06:08:15,0.03285000,2.28300000
2018-02-23 06:08:15,0.03285000,2.26900000
2018-02-23 06:08:15,0.03285000,0.22100000
2018-02-23 06:08:19,0.03280400,2.00000000
2018-02-23 06:08:21,0.03284800,1.14800000
2018-02-23 06:08:24,0.03280500,4.12400000
2018-02-23 06:08:24,0.03280400,1.10100000
2018-02-23 06:08:24,0.03280500,0.87600000
2018-02-23 06:08:24,0.03284100,2.00000000
2018-02-23 06:08:25,0.03284400,1.05000000
2018-02-23 06:08:25,0.03284800,0.12400000
2018-02-23 06:08:25,0.03285000,0.07300000
2018-02-23 06:08:29,0.03284700,0.22100000
2018-02-23 06:08:31,0.03284400,6.07400000
2018-02-23 06:08:32,0.03284400,12.53900000
2018-02-23 06:08:32,0.03284700,1.58500000
2018-02-23 06:08:33,0.03280500,0.04900000
2018-02-23 06:08:34,0.03280500,2.02500000
2018-02-23 06:08:38,0.03280500,0.72900000
2018-02-23 06:08:38,0.03285000,0.40800000
2018-02-23 06:08:39,0.03284900,0.50000000
2018-02-23 06:08:42,0.03280500,2.72800000
2018-02-23 06:08:42,0.03280500,0.12400000
2018-02-23 06:08:45,0.03280500,0.20000000
2018-02-23 06:08:46,0.03280500,10.90800000
2018-02-23 06:08:50,0.03280500,10.47000000
2018-02-23 06:08:53,0.03280500,0.14700000
2018-02-23 06:08:54,0.03284500,0.50000000
2018-02-23 06:08:55,0.03284500,2.31500000
2018-02-23 06:08:56,0.03284600,0.98700000
2018-02-23 06:08:57,0.03284500,2.08400000
2018-02-23 06:08:57,0.03280500,3.86600000
2018-02-23 06:08:58,0.03280500,0.07200000
2018-02-23 06:09:01,0.03280400,10.06300000
2018-02-23 06:09:01,0.03280000,0.91400000
2018-02-23 06:09:01,0.03279200,4.08900000
2018-02-23 06:09:01,0.03279200,5.91100000
2018-02-23 06:09:01,0.03279100,2.38100000
2018-02-23 06:09:01,0.03277800,2.96800000
2018-02-23 06:09:01,0.03277700,3.42000000
2018-02-23 06:09:01,0.03277700,6.29300000
2018-02-23 06:09:01,0.03277700,0.28700000
2018-02-23 06:09:01,0.03277000,1.23100000
2018-02-23 06:09:01,0.03277000,1.62400000
2018-02-23 06:09:01,0.03277000,0.45700000
2018-02-23 06:09:03,0.03280400,0.10000000
2018-02-23 06:09:03,0.03276400,0.12400000
2018-02-23 06:09:03,0.03276200,1.79600000
2018-02-23 06:09:03,0.03275500,0.11800000
2018-02-23 06:09:03,0.03275500,1.79400000
2018-02-23 06:09:04,0.03275500,1.44000000
2018-02-23 06:09:04,0.03275500,1.11900000
2018-02-23 06:09:04,0.03280200,0.12400000
2018-02-23 06:09:04,0.03280400,2.71600000
2018-02-23 06:09:04,0.03280500,7.21600000
2018-02-23 06:09:04,0.03275700,1.03700000
2018-02-23 06:09:06,0.03275500,1.86400000
2018-02-23 06:09:06,0.03280100,0.05000000
2018-02-23 06:09:06,0.03275500,1.34000000
2018-02-23 06:09:06,0.03275700,0.12400000
2018-02-23 06:09:06,0.03275500,0.87600000
2018-02-23 06:09:07,0.03275500,0.03600000
2018-02-23 06:09:08,0.03276400,0.04600000
2018-02-23 06:09:08,0.03276400,0.07700000
2018-02-23 06:09:09,0.03276900,0.10600000
2018-02-23 06:09:09,0.03276400,0.09100000
2018-02-23 06:09:09,0.03275700,0.17100000
2018-02-23 06:09:10,0.03277100,0.12400000
2018-02-23 06:09:10,0.03275700,0.09700000
2018-02-23 06:09:13,0.03279700,0.01000000
2018-02-23 06:09:14,0.03275700,3.09700000
2018-02-23 06:09:18,0.03270500,0.07700000
2018-02-23 06:09:18,0.03270500,0.04700000
2018-02-23 06:09:20,0.03270000,3.43100000
2018-02-23 06:09:20,0.03270000,0.40500000
2018-02-23 06:09:20,0.03270000,0.58100000
2018-02-23 06:09:22,0.03270500,0.23200000
2018-02-23 06:09:22,0.03270500,0.24800000
2018-02-23 06:09:22,0.03274600,0.25700000
2018-02-23 06:09:23,0.03274600,0.72000000
2018-02-23 06:09:23,0.03274800,0.91400000
2018-02-23 06:09:25,0.03275200,0.06100000
2018-02-23 06:09:27,0.03275200,0.34000000
2018-02-23 06:09:28,0.03275600,0.22100000
2018-02-23 06:09:28,0.03275200,1.35000000
2018-02-23 06:09:28,0.03275600,0.06700000
2018-02-23 06:09:28,0.03275200,3.25400000
2018-02-23 06:09:28,0.03275600,0.12600000
2018-02-23 06:09:32,0.03275200,0.12700000
2018-02-23 06:09:32,0.03275600,1.39400000
2018-02-23 06:09:32,0.03275700,1.07300000
2018-02-23 06:09:33,0.03275700,1.71900000
2018-02-23 06:09:36,0.03275300,0.93500000
2018-02-23 06:09:39,0.03275200,13.25300000
2018-02-23 06:09:39,0.03275200,0.22100000
2018-02-23 06:09:41,0.03275200,0.50000000
2018-02-23 06:09:41,0.03275700,0.03800000
2018-02-23 06:09:43,0.03275700,2.27600000
2018-02-23 06:09:43,0.03275200,0.19600000
2018-02-23 06:09:45,0.03275200,0.06900000
2018-02-23 06:09:47,0.03275700,9.99900000
2018-02-23 06:09:47,0.03275700,6.15000000
2018-02-23 06:09:47,0.03275700,3.47700000
2018-02-23 06:09:47,0.03275700,1.88200000
2018-02-23 06:09:48,0.03275200,0.03700000
2018-02-23 06:09:48,0.03275700,1.28600000
2018-02-23 06:09:50,0.03275700,5.27300000
2018-02-23 06:09:50,0.03275700,0.13600000
2018-02-23 06:09:52,0.03275700,5.00000000
2018-02-23 06:09:52,0.03275700,7.31300000
2018-02-23 06:09:52,0.03275700,3.08100000
2018-02-23 06:09:55,0.03279600,0.12400000
2018-02-23 06:09:55,0.03279900,1.05900000
2018-02-23 06:09:55,0.03280000,1.83000000
2018-02-23 06:09:55,0.03280100,0.12400000
2018-02-23 06:09:55,0.03280100,1.86300000
2018-02-23 06:09:57,0.03279600,0.42500000
2018-02-23 06:09:58,0.03279600,1.02300000
2018-02-23 06:09:58,0.03280100,0.29200000
2018-02-23 06:10:00,0.03280100,3.68500000
2018-02-23 06:10:00,0.03275600,0.12400000
2018-02-23 06:10:00,0.03275400,0.12400000
2018-02-23 06:10:00,0.03275300,2.82000000
2018-02-23 06:10:00,0.03275200,0.62100000
2018-02-23 06:10:02,0.03279400,0.06900000
2018-02-23 06:10:03,0.03279400,0.17900000
2018-02-23 06:10:03,0.03279400,0.53100000
2018-02-23 06:10:06,0.03279100,0.11700000
2018-02-23 06:10:08,0.03280300,0.10500000
2018-02-23 06:10:10,0.03280300,3.10000000
2018-02-23 06:10:19,0.03275800,0.12400000
2018-02-23 06:10:19,0.03275500,0.12400000
2018-02-23 06:10:19,0.03275200,0.75200000
2018-02-23 06:10:21,0.03278900,0.70400000
2018-02-23 06:10:22,0.03276100,0.12400000
2018-02-23 06:10:22,0.03276300,0.12400000
2018-02-23 06:10:27,0.03278700,0.24800000
2018-02-23 06:10:27,0.03278700,1.35300000
2018-02-23 06:10:31,0.03275400,0.12400000
2018-02-23 06:10:31,0.03275200,0.02500000
2018-02-23 06:10:31,0.03276300,2.58200000
2018-02-23 06:10:34,0.03276300,0.35300000
2018-02-23 06:10:35,0.03276300,0.12800000
2018-02-23 06:10:36,0.03276300,0.11900000
2018-02-23 06:10:39,0.03275200,0.03600000
2018-02-23 06:10:43,0.03275200,3.81100000
2018-02-23 06:10:55,0.03275200,0.40800000
2018-02-23 06:10:55,0.03275200,0.07700000
2018-02-23 06:11:02,0.03276300,0.17600000
2018-02-23 06:11:05,0.03278500,0.07600000
2018-02-23 06:11:07,0.03275400,0.12400000
2018-02-23 06:11:07,0.03275200,0.01700000
2018-02-23 06:11:11,0.03278300,0.12400000
2018-02-23 06:11:11,0.03278500,0.04800000
2018-02-23 06:11:11,0.03278600,0.70600000
2018-02-23 06:11:11,0.03278700,2.31300000
2018-02-23 06:11:11,0.03279000,1.01000000
2018-02-23 06:11:11,0.03279200,0.12400000
2018-02-23 06:11:11,0.03279800,2.56800000
2018-02-23 06:11:12,0.03279800,0.69500000
2018-02-23 06:11:12,0.03280100,0.12400000
2018-02-23 06:11:14,0.03280500,0.29400000
2018-02-23 06:11:19,0.03278900,0.03800000
2018-02-23 06:11:23,0.03280400,0.21700000
2018-02-23 06:11:23,0.03280500,5.36500000
2018-02-23 06:11:23,0.03284600,1.07100000
2018-02-23 06:11:23,0.03284900,1.29000000
2018-02-23 06:11:23,0.03285000,4.39100000
2018-02-23 06:11:23,0.03285000,1.00000000
2018-02-23 06:11:23,0.03285000,0.12400000
2018-02-23 06:11:23,0.03285200,0.12400000
2018-02-23 06:11:23,0.03285000,0.87600000
2018-02-23 06:11:23,0.03285100,2.82300000
2018-02-23 06:11:23,0.03285000,9.11600000
2018-02-23 06:11:28,0.03279100,0.12400000
2018-02-23 06:11:28,0.03278900,0.07600000
2018-02-23 06:11:37,0.03280000,2.49800000
2018-02-23 06:11:37,0.03280000,0.24900000
2018-02-23 06:11:37,0.03280000,0.29700000
2018-02-23 06:11:38,0.03280200,0.12400000
2018-02-23 06:11:41,0.03279500,3.05000000
2018-02-23 06:11:41,0.03279300,0.91400000
2018-02-23 06:11:41,0.03279000,1.87000000
2018-02-23 06:11:41,0.03279000,2.16800000
2018-02-23 06:11:41,0.03278900,0.01000000
2018-02-23 06:11:41,0.03279900,0.12400000
2018-02-23 06:11:46,0.03277600,0.03800000
2018-02-23 06:11:47,0.03277600,0.07800000
2018-02-23 06:11:47,0.03276700,1.89300000
2018-02-23 06:11:47,0.03276600,0.30000000
2018-02-23 06:11:48,0.03275200,1.27400000
2018-02-23 06:11:48,0.03275200,0.00700000
2018-02-23 06:11:49,0.03275000,0.03300000
2018-02-23 06:11:52,0.03275600,0.16800000
2018-02-23 06:12:03,0.03282300,0.19500000
2018-02-23 06:12:04,0.03279900,0.91400000
2018-02-23 06:12:04,0.03279900,0.08500000
2018-02-23 06:12:10,0.03281400,2.85500000
2018-02-23 06:12:10,0.03281600,0.91400000
2018-02-23 06:12:10,0.03281900,4.03800000
2018-02-23 06:12:10,0.03282300,27.19300000
2018-02-23 06:12:17,0.03282200,7.98400000
2018-02-23 06:12:18,0.03282200,1.94200000
2018-02-23 06:12:18,0.03282200,1.68700000
2018-02-23 06:12:18,0.03282200,1.42600000
2018-02-23 06:12:18,0.03282200,1.17900000
2018-02-23 06:12:18,0.03282200,2.83500000
2018-02-23 06:12:18,0.03282200,2.12500000
2018-02-23 06:12:18,0.03282200,1.54900000
2018-02-23 06:12:18,0.03282200,0.48100000
2018-02-23 06:12:19,0.03277400,0.12400000
2018-02-23 06:12:19,0.03277200,0.91500000
2018-02-23 06:12:19,0.03276700,0.03800000
2018-02-23 06:12:19,0.03276300,0.14100000
2018-02-23 06:12:19,0.03276100,0.21700000
2018-02-23 06:12:19,0.03275600,0.35100000
2018-02-23 06:12:19,0.03275200,0.06900000
2018-02-23 06:12:19,0.03273700,0.79000000
2018-02-23 06:12:19,0.03273000,0.11600000
2018-02-23 06:12:19,0.03272900,0.09200000
2018-02-23 06:12:19,0.03271000,0.14700000
2018-02-23 06:12:19,0.03271000,0.98400000
2018-02-23 06:12:22,0.03281000,0.79100000
2018-02-23 06:12:23,0.03273200,0.27800000
2018-02-23 06:12:24,0.03273200,0.21000000
2018-02-23 06:12:30,0.03275600,0.16800000
2018-02-23 06:12:35,0.03280000,0.91300000
2018-02-23 06:12:35,0.03280000,1.83400000
2018-02-23 06:12:35,0.03280000,0.91900000
2018-02-23 06:12:35,0.03280000,0.91900000
2018-02-23 06:12:35,0.03280000,0.91300000
2018-02-23 06:12:35,0.03280000,12.45700000
2018-02-23 06:12:35,0.03280000,12.19500000
2018-02-23 06:12:35,0.03280000,6.08800000
2018-02-23 06:12:35,0.03280000,0.44300000
2018-02-23 06:12:35,0.03279800,0.48800000
2018-02-23 06:12:37,0.03280000,0.91400000
2018-02-23 06:12:37,0.03280000,0.91300000
2018-02-23 06:12:38,0.03280000,0.91400000
2018-02-23 06:12:38,0.03280000,1.23400000
2018-02-23 06:12:38,0.03280000,0.91400000
2018-02-23 06:12:40,0.03280000,0.81700000
2018-02-23 06:12:40,0.03280000,0.48100000
2018-02-23 06:12:40,0.03280000,0.91400000
2018-02-23 06:12:40,0.03280000,0.59200000
2018-02-23 06:12:41,0.03280000,0.91400000
2018-02-23 06:12:41,0.03280000,0.12100000
2018-02-23 06:12:41,0.03280000,0.91400000
2018-02-23 06:12:42,0.03280000,0.52600000
2018-02-23 06:12:42,0.03280000,0.89000000
2018-02-23 06:12:46,0.03280000,0.07700000
2018-02-23 06:12:46,0.03278100,0.03900000
2018-02-23 06:12:50,0.03280200,0.12400000
2018-02-23 06:12:53,0.03280000,2.52500000
2018-02-23 06:12:55,0.03278100,0.08500000
2018-02-23 06:12:55,0.03277000,0.12100000
2018-02-23 06:12:55,0.03277000,3.05100000
2018-02-23 06:12:56,0.03277000,0.23200000
2018-02-23 06:12:56,0.03279800,0.12400000
2018-02-23 06:12:56,0.03280200,0.18800000
2018-02-23 06:12:57,0.03280200,0.10400000
2018-02-23 06:13:05,0.03277000,1.00000000
2018-02-23 06:13:09,0.03277000,0.06900000
2018-02-23 06:13:10,0.03277000,2.37600000
2018-02-23 06:13:11,0.03277000,3.05100000
2018-02-23 06:13:11,0.03277000,3.64500000
2018-02-23 06:13:11,0.03281700,0.12400000
2018-02-23 06:13:11,0.03281900,0.98700000
2018-02-23 06:13:11,0.03282000,0.12400000
2018-02-23 06:13:11,0.03282100,0.14800000
2018-02-23 06:13:28,0.03277100,0.41900000
2018-02-23 06:13:28,0.03277100,0.03600000
2018-02-23 06:13:28,0.03277100,0.34800000
2018-02-23 06:13:28,0.03277100,0.41800000
2018-02-23 06:13:28,0.03277100,0.41800000
2018-02-23 06:13:28,0.03276800,0.03600000
2018-02-23 06:13:34,0.03277100,15.34000000
2018-02-23 06:13:34,0.03277100,9.65700000
2018-02-23 06:13:34,0.03280200,0.90700000
2018-02-23 06:13:34,0.03277000,0.71000000
2018-02-23 06:13:39,0.03277300,0.40500000
2018-02-23 06:13:40,0.03282100,0.32600000
2018-02-23 06:13:41,0.03282100,0.41800000
2018-02-23 06:13:42,0.03282100,0.34700000
2018-02-23 06:13:48,0.03285600,0.34700000
2018-02-23 06:13:50,0.03285600,0.11500000
2018-02-23 06:13:51,0.03282300,0.12400000
2018-02-23 06:13:51,0.03282100,19.65500000
2018-02-23 06:13:51,0.03277500,0.12400000
2018-02-23 06:13:51,0.03277300,4.67400000
2018-02-23 06:13:51,0.03277100,0.91500000
2018-02-23 06:13:51,0.03277000,5.93300000
2018-02-23 06:14:00,0.03279000,0.04900000
2018-02-23 06:14:00,0.03279000,1.47600000
2018-02-23 06:14:04,0.03281200,0.04000000
2018-02-23 06:14:07,0.03279000,1.02700000
2018-02-23 06:14:09,0.03279000,0.22800000
2018-02-23 06:14:09,0.03279000,1.16300000
2018-02-23 06:14:12,0.03279000,0.03600000
2018-02-23 06:14:16,0.03279000,0.28700000
2018-02-23 06:14:16,0.03277200,2.17900000
2018-02-23 06:14:19,0.03281100,0.12400000
2018-02-23 06:14:19,0.03281200,0.45000000
2018-02-23 06:14:19,0.03281500,0.20500000
2018-02-23 06:14:19,0.03281900,0.12400000
2018-02-23 06:14:19,0.03282100,0.91500000
2018-02-23 06:14:19,0.03285400,0.12400000
2018-02-23 06:14:19,0.03285500,1.05800000
2018-02-23 06:14:28,0.03285400,2.14000000
2018-02-23 06:14:28,0.03285500,7.23600000
2018-02-23 06:14:28,0.03285500,0.58500000
2018-02-23 06:14:28,0.03285500,0.51400000
2018-02-23 06:14:33,0.03285500,8.64500000
2018-02-23 06:14:34,0.03285500,0.07100000
2018-02-23 06:14:37,0.03285500,0.85800000
2018-02-23 06:14:39,0.03285800,0.11100000
2018-02-23 06:14:43,0.03285500,0.06800000
2018-02-23 06:14:44,0.03285600,0.06800000
2018-02-23 06:14:44,0.03285800,5.39400000
2018-02-23 06:14:44,0.03286600,1.86700000
2018-02-23 06:14:44,0.03285600,0.23700000
2018-02-23 06:14:44,0.03285500,4.50000000
2018-02-23 06:14:46,0.03285500,1.69600000
2018-02-23 06:14:46,0.03285500,3.38900000
2018-02-23 06:14:46,0.03279400,0.12400000
2018-02-23 06:14:46,0.03279000,0.91400000
2018-02-23 06:14:46,0.03277200,1.27800000
2018-02-23 06:14:48,0.03277700,0.07700000
2018-02-23 06:14:50,0.03277700,0.07100000
2018-02-23 06:14:50,0.03277700,0.06800000
2018-02-23 06:14:52,0.03278000,0.54500000
2018-02-23 06:14:55,0.03278000,0.49700000
2018-02-23 06:15:10,0.03279200,0.15200000
2018-02-23 06:15:10,0.03278600,1.47100000
2018-02-23 06:15:15,0.03278600,4.53600000
2018-02-23 06:15:16,0.03278600,0.31200000
2018-02-23 06:15:24,0.03279800,1.25800000
2018-02-23 06:15:24,0.03280000,1.89400000
2018-02-23 06:15:24,0.03284400,0.05700000
2018-02-23 06:15:24,0.03285000,1.07200000
2018-02-23 06:15:24,0.03285100,0.71900000
2018-02-23 06:15:26,0.03284900,0.19500000
2018-02-23 06:15:26,0.03285000,6.20500000
2018-02-23 06:15:28,0.03285000,2.82200000
2018-02-23 06:15:29,0.03279800,0.28200000
2018-02-23 06:15:39,0.03280100,9.22000000
2018-02-23 06:15:39,0.03280300,0.11400000
2018-02-23 06:15:45,0.03280300,0.01000000
2018-02-23 06:15:45,0.03280100,3.04900000
2018-02-23 06:15:46,0.03280100,0.00800000
2018-02-23 06:15:55,0.03280100,0.31000000
2018-02-23 06:16:04,0.03280100,0.99300000
2018-02-23 06:16:15,0.03280100,4.90000000
2018-02-23 06:16:17,0.03280300,0.12400000
2018-02-23 06:16:17,0.03280100,5.47900000
2018-02-23 06:16:17,0.03280100,3.36300000
2018-02-23 06:16:17,0.03279700,0.91400000
2018-02-23 06:16:21,0.03284300,0.40400000
2018-02-23 06:16:29,0.03284300,1.97800000
2018-02-23 06:16:29,0.03284400,0.48200000
2018-02-23 06:16:39,0.03280000,0.08100000
2018-02-23 06:16:39,0.03279400,1.08000000
2018-02-23 06:16:39,0.03279400,0.12400000
2018-02-23 06:16:45,0.03279400,0.77800000
2018-02-23 06:16:46,0.03279400,0.69200000
2018-02-23 06:16:53,0.03278700,1.07400000
2018-02-23 06:16:53,0.03278600,0.91400000
2018-02-23 06:16:55,0.03278600,2.54200000
2018-02-23 06:17:02,0.03278600,2.13500000
2018-02-23 06:17:03,0.03278600,0.86700000
2018-02-23 06:17:03,0.03278600,0.64500000
2018-02-23 06:17:03,0.03277100,0.50000000
2018-02-23 06:17:03,0.03277100,0.15200000
2018-02-23 06:17:05,0.03273400,0.07800000
2018-02-23 06:17:07,0.03274400,0.30500000
2018-02-23 06:17:07,0.03273900,0.06600000
2018-02-23 06:17:08,0.03274400,0.34900000
2018-02-23 06:17:08,0.03273700,0.29900000
2018-02-23 06:17:08,0.03273400,0.41700000
2018-02-23 06:17:08,0.03273000,0.04300000
2018-02-23 06:17:12,0.03273200,0.06600000
2018-02-23 06:17:13,0.03273000,0.51300000
2018-02-23 06:17:14,0.03273000,0.34900000
2018-02-23 06:17:14,0.03270100,0.21200000
2018-02-23 06:17:14,0.03270100,0.18900000
2018-02-23 06:17:16,0.03270300,0.22100000
2018-02-23 06:17:19,0.03270300,0.13000000
2018-02-23 06:17:19,0.03270300,0.91600000
2018-02-23 06:17:19,0.03270300,0.91600000
2018-02-23 06:17:19,0.03270300,0.59000000
2018-02-23 06:17:19,0.03270100,0.91600000
2018-02-23 06:17:19,0.03270300,0.62200000
2018-02-23 06:17:19,0.03270300,0.50200000
2018-02-23 06:17:20,0.03270100,0.48600000
2018-02-23 06:17:20,0.03270000,0.12600000
2018-02-23 06:17:24,0.03270000,1.92400000
2018-02-23 06:17:24,0.03270000,0.91600000
2018-02-23 06:17:24,0.03270000,0.29900000
2018-02-23 06:17:24,0.03270000,0.91600000
2018-02-23 06:17:24,0.03270000,2.31900000
2018-02-23 06:17:24,0.03270000,0.91600000
2018-02-23 06:17:25,0.03270000,0.91600000
2018-02-23 06:17:25,0.03270000,0.91600000
2018-02-23 06:17:25,0.03270000,0.91600000
2018-02-23 06:17:25,0.03270000,0.91600000
2018-02-23 06:17:25,0.03269000,0.18400000
2018-02-23 06:17:25,0.03270000,0.91600000
2018-02-23 06:17:25,0.03266200,0.11200000
2018-02-23 06:17:25,0.03270000,0.91600000
2018-02-23 06:17:25,0.03265200,0.62000000
2018-02-23 06:17:25,0.03270000,0.91600000
2018-02-23 06:17:25,0.03270000,0.91600000
2018-02-23 06:17:26,0.03270000,0.83900000
2018-02-23 06:17:26,0.03270000,0.91600000
2018-02-23 06:17:26,0.03270000,0.91600000
2018-02-23 06:17:26,0.03270000,0.91600000
2018-02-23 06:17:26,0.03270000,0.91600000
2018-02-23 06:17:26,0.03270000,0.91600000
2018-02-23 06:17:26,0.03269900,0.12400000
2018-02-23 06:17:26,0.03270000,0.79200000
2018-02-23 06:17:26,0.03270000,0.91600000
2018-02-23 06:17:26,0.03270000,0.91600000
2018-02-23 06:17:27,0.03270000,0.91600000
2018-02-23 06:17:27,0.03269900,0.91600000
2018-02-23 06:17:27,0.03270000,0.91600000
2018-02-23 06:17:27,0.03270000,0.75700000
2018-02-23 06:17:28,0.03270000,0.85600000
2018-02-23 06:17:28,0.03270000,0.91600000
2018-02-23 06:17:28,0.03270000,0.91600000
2018-02-23 06:17:29,0.03270000,0.91600000
2018-02-23 06:17:29,0.03269800,0.62000000
2018-02-23 06:17:29,0.03270000,0.83900000
2018-02-23 06:17:29,0.03267000,0.50100000
2018-02-23 06:17:30,0.03270000,0.31600000
2018-02-23 06:17:41,0.03270000,0.25000000
2018-02-23 06:17:41,0.03270000,0.42900000
2018-02-23 06:17:41,0.03270000,1.77300000
2018-02-23 06:17:41,0.03270000,0.50200000
2018-02-23 06:17:41,0.03270000,0.91600000
2018-02-23 06:17:41,0.03270000,0.75500000
2018-02-23 06:17:41,0.03270000,0.44900000
2018-02-23 06:17:41,0.03270000,0.57900000
2018-02-23 06:17:41,0.03272900,0.12400000
2018-02-23 06:17:41,0.03273000,0.50100000
2018-02-23 06:17:41,0.03273200,0.91400000
2018-02-23 06:17:41,0.03273300,0.12400000
2018-02-23 06:17:41,0.03273400,0.04500000
2018-02-23 06:17:52,0.03273000,0.29400000
2018-02-23 06:17:56,0.03273400,13.85400000
2018-02-23 06:17:56,0.03274400,0.89200000
2018-02-23 06:18:01,0.03274400,0.00500000
2018-02-23 06:18:03,0.03273400,0.24400000
2018-02-23 06:18:03,0.03273000,4.67800000
2018-02-23 06:18:04,0.03273000,0.00100000
2018-02-23 06:18:07,0.03273000,6.28700000
2018-02-23 06:18:08,0.03272100,0.45900000
2018-02-23 06:18:15,0.03270200,0.12400000
2018-02-23 06:18:15,0.03267100,0.87500000
2018-02-23 06:18:19,0.03272100,1.80900000
2018-02-23 06:18:19,0.03272200,0.87500000
2018-02-23 06:18:19,0.03272800,0.12400000
2018-02-23 06:18:19,0.03273000,1.19200000
2018-02-23 06:18:21,0.03267600,0.14700000
2018-02-23 06:18:22,0.03273000,2.57600000
2018-02-23 06:18:25,0.03271900,0.14700000
2018-02-23 06:18:25,0.03272100,0.35900000
2018-02-23 06:18:28,0.03263200,0.60500000
2018-02-23 06:18:32,0.03272100,0.06700000
2018-02-23 06:18:33,0.03267600,0.06700000
2018-02-23 06:18:33,0.03267600,0.18800000
2018-02-23 06:18:33,0.03264800,1.51800000
2018-02-23 06:18:33,0.03264700,0.14100000
2018-02-23 06:18:33,0.03263600,0.22300000
2018-02-23 06:18:33,0.03263800,0.08100000
2018-02-23 06:18:36,0.03264800,2.21800000
2018-02-23 06:18:38,0.03270000,0.59900000
2018-02-23 06:18:38,0.03272000,1.09400000
2018-02-23 06:18:44,0.03272000,0.25000000
2018-02-23 06:18:47,0.03271800,2.29900000
2018-02-23 06:18:49,0.03271000,0.22300000
2018-02-23 06:18:49,0.03271100,0.91600000
2018-02-23 06:18:50,0.03271100,1.33700000
2018-02-23 06:18:50,0.03271200,0.28700000
2018-02-23 06:18:51,0.03272000,0.91500000
2018-02-23 06:18:51,0.03272000,0.91600000
2018-02-23 06:18:52,0.03272000,0.33400000
2018-02-23 06:18:53,0.03272000,3.04400000
2018-02-23 06:18:56,0.03272000,1.00200000
2018-02-23 06:18:57,0.03271200,0.78100000
2018-02-23 06:18:57,0.03270000,0.33900000
2018-02-23 06:18:57,0.03270000,0.60500000
2018-02-23 06:18:58,0.03270000,1.49300000
2018-02-23 06:18:58,0.03272000,0.14300000
2018-02-23 06:18:59,0.03272000,0.42300000
2018-02-23 06:19:01,0.03272000,0.25000000
2018-02-23 06:19:03,0.03271900,1.71400000
2018-02-23 06:19:06,0.03272000,3.05500000
2018-02-23 06:19:07,0.03270000,1.80000000
2018-02-23 06:19:08,0.03272000,3.03500000
2018-02-23 06:19:08,0.03272000,3.04500000
2018-02-23 06:19:09,0.03272000,0.10500000
2018-02-23 06:19:09,0.03272000,3.04700000
2018-02-23 06:19:09,0.03272000,0.91600000
2018-02-23 06:19:09,0.03272000,3.63700000
2018-02-23 06:19:10,0.03272000,3.03500000
2018-02-23 06:19:10,0.03272000,1.31700000
2018-02-23 06:19:10,0.03272000,3.63600000
2018-02-23 06:19:11,0.03272000,0.74900000
2018-02-23 06:19:12,0.03272000,2.65000000
2018-02-23 06:19:12,0.03267700,0.03800000
2018-02-23 06:19:17,0.03272000,0.53300000
2018-02-23 06:19:20,0.03272000,0.64400000
2018-02-23 06:19:22,0.03272000,1.12600000
2018-02-23 06:19:26,0.03275000,2.06500000
2018-02-23 06:19:29,0.03275000,4.93500000
2018-02-23 06:19:29,0.03279100,9.54500000
2018-02-23 06:19:29,0.03279300,0.12400000
2018-02-23 06:19:29,0.03280000,6.15100000
2018-02-23 06:19:29,0.03283200,4.24500000
2018-02-23 06:19:31,0.03270600,1.75400000
2018-02-23 06:19:32,0.03270600,1.35700000
2018-02-23 06:19:34,0.03274900,0.03800000
2018-02-23 06:19:34,0.03280000,1.32100000
2018-02-23 06:19:34,0.03283500,0.38000000
2018-02-23 06:19:34,0.03283700,3.26100000
2018-02-23 06:19:42,0.03283200,0.08500000
2018-02-23 06:19:42,0.03283200,0.07300000
2018-02-23 06:19:42,0.03283200,0.23300000
2018-02-23 06:19:42,0.03273000,0.07400000
2018-02-23 06:19:54,0.03273100,0.17900000
2018-02-23 06:19:57,0.03277100,0.07400000
2018-02-23 06:19:57,0.03277200,0.23900000
2018-02-23 06:20:00,0.03277200,0.08100000
2018-02-23 06:20:09,0.03275600,0.04000000
2018-02-23 06:20:12,0.03282900,1.23000000
2018-02-23 06:20:12,0.03283400,23.77000000
2018-02-23 06:20:14,0.03276900,0.06800000
2018-02-23 06:20:18,0.03279800,0.10800000
2018-02-23 06:20:18,0.03280000,1.98200000
2018-02-23 06:20:18,0.03282700,2.26800000
2018-02-23 06:20:20,0.03282600,0.18500000
2018-02-23 06:20:20,0.03282700,1.42200000
2018-02-23 06:20:20,0.03283300,1.39300000
2018-02-23 06:20:23,0.03283300,1.26500000
2018-02-23 06:20:24,0.03283300,0.31500000
2018-02-23 06:20:27,0.03280000,0.04900000
2018-02-23 06:20:28,0.03280200,0.12400000
2018-02-23 06:20:44,0.03280000,3.40700000
2018-02-23 06:20:48,0.03282700,0.25000000
2018-02-23 06:20:49,0.03282700,0.17100000
2018-02-23 06:20:56,0.03282700,0.58000000
2018-02-23 06:20:59,0.03282700,0.19100000
2018-02-23 06:21:02,0.03282700,0.33500000
2018-02-23 06:21:05,0.03282700,8.29000000
2018-02-23 06:21:06,0.03280300,0.17000000
2018-02-23 06:21:07,0.03280300,6.04200000
2018-02-23 06:21:07,0.03280300,2.93300000
2018-02-23 06:21:07,0.03280200,0.12400000
2018-02-23 06:21:07,0.03280000,0.38700000
2018-02-23 06:21:08,0.03280000,3.48300000
2018-02-23 06:21:08,0.03280000,0.98300000
2018-02-23 06:21:09,0.03280200,0.12400000
2018-02-23 06:21:09,0.03282300,0.08800000
2018-02-23 06:21:16,0.03282300,0.02300000
2018-02-23 06:21:21,0.03280200,0.18200000
2018-02-23 06:21:22,0.03280200,0.07200000
2018-02-23 06:21:22,0.03280400,0.12400000
2018-02-23 06:21:22,0.03280200,3.74300000
2018-02-23 06:21:22,0.03277700,0.13000000
2018-02-23 06:21:32,0.03282000,0.12400000
2018-02-23 06:21:32,0.03282000,0.32100000
2018-02-23 06:21:41,0.03282000,2.00000000
2018-02-23 06:21:43,0.03282000,0.36600000
2018-02-23 06:21:56,0.03281800,1.98200000
2018-02-23 06:21:57,0.03281800,6.99800000
2018-02-23 06:21:59,0.03281800,0.19100000
2018-02-23 06:22:00,0.03276900,0.25000000
2018-02-23 06:22:08,0.03281500,0.25000000
2018-02-23 06:22:08,0.03281700,5.01600000
2018-02-23 06:22:11,0.03281800,2.62100000
2018-02-23 06:22:15,0.03278200,0.03900000
2018-02-23 06:22:15,0.03277600,0.07200000
2018-02-23 06:22:15,0.03277300,0.04100000
2018-02-23 06:22:15,0.03276800,0.09400000
2018-02-23 06:22:19,0.03281700,0.93800000
2018-02-23 06:22:19,0.03281800,0.06200000
2018-02-23 06:22:22,0.03279200,0.10600000
2018-02-23 06:22:22,0.03278800,0.10600000
2018-02-23 06:22:22,0.03278300,0.10600000
2018-02-23 06:22:22,0.03278000,1.95800000
2018-02-23 06:22:32,0.03279400,6.59200000
2018-02-23 06:22:39,0.03279000,0.30200000
2018-02-23 06:22:40,0.03279000,12.08800000
2018-02-23 06:22:42,0.03281600,0.06700000
2018-02-23 06:22:43,0.03281500,0.06700000
2018-02-23 06:22:45,0.03280200,1.06700000
2018-02-23 06:22:45,0.03281300,0.15700000
2018-02-23 06:22:45,0.03281600,0.05700000
2018-02-23 06:22:45,0.03281700,15.41600000
2018-02-23 06:22:45,0.03281800,10.99000000
2018-02-23 06:22:45,0.03281900,1.16400000
2018-02-23 06:22:45,0.03281600,4.91100000
2018-02-23 06:22:46,0.03280100,0.24800000
2018-02-23 06:22:46,0.03281600,0.06700000
2018-02-23 06:22:51,0.03281600,0.93300000
2018-02-23 06:22:54,0.03281600,3.48200000
2018-02-23 06:22:55,0.03281600,0.13700000
2018-02-23 06:22:55,0.03281600,0.34700000
2018-02-23 06:22:55,0.03281900,3.63800000
2018-02-23 06:23:00,0.03281600,2.50200000
2018-02-23 06:23:00,0.03281900,10.50100000
2018-02-23 06:23:01,0.03281900,3.74100000
2018-02-23 06:23:01,0.03282000,0.86600000
2018-02-23 06:23:01,0.03282000,3.11300000
2018-02-23 06:23:01,0.03282300,0.01300000
2018-02-23 06:23:01,0.03282900,0.42400000
2018-02-23 06:23:03,0.03282900,2.29300000
2018-02-23 06:23:03,0.03283000,1.61200000
2018-02-23 06:23:04,0.03283000,1.15200000
2018-02-23 06:23:07,0.03283000,17.39000000
2018-02-23 06:23:08,0.03283000,1.24700000
2018-02-23 06:23:08,0.03284600,8.14800000
2018-02-23 06:23:08,0.03285000,3.30400000
2018-02-23 06:23:08,0.03285300,0.07800000
2018-02-23 06:23:10,0.03285300,0.10600000
2018-02-23 06:23:10,0.03289200,0.04000000
2018-02-23 06:23:10,0.03289300,2.26100000
2018-02-23 06:23:10,0.03289600,3.39800000
2018-02-23 06:23:10,0.03289700,2.00000000
2018-02-23 06:23:10,0.03289800,2.00000000
2018-02-23 06:23:10,0.03290000,15.19500000
2018-02-23 06:23:11,0.03287700,1.00100000
2018-02-23 06:23:11,0.03285000,14.51400000
2018-02-23 06:23:11,0.03289900,0.20100000
2018-02-23 06:23:11,0.03290000,2.29900000
2018-02-23 06:23:13,0.03290000,26.57100000
2018-02-23 06:23:15,0.03292000,0.03400000
2018-02-23 06:23:16,0.03292000,0.08400000
2018-02-23 06:23:16,0.03293300,0.16500000
2018-02-23 06:23:16,0.03293300,0.35000000
2018-02-23 06:23:16,0.03293300,0.61100000
2018-02-23 06:23:16,0.03293300,0.91000000
2018-02-23 06:23:18,0.03293300,2.68800000
2018-02-23 06:23:18,0.03293300,0.30300000
2018-02-23 06:23:18,0.03290200,0.12400000
2018-02-23 06:23:18,0.03290100,0.16400000
2018-02-23 06:23:18,0.03290100,0.58900000
2018-02-23 06:23:18,0.03290100,0.30300000
2018-02-23 06:23:26,0.03291800,0.12400000
2018-02-23 06:23:27,0.03291800,0.32100000
2018-02-23 06:23:29,0.03291800,0.49000000
2018-02-23 06:23:31,0.03291700,1.05600000
2018-02-23 06:23:31,0.03291800,2.46000000
2018-02-23 06:23:31,0.03291800,0.13700000
2018-02-23 06:23:31,0.03294400,1.06900000
2018-02-23 06:23:31,0.03294400,0.91000000
2018-02-23 06:23:31,0.03294400,0.91000000
2018-02-23 06:23:31,0.03294400,0.31600000
2018-02-23 06:23:32,0.03294400,0.00100000
2018-02-23 06:23:33,0.03294400,1.17200000
2018-02-23 06:23:36,0.03294500,0.79800000
2018-02-23 06:23:36,0.03294500,0.31700000
2018-02-23 06:23:36,0.03294500,0.33100000
2018-02-23 06:23:36,0.03294500,0.66400000
2018-02-23 06:23:37,0.03294500,0.25900000
2018-02-23 06:23:37,0.03294500,0.23200000
2018-02-23 06:23:37,0.03290700,0.12400000
2018-02-23 06:23:37,0.03290500,0.34600000
2018-02-23 06:23:37,0.03290400,0.18300000
2018-02-23 06:23:38,0.03291600,0.00200000
2018-02-23 06:23:38,0.03291600,0.03200000
2018-02-23 06:23:40,0.03291600,0.09000000
2018-02-23 06:23:40,0.03294300,0.12400000
2018-02-23 06:23:40,0.03294400,0.04500000
2018-02-23 06:23:42,0.03290600,0.06800000
2018-02-23 06:23:50,0.03291600,0.29100000
2018-02-23 06:23:51,0.03291600,0.06800000
2018-02-23 06:24:03,0.03294200,0.25100000
2018-02-23 06:24:03,0.03294300,0.54500000
2018-02-23 06:24:03,0.03294300,0.32000000
2018-02-23 06:24:03,0.03294300,0.91000000
2018-02-23 06:24:03,0.03294300,0.91000000
2018-02-23 06:24:04,0.03294300,0.91000000
2018-02-23 06:24:04,0.03294300,0.90900000
2018-02-23 06:24:04,0.03294300,0.91000000
2018-02-23 06:24:04,0.03294300,2.03200000
2018-02-23 06:24:04,0.03294300,0.91000000
2018-02-23 06:24:04,0.03294300,0.57100000
2018-02-23 06:24:06,0.03291600,2.15900000
2018-02-23 06:24:06,0.03291000,2.00000000
2018-02-23 06:24:06,0.03290800,4.53100000
2018-02-23 06:24:06,0.03290600,0.95100000
2018-02-23 06:24:08,0.03293900,0.14000000
2018-02-23 06:24:08,0.03293900,0.91000000
2018-02-23 06:24:08,0.03293900,0.91000000
2018-02-23 06:24:08,0.03294300,0.12400000
2018-02-23 06:24:09,0.03294300,2.52000000
2018-02-23 06:24:09,0.03293900,3.04000000
2018-02-23 06:24:09,0.03290600,2.93900000
2018-02-23 06:24:09,0.03290400,2.81700000
2018-02-23 06:24:09,0.03290300,3.31700000
2018-02-23 06:24:09,0.03290100,0.33500000
2018-02-23 06:24:09,0.03290000,11.60500000
2018-02-23 06:24:09,0.03290000,1.23100000
2018-02-23 06:24:09,0.03290000,0.07500000
2018-02-23 06:24:10,0.03290000,11.69300000
2018-02-23 06:24:10,0.03290600,0.12100000
2018-02-23 06:24:10,0.03291600,0.00200000
2018-02-23 06:24:11,0.03291600,6.16800000
2018-02-23 06:24:12,0.03291800,0.12400000
2018-02-23 06:24:12,0.03285400,0.03100000
2018-02-23 06:24:14,0.03286000,0.20900000
2018-02-23 06:24:15,0.03286000,0.58100000
2018-02-23 06:24:15,0.03286000,0.16900000
2018-02-23 06:24:16,0.03286300,0.07800000
2018-02-23 06:24:17,0.03286300,0.07700000
2018-02-23 06:24:17,0.03286300,0.06200000
2018-02-23 06:24:17,0.03286300,0.08700000
2018-02-23 06:24:20,0.03287100,1.23800000
2018-02-23 06:24:20,0.03287300,1.83300000
2018-02-23 06:24:20,0.03287100,1.16700000
2018-02-23 06:24:26,0.03287700,0.21400000
2018-02-23 06:24:26,0.03287700,0.69800000
2018-02-23 06:24:26,0.03287600,2.70500000
2018-02-23 06:24:26,0.03286500,0.12400000
2018-02-23 06:24:26,0.03286300,2.23000000
2018-02-23 06:24:26,0.03290800,0.26500000
2018-02-23 06:24:29,0.03290500,0.92300000
2018-02-23 06:24:40,0.03289600,1.93900000
2018-02-23 06:24:40,0.03289800,2.44300000
2018-02-23 06:24:40,0.03290500,0.05300000
2018-02-23 06:24:41,0.03290500,0.00200000
2018-02-23 06:24:43,0.03290500,0.68200000
2018-02-23 06:24:43,0.03291000,1.00000000
2018-02-23 06:24:43,0.03291200,0.91200000
2018-02-23 06:24:43,0.03293700,2.81700000
2018-02-23 06:24:43,0.03293900,0.93300000
2018-02-23 06:24:43,0.03294500,0.12400000
2018-02-23 06:24:43,0.03294700,1.58400000
2018-02-23 06:24:43,0.03294800,0.22200000
2018-02-23 06:24:43,0.03295000,0.59900000
2018-02-23 06:24:43,0.03295500,0.72700000
2018-02-23 06:24:46,0.03290700,0.18500000
2018-02-23 06:24:47,0.03295500,2.02200000
2018-02-23 06:24:47,0.03295500,0.08200000
2018-02-23 06:24:47,0.03295500,0.23800000
2018-02-23 06:24:47,0.03295500,0.07100000
2018-02-23 06:24:47,0.03295500,3.61400000
2018-02-23 06:24:47,0.03295500,0.18500000
2018-02-23 06:24:48,0.03295500,1.18000000
2018-02-23 06:24:48,0.03290500,0.94600000
2018-02-23 06:24:48,0.03287400,0.18500000
2018-02-23 06:24:52,0.03290500,1.02900000
2018-02-23 06:24:54,0.03295200,0.18500000
2018-02-23 06:24:54,0.03295400,0.91200000
2018-02-23 06:24:54,0.03295500,0.96600000
2018-02-23 06:24:54,0.03295600,0.19900000
2018-02-23 06:24:54,0.03296200,0.31200000
2018-02-23 06:24:54,0.03297600,0.41500000
2018-02-23 06:24:54,0.03299000,0.58400000
2018-02-23 06:24:54,0.03299200,0.12100000
2018-02-23 06:24:54,0.03299500,3.44500000
2018-02-23 06:24:54,0.03299700,1.14800000
2018-02-23 06:24:54,0.03299900,22.73500000
2018-02-23 06:24:57,0.03291200,0.91100000
2018-02-23 06:24:57,0.03291100,3.39400000
2018-02-23 06:24:59,0.03291900,0.04000000
2018-02-23 06:25:00,0.03298700,0.03400000
2018-02-23 06:25:01,0.03298500,0.06000000
2018-02-23 06:25:02,0.03292600,2.99600000
2018-02-23 06:25:02,0.03292400,0.33400000
2018-02-23 06:25:02,0.03292100,0.12400000
2018-02-23 06:25:02,0.03292000,4.62200000
2018-02-23 06:25:02,0.03291600,2.07400000
2018-02-23 06:25:02,0.03291200,0.12400000
2018-02-23 06:25:02,0.03291100,2.60500000
2018-02-23 06:25:02,0.03290700,10.00000000
2018-02-23 06:25:02,0.03290500,1.95000000
2018-02-23 06:25:02,0.03288500,0.17100000
2018-02-23 06:25:03,0.03292700,2.77900000
2018-02-23 06:25:08,0.03292000,0.29800000
2018-02-23 06:25:08,0.03292000,0.01000000
2018-02-23 06:25:08,0.03292200,0.11400000
2018-02-23 06:25:08,0.03291700,0.01800000
2018-02-23 06:25:12,0.03296400,3.03600000
2018-02-23 06:25:12,0.03296600,0.91500000
2018-02-23 06:25:12,0.03296700,0.64600000
2018-02-23 06:25:12,0.03296700,0.06700000
2018-02-23 06:25:13,0.03291800,0.04700000
2018-02-23 06:25:13,0.03296700,0.03900000
2018-02-23 06:25:14,0.03296600,0.01000000
2018-02-23 06:25:16,0.03296300,1.50800000
2018-02-23 06:25:17,0.03296300,1.14300000
2018-02-23 06:25:23,0.03296300,0.05400000
2018-02-23 06:25:23,0.03296300,0.05700000
2018-02-23 06:25:26,0.03296300,0.01400000
2018-02-23 06:25:30,0.03296300,3.30200000
2018-02-23 06:25:30,0.03296600,0.10200000
2018-02-23 06:25:30,0.03297000,0.41700000
2018-02-23 06:25:30,0.03297500,0.09900000
2018-02-23 06:25:30,0.03298600,0.12400000
2018-02-23 06:25:30,0.03298800,0.04400000
2018-02-23 06:25:32,0.03296300,0.32000000
2018-02-23 06:25:32,0.03296300,0.91000000
2018-02-23 06:25:32,0.03296300,0.91000000
2018-02-23 06:25:32,0.03296300,1.58100000
2018-02-23 06:25:32,0.03293000,0.35500000
2018-02-23 06:25:33,0.03292700,0.03400000
2018-02-23 06:25:38,0.03296000,0.15600000
2018-02-23 06:25:38,0.03292700,0.30600000
2018-02-23 06:25:48,0.03293000,0.45700000
2018-02-23 06:25:48,0.03292900,0.94000000
2018-02-23 06:25:57,0.03295900,0.39100000
2018-02-23 06:25:57,0.03296000,0.60900000
2018-02-23 06:25:57,0.03293500,0.16900000
2018-02-23 06:25:58,0.03293500,0.00200000
2018-02-23 06:25:58,0.03296000,0.17000000
2018-02-23 06:25:58,0.03297000,3.99700000
2018-02-23 06:26:02,0.03298800,0.08000000
2018-02-23 06:26:05,0.03298800,6.64100000
2018-02-23 06:26:06,0.03299900,16.00000000
2018-02-23 06:26:06,0.03298800,0.18500000
2018-02-23 06:26:07,0.03299900,0.12600000
2018-02-23 06:26:10,0.03299900,1.15200000
2018-02-23 06:26:12,0.03299900,1.38700000
2018-02-23 06:26:12,0.03299900,16.70400000
2018-02-23 06:26:15,0.03300000,12.95600000
2018-02-23 06:26:15,0.03300000,85.02300000
2018-02-23 06:26:15,0.03300600,19.64200000
2018-02-23 06:26:16,0.03300800,0.32300000
2018-02-23 06:26:16,0.03300900,0.33100000
2018-02-23 06:26:16,0.03301400,0.03100000
2018-02-23 06:26:16,0.03301900,0.35500000
2018-02-23 06:26:16,0.03300600,1.08400000
2018-02-23 06:26:17,0.03303500,0.07900000
2018-02-23 06:26:17,0.03304500,0.04600000
2018-02-23 06:26:17,0.03305000,1.17600000
2018-02-23 06:26:17,0.03300800,1.50000000
2018-02-23 06:26:19,0.03301100,1.24700000
2018-02-23 06:26:19,0.03303300,0.12400000
2018-02-23 06:26:20,0.03303300,0.10400000
2018-02-23 06:26:20,0.03303300,0.14600000
2018-02-23 06:26:24,0.03303400,1.24700000
2018-02-23 06:26:24,0.03304500,6.97700000
2018-02-23 06:26:26,0.03304500,2.01500000
2018-02-23 06:26:27,0.03304500,1.50000000
2018-02-23 06:26:28,0.03305000,0.96400000
2018-02-23 06:26:29,0.03305000,19.78000000
2018-02-23 06:26:29,0.03306000,11.15900000
2018-02-23 06:26:29,0.03308000,0.07400000
2018-02-23 06:26:29,0.03309000,12.35900000
2018-02-23 06:26:29,0.03310000,32.10700000
2018-02-23 06:26:29,0.03310000,7.08200000
2018-02-23 06:26:30,0.03310300,0.17000000
2018-02-23 06:26:30,0.03310400,0.49900000
2018-02-23 06:26:30,0.03310500,3.00000000
2018-02-23 06:26:30,0.03312700,3.94000000
2018-02-23 06:26:32,0.03312700,16.53900000
2018-02-23 06:26:33,0.03312700,6.60700000
2018-02-23 06:26:33,0.03310300,0.12400000
2018-02-23 06:26:33,0.03310100,2.00700000
2018-02-23 06:26:33,0.03312500,0.12400000
2018-02-23 06:26:33,0.03312700,0.74200000
2018-02-23 06:26:34,0.03312700,6.12800000
2018-02-23 06:26:34,0.03312700,15.04200000
2018-02-23 06:26:34,0.03312700,4.90300000
2018-02-23 06:26:35,0.03312700,3.80000000
2018-02-23 06:26:35,0.03312700,0.17800000
2018-02-23 06:26:35,0.03310100,0.06200000
2018-02-23 06:26:35,0.03310100,0.17800000
2018-02-23 06:26:35,0.03312700,0.84400000
2018-02-23 06:26:35,0.03312700,5.14200000
2018-02-23 06:26:35,0.03312700,0.20000000
2018-02-23 06:26:37,0.03312700,1.50000000
2018-02-23 06:26:37,0.03312800,2.24700000
2018-02-23 06:26:37,0.03313000,0.41800000
2018-02-23 06:26:37,0.03313600,0.30500000
2018-02-23 06:26:38,0.03313600,0.25500000
2018-02-23 06:26:38,0.03313600,1.43300000
2018-02-23 06:26:38,0.03313600,0.39100000
2018-02-23 06:26:38,0.03312700,1.38300000
2018-02-23 06:26:38,0.03310100,0.22100000
2018-02-23 06:26:38,0.03310100,0.12400000
2018-02-23 06:26:39,0.03310100,3.02300000
2018-02-23 06:26:39,0.03314800,0.12400000
2018-02-23 06:26:39,0.03315000,2.69300000
2018-02-23 06:26:39,0.03317800,0.03100000
2018-02-23 06:26:39,0.03318200,0.11700000
2018-02-23 06:26:39,0.03319900,0.34600000
2018-02-23 06:26:39,0.03320000,18.66600000
2018-02-23 06:26:39,0.03320000,0.67400000
2018-02-23 06:26:41,0.03313600,0.07500000
2018-02-23 06:26:41,0.03319900,0.37400000
2018-02-23 06:26:41,0.03320000,0.25800000
2018-02-23 06:26:42,0.03320000,1.09900000
2018-02-23 06:26:42,0.03320000,4.00000000
2018-02-23 06:26:44,0.03318000,5.00000000
2018-02-23 06:26:44,0.03318000,3.84500000
2018-02-23 06:26:44,0.03318000,0.09700000
2018-02-23 06:26:44,0.03318000,0.05000000
2018-02-23 06:26:44,0.03319000,0.13800000
2018-02-23 06:26:44,0.03319000,2.67900000
2018-02-23 06:26:45,0.03311600,0.90500000
2018-02-23 06:26:45,0.03311500,0.33200000
2018-02-23 06:26:45,0.03311400,0.26300000
2018-02-23 06:26:45,0.03319000,3.27600000
2018-02-23 06:26:45,0.03318900,0.33200000
2018-02-23 06:26:45,0.03319000,0.49200000
2018-02-23 06:26:45,0.03311700,0.12400000
2018-02-23 06:26:45,0.03311400,1.37600000
2018-02-23 06:26:47,0.03317900,0.90500000
2018-02-23 06:26:47,0.03318000,4.09500000
2018-02-23 06:26:47,0.03318000,2.09100000
2018-02-23 06:26:47,0.03318800,0.12400000
2018-02-23 06:26:47,0.03319000,10.56500000
2018-02-23 06:26:47,0.03319900,12.95200000
2018-02-23 06:26:47,0.03320000,1.87700000
2018-02-23 06:26:51,0.03313100,1.26400000
2018-02-23 06:26:51,0.03313100,1.49300000
2018-02-23 06:26:51,0.03313000,0.00700000
2018-02-23 06:26:53,0.03317800,0.20600000
2018-02-23 06:26:53,0.03317800,0.29100000
2018-02-23 06:26:55,0.03317800,3.89900000
2018-02-23 06:26:55,0.03317800,2.53500000
2018-02-23 06:26:55,0.03317800,1.50000000
2018-02-23 06:26:57,0.03317800,0.11300000
2018-02-23 06:26:59,0.03317800,0.38100000
2018-02-23 06:27:00,0.03317800,1.50000000
2018-02-23 06:27:01,0.03318000,0.03900000
2018-02-23 06:27:01,0.03318000,4.76500000
2018-02-23 06:27:01,0.03318000,0.60100000
2018-02-23 06:27:02,0.03317900,0.29200000
2018-02-23 06:27:03,0.03317900,0.03600000
2018-02-23 06:27:03,0.03317900,2.48100000
2018-02-23 06:27:03,0.03317800,11.33300000
2018-02-23 06:27:03,0.03313200,3.18100000
2018-02-23 06:27:04,0.03317600,0.12400000
2018-02-23 06:27:05,0.03317600,0.10800000
2018-02-23 06:27:05,0.03317600,9.63400000
2018-02-23 06:27:06,0.03317600,0.06700000
2018-02-23 06:27:07,0.03317600,1.50000000
2018-02-23 06:27:07,0.03317600,3.31100000
2018-02-23 06:27:08,0.03319800,2.80900000
2018-02-23 06:27:08,0.03319900,1.37500000
2018-02-23 06:27:08,0.03320000,22.64900000
2018-02-23 06:27:09,0.03318000,0.10300000
2018-02-23 06:27:10,0.03318000,0.90400000
2018-02-23 06:27:10,0.03318200,0.10200000
2018-02-23 06:27:11,0.03318200,0.02200000
2018-02-23 06:27:11,0.03318000,0.10400000
2018-02-23 06:27:11,0.03318000,0.06200000
2018-02-23 06:27:11,0.03319500,0.30100000
2018-02-23 06:27:11,0.03319800,0.12400000
2018-02-23 06:27:11,0.03320000,4.57500000
2018-02-23 06:27:12,0.03318000,1.53000000
2018-02-23 06:27:12,0.03318000,0.10500000
2018-02-23 06:27:13,0.03318000,0.26700000
2018-02-23 06:27:13,0.03319600,0.15000000
2018-02-23 06:27:13,0.03319900,0.22100000
2018-02-23 06:27:13,0.03320000,1.24500000
2018-02-23 06:27:14,0.03317900,2.80600000
2018-02-23 06:27:14,0.03317800,2.93300000
2018-02-23 06:27:14,0.03320000,1.58100000
2018-02-23 06:27:14,0.03320000,0.90200000
2018-02-23 06:27:14,0.03320000,0.90300000
2018-02-23 06:27:14,0.03320000,0.66000000
2018-02-23 06:27:14,0.03320000,1.50000000
2018-02-23 06:27:15,0.03320000,9.83800000
2018-02-23 06:27:15,0.03320000,0.12400000
2018-02-23 06:27:15,0.03318000,2.16200000
2018-02-23 06:27:15,0.03317800,2.70600000
2018-02-23 06:27:15,0.03313200,1.94300000
2018-02-23 06:27:15,0.03313000,4.78200000
2018-02-23 06:27:15,0.03312600,0.90500000
2018-02-23 06:27:15,0.03310500,0.06000000
2018-02-23 06:27:15,0.03310100,2.48400000
2018-02-23 06:27:15,0.03310300,3.01600000
2018-02-23 06:27:15,0.03310100,2.66600000
2018-02-23 06:27:15,0.03310000,10.31800000
2018-02-23 06:27:16,0.03317600,3.01600000
2018-02-23 06:27:16,0.03317800,0.12400000
2018-02-23 06:27:16,0.03319900,2.44400000
2018-02-23 06:27:17,0.03310700,0.04700000
2018-02-23 06:27:17,0.03310300,0.20200000
2018-02-23 06:27:17,0.03310500,0.16100000
2018-02-23 06:27:18,0.03319900,0.06600000
2018-02-23 06:27:18,0.03311100,0.59900000
2018-02-23 06:27:18,0.03311100,0.07700000
2018-02-23 06:27:19,0.03319700,0.29600000
2018-02-23 06:27:19,0.03319800,0.06600000
2018-02-23 06:27:19,0.03319800,0.83900000
2018-02-23 06:27:19,0.03320000,4.73500000
2018-02-23 06:27:19,0.03311400,0.07700000
2018-02-23 06:27:19,0.03311400,0.00600000
2018-02-23 06:27:19,0.03311400,0.08300000
2018-02-23 06:27:19,0.03311400,1.90300000
2018-02-23 06:27:19,0.03311400,0.18800000
2018-02-23 06:27:20,0.03311400,0.03100000
2018-02-23 06:27:20,0.03311500,0.09200000
2018-02-23 06:27:20,0.03311700,0.05500000
2018-02-23 06:27:20,0.03311500,0.00700000
2018-02-23 06:27:20,0.03311500,0.27600000
2018-02-23 06:27:21,0.03319500,4.62200000
2018-02-23 06:27:21,0.03319600,0.20200000
2018-02-23 06:27:21,0.03320000,3.23000000
2018-02-23 06:27:21,0.03319600,0.07600000
2018-02-23 06:27:21,0.03319600,0.12300000
2018-02-23 06:27:21,0.03319600,4.41600000
2018-02-23 06:27:21,0.03319600,0.27900000
2018-02-23 06:27:21,0.03319600,0.05000000
2018-02-23 06:27:22,0.03319600,0.55700000
2018-02-23 06:27:22,0.03319600,0.04800000
2018-02-23 06:27:22,0.03319600,30.06500000
2018-02-23 06:27:22,0.03311600,0.94800000
2018-02-23 06:27:22,0.03318000,0.13800000
2018-02-23 06:27:22,0.03318000,0.07700000
2018-02-23 06:27:23,0.03318000,0.03600000
2018-02-23 06:27:23,0.03311700,0.09200000
2018-02-23 06:27:23,0.03311700,6.12800000
2018-02-23 06:27:23,0.03319600,0.64000000
2018-02-23 06:27:23,0.03312500,0.05000000
2018-02-23 06:27:25,0.03318000,0.15400000
2018-02-23 06:27:25,0.03318000,5.02400000
2018-02-23 06:27:25,0.03312500,0.42900000
2018-02-23 06:27:25,0.03311800,2.80600000
2018-02-23 06:27:25,0.03310900,4.50000000
2018-02-23 06:27:25,0.03319100,0.14100000
2018-02-23 06:27:26,0.03310900,0.00100000
2018-02-23 06:27:26,0.03311000,0.05000000
2018-02-23 06:27:27,0.03311000,0.03200000
2018-02-23 06:27:28,0.03310900,4.67500000
2018-02-23 06:27:28,0.03310700,5.00000000
2018-02-23 06:27:28,0.03310300,0.56900000
2018-02-23 06:27:28,0.03310000,4.55200000
2018-02-23 06:27:28,0.03310000,0.05000000
2018-02-23 06:27:29,0.03310000,1.50000000
2018-02-23 06:27:29,0.03310900,0.31800000
2018-02-23 06:27:30,0.03310900,0.26500000
2018-02-23 06:27:30,0.03310900,0.31700000
2018-02-23 06:27:30,0.03310900,1.68400000
2018-02-23 06:27:30,0.03310900,0.31800000
2018-02-23 06:27:30,0.03310900,0.26500000
2018-02-23 06:27:30,0.03310900,0.31700000
2018-02-23 06:27:30,0.03310900,1.68300000
2018-02-23 06:27:30,0.03310700,0.25400000
2018-02-23 06:27:30,0.03310700,0.31800000
2018-02-23 06:27:30,0.03310700,2.46700000
2018-02-23 06:27:30,0.03310900,2.24900000
2018-02-23 06:27:31,0.03310300,0.06900000
2018-02-23 06:27:31,0.03310200,0.05000000
2018-02-23 06:27:31,0.03310200,0.07400000
2018-02-23 06:27:31,0.03310000,0.10800000
2018-02-23 06:27:31,0.03310000,0.91100000
2018-02-23 06:27:31,0.03310000,0.31700000
2018-02-23 06:27:31,0.03310300,0.00200000
2018-02-23 06:27:31,0.03310300,3.05200000
2018-02-23 06:27:32,0.03310000,2.70400000
2018-02-23 06:27:33,0.03305600,4.30300000
2018-02-23 06:27:33,0.03305600,0.69700000
2018-02-23 06:27:33,0.03305000,0.77500000
2018-02-23 06:27:33,0.03305000,0.97900000
2018-02-23 06:27:33,0.03305800,0.12400000
2018-02-23 06:27:33,0.03305000,4.92900000
2018-02-23 06:27:33,0.03305000,1.72900000
2018-02-23 06:27:33,0.03309900,0.14000000
2018-02-23 06:27:33,0.03304500,0.05000000
2018-02-23 06:27:33,0.03305000,0.90600000
2018-02-23 06:27:33,0.03304500,1.00000000
2018-02-23 06:27:33,0.03304500,1.00000000
2018-02-23 06:27:33,0.03304300,0.09100000
2018-02-23 06:27:33,0.03305000,0.90700000
2018-02-23 06:27:34,0.03305000,0.90700000
2018-02-23 06:27:34,0.03305000,0.30200000
2018-02-23 06:27:34,0.03305000,0.18700000
2018-02-23 06:27:34,0.03303800,0.90700000
2018-02-23 06:27:34,0.03303800,4.09300000
2018-02-23 06:27:35,0.03300800,0.09300000
2018-02-23 06:27:35,0.03300300,0.21200000
2018-02-23 06:27:35,0.03300000,0.69500000
2018-02-23 06:27:35,0.03300000,3.34300000
2018-02-23 06:27:36,0.03300000,0.07400000
2018-02-23 06:27:37,0.03300200,0.05800000
2018-02-23 06:27:37,0.03300200,0.06600000
2018-02-23 06:27:37,0.03300000,0.02800000
2018-02-23 06:27:37,0.03300000,0.11000000
2018-02-23 06:27:38,0.03300000,5.36500000
2018-02-23 06:27:38,0.03300000,0.16100000
2018-02-23 06:27:39,0.03299200,0.31000000
2018-02-23 06:27:39,0.03300000,3.96200000
2018-02-23 06:27:39,0.03300200,1.69400000
2018-02-23 06:27:39,0.03299200,0.34100000
2018-02-23 06:27:40,0.03299200,0.21900000
2018-02-23 06:27:40,0.03299900,0.08200000
2018-02-23 06:27:40,0.03299200,1.00000000
2018-02-23 06:27:41,0.03299200,1.99000000
2018-02-23 06:27:42,0.03299200,1.32200000
2018-02-23 06:27:44,0.03299000,1.32300000
2018-02-23 06:27:44,0.03299100,3.35700000
2018-02-23 06:27:45,0.03299200,0.36100000
2018-02-23 06:27:46,0.03299300,0.75700000
2018-02-23 06:27:46,0.03304100,1.02900000
2018-02-23 06:27:46,0.03304300,0.12400000
2018-02-23 06:27:46,0.03299300,0.10500000
2018-02-23 06:27:46,0.03304500,1.52400000
2018-02-23 06:27:46,0.03304700,0.14800000
2018-02-23 06:27:46,0.03304700,0.11700000
2018-02-23 06:27:46,0.03299400,0.06800000
2018-02-23 06:27:46,0.03299600,0.10500000
2018-02-23 06:27:46,0.03299600,0.05800000
2018-02-23 06:27:46,0.03299600,0.61500000
2018-02-23 06:27:46,0.03299600,0.09200000
2018-02-23 06:27:48,0.03300300,0.17500000
2018-02-23 06:27:48,0.03300500,1.29500000
2018-02-23 06:27:48,0.03300300,0.15800000
2018-02-23 06:27:48,0.03300000,0.05500000
2018-02-23 06:27:49,0.03300000,0.91400000
2018-02-23 06:27:49,0.03300600,0.03700000
2018-02-23 06:27:49,0.03300600,0.91800000
2018-02-23 06:27:50,0.03300600,0.06800000
2018-02-23 06:27:50,0.03303200,3.02700000
2018-02-23 06:27:50,0.03303400,0.13400000
2018-02-23 06:27:50,0.03300600,0.12400000
2018-02-23 06:27:50,0.03300800,0.12400000
2018-02-23 06:27:50,0.03300800,0.03100000
2018-02-23 06:27:50,0.03300600,0.08800000
2018-02-23 06:27:51,0.03300700,0.61800000
2018-02-23 06:27:52,0.03302900,0.15500000
2018-02-23 06:27:52,0.03302800,0.72000000
2018-02-23 06:27:52,0.03300700,0.27800000
2018-02-23 06:27:53,0.03302800,1.48400000
2018-02-23 06:27:53,0.03300700,0.01200000
2018-02-23 06:27:53,0.03300600,0.30200000
2018-02-23 06:27:55,0.03308400,0.11200000
2018-02-23 06:27:56,0.03300400,0.17500000
2018-02-23 06:27:56,0.03300700,0.06500000
2018-02-23 06:27:57,0.03300700,0.31000000
2018-02-23 06:27:57,0.03300700,0.04300000
2018-02-23 06:27:58,0.03300700,2.43400000
2018-02-23 06:27:58,0.03300500,0.09900000
2018-02-23 06:27:58,0.03300500,3.13900000
2018-02-23 06:27:59,0.03300500,2.25100000
2018-02-23 06:28:01,0.03306700,0.07000000
2018-02-23 06:28:03,0.03306100,0.86200000
2018-02-23 06:28:03,0.03300900,0.11100000
2018-02-23 06:28:05,0.03305200,0.27200000
2018-02-23 06:28:06,0.03301300,0.12400000
2018-02-23 06:28:06,0.03301100,1.70600000
2018-02-23 06:28:06,0.03300900,2.14800000
2018-02-23 06:28:09,0.03302400,0.07700000
2018-02-23 06:28:10,0.03302600,0.12400000
2018-02-23 06:28:10,0.03302400,0.00500000
2018-02-23 06:28:10,0.03300900,25.70700000
2018-02-23 06:28:10,0.03300900,0.08800000
2018-02-23 06:28:10,0.03303800,1.38800000
2018-02-23 06:28:10,0.03303800,0.43500000
2018-02-23 06:28:10,0.03304000,0.12400000
2018-02-23 06:28:15,0.03302600,0.18500000
2018-02-23 06:28:15,0.03303700,0.33300000
2018-02-23 06:28:15,0.03304200,0.25800000
2018-02-23 06:28:15,0.03305000,0.12400000
2018-02-23 06:28:15,0.03305800,0.90800000
2018-02-23 06:28:15,0.03306500,0.12400000
2018-02-23 06:28:15,0.03306700,0.15300000
2018-02-23 06:28:15,0.03307300,1.14400000
2018-02-23 06:28:15,0.03307700,1.45200000
2018-02-23 06:28:15,0.03310000,0.12400000
2018-02-23 06:28:15,0.03310100,0.12400000
2018-02-23 06:28:15,0.03310200,0.09300000
2018-02-23 06:28:15,0.03315700,0.10200000
2018-02-23 06:28:15,0.03303700,0.56400000
2018-02-23 06:28:15,0.03303600,0.63800000
2018-02-23 06:28:16,0.03302600,0.18400000
2018-02-23 06:28:19,0.03303600,4.41700000
2018-02-23 06:28:19,0.03315700,0.08000000
2018-02-23 06:28:19,0.03317500,0.13300000
2018-02-23 06:28:20,0.03317400,1.81900000
2018-02-23 06:28:20,0.03317500,1.18100000
2018-02-23 06:28:24,0.03305500,0.50800000
2018-02-23 06:28:24,0.03305500,0.06800000
2018-02-23 06:28:24,0.03317400,1.35000000
2018-02-23 06:28:24,0.03317500,0.31300000
2018-02-23 06:28:24,0.03317500,0.36500000
2018-02-23 06:28:24,0.03317500,0.31800000
2018-02-23 06:28:24,0.03317500,0.05100000
2018-02-23 06:28:24,0.03317500,0.05100000
2018-02-23 06:28:24,0.03317500,0.05100000
2018-02-23 06:28:24,0.03317500,0.35900000
2018-02-23 06:28:24,0.03317500,0.33400000
2018-02-23 06:28:24,0.03317500,0.33400000
2018-02-23 06:28:24,0.03317500,0.07000000
2018-02-23 06:28:24,0.03317500,0.69500000
2018-02-23 06:28:24,0.03317500,0.26500000
2018-02-23 06:28:24,0.03317500,0.33400000
2018-02-23 06:28:24,0.03317500,0.20500000
2018-02-23 06:28:24,0.03317500,0.43900000
2018-02-23 06:28:24,0.03317500,2.51600000
2018-02-23 06:28:27,0.03306200,0.36600000
2018-02-23 06:28:27,0.03314900,0.57600000
2018-02-23 06:28:27,0.03315100,1.49200000
2018-02-23 06:28:27,0.03315700,2.16300000
2018-02-23 06:28:27,0.03317300,0.51400000
2018-02-23 06:28:27,0.03317500,0.29100000
2018-02-23 06:28:27,0.03317800,0.25500000
2018-02-23 06:28:27,0.03319500,0.31800000
2018-02-23 06:28:27,0.03319600,0.86000000
2018-02-23 06:28:27,0.03319800,10.53100000
2018-02-23 06:28:30,0.03315500,1.12800000
2018-02-23 06:28:30,0.03315500,2.19900000
2018-02-23 06:28:31,0.03317400,1.35300000
2018-02-23 06:28:31,0.03319700,0.36600000
2018-02-23 06:28:31,0.03319800,4.07300000
2018-02-23 06:28:31,0.03307600,0.00100000
2018-02-23 06:28:37,0.03319600,0.36900000
2018-02-23 06:28:37,0.03319700,0.05100000
2018-02-23 06:28:39,0.03315900,0.03200000
2018-02-23 06:28:39,0.03315800,0.12400000
2018-02-23 06:28:39,0.03315500,0.10200000
2018-02-23 06:28:40,0.03315500,2.65500000
2018-02-23 06:28:44,0.03319400,0.12400000
2018-02-23 06:28:44,0.03319500,5.63900000
2018-02-23 06:28:44,0.03319600,5.12000000
2018-02-23 06:28:48,0.03319400,0.56600000
2018-02-23 06:28:49,0.03319400,3.95600000
2018-02-23 06:28:50,0.03319400,0.18700000
2018-02-23 06:28:51,0.03312400,0.33100000
2018-02-23 06:28:51,0.03312300,0.90500000
2018-02-23 06:28:51,0.03312200,0.47000000
2018-02-23 06:28:51,0.03312000,0.09100000
2018-02-23 06:28:56,0.03317700,0.33100000
2018-02-23 06:28:56,0.03318100,0.14800000
2018-02-23 06:28:59,0.03313000,3.02000000
2018-02-23 06:28:59,0.03312800,0.12400000
2018-02-23 06:28:59,0.03312000,2.46700000
2018-02-23 06:28:59,0.03312000,21.12200000
2018-02-23 06:28:59,0.03312000,0.15800000
2018-02-23 06:29:00,0.03311800,3.49000000
2018-02-23 06:29:01,0.03311800,2.47500000
2018-02-23 06:29:01,0.03312000,0.04500000
2018-02-23 06:29:02,0.03312000,0.90400000
2018-02-23 06:29:02,0.03312000,0.50900000
2018-02-23 06:29:02,0.03312000,5.55500000
2018-02-23 06:29:02,0.03312000,0.47600000
2018-02-23 06:29:02,0.03312000,3.01900000
2018-02-23 06:29:02,0.03312000,0.90400000
2018-02-23 06:29:02,0.03312000,1.51200000
2018-02-23 06:29:06,0.03317400,0.75700000
2018-02-23 06:29:06,0.03317500,0.12400000
2018-02-23 06:29:06,0.03318100,8.88700000
2018-02-23 06:29:07,0.03312400,2.32100000
2018-02-23 06:29:10,0.03317000,0.09700000
2018-02-23 06:29:12,0.03313000,0.08200000
2018-02-23 06:29:13,0.03313000,0.53600000
2018-02-23 06:29:13,0.03312800,0.04600000
2018-02-23 06:29:13,0.03312600,0.12400000
2018-02-23 06:29:13,0.03312400,1.54400000
2018-02-23 06:29:13,0.03312100,0.90400000
2018-02-23 06:29:13,0.03312000,19.49400000
2018-02-23 06:29:13,0.03312000,1.65200000
2018-02-23 06:29:13,0.03311800,0.16800000
2018-02-23 06:29:13,0.03311800,0.95900000
2018-02-23 06:29:14,0.03312800,2.24200000
2018-02-23 06:29:15,0.03316800,0.08300000
2018-02-23 06:29:16,0.03312600,0.10400000
2018-02-23 06:29:16,0.03312500,1.94000000
2018-02-23 06:29:16,0.03312500,3.35200000
2018-02-23 06:29:16,0.03312500,0.05100000
2018-02-23 06:29:16,0.03312200,0.12400000
2018-02-23 06:29:18,0.03316800,0.16500000
2018-02-23 06:29:18,0.03316800,3.04100000
2018-02-23 06:29:18,0.03316900,0.21300000
