DATE,PRICE,VOLUME
2018-02-23 17:00:00,0.03217200,2.00000000
2018-02-23 17:00:01,0.03218900,0.66500000
2018-02-23 17:00:02,0.03218900,1.94400000
2018-02-23 17:00:03,0.03220100,0.24700000
2018-02-23 17:00:06,0.03220100,0.02500000
2018-02-23 17:00:10,0.03226700,0.03700000
2018-02-23 17:00:14,0.03226500,0.05000000
2018-02-23 17:00:19,0.03226600,0.63800000
2018-02-23 17:00:19,0.03226700,0.27600000
2018-02-23 17:00:30,0.03225000,2.06500000
2018-02-23 17:00:30,0.03221700,0.93100000
2018-02-23 17:00:30,0.03220000,0.31800000
2018-02-23 17:00:30,0.03218100,0.10100000
2018-02-23 17:00:30,0.03226600,0.68300000
2018-02-23 17:00:32,0.03226600,0.32400000
2018-02-23 17:00:35,0.03219000,2.19200000
2018-02-23 17:00:38,0.03219600,0.10100000
2018-02-23 17:00:40,0.03226200,0.03100000
2018-02-23 17:00:43,0.03226100,1.02500000
2018-02-23 17:00:46,0.03226000,0.57600000
2018-02-23 17:00:46,0.03226100,1.16700000
2018-02-23 17:00:47,0.03226200,0.33800000
2018-02-23 17:00:47,0.03226200,0.04900000
2018-02-23 17:00:48,0.03226200,0.17900000
2018-02-23 17:00:48,0.03226200,0.13900000
2018-02-23 17:00:49,0.03226700,1.02400000
2018-02-23 17:00:50,0.03226200,0.09700000
2018-02-23 17:00:50,0.03226700,1.66500000
2018-02-23 17:00:53,0.03226700,0.16100000
2018-02-23 17:00:53,0.03226800,0.11700000
2018-02-23 17:00:53,0.03229400,1.04000000
2018-02-23 17:00:54,0.03226300,0.03300000
2018-02-23 17:00:59,0.03229500,0.17600000
2018-02-23 17:01:00,0.03229500,0.74700000
2018-02-23 17:01:00,0.03229800,2.25300000
2018-02-23 17:01:00,0.03229800,2.47700000
2018-02-23 17:01:00,0.03229900,1.54700000
2018-02-23 17:01:05,0.03229900,5.50000000
2018-02-23 17:01:06,0.03229900,11.09900000
2018-02-23 17:01:15,0.03229900,2.01800000
2018-02-23 17:01:21,0.03229900,18.23500000
2018-02-23 17:01:21,0.03230000,22.33800000
2018-02-23 17:01:23,0.03230000,21.06800000
2018-02-23 17:01:27,0.03230000,22.57900000
2018-02-23 17:01:28,0.03230000,4.00000000
2018-02-23 17:01:29,0.03230000,14.34600000
2018-02-23 17:01:30,0.03230000,23.55500000
2018-02-23 17:01:30,0.03230000,15.14000000
2018-02-23 17:01:30,0.03230000,0.19300000
2018-02-23 17:01:31,0.03230000,20.00000000
2018-02-23 17:01:31,0.03230000,2.37800000
2018-02-23 17:01:31,0.03230000,0.05000000
2018-02-23 17:01:31,0.03230000,1.74800000
2018-02-23 17:01:31,0.03230000,0.92800000
2018-02-23 17:01:31,0.03230000,0.92800000
2018-02-23 17:01:32,0.03230000,0.92800000
2018-02-23 17:01:32,0.03230000,0.79100000
2018-02-23 17:01:32,0.03230100,1.16600000
2018-02-23 17:01:33,0.03230100,0.18200000
2018-02-23 17:01:35,0.03230100,0.05200000
2018-02-23 17:01:35,0.03230800,0.06800000
2018-02-23 17:01:35,0.03230800,0.23200000
2018-02-23 17:01:35,0.03230100,0.53900000
2018-02-23 17:01:36,0.03231100,0.06200000
2018-02-23 17:01:36,0.03230200,0.92800000
2018-02-23 17:01:37,0.03230100,0.44300000
2018-02-23 17:01:38,0.03231100,0.00100000
2018-02-23 17:01:38,0.03232300,0.92800000
2018-02-23 17:01:38,0.03232400,1.79100000
2018-02-23 17:01:43,0.03232400,0.88300000
2018-02-23 17:01:43,0.03232400,0.11600000
2018-02-23 17:01:43,0.03232400,0.72000000
2018-02-23 17:01:43,0.03232400,0.00100000
2018-02-23 17:01:44,0.03230800,1.86200000
2018-02-23 17:01:44,0.03230100,1.11600000
2018-02-23 17:01:44,0.03230000,1.24000000
2018-02-23 17:01:44,0.03230000,1.12600000
2018-02-23 17:01:48,0.03227600,0.12700000
2018-02-23 17:01:51,0.03231800,0.12700000
2018-02-23 17:01:51,0.03232000,7.80500000
2018-02-23 17:01:53,0.03228100,1.13300000
2018-02-23 17:01:54,0.03228100,0.01300000
2018-02-23 17:01:55,0.03226800,0.15500000
2018-02-23 17:01:55,0.03226500,1.56200000
2018-02-23 17:01:55,0.03226400,0.52400000
2018-02-23 17:01:56,0.03226800,1.05600000
2018-02-23 17:01:56,0.03219200,4.94400000
2018-02-23 17:01:56,0.03219100,3.10300000
2018-02-23 17:01:56,0.03218900,2.77200000
2018-02-23 17:01:56,0.03218800,3.27100000
2018-02-23 17:01:56,0.03218100,1.88300000
2018-02-23 17:01:56,0.03218000,21.41000000
2018-02-23 17:01:56,0.03218000,0.11900000
2018-02-23 17:01:56,0.03218000,0.11900000
2018-02-23 17:01:56,0.03218000,0.09900000
2018-02-23 17:01:56,0.03218000,0.38600000
2018-02-23 17:01:56,0.03218000,0.11900000
2018-02-23 17:01:56,0.03218000,0.11800000
2018-02-23 17:01:57,0.03217800,0.07600000
2018-02-23 17:01:58,0.03217800,3.10300000
2018-02-23 17:01:58,0.03218000,3.98900000
2018-02-23 17:01:59,0.03218000,0.44000000
2018-02-23 17:02:00,0.03217200,0.10700000
2018-02-23 17:02:02,0.03217200,0.19300000
2018-02-23 17:02:03,0.03217200,0.18500000
2018-02-23 17:02:07,0.03217100,4.94400000
2018-02-23 17:02:07,0.03217200,0.15500000
2018-02-23 17:02:07,0.03218000,2.53000000
2018-02-23 17:02:07,0.03218000,1.34500000
2018-02-23 17:02:08,0.03217200,0.16400000
2018-02-23 17:02:08,0.03217000,0.92600000
2018-02-23 17:02:08,0.03216900,0.46400000
2018-02-23 17:02:08,0.03216800,0.20300000
2018-02-23 17:02:08,0.03216200,0.74600000
2018-02-23 17:02:08,0.03216000,2.25200000
2018-02-23 17:02:08,0.03215600,0.12000000
2018-02-23 17:02:08,0.03215100,0.30500000
2018-02-23 17:02:08,0.03214700,0.12000000
2018-02-23 17:02:08,0.03215500,5.52400000
2018-02-23 17:02:08,0.03215500,3.21800000
2018-02-23 17:02:08,0.03214700,0.06600000
2018-02-23 17:02:08,0.03212500,1.72500000
2018-02-23 17:02:11,0.03218000,0.14800000
2018-02-23 17:02:13,0.03213100,0.06900000
2018-02-23 17:02:13,0.03218000,0.01800000
2018-02-23 17:02:14,0.03213100,0.11700000
2018-02-23 17:02:17,0.03213500,0.61200000
2018-02-23 17:02:17,0.03213100,1.97900000
2018-02-23 17:02:20,0.03217700,0.18600000
2018-02-23 17:02:20,0.03217900,1.50300000
2018-02-23 17:02:28,0.03213500,0.00100000
2018-02-23 17:02:31,0.03213500,0.56800000
2018-02-23 17:02:31,0.03213100,0.64800000
2018-02-23 17:02:31,0.03213100,0.56800000
2018-02-23 17:02:31,0.03213500,2.93000000
2018-02-23 17:02:35,0.03213500,2.36500000
2018-02-23 17:02:37,0.03213100,0.09100000
2018-02-23 17:02:37,0.03212500,0.36300000
2018-02-23 17:02:41,0.03213500,1.05800000
2018-02-23 17:02:44,0.03213500,1.48200000
2018-02-23 17:02:44,0.03213100,2.49400000
2018-02-23 17:02:46,0.03213100,0.13900000
2018-02-23 17:02:46,0.03213400,1.23500000
2018-02-23 17:02:46,0.03213400,1.53700000
2018-02-23 17:02:46,0.03213500,1.64800000
2018-02-23 17:02:46,0.03213500,1.39900000
2018-02-23 17:02:48,0.03213100,1.68900000
2018-02-23 17:02:48,0.03213100,1.21400000
2018-02-23 17:02:50,0.03213100,0.09200000
2018-02-23 17:02:56,0.03213100,0.21700000
2018-02-23 17:02:57,0.03213100,1.48600000
2018-02-23 17:02:57,0.03213400,0.21800000
2018-02-23 17:03:04,0.03213300,0.09900000
2018-02-23 17:03:04,0.03213400,0.16800000
2018-02-23 17:03:04,0.03213500,0.69400000
2018-02-23 17:03:10,0.03213100,2.96600000
2018-02-23 17:03:10,0.03213100,3.71500000
2018-02-23 17:03:11,0.03213500,0.93200000
2018-02-23 17:03:11,0.03213500,1.97700000
2018-02-23 17:03:14,0.03213400,0.11500000
2018-02-23 17:03:15,0.03213100,0.12600000
2018-02-23 17:03:20,0.03213100,0.06900000
2018-02-23 17:03:29,0.03213100,1.07800000
2018-02-23 17:03:29,0.03212500,27.23700000
2018-02-23 17:03:29,0.03212000,6.85000000
2018-02-23 17:03:33,0.03213100,0.13600000
2018-02-23 17:03:33,0.03211800,0.04700000
2018-02-23 17:03:33,0.03211700,0.41000000
2018-02-23 17:03:33,0.03211600,0.03400000
2018-02-23 17:03:33,0.03211100,0.39500000
2018-02-23 17:03:33,0.03210200,0.07800000
2018-02-23 17:03:33,0.03210000,7.27800000
2018-02-23 17:03:33,0.03210000,1.35100000
2018-02-23 17:03:33,0.03210000,0.93300000
2018-02-23 17:03:33,0.03210000,0.27300000
2018-02-23 17:03:33,0.03208900,0.35800000
2018-02-23 17:03:33,0.03210000,2.99200000
2018-02-23 17:03:35,0.03207100,0.03400000
2018-02-23 17:03:35,0.03204700,0.03200000
2018-02-23 17:03:35,0.03210000,1.56400000
2018-02-23 17:03:36,0.03204900,3.12000000
2018-02-23 17:03:36,0.03204700,0.15400000
2018-02-23 17:03:36,0.03204200,0.21800000
2018-02-23 17:03:36,0.03202400,6.24500000
2018-02-23 17:03:36,0.03201100,0.67900000
2018-02-23 17:03:36,0.03201000,2.75100000
2018-02-23 17:03:41,0.03209100,1.50000000
2018-02-23 17:03:41,0.03204700,0.11200000
2018-02-23 17:03:41,0.03201900,0.24200000
2018-02-23 17:03:41,0.03200700,1.30300000
2018-02-23 17:03:41,0.03200100,2.00000000
2018-02-23 17:03:41,0.03200000,1.70500000
2018-02-23 17:03:41,0.03200000,0.45100000
2018-02-23 17:03:42,0.03200000,7.48400000
2018-02-23 17:03:47,0.03201100,0.48200000
2018-02-23 17:03:48,0.03208200,0.08500000
2018-02-23 17:03:48,0.03208200,0.07100000
2018-02-23 17:03:48,0.03208200,0.07100000
2018-02-23 17:03:49,0.03201100,0.51800000
2018-02-23 17:03:49,0.03201100,0.77500000
2018-02-23 17:03:49,0.03201100,0.08100000
2018-02-23 17:03:50,0.03201100,1.31700000
2018-02-23 17:03:53,0.03201700,0.46800000
2018-02-23 17:03:53,0.03201200,1.01500000
2018-02-23 17:03:53,0.03201100,2.21000000
2018-02-23 17:03:53,0.03200000,3.39500000
2018-02-23 17:03:54,0.03207600,0.03400000
2018-02-23 17:03:54,0.03207600,1.35900000
2018-02-23 17:03:54,0.03208700,0.11500000
2018-02-23 17:03:54,0.03208800,0.02600000
2018-02-23 17:03:55,0.03201200,0.22600000
2018-02-23 17:03:55,0.03200200,3.12400000
2018-02-23 17:03:55,0.03200000,2.15000000
2018-02-23 17:03:57,0.03202300,0.32100000
2018-02-23 17:04:00,0.03206400,0.35300000
2018-02-23 17:04:02,0.03202300,0.93400000
2018-02-23 17:04:02,0.03202300,0.93500000
2018-02-23 17:04:02,0.03202300,1.78200000
2018-02-23 17:04:02,0.03202300,1.00300000
2018-02-23 17:04:02,0.03202300,2.13800000
2018-02-23 17:04:02,0.03202100,0.46800000
2018-02-23 17:04:02,0.03202000,0.20300000
2018-02-23 17:04:02,0.03202100,0.15600000
2018-02-23 17:04:02,0.03202100,2.14700000
2018-02-23 17:04:02,0.03202300,1.76000000
2018-02-23 17:04:03,0.03202000,0.10900000
2018-02-23 17:04:03,0.03201700,0.09500000
2018-02-23 17:04:03,0.03201200,0.55600000
2018-02-23 17:04:03,0.03200000,2.22200000
2018-02-23 17:04:04,0.03200200,3.12100000
2018-02-23 17:04:04,0.03200000,11.22000000
2018-02-23 17:04:04,0.03200000,1.75300000
2018-02-23 17:04:04,0.03201700,0.73100000
2018-02-23 17:04:05,0.03200000,0.36200000
2018-02-23 17:04:06,0.03201700,3.52200000
2018-02-23 17:04:06,0.03200000,3.13100000
2018-02-23 17:04:07,0.03200000,15.91400000
2018-02-23 17:04:07,0.03205800,2.49700000
2018-02-23 17:04:08,0.03205500,0.15500000
2018-02-23 17:04:08,0.03205400,0.11000000
2018-02-23 17:04:08,0.03200000,4.19200000
2018-02-23 17:04:08,0.03205400,0.49900000
2018-02-23 17:04:09,0.03200000,4.67500000
2018-02-23 17:04:09,0.03200000,2.59600000
2018-02-23 17:04:10,0.03200000,0.98400000
2018-02-23 17:04:10,0.03204900,0.18700000
2018-02-23 17:04:11,0.03204900,0.21700000
2018-02-23 17:04:11,0.03200100,0.28800000
2018-02-23 17:04:11,0.03200000,9.18300000
2018-02-23 17:04:11,0.03204900,0.06500000
2018-02-23 17:04:15,0.03200200,3.12300000
2018-02-23 17:04:15,0.03200200,0.57900000
2018-02-23 17:04:16,0.03202100,3.12300000
2018-02-23 17:04:16,0.03202300,5.37100000
2018-02-23 17:04:16,0.03202300,3.12300000
2018-02-23 17:04:18,0.03200200,3.12200000
2018-02-23 17:04:18,0.03200000,12.20700000
2018-02-23 17:04:22,0.03204800,1.69300000
2018-02-23 17:04:23,0.03204700,0.57800000
2018-02-23 17:04:23,0.03204800,1.42200000
2018-02-23 17:04:27,0.03203600,0.03400000
2018-02-23 17:04:27,0.03200200,0.97900000
2018-02-23 17:04:27,0.03201600,0.03400000
2018-02-23 17:04:28,0.03200000,0.26400000
2018-02-23 17:04:32,0.03200000,0.05900000
2018-02-23 17:04:35,0.03200100,1.98500000
2018-02-23 17:04:37,0.03200100,0.41000000
2018-02-23 17:04:37,0.03200100,0.27100000
2018-02-23 17:04:42,0.03201200,4.13700000
2018-02-23 17:04:42,0.03201200,1.50700000
2018-02-23 17:04:47,0.03202200,0.98600000
2018-02-23 17:04:50,0.03204200,0.15400000
2018-02-23 17:04:50,0.03204200,0.00200000
2018-02-23 17:04:50,0.03204800,0.61200000
2018-02-23 17:04:50,0.03209900,0.06900000
2018-02-23 17:04:51,0.03209800,0.50000000
2018-02-23 17:04:51,0.03209900,0.25200000
2018-02-23 17:04:51,0.03210000,0.50000000
2018-02-23 17:04:53,0.03209900,0.29900000
2018-02-23 17:04:54,0.03209900,0.25600000
2018-02-23 17:04:55,0.03209900,0.09500000
2018-02-23 17:05:05,0.03209800,1.07400000
2018-02-23 17:05:05,0.03209900,0.42600000
2018-02-23 17:05:06,0.03205200,0.40400000
2018-02-23 17:05:06,0.03204600,0.85900000
2018-02-23 17:05:09,0.03205100,3.12000000
2018-02-23 17:05:09,0.03204900,0.07700000
2018-02-23 17:05:09,0.03202200,3.75500000
2018-02-23 17:05:10,0.03209400,0.07100000
2018-02-23 17:05:17,0.03202200,1.60800000
2018-02-23 17:05:18,0.03202200,1.22100000
2018-02-23 17:05:22,0.03202200,1.69200000
2018-02-23 17:05:24,0.03202200,0.01200000
2018-02-23 17:05:24,0.03200200,0.20600000
2018-02-23 17:05:26,0.03202200,0.25500000
2018-02-23 17:05:29,0.03205300,0.11600000
2018-02-23 17:05:29,0.03205300,0.83000000
2018-02-23 17:05:49,0.03201500,0.06500000
2018-02-23 17:05:53,0.03200300,0.07800000
2018-02-23 17:05:53,0.03200200,3.16200000
2018-02-23 17:05:54,0.03200800,0.40400000
2018-02-23 17:05:54,0.03200900,0.38900000
2018-02-23 17:05:55,0.03200200,0.06000000
2018-02-23 17:05:57,0.03200200,2.85400000
2018-02-23 17:05:57,0.03200100,5.99000000
2018-02-23 17:05:57,0.03200100,0.08000000
2018-02-23 17:05:57,0.03200000,12.42300000
2018-02-23 17:05:57,0.03200000,22.09600000
2018-02-23 17:05:58,0.03200000,23.27900000
2018-02-23 17:05:58,0.03199300,0.04700000
2018-02-23 17:05:58,0.03198800,0.31300000
2018-02-23 17:05:58,0.03198700,0.12900000
2018-02-23 17:05:58,0.03198600,0.54200000
2018-02-23 17:05:58,0.03198500,0.46600000
2018-02-23 17:05:58,0.03198400,0.53200000
2018-02-23 17:05:58,0.03198300,2.15900000
2018-02-23 17:05:58,0.03198000,0.46900000
2018-02-23 17:05:58,0.03197700,0.34000000
2018-02-23 17:05:58,0.03197200,0.03400000
2018-02-23 17:05:58,0.03196400,0.10400000
2018-02-23 17:05:58,0.03194800,0.12500000
2018-02-23 17:05:59,0.03194700,0.39700000
2018-02-23 17:05:59,0.03194600,0.31300000
2018-02-23 17:05:59,0.03194500,0.93900000
2018-02-23 17:05:59,0.03193900,0.13000000
2018-02-23 17:05:59,0.03193800,0.34300000
2018-02-23 17:05:59,0.03192400,0.33600000
2018-02-23 17:06:00,0.03199500,0.10600000
2018-02-23 17:06:00,0.03199500,0.15900000
2018-02-23 17:06:00,0.03199400,0.39700000
2018-02-23 17:06:00,0.03199700,0.86500000
2018-02-23 17:06:00,0.03200000,4.73900000
2018-02-23 17:06:06,0.03192300,0.93900000
2018-02-23 17:06:06,0.03192200,0.39800000
2018-02-23 17:06:06,0.03192100,0.03900000
2018-02-23 17:06:06,0.03191800,0.15700000
2018-02-23 17:06:06,0.03185700,1.54800000
2018-02-23 17:06:06,0.03185600,0.09700000
2018-02-23 17:06:06,0.03184500,3.32000000
2018-02-23 17:06:08,0.03194600,0.09700000
2018-02-23 17:06:08,0.03198600,1.45500000
2018-02-23 17:06:08,0.03198800,0.60600000
2018-02-23 17:06:08,0.03194800,0.50000000
2018-02-23 17:06:08,0.03194700,0.09700000
2018-02-23 17:06:09,0.03192300,0.52700000
2018-02-23 17:06:09,0.03192300,0.52700000
2018-02-23 17:06:09,0.03192300,0.52800000
2018-02-23 17:06:09,0.03192300,0.52700000
2018-02-23 17:06:09,0.03192300,0.24100000
2018-02-23 17:06:09,0.03187500,0.52700000
2018-02-23 17:06:10,0.03187500,2.61000000
2018-02-23 17:06:10,0.03187300,0.06900000
2018-02-23 17:06:10,0.03186300,0.12500000
2018-02-23 17:06:10,0.03183000,0.47100000
2018-02-23 17:06:10,0.03182300,0.19600000
2018-02-23 17:06:10,0.03182000,0.18600000
2018-02-23 17:06:10,0.03181900,0.03400000
2018-02-23 17:06:10,0.03181400,0.03700000
2018-02-23 17:06:10,0.03180100,3.35500000
2018-02-23 17:06:10,0.03180000,4.99200000
2018-02-23 17:06:10,0.03179600,2.79500000
2018-02-23 17:06:10,0.03178600,0.39400000
2018-02-23 17:06:10,0.03178500,0.23400000
2018-02-23 17:06:10,0.03177400,2.46600000
2018-02-23 17:06:10,0.03177300,0.11000000
2018-02-23 17:06:10,0.03176300,4.47300000
2018-02-23 17:06:10,0.03175900,6.29700000
2018-02-23 17:06:10,0.03175500,2.11500000
2018-02-23 17:06:10,0.03181900,0.31400000
2018-02-23 17:06:10,0.03178500,0.00800000
2018-02-23 17:06:11,0.03178600,0.52700000
2018-02-23 17:06:12,0.03178600,0.50000000
2018-02-23 17:06:12,0.03188300,0.07800000
2018-02-23 17:06:12,0.03188300,0.04700000
2018-02-23 17:06:13,0.03188000,0.14100000
2018-02-23 17:06:14,0.03174500,0.22100000
2018-02-23 17:06:14,0.03174400,0.15700000
2018-02-23 17:06:14,0.03174000,2.02200000
2018-02-23 17:06:14,0.03187900,0.07700000
2018-02-23 17:06:14,0.03174000,1.66100000
2018-02-23 17:06:14,0.03173800,0.04800000
2018-02-23 17:06:14,0.03173200,0.06400000
2018-02-23 17:06:14,0.03170400,0.57500000
2018-02-23 17:06:14,0.03170000,2.65100000
2018-02-23 17:06:15,0.03171700,0.47000000
2018-02-23 17:06:15,0.03170000,0.00100000
2018-02-23 17:06:15,0.03171700,2.40100000
2018-02-23 17:06:15,0.03171900,2.01400000
2018-02-23 17:06:16,0.03170200,0.04700000
2018-02-23 17:06:16,0.03171600,1.54800000
2018-02-23 17:06:17,0.03170000,0.12500000
2018-02-23 17:06:17,0.03186600,0.08800000
2018-02-23 17:06:18,0.03181300,0.06800000
2018-02-23 17:06:18,0.03186500,0.93900000
2018-02-23 17:06:18,0.03186600,0.04300000
2018-02-23 17:06:18,0.03186600,0.17900000
2018-02-23 17:06:18,0.03181300,3.07200000
2018-02-23 17:06:18,0.03181100,0.07700000
2018-02-23 17:06:18,0.03170100,1.54800000
2018-02-23 17:06:18,0.03170000,5.20500000
2018-02-23 17:06:19,0.03172700,0.00800000
2018-02-23 17:06:20,0.03172800,0.03800000
2018-02-23 17:06:21,0.03185700,0.08500000
2018-02-23 17:06:21,0.03185700,0.04400000
2018-02-23 17:06:21,0.03185700,0.14800000
2018-02-23 17:06:21,0.03185700,0.07800000
2018-02-23 17:06:21,0.03185700,0.08000000
2018-02-23 17:06:21,0.03185700,0.12600000
2018-02-23 17:06:22,0.03185400,0.15700000
2018-02-23 17:06:22,0.03185400,0.09400000
2018-02-23 17:06:23,0.03185300,0.11900000
2018-02-23 17:06:23,0.03185300,0.05300000
2018-02-23 17:06:23,0.03179500,0.10000000
2018-02-23 17:06:23,0.03172700,0.93700000
2018-02-23 17:06:23,0.03172600,0.27800000
2018-02-23 17:06:23,0.03170500,0.09700000
2018-02-23 17:06:23,0.03170000,3.58800000
2018-02-23 17:06:23,0.03185300,0.08000000
2018-02-23 17:06:23,0.03185000,0.07800000
2018-02-23 17:06:23,0.03184900,0.03800000
2018-02-23 17:06:24,0.03184700,0.14100000
2018-02-23 17:06:24,0.03172800,0.15200000
2018-02-23 17:06:24,0.03184500,0.08000000
2018-02-23 17:06:24,0.03184500,0.31400000
2018-02-23 17:06:25,0.03179500,0.07800000
2018-02-23 17:06:25,0.03179300,0.03400000
2018-02-23 17:06:26,0.03179300,0.44100000
2018-02-23 17:06:28,0.03178700,0.15800000
2018-02-23 17:06:28,0.03178700,1.60100000
2018-02-23 17:06:28,0.03178800,0.70500000
2018-02-23 17:06:29,0.03178800,0.31500000
2018-02-23 17:06:30,0.03175000,2.69600000
2018-02-23 17:06:30,0.03173200,0.94500000
2018-02-23 17:06:30,0.03172800,0.52700000
2018-02-23 17:06:30,0.03173100,3.94300000
2018-02-23 17:06:31,0.03175600,1.07900000
2018-02-23 17:06:32,0.03179400,1.86300000
2018-02-23 17:06:32,0.03179500,0.01900000
2018-02-23 17:06:32,0.03180300,0.54400000
2018-02-23 17:06:32,0.03175600,8.02900000
2018-02-23 17:06:32,0.03175000,0.05800000
2018-02-23 17:06:32,0.03172800,1.50800000
2018-02-23 17:06:33,0.03172800,0.99800000
2018-02-23 17:06:33,0.03170000,1.07600000
2018-02-23 17:06:34,0.03170800,1.13300000
2018-02-23 17:06:35,0.03179300,0.40100000
2018-02-23 17:06:35,0.03179400,0.21500000
2018-02-23 17:06:35,0.03180200,0.03100000
2018-02-23 17:06:35,0.03180200,0.38200000
2018-02-23 17:06:36,0.03180300,0.03400000
2018-02-23 17:06:36,0.03180300,0.36200000
2018-02-23 17:06:36,0.03180300,0.00200000
2018-02-23 17:06:36,0.03180000,1.19000000
2018-02-23 17:06:37,0.03179800,0.07600000
2018-02-23 17:06:37,0.03179800,0.31200000
2018-02-23 17:06:37,0.03179800,0.55500000
2018-02-23 17:06:37,0.03170900,1.56200000
2018-02-23 17:06:37,0.03170000,0.38200000
2018-02-23 17:06:37,0.03184600,0.06300000
2018-02-23 17:06:38,0.03175000,9.48800000
2018-02-23 17:06:38,0.03170100,0.12600000
2018-02-23 17:06:38,0.03170000,0.11700000
2018-02-23 17:06:40,0.03183700,0.11000000
2018-02-23 17:06:41,0.03179800,0.11900000
2018-02-23 17:06:42,0.03179500,0.07900000
2018-02-23 17:06:42,0.03179500,0.54300000
2018-02-23 17:06:42,0.03179400,0.03900000
2018-02-23 17:06:47,0.03172200,2.26500000
2018-02-23 17:06:47,0.03171300,16.90100000
2018-02-23 17:06:48,0.03177800,0.10200000
2018-02-23 17:06:49,0.03177500,0.53000000
2018-02-23 17:06:49,0.03177700,0.30700000
2018-02-23 17:06:49,0.03171500,3.08800000
2018-02-23 17:06:51,0.03171500,0.06100000
2018-02-23 17:06:52,0.03171500,0.05000000
2018-02-23 17:06:52,0.03171300,0.31500000
2018-02-23 17:06:52,0.03171300,0.31500000
2018-02-23 17:06:52,0.03171000,0.31500000
2018-02-23 17:06:52,0.03171300,2.51900000
2018-02-23 17:06:52,0.03171500,0.53800000
2018-02-23 17:06:53,0.03171500,0.15700000
2018-02-23 17:06:53,0.03171100,0.10000000
2018-02-23 17:06:53,0.03171000,0.02700000
2018-02-23 17:06:55,0.03171000,0.17700000
2018-02-23 17:06:55,0.03170000,5.08500000
2018-02-23 17:06:55,0.03170000,13.31100000
2018-02-23 17:06:55,0.03170000,8.35700000
2018-02-23 17:06:56,0.03171400,0.03400000
2018-02-23 17:06:57,0.03170000,13.95600000
2018-02-23 17:06:57,0.03170000,9.63100000
2018-02-23 17:06:58,0.03169900,1.52800000
2018-02-23 17:06:58,0.03170000,5.17200000
2018-02-23 17:06:58,0.03169300,0.18600000
2018-02-23 17:06:58,0.03168900,0.15600000
2018-02-23 17:07:00,0.03168900,0.08900000
2018-02-23 17:07:00,0.03168100,0.23000000
2018-02-23 17:07:02,0.03169200,0.16300000
2018-02-23 17:07:03,0.03169100,0.10000000
2018-02-23 17:07:03,0.03168200,0.10900000
2018-02-23 17:07:03,0.03168100,0.11100000
2018-02-23 17:07:03,0.03168000,0.13300000
2018-02-23 17:07:03,0.03167600,0.37400000
2018-02-23 17:07:06,0.03167700,0.04100000
2018-02-23 17:07:08,0.03169200,0.23500000
2018-02-23 17:07:08,0.03169800,0.04600000
2018-02-23 17:07:11,0.03168400,0.10000000
2018-02-23 17:07:11,0.03167800,0.08500000
2018-02-23 17:07:11,0.03167700,0.09600000
2018-02-23 17:07:11,0.03167600,0.87600000
2018-02-23 17:07:11,0.03167600,1.80600000
2018-02-23 17:07:12,0.03167600,0.15400000
2018-02-23 17:07:14,0.03167600,1.55600000
2018-02-23 17:07:16,0.03168000,2.04400000
2018-02-23 17:07:16,0.03166800,0.42600000
2018-02-23 17:07:16,0.03166600,0.65100000
2018-02-23 17:07:16,0.03166400,0.66500000
2018-02-23 17:07:16,0.03166300,2.69900000
2018-02-23 17:07:16,0.03165700,1.17300000
2018-02-23 17:07:16,0.03165700,0.33600000
2018-02-23 17:07:17,0.03165700,0.79700000
2018-02-23 17:07:17,0.03165000,0.27900000
2018-02-23 17:07:17,0.03163500,0.11800000
2018-02-23 17:07:17,0.03163300,3.38800000
2018-02-23 17:07:18,0.03167600,0.36800000
2018-02-23 17:07:18,0.03167600,0.11500000
2018-02-23 17:07:19,0.03167600,0.16200000
2018-02-23 17:07:21,0.03167600,1.53600000
2018-02-23 17:07:23,0.03167600,0.24500000
2018-02-23 17:07:23,0.03167600,2.06800000
2018-02-23 17:07:24,0.03167600,0.50000000
2018-02-23 17:07:26,0.03167600,7.89700000
2018-02-23 17:07:26,0.03166800,2.62600000
2018-02-23 17:07:26,0.03166600,3.40400000
2018-02-23 17:07:26,0.03165400,0.10000000
2018-02-23 17:07:26,0.03163300,1.32800000
2018-02-23 17:07:26,0.03163100,0.22500000
2018-02-23 17:07:26,0.03163000,0.07000000
2018-02-23 17:07:26,0.03162900,0.15600000
2018-02-23 17:07:26,0.03162700,0.49600000
2018-02-23 17:07:26,0.03162600,1.17400000
2018-02-23 17:07:26,0.03161700,0.50300000
2018-02-23 17:07:26,0.03161000,5.54500000
2018-02-23 17:07:26,0.03161000,1.86200000
2018-02-23 17:07:26,0.03160800,1.85100000
2018-02-23 17:07:26,0.03160800,0.28600000
2018-02-23 17:07:26,0.03160200,0.28600000
2018-02-23 17:07:28,0.03165000,0.53400000
2018-02-23 17:07:29,0.03168200,0.03400000
2018-02-23 17:07:31,0.03165000,0.93300000
2018-02-23 17:07:31,0.03160000,4.26400000
2018-02-23 17:07:32,0.03160100,0.39900000
2018-02-23 17:07:33,0.03160000,0.94900000
2018-02-23 17:07:33,0.03160000,1.48600000
2018-02-23 17:07:34,0.03163500,0.10000000
2018-02-23 17:07:34,0.03160000,0.10000000
2018-02-23 17:07:34,0.03167000,0.25200000
2018-02-23 17:07:34,0.03167500,0.06300000
2018-02-23 17:07:34,0.03167500,0.25600000
2018-02-23 17:07:34,0.03167600,1.32400000
2018-02-23 17:07:34,0.03167600,1.35500000
2018-02-23 17:07:35,0.03160000,0.23700000
2018-02-23 17:07:35,0.03160000,9.75300000
2018-02-23 17:07:36,0.03159400,0.18200000
2018-02-23 17:07:36,0.03157800,0.05300000
2018-02-23 17:07:38,0.03159900,0.07800000
2018-02-23 17:07:39,0.03157800,0.26400000
2018-02-23 17:07:39,0.03155900,0.04100000
2018-02-23 17:07:39,0.03155700,0.18600000
2018-02-23 17:07:39,0.03155500,0.10200000
2018-02-23 17:07:40,0.03157800,0.23500000
2018-02-23 17:07:42,0.03157800,0.07800000
2018-02-23 17:07:43,0.03157800,0.04000000
2018-02-23 17:07:45,0.03156600,0.10000000
2018-02-23 17:07:45,0.03155500,0.18100000
2018-02-23 17:07:47,0.03155500,0.44600000
2018-02-23 17:07:47,0.03154500,0.27000000
2018-02-23 17:07:47,0.03154200,0.06400000
2018-02-23 17:07:47,0.03153900,0.27300000
2018-02-23 17:07:47,0.03153700,0.30600000
2018-02-23 17:07:47,0.03153000,0.35300000
2018-02-23 17:07:47,0.03151200,0.61200000
2018-02-23 17:07:47,0.03150700,0.28700000
2018-02-23 17:07:47,0.03150600,0.08300000
2018-02-23 17:07:47,0.03150000,1.32900000
2018-02-23 17:07:47,0.03150000,9.52800000
2018-02-23 17:07:49,0.03156500,0.22600000
2018-02-23 17:07:50,0.03150200,3.17100000
2018-02-23 17:07:50,0.03150000,3.97700000
2018-02-23 17:07:51,0.03150000,0.12800000
2018-02-23 17:07:52,0.03148400,0.04800000
2018-02-23 17:07:52,0.03147800,0.04800000
2018-02-23 17:07:52,0.03146900,0.62500000
2018-02-23 17:07:52,0.03146800,0.20400000
2018-02-23 17:07:52,0.03146600,0.37600000
2018-02-23 17:07:52,0.03143500,0.22400000
2018-02-23 17:07:52,0.03143100,0.42600000
2018-02-23 17:07:52,0.03142900,0.88900000
2018-02-23 17:07:52,0.03149800,1.50000000
2018-02-23 17:07:53,0.03149600,0.08000000
2018-02-23 17:07:54,0.03149400,1.67100000
2018-02-23 17:07:54,0.03149700,0.18900000
2018-02-23 17:07:54,0.03149300,2.77500000
2018-02-23 17:07:54,0.03149700,0.53500000
2018-02-23 17:07:54,0.03150000,2.08900000
2018-02-23 17:07:55,0.03146200,0.10000000
2018-02-23 17:07:55,0.03143000,0.08000000
2018-02-23 17:07:55,0.03142900,0.65700000
2018-02-23 17:07:55,0.03150000,0.07900000
2018-02-23 17:07:56,0.03150000,0.45800000
2018-02-23 17:07:57,0.03149900,0.15800000
2018-02-23 17:07:57,0.03150000,0.14400000
2018-02-23 17:07:58,0.03144200,2.84700000
2018-02-23 17:07:58,0.03144600,0.31800000
2018-02-23 17:07:58,0.03144000,0.08200000
2018-02-23 17:08:00,0.03145100,0.33400000
2018-02-23 17:08:00,0.03144900,0.95300000
2018-02-23 17:08:00,0.03144000,0.07600000
2018-02-23 17:08:00,0.03142900,1.93600000
2018-02-23 17:08:00,0.03150000,0.28200000
2018-02-23 17:08:00,0.03145300,2.77500000
2018-02-23 17:08:00,0.03142900,0.40200000
2018-02-23 17:08:01,0.03149800,0.90200000
2018-02-23 17:08:01,0.03145800,0.19600000
2018-02-23 17:08:01,0.03143800,0.03400000
2018-02-23 17:08:01,0.03143800,0.08100000
2018-02-23 17:08:01,0.03143800,1.02900000
2018-02-23 17:08:02,0.03143800,0.03200000
2018-02-23 17:08:03,0.03143500,0.12700000
2018-02-23 17:08:03,0.03143800,0.10000000
2018-02-23 17:08:03,0.03143800,0.08300000
2018-02-23 17:08:03,0.03143800,0.09900000
2018-02-23 17:08:03,0.03143800,0.10000000
2018-02-23 17:08:03,0.03143800,0.10000000
2018-02-23 17:08:03,0.03143800,0.10000000
2018-02-23 17:08:05,0.03143500,0.09900000
2018-02-23 17:08:07,0.03143500,7.62400000
2018-02-23 17:08:07,0.03143800,0.09500000
2018-02-23 17:08:07,0.03143800,0.42600000
2018-02-23 17:08:07,0.03144000,0.57400000
2018-02-23 17:08:08,0.03144000,3.43000000
2018-02-23 17:08:09,0.03143700,0.10000000
2018-02-23 17:08:10,0.03143700,0.00100000
2018-02-23 17:08:11,0.03143500,0.10200000
2018-02-23 17:08:11,0.03143400,0.10000000
2018-02-23 17:08:11,0.03142900,1.17500000
2018-02-23 17:08:11,0.03142000,0.27200000
2018-02-23 17:08:11,0.03141500,0.04700000
2018-02-23 17:08:11,0.03141200,0.18600000
2018-02-23 17:08:11,0.03138500,0.00100000
2018-02-23 17:08:11,0.03140000,0.51700000
2018-02-23 17:08:11,0.03140000,0.39400000
2018-02-23 17:08:12,0.03143700,0.02400000
2018-02-23 17:08:14,0.03144000,0.31500000
2018-02-23 17:08:15,0.03144000,2.47000000
2018-02-23 17:08:15,0.03144700,0.95300000
2018-02-23 17:08:17,0.03144000,0.24200000
2018-02-23 17:08:18,0.03144300,0.95200000
2018-02-23 17:08:18,0.03144500,3.18100000
2018-02-23 17:08:18,0.03149000,0.08300000
2018-02-23 17:08:18,0.03149800,0.15500000
2018-02-23 17:08:18,0.03150000,0.84500000
2018-02-23 17:08:20,0.03149700,0.03200000
2018-02-23 17:08:20,0.03149600,0.24800000
2018-02-23 17:08:20,0.03149600,0.07800000
2018-02-23 17:08:21,0.03147100,0.10000000
2018-02-23 17:08:21,0.03149500,0.06300000
2018-02-23 17:08:21,0.03148600,2.12700000
2018-02-23 17:08:21,0.03148600,8.71300000
2018-02-23 17:08:21,0.03148600,1.74100000
2018-02-23 17:08:21,0.03148600,0.00100000
2018-02-23 17:08:21,0.03147100,4.37100000
2018-02-23 17:08:21,0.03149300,3.18100000
2018-02-23 17:08:21,0.03149500,2.76400000
2018-02-23 17:08:21,0.03149600,0.62600000
2018-02-23 17:08:21,0.03150000,3.48800000
2018-02-23 17:08:23,0.03144300,0.10100000
2018-02-23 17:08:23,0.03144300,0.58300000
2018-02-23 17:08:23,0.03145000,0.67500000
2018-02-23 17:08:23,0.03145000,0.29400000
2018-02-23 17:08:23,0.03149900,0.36700000
2018-02-23 17:08:23,0.03150000,1.96600000
2018-02-23 17:08:23,0.03154100,0.04700000
2018-02-23 17:08:23,0.03154600,4.79800000
2018-02-23 17:08:24,0.03155000,3.01200000
2018-02-23 17:08:24,0.03155000,0.19600000
2018-02-23 17:08:24,0.03155000,0.76600000
2018-02-23 17:08:24,0.03155000,0.19600000
2018-02-23 17:08:25,0.03155000,0.19400000
2018-02-23 17:08:25,0.03155000,0.15800000
2018-02-23 17:08:26,0.03156400,0.05100000
2018-02-23 17:08:26,0.03156400,0.15800000
2018-02-23 17:08:26,0.03156400,0.09500000
2018-02-23 17:08:26,0.03156400,0.23800000
2018-02-23 17:08:27,0.03156400,0.14200000
2018-02-23 17:08:27,0.03156600,0.07900000
2018-02-23 17:08:27,0.03156600,0.22300000
2018-02-23 17:08:29,0.03156600,0.09900000
2018-02-23 17:08:29,0.03155100,0.17600000
2018-02-23 17:08:30,0.03157800,0.03200000
2018-02-23 17:08:30,0.03157800,0.96800000
2018-02-23 17:08:31,0.03155100,0.31800000
2018-02-23 17:08:31,0.03159500,0.61700000
2018-02-23 17:08:32,0.03169000,0.98100000
2018-02-23 17:08:33,0.03170900,0.06200000
2018-02-23 17:08:33,0.03182200,0.50000000
2018-02-23 17:08:33,0.03182300,0.96300000
2018-02-23 17:08:33,0.03182300,47.70400000
2018-02-23 17:08:33,0.03182300,9.10600000
2018-02-23 17:08:33,0.03182400,0.06300000
2018-02-23 17:08:33,0.03183100,0.31700000
2018-02-23 17:08:33,0.03185500,0.12000000
2018-02-23 17:08:34,0.03182300,0.18000000
2018-02-23 17:08:36,0.03182300,5.93700000
2018-02-23 17:08:37,0.03185500,0.08800000
2018-02-23 17:08:37,0.03185500,1.52700000
2018-02-23 17:08:38,0.03185500,4.70900000
2018-02-23 17:08:38,0.03185500,0.24000000
2018-02-23 17:08:39,0.03185500,0.14400000
2018-02-23 17:08:39,0.03185500,0.31600000
2018-02-23 17:08:39,0.03185500,0.07800000
2018-02-23 17:08:40,0.03185500,0.33000000
2018-02-23 17:08:40,0.03185500,0.07800000
2018-02-23 17:08:40,0.03182300,0.99900000
2018-02-23 17:08:40,0.03185500,0.06900000
2018-02-23 17:08:41,0.03185500,1.26300000
2018-02-23 17:08:41,0.03185500,0.50000000
2018-02-23 17:08:43,0.03185500,0.22300000
2018-02-23 17:08:44,0.03185500,0.41200000
2018-02-23 17:08:45,0.03185500,0.11300000
2018-02-23 17:08:45,0.03182300,0.16900000
2018-02-23 17:08:47,0.03185500,2.78500000
2018-02-23 17:08:47,0.03182600,0.94200000
2018-02-23 17:08:47,0.03182300,5.37000000
2018-02-23 17:08:47,0.03187900,0.31900000
2018-02-23 17:08:47,0.03188000,0.00400000
2018-02-23 17:08:47,0.03188000,0.03800000
2018-02-23 17:08:49,0.03182800,3.14200000
2018-02-23 17:08:49,0.03182600,0.38800000
2018-02-23 17:08:49,0.03182300,7.32800000
2018-02-23 17:08:51,0.03182300,7.51000000
2018-02-23 17:08:51,0.03179800,0.31400000
2018-02-23 17:08:52,0.03179800,2.82600000
2018-02-23 17:08:52,0.03179800,0.00200000
2018-02-23 17:08:52,0.03180000,0.04500000
2018-02-23 17:08:52,0.03180000,0.43900000
2018-02-23 17:08:53,0.03179900,0.35900000
2018-02-23 17:08:53,0.03172800,0.90200000
2018-02-23 17:08:54,0.03179900,0.33100000
2018-02-23 17:08:54,0.03172800,0.09500000
2018-02-23 17:08:55,0.03179900,0.25200000
2018-02-23 17:08:55,0.03180000,0.94800000
2018-02-23 17:08:57,0.03180000,0.06900000
2018-02-23 17:08:58,0.03180000,0.87700000
2018-02-23 17:08:59,0.03173700,0.07900000
2018-02-23 17:08:59,0.03180000,0.09400000
2018-02-23 17:09:02,0.03174000,2.07300000
2018-02-23 17:09:02,0.03173800,0.07900000
2018-02-23 17:09:02,0.03180000,0.05000000
2018-02-23 17:09:03,0.03179700,0.24800000
2018-02-23 17:09:07,0.03179400,2.90100000
2018-02-23 17:09:07,0.03179600,0.07900000
2018-02-23 17:09:07,0.03179900,3.08900000
2018-02-23 17:09:07,0.03174300,0.06300000
2018-02-23 17:09:08,0.03179700,2.00000000
2018-02-23 17:09:08,0.03174500,3.14700000
2018-02-23 17:09:08,0.03174400,0.94500000
2018-02-23 17:09:08,0.03174300,0.75200000
2018-02-23 17:09:08,0.03173800,1.21200000
2018-02-23 17:09:09,0.03173800,1.26400000
2018-02-23 17:09:10,0.03170000,0.31500000
2018-02-23 17:09:10,0.03170000,0.31500000
2018-02-23 17:09:10,0.03165500,0.31500000
2018-02-23 17:09:11,0.03169700,0.29300000
2018-02-23 17:09:11,0.03169500,0.06000000
2018-02-23 17:09:12,0.03169500,0.03200000
2018-02-23 17:09:12,0.03169500,2.61300000
2018-02-23 17:09:12,0.03165600,0.67700000
2018-02-23 17:09:12,0.03165300,4.96400000
2018-02-23 17:09:12,0.03163800,0.39400000
2018-02-23 17:09:12,0.03163700,0.15700000
2018-02-23 17:09:12,0.03158700,6.33200000
2018-02-23 17:09:12,0.03156600,0.04800000
2018-02-23 17:09:12,0.03156500,0.09700000
2018-02-23 17:09:12,0.03155800,0.06300000
2018-02-23 17:09:12,0.03155800,0.06400000
2018-02-23 17:09:13,0.03155800,0.26200000
2018-02-23 17:09:13,0.03155800,0.20000000
2018-02-23 17:09:13,0.03155800,0.20000000
2018-02-23 17:09:13,0.03155800,0.19900000
2018-02-23 17:09:13,0.03155800,0.20000000
2018-02-23 17:09:13,0.03155800,0.20000000
2018-02-23 17:09:13,0.03155800,2.54600000
2018-02-23 17:09:13,0.03155800,0.16700000
2018-02-23 17:09:13,0.03155800,2.34200000
2018-02-23 17:09:13,0.03155800,0.20000000
2018-02-23 17:09:13,0.03155800,0.94800000
2018-02-23 17:09:13,0.03155800,5.10100000
2018-02-23 17:09:13,0.03155800,0.20000000
2018-02-23 17:09:13,0.03155800,1.49500000
2018-02-23 17:09:13,0.03155800,0.20000000
2018-02-23 17:09:13,0.03155800,0.59300000
2018-02-23 17:09:13,0.03155800,3.09900000
2018-02-23 17:09:13,0.03155100,0.04500000
2018-02-23 17:09:13,0.03153800,3.20000000
2018-02-23 17:09:13,0.03150600,0.97200000
2018-02-23 17:09:13,0.03147900,0.04800000
2018-02-23 17:09:13,0.03144900,1.07000000
2018-02-23 17:09:13,0.03155600,0.20000000
2018-02-23 17:09:15,0.03165200,0.05700000
2018-02-23 17:09:15,0.03155800,0.14100000
2018-02-23 17:09:17,0.03156000,0.47800000
2018-02-23 17:09:17,0.03155900,5.77900000
2018-02-23 17:09:18,0.03155900,0.26200000
2018-02-23 17:09:19,0.03159200,0.38500000
2018-02-23 17:09:19,0.03159400,0.01000000
2018-02-23 17:09:20,0.03159300,0.19000000
2018-02-23 17:09:20,0.03156000,0.04200000
2018-02-23 17:09:20,0.03155600,1.38000000
2018-02-23 17:09:21,0.03155600,0.49000000
2018-02-23 17:09:21,0.03159300,0.37200000
2018-02-23 17:09:24,0.03155600,0.20000000
2018-02-23 17:09:24,0.03155600,2.01500000
2018-02-23 17:09:24,0.03155600,0.19900000
2018-02-23 17:09:24,0.03155600,3.09900000
2018-02-23 17:09:25,0.03155600,0.29200000
2018-02-23 17:09:25,0.03159100,0.03800000
2018-02-23 17:09:25,0.03159100,0.10500000
2018-02-23 17:09:25,0.03159100,0.07900000
2018-02-23 17:09:26,0.03159100,0.15600000
2018-02-23 17:09:26,0.03155600,1.96200000
2018-02-23 17:09:27,0.03159000,0.09400000
2018-02-23 17:09:29,0.03159000,0.28200000
2018-02-23 17:09:29,0.03155900,0.01000000
2018-02-23 17:09:29,0.03155900,1.57700000
2018-02-23 17:09:31,0.03158800,0.63300000
2018-02-23 17:09:31,0.03158900,0.55400000
2018-02-23 17:09:32,0.03155900,1.27300000
2018-02-23 17:09:32,0.03155600,2.26600000
2018-02-23 17:09:33,0.03158800,0.04700000
2018-02-23 17:09:36,0.03157200,0.22600000
2018-02-23 17:09:37,0.03158600,0.12700000
2018-02-23 17:09:37,0.03158600,0.07900000
2018-02-23 17:09:37,0.03155900,0.69700000
2018-02-23 17:09:38,0.03158500,0.07900000
2018-02-23 17:09:38,0.03158500,0.01500000
2018-02-23 17:09:38,0.03158600,0.14600000
2018-02-23 17:09:39,0.03158600,0.04700000
2018-02-23 17:09:40,0.03158600,2.53300000
2018-02-23 17:09:40,0.03158600,0.07900000
2018-02-23 17:09:40,0.03158600,0.19000000
2018-02-23 17:09:40,0.03158600,0.07900000
2018-02-23 17:09:40,0.03158600,0.15800000
2018-02-23 17:09:41,0.03158600,0.07900000
2018-02-23 17:09:41,0.03158600,0.07000000
2018-02-23 17:09:42,0.03158600,0.15800000
2018-02-23 17:09:42,0.03158600,0.09500000
2018-02-23 17:09:42,0.03158600,1.08500000
2018-02-23 17:09:42,0.03158700,0.31500000
2018-02-23 17:09:42,0.03158900,0.16700000
2018-02-23 17:09:42,0.03159000,0.63400000
2018-02-23 17:09:42,0.03159100,1.03400000
2018-02-23 17:09:42,0.03159300,1.86100000
2018-02-23 17:09:43,0.03155900,7.44000000
2018-02-23 17:09:44,0.03159100,0.04500000
2018-02-23 17:09:45,0.03160400,0.06000000
2018-02-23 17:09:45,0.03159100,0.09700000
2018-02-23 17:09:45,0.03160400,0.23400000
2018-02-23 17:09:45,0.03160500,0.04800000
2018-02-23 17:09:47,0.03160600,0.94500000
2018-02-23 17:09:50,0.03169700,0.07900000
2018-02-23 17:09:51,0.03169700,0.12600000
2018-02-23 17:09:51,0.03169700,0.04700000
2018-02-23 17:09:51,0.03169600,0.31500000
2018-02-23 17:09:51,0.03169600,0.07900000
2018-02-23 17:09:51,0.03169600,0.10600000
2018-02-23 17:09:51,0.03169700,0.13100000
2018-02-23 17:09:51,0.03169700,0.16100000
2018-02-23 17:09:52,0.03169700,0.18800000
2018-02-23 17:09:52,0.03169700,0.04700000
2018-02-23 17:09:52,0.03169700,0.24600000
2018-02-23 17:09:53,0.03161200,1.18500000
2018-02-23 17:09:53,0.03161200,1.97600000
2018-02-23 17:09:53,0.03161000,0.37600000
2018-02-23 17:09:53,0.03169600,0.55200000
2018-02-23 17:09:53,0.03169700,0.27800000
2018-02-23 17:09:54,0.03169400,0.10700000
2018-02-23 17:09:55,0.03169100,0.07900000
2018-02-23 17:09:55,0.03161300,1.06400000
2018-02-23 17:09:55,0.03169100,0.86500000
2018-02-23 17:09:56,0.03169000,0.06200000
2018-02-23 17:09:56,0.03169000,0.22700000
2018-02-23 17:09:59,0.03167500,0.06400000
2018-02-23 17:09:59,0.03167600,0.52600000
2018-02-23 17:10:03,0.03166100,0.10700000
2018-02-23 17:10:06,0.03165500,0.22400000
2018-02-23 17:10:06,0.03165500,1.25300000
2018-02-23 17:10:06,0.03165700,0.58700000
2018-02-23 17:10:07,0.03166100,0.75000000
2018-02-23 17:10:07,0.03162300,0.59300000
2018-02-23 17:10:07,0.03166000,0.00100000
2018-02-23 17:10:09,0.03162600,0.17100000
2018-02-23 17:10:11,0.03167000,0.76400000
2018-02-23 17:10:14,0.03167200,1.29300000
2018-02-23 17:10:14,0.03167200,2.26700000
2018-02-23 17:10:14,0.03170000,1.65000000
2018-02-23 17:10:15,0.03170000,2.13600000
2018-02-23 17:10:15,0.03178300,0.50000000
2018-02-23 17:10:15,0.03178400,7.50000000
2018-02-23 17:10:15,0.03178600,6.43400000
2018-02-23 17:10:15,0.03169600,0.09700000
2018-02-23 17:10:15,0.03163300,0.44100000
2018-02-23 17:10:16,0.03163900,3.15900000
2018-02-23 17:10:16,0.03163800,0.00100000
2018-02-23 17:10:18,0.03177400,0.07900000
2018-02-23 17:10:18,0.03177400,0.03800000
2018-02-23 17:10:18,0.03177400,0.03500000
2018-02-23 17:10:20,0.03177100,0.06000000
2018-02-23 17:10:20,0.03177100,0.25200000
2018-02-23 17:10:21,0.03177100,0.07900000
2018-02-23 17:10:22,0.03176800,0.08500000
2018-02-23 17:10:24,0.03176800,2.53100000
2018-02-23 17:10:24,0.03177000,0.44100000
2018-02-23 17:10:24,0.03177600,0.96900000
2018-02-23 17:10:25,0.03166200,0.24700000
2018-02-23 17:10:26,0.03178300,0.43300000
2018-02-23 17:10:27,0.03178600,0.09700000
2018-02-23 17:10:27,0.03179500,0.15700000
2018-02-23 17:10:27,0.03179700,31.90300000
2018-02-23 17:10:27,0.03180000,7.05000000
2018-02-23 17:10:27,0.03182300,0.05600000
2018-02-23 17:10:27,0.03185000,1.52700000
2018-02-23 17:10:27,0.03185500,1.55800000
2018-02-23 17:10:27,0.03187900,3.20000000
2018-02-23 17:10:27,0.03188000,0.31800000
2018-02-23 17:10:27,0.03188400,1.82800000
2018-02-23 17:10:28,0.03167400,0.86900000
2018-02-23 17:10:30,0.03189500,0.50800000
2018-02-23 17:10:30,0.03189900,0.97100000
2018-02-23 17:10:30,0.03190000,0.27100000
2018-02-23 17:10:30,0.03190000,0.63300000
2018-02-23 17:10:32,0.03181000,0.39500000
2018-02-23 17:10:34,0.03192200,1.25800000
2018-02-23 17:10:37,0.03190000,2.03400000
2018-02-23 17:10:37,0.03190000,2.86400000
2018-02-23 17:10:37,0.03190000,3.88500000
2018-02-23 17:10:37,0.03190000,4.77100000
2018-02-23 17:10:41,0.03184500,1.94000000
2018-02-23 17:10:41,0.03188600,0.15000000
2018-02-23 17:10:42,0.03189400,0.10500000
2018-02-23 17:10:45,0.03189200,1.16000000
2018-02-23 17:10:46,0.03189200,1.89600000
2018-02-23 17:10:46,0.03189400,0.05200000
2018-02-23 17:10:47,0.03189400,1.74200000
2018-02-23 17:10:48,0.03189700,0.76200000
2018-02-23 17:10:55,0.03190700,0.62700000
2018-02-23 17:10:55,0.03190500,2.21400000
2018-02-23 17:10:55,0.03190800,0.39400000
2018-02-23 17:10:55,0.03190500,0.57000000
2018-02-23 17:10:55,0.03190400,0.50200000
2018-02-23 17:10:56,0.03190100,0.94000000
2018-02-23 17:10:56,0.03190000,0.22000000
2018-02-23 17:10:57,0.03195200,0.03200000
2018-02-23 17:10:57,0.03190000,2.78400000
2018-02-23 17:10:59,0.03190000,0.10100000
2018-02-23 17:10:59,0.03190200,3.09900000
2018-02-23 17:10:59,0.03190400,0.98200000
2018-02-23 17:10:59,0.03194700,0.39400000
2018-02-23 17:10:59,0.03194800,1.96400000
2018-02-23 17:10:59,0.03190000,0.30200000
2018-02-23 17:11:01,0.03195700,3.33200000
2018-02-23 17:11:01,0.03195800,0.31500000
2018-02-23 17:11:01,0.03196400,0.11000000
2018-02-23 17:11:01,0.03196500,0.27200000
2018-02-23 17:11:01,0.03198500,0.49100000
2018-02-23 17:11:01,0.03198600,0.57500000
2018-02-23 17:11:01,0.03198900,0.09500000
2018-02-23 17:11:01,0.03199000,2.11300000
2018-02-23 17:11:01,0.03199300,0.28100000
2018-02-23 17:11:01,0.03200000,6.09700000
2018-02-23 17:11:01,0.03200000,5.44600000
2018-02-23 17:11:01,0.03200000,0.00100000
2018-02-23 17:11:01,0.03197500,0.33800000
2018-02-23 17:11:01,0.03194800,0.26500000
2018-02-23 17:11:02,0.03194800,1.25700000
2018-02-23 17:11:02,0.03190600,0.16400000
2018-02-23 17:11:02,0.03194700,0.00100000
2018-02-23 17:11:04,0.03199700,0.50000000
2018-02-23 17:11:04,0.03199800,0.16400000
2018-02-23 17:11:04,0.03200000,0.49200000
2018-02-23 17:11:05,0.03198600,0.20700000
2018-02-23 17:11:08,0.03192400,0.16100000
2018-02-23 17:11:09,0.03200000,2.42900000
2018-02-23 17:11:09,0.03192700,1.20000000
2018-02-23 17:11:10,0.03198600,2.09500000
2018-02-23 17:11:10,0.03198600,2.19800000
2018-02-23 17:11:10,0.03198600,0.93700000
2018-02-23 17:11:10,0.03198600,1.35600000
2018-02-23 17:11:10,0.03192800,0.88700000
2018-02-23 17:11:10,0.03192600,0.05000000
2018-02-23 17:11:10,0.03192600,0.32600000
2018-02-23 17:11:12,0.03192400,0.36500000
2018-02-23 17:11:12,0.03191000,0.56300000
2018-02-23 17:11:12,0.03190000,11.65400000
2018-02-23 17:11:14,0.03192400,1.36100000
2018-02-23 17:11:14,0.03192600,0.31700000
2018-02-23 17:11:14,0.03192900,0.38700000
2018-02-23 17:11:14,0.03192900,0.69900000
2018-02-23 17:11:14,0.03190100,0.45600000
2018-02-23 17:11:16,0.03190400,3.09800000
2018-02-23 17:11:17,0.03190000,0.33100000
2018-02-23 17:11:17,0.03190000,5.69700000
2018-02-23 17:11:18,0.03190100,0.25500000
2018-02-23 17:11:19,0.03194500,0.50000000
2018-02-23 17:11:19,0.03194600,0.76200000
2018-02-23 17:11:19,0.03194700,0.93900000
2018-02-23 17:11:19,0.03194800,2.79200000
2018-02-23 17:11:19,0.03194800,4.81600000
2018-02-23 17:11:19,0.03193700,0.93900000
2018-02-23 17:11:21,0.03186100,0.03200000
2018-02-23 17:11:23,0.03190000,0.15400000
2018-02-23 17:11:23,0.03190000,0.50000000
2018-02-23 17:11:23,0.03186300,0.12700000
2018-02-23 17:11:23,0.03186300,0.26900000
2018-02-23 17:11:24,0.03185200,2.79400000
2018-02-23 17:11:24,0.03184600,0.15600000
2018-02-23 17:11:24,0.03184500,6.55200000
2018-02-23 17:11:24,0.03189900,0.36000000
2018-02-23 17:11:24,0.03180700,1.00100000
2018-02-23 17:11:24,0.03180700,2.14300000
2018-02-23 17:11:24,0.03180500,0.03500000
2018-02-23 17:11:24,0.03180100,0.50000000
2018-02-23 17:11:24,0.03180000,3.89000000
2018-02-23 17:11:25,0.03178800,0.22000000
2018-02-23 17:11:25,0.03189800,0.36100000
2018-02-23 17:11:25,0.03189700,0.50000000
2018-02-23 17:11:25,0.03189800,0.53500000
2018-02-23 17:11:25,0.03189900,0.57900000
2018-02-23 17:11:25,0.03190000,3.19200000
2018-02-23 17:11:26,0.03178400,0.03200000
2018-02-23 17:11:27,0.03181900,0.50000000
2018-02-23 17:11:27,0.03181800,0.31400000
2018-02-23 17:11:28,0.03179500,0.07900000
2018-02-23 17:11:28,0.03188600,0.06900000
2018-02-23 17:11:29,0.03179500,0.06300000
2018-02-23 17:11:30,0.03180900,0.35800000
2018-02-23 17:11:30,0.03180800,0.19600000
2018-02-23 17:11:31,0.03179600,0.94300000
2018-02-23 17:11:31,0.03179400,0.04500000
2018-02-23 17:11:32,0.03187100,0.07800000
2018-02-23 17:11:32,0.03187100,1.81100000
2018-02-23 17:11:33,0.03187000,0.06900000
2018-02-23 17:11:33,0.03187200,0.06100000
2018-02-23 17:11:33,0.03179500,0.98600000
2018-02-23 17:11:33,0.03177200,0.08200000
2018-02-23 17:11:33,0.03177100,1.00000000
2018-02-23 17:11:33,0.03174300,0.37800000
2018-02-23 17:11:33,0.03173000,0.49900000
2018-02-23 17:11:33,0.03171100,6.53100000
2018-02-23 17:11:33,0.03170900,0.15800000
2018-02-23 17:11:33,0.03170200,4.10100000
2018-02-23 17:11:33,0.03168100,0.96600000
2018-02-23 17:11:33,0.03166200,7.98100000
2018-02-23 17:11:33,0.03165000,0.86600000
2018-02-23 17:11:33,0.03186800,0.06900000
2018-02-23 17:11:33,0.03179600,0.39700000
2018-02-23 17:11:36,0.03179500,1.14900000
2018-02-23 17:11:36,0.03179600,0.50000000
2018-02-23 17:11:37,0.03179700,0.39500000
2018-02-23 17:11:37,0.03179600,0.06900000
2018-02-23 17:11:38,0.03180100,0.06900000
2018-02-23 17:11:39,0.03180100,0.02800000
2018-02-23 17:11:39,0.03186500,2.50300000
2018-02-23 17:11:41,0.03186200,0.06900000
2018-02-23 17:11:41,0.03186300,0.13100000
2018-02-23 17:11:44,0.03180900,3.14300000
2018-02-23 17:11:44,0.03180700,0.22900000
2018-02-23 17:11:44,0.03179700,0.72900000
2018-02-23 17:11:44,0.03186000,0.06300000
2018-02-23 17:11:46,0.03180000,0.39800000
2018-02-23 17:11:46,0.03179900,0.06300000
2018-02-23 17:11:46,0.03179800,0.50000000
2018-02-23 17:11:46,0.03179700,1.28400000
2018-02-23 17:11:48,0.03179700,0.98700000
2018-02-23 17:11:48,0.03179600,2.65400000
2018-02-23 17:11:48,0.03179600,1.49600000
2018-02-23 17:11:53,0.03177300,0.03500000
2018-02-23 17:11:57,0.03176900,3.14300000
2018-02-23 17:11:57,0.03177100,0.71500000
2018-02-23 17:12:00,0.03176900,0.13800000
2018-02-23 17:12:04,0.03176500,0.39800000
2018-02-23 17:12:04,0.03176600,0.58500000
2018-02-23 17:12:04,0.03177000,1.06600000
2018-02-23 17:12:04,0.03177100,0.67300000
2018-02-23 17:12:06,0.03176900,0.39600000
2018-02-23 17:12:06,0.03176900,0.09300000
2018-02-23 17:12:06,0.03176800,0.05400000
2018-02-23 17:12:06,0.03177000,1.65100000
2018-02-23 17:12:11,0.03177000,1.37000000
2018-02-23 17:12:12,0.03176900,0.15500000
2018-02-23 17:12:12,0.03177000,3.41300000
2018-02-23 17:12:12,0.03177100,0.50000000
2018-02-23 17:12:14,0.03177000,0.06100000
2018-02-23 17:12:14,0.03177100,0.53100000
2018-02-23 17:12:14,0.03179600,0.62800000
2018-02-23 17:12:15,0.03179600,0.16800000
2018-02-23 17:12:18,0.03177100,0.16900000
2018-02-23 17:12:20,0.03177100,1.35200000
2018-02-23 17:12:28,0.03177100,0.39700000
2018-02-23 17:12:28,0.03177000,5.17700000
2018-02-23 17:12:28,0.03174100,0.73300000
2018-02-23 17:12:30,0.03179600,7.18800000
2018-02-23 17:12:32,0.03184100,6.19800000
2018-02-23 17:12:32,0.03186200,0.68800000
2018-02-23 17:12:35,0.03179600,0.29900000
2018-02-23 17:12:38,0.03189800,0.00700000
2018-02-23 17:12:38,0.03189800,0.16000000
2018-02-23 17:12:39,0.03189800,0.17100000
2018-02-23 17:12:39,0.03189900,0.15800000
2018-02-23 17:12:39,0.03190000,0.07000000
2018-02-23 17:12:39,0.03199600,0.62500000
2018-02-23 17:12:41,0.03199500,0.07800000
2018-02-23 17:12:42,0.03199500,0.33700000
2018-02-23 17:12:43,0.03182200,3.14200000
2018-02-23 17:12:43,0.03182000,2.30600000
2018-02-23 17:12:43,0.03181400,1.82900000
2018-02-23 17:12:48,0.03197600,1.25100000
2018-02-23 17:12:49,0.03182000,0.68000000
2018-02-23 17:12:49,0.03181900,3.20300000
2018-02-23 17:12:56,0.03182100,1.55700000
2018-02-23 17:12:56,0.03182000,0.09300000
2018-02-23 17:12:56,0.03181900,0.39500000
2018-02-23 17:12:56,0.03181500,1.51300000
2018-02-23 17:12:56,0.03180800,1.39000000
2018-02-23 17:12:56,0.03180000,0.76100000
2018-02-23 17:12:56,0.03179800,1.89100000
2018-02-23 17:12:56,0.03180000,6.84100000
2018-02-23 17:12:56,0.03180000,1.89100000
2018-02-23 17:12:57,0.03181500,0.33900000
2018-02-23 17:12:58,0.03179600,1.00000000
2018-02-23 17:12:58,0.03179600,0.21800000
2018-02-23 17:13:00,0.03179100,3.14100000
2018-02-23 17:13:02,0.03179200,1.55600000
2018-02-23 17:13:08,0.03181900,0.19800000
2018-02-23 17:13:08,0.03181900,0.11000000
2018-02-23 17:13:08,0.03181900,0.28200000
2018-02-23 17:13:13,0.03179200,3.14100000
2018-02-23 17:13:13,0.03179400,0.04500000
2018-02-23 17:13:17,0.03184200,0.06900000
2018-02-23 17:13:19,0.03179100,0.36300000
2018-02-23 17:13:22,0.03182800,0.06900000
2018-02-23 17:13:23,0.03182700,0.24400000
2018-02-23 17:13:25,0.03181500,0.29400000
2018-02-23 17:13:25,0.03181700,0.60700000
2018-02-23 17:13:34,0.03180000,0.23700000
2018-02-23 17:13:38,0.03179200,0.44300000
2018-02-23 17:13:40,0.03179200,0.03800000
2018-02-23 17:13:43,0.03179300,0.06900000
2018-02-23 17:13:44,0.03179200,1.03900000
2018-02-23 17:13:49,0.03179000,0.86600000
2018-02-23 17:13:49,0.03178300,6.29200000
2018-02-23 17:13:51,0.03179100,5.12000000
2018-02-23 17:13:51,0.03179200,0.78200000
2018-02-23 17:13:57,0.03179200,3.63400000
2018-02-23 17:13:57,0.03179200,7.77900000
2018-02-23 17:13:58,0.03179200,2.61300000
2018-02-23 17:13:58,0.03179200,10.55900000
2018-02-23 17:13:58,0.03178300,3.70800000
2018-02-23 17:13:58,0.03177100,2.80400000
2018-02-23 17:13:58,0.03177000,2.05100000
2018-02-23 17:14:01,0.03177000,14.72100000
2018-02-23 17:14:01,0.03177000,1.63000000
2018-02-23 17:14:01,0.03176900,0.19300000
2018-02-23 17:14:02,0.03174100,11.02100000
2018-02-23 17:14:02,0.03174100,7.42500000
2018-02-23 17:14:02,0.03172700,0.03500000
2018-02-23 17:14:03,0.03168700,0.16700000
2018-02-23 17:14:03,0.03168600,6.41900000
2018-02-23 17:14:05,0.03174500,0.50000000
2018-02-23 17:14:05,0.03174600,0.27500000
2018-02-23 17:14:05,0.03174600,0.06900000
2018-02-23 17:14:06,0.03169600,0.14200000
2018-02-23 17:14:08,0.03170000,0.35800000
2018-02-23 17:14:08,0.03169900,0.74900000
2018-02-23 17:14:09,0.03168600,0.35800000
2018-02-23 17:14:09,0.03169600,0.26500000
2018-02-23 17:14:10,0.03169600,0.03200000
2018-02-23 17:14:14,0.03169400,3.15500000
2018-02-23 17:14:14,0.03168600,1.11500000
2018-02-23 17:14:28,0.03169500,0.03500000
2018-02-23 17:14:28,0.03168600,3.11700000
2018-02-23 17:14:28,0.03165300,1.65400000
2018-02-23 17:14:31,0.03165400,0.42700000
2018-02-23 17:14:32,0.03165400,0.00700000
2018-02-23 17:14:32,0.03165400,0.06600000
2018-02-23 17:14:32,0.03165300,0.45700000
2018-02-23 17:14:34,0.03165300,0.68300000
2018-02-23 17:14:34,0.03165100,0.11800000
2018-02-23 17:14:35,0.03165100,0.50000000
2018-02-23 17:14:37,0.03165100,0.77200000
2018-02-23 17:14:43,0.03167800,0.31500000
2018-02-23 17:14:45,0.03167700,0.09500000
2018-02-23 17:14:50,0.03166900,0.04700000
2018-02-23 17:14:59,0.03165100,2.79300000
2018-02-23 17:15:08,0.03165200,0.32600000
2018-02-23 17:15:09,0.03165300,0.29600000
2018-02-23 17:15:09,0.03165600,0.19600000
2018-02-23 17:15:11,0.03165300,1.23300000
2018-02-23 17:15:11,0.03165200,0.08100000
2018-02-23 17:15:13,0.03165200,0.00300000
2018-02-23 17:15:14,0.03165200,0.22100000
2018-02-23 17:15:14,0.03165100,4.06900000
2018-02-23 17:15:16,0.03165600,0.65700000
2018-02-23 17:15:22,0.03165600,1.39800000
2018-02-23 17:15:22,0.03165100,0.60200000
2018-02-23 17:15:24,0.03166800,0.31400000
2018-02-23 17:15:24,0.03166900,0.20000000
2018-02-23 17:15:24,0.03170600,0.48600000
2018-02-23 17:15:26,0.03179000,0.37700000
2018-02-23 17:15:29,0.03178500,0.07900000
2018-02-23 17:15:29,0.03178500,0.04700000
2018-02-23 17:15:40,0.03177500,0.38700000
2018-02-23 17:15:40,0.03178200,2.42700000
2018-02-23 17:15:40,0.03178200,0.36000000
2018-02-23 17:15:40,0.03178200,1.62400000
2018-02-23 17:15:45,0.03178100,0.00200000
2018-02-23 17:15:45,0.03178900,0.19300000
2018-02-23 17:15:49,0.03182100,0.31400000
2018-02-23 17:15:49,0.03182100,0.06000000
2018-02-23 17:15:49,0.03182200,0.07000000
2018-02-23 17:15:49,0.03182300,0.15200000
2018-02-23 17:15:50,0.03178100,0.32600000
2018-02-23 17:15:50,0.03178100,0.17400000
2018-02-23 17:15:50,0.03178000,0.09300000
2018-02-23 17:15:51,0.03178200,0.07300000
2018-02-23 17:15:53,0.03178500,3.07300000
2018-02-23 17:15:53,0.03178300,0.94300000
2018-02-23 17:15:53,0.03169600,0.09700000
2018-02-23 17:15:53,0.03167300,1.73600000
2018-02-23 17:15:54,0.03183500,3.14600000
2018-02-23 17:15:54,0.03183700,0.42900000
2018-02-23 17:15:56,0.03170700,1.73600000
2018-02-23 17:15:59,0.03178500,0.09700000
2018-02-23 17:15:59,0.03183300,0.51400000
2018-02-23 17:15:59,0.03183700,0.04000000
2018-02-23 17:15:59,0.03183800,2.10300000
2018-02-23 17:15:59,0.03183800,2.60800000
2018-02-23 17:15:59,0.03183800,0.00100000
2018-02-23 17:16:00,0.03171400,0.09500000
2018-02-23 17:16:00,0.03170600,0.24200000
2018-02-23 17:16:03,0.03177900,1.73600000
2018-02-23 17:16:03,0.03178000,0.24200000
2018-02-23 17:16:03,0.03178200,0.08200000
2018-02-23 17:16:03,0.03183300,3.30500000
2018-02-23 17:16:10,0.03182100,0.36800000
2018-02-23 17:16:10,0.03182100,1.31300000
2018-02-23 17:16:10,0.03182100,1.21400000
2018-02-23 17:16:10,0.03182100,1.92500000
2018-02-23 17:16:10,0.03182100,2.98200000
2018-02-23 17:16:10,0.03182100,2.87500000
2018-02-23 17:16:20,0.03182100,0.18800000
2018-02-23 17:16:22,0.03183000,0.39300000
2018-02-23 17:16:24,0.03178300,3.14200000
2018-02-23 17:16:24,0.03178100,0.94300000
2018-02-23 17:16:31,0.03176500,0.03500000
2018-02-23 17:16:40,0.03176300,1.36900000
2018-02-23 17:16:41,0.03176300,1.77300000
2018-02-23 17:16:41,0.03176500,3.79300000
2018-02-23 17:16:41,0.03176500,1.69500000
2018-02-23 17:16:50,0.03177100,2.28500000
2018-02-23 17:16:52,0.03177400,0.62200000
2018-02-23 17:16:53,0.03182500,0.66400000
2018-02-23 17:16:55,0.03182500,0.72700000
2018-02-23 17:17:04,0.03178000,0.70100000
2018-02-23 17:17:08,0.03178000,0.69900000
2018-02-23 17:17:23,0.03177500,2.18000000
2018-02-23 17:17:23,0.03178000,0.00200000
2018-02-23 17:17:23,0.03182400,0.05900000
2018-02-23 17:17:23,0.03178000,0.24000000
2018-02-23 17:17:33,0.03180000,0.46600000
2018-02-23 17:17:49,0.03180000,2.53400000
2018-02-23 17:17:49,0.03182000,21.83000000
2018-02-23 17:17:49,0.03182100,0.24900000
2018-02-23 17:17:49,0.03182900,0.22000000
2018-02-23 17:17:49,0.03183000,8.59200000
2018-02-23 17:17:49,0.03184500,4.87000000
2018-02-23 17:17:58,0.03184500,8.65300000
2018-02-23 17:17:58,0.03184500,2.10500000
2018-02-23 17:17:58,0.03184500,5.77700000
2018-02-23 17:18:01,0.03187600,0.03500000
2018-02-23 17:18:03,0.03180800,2.14500000
2018-02-23 17:18:04,0.03181200,1.02800000
2018-02-23 17:18:04,0.03181500,3.14300000
2018-02-23 17:18:05,0.03181700,3.14100000
2018-02-23 17:18:05,0.03187600,0.21000000
2018-02-23 17:18:07,0.03182000,11.77700000
2018-02-23 17:18:10,0.03181500,4.04800000
2018-02-23 17:18:13,0.03181100,1.02000000
2018-02-23 17:18:13,0.03180200,0.20900000
2018-02-23 17:18:13,0.03180800,0.21800000
2018-02-23 17:18:13,0.03181000,0.08600000
2018-02-23 17:18:14,0.03181000,0.87700000
2018-02-23 17:18:22,0.03180900,2.35500000
2018-02-23 17:18:22,0.03181000,3.05700000
2018-02-23 17:18:22,0.03181300,0.21000000
2018-02-23 17:18:23,0.03182000,1.25100000
2018-02-23 17:18:23,0.03182000,2.10900000
2018-02-23 17:18:23,0.03182000,3.38600000
2018-02-23 17:18:23,0.03182000,2.42700000
2018-02-23 17:18:31,0.03181800,3.14100000
2018-02-23 17:18:32,0.03187700,0.09300000
2018-02-23 17:18:32,0.03187800,0.17500000
2018-02-23 17:18:32,0.03187900,0.10700000
2018-02-23 17:18:32,0.03190400,0.85200000
2018-02-23 17:18:32,0.03181900,3.14100000
2018-02-23 17:18:32,0.03181900,1.02400000
2018-02-23 17:18:37,0.03181600,0.57600000
2018-02-23 17:18:38,0.03181400,0.36400000
2018-02-23 17:18:39,0.03181400,0.00200000
2018-02-23 17:18:39,0.03181300,1.95400000
2018-02-23 17:18:39,0.03181300,0.15300000
2018-02-23 17:18:39,0.03181300,2.81400000
2018-02-23 17:18:45,0.03186200,0.31300000
2018-02-23 17:18:48,0.03185300,0.32700000
2018-02-23 17:18:56,0.03181400,0.66900000
2018-02-23 17:18:56,0.03181300,0.00200000
2018-02-23 17:18:56,0.03180200,0.20500000
2018-02-23 17:18:56,0.03182600,2.50100000
2018-02-23 17:18:57,0.03182800,0.32300000
2018-02-23 17:18:58,0.03182500,0.12600000
2018-02-23 17:19:02,0.03182400,0.17500000
2018-02-23 17:19:02,0.03182400,0.05000000
2018-02-23 17:19:04,0.03182500,0.03700000
2018-02-23 17:19:07,0.03182500,0.03500000
2018-02-23 17:19:09,0.03180300,2.93300000
2018-02-23 17:19:09,0.03180200,0.50100000
2018-02-23 17:19:09,0.03180000,5.42000000
2018-02-23 17:19:12,0.03182200,0.39400000
2018-02-23 17:19:12,0.03182200,0.92100000
2018-02-23 17:19:14,0.03180000,0.28200000
2018-02-23 17:19:18,0.03181800,1.48900000
2018-02-23 17:19:24,0.03183000,0.07900000
2018-02-23 17:19:26,0.03185000,0.28300000
2018-02-23 17:19:39,0.03184800,1.05900000
2018-02-23 17:19:49,0.03183000,0.14600000
2018-02-23 17:19:53,0.03180100,2.80500000
2018-02-23 17:19:53,0.03180000,32.19500000
2018-02-23 17:19:57,0.03180000,1.60300000
2018-02-23 17:20:04,0.03180000,0.23300000
2018-02-23 17:20:04,0.03178000,0.90000000
2018-02-23 17:20:04,0.03175000,0.24400000
2018-02-23 17:20:19,0.03180000,0.16900000
2018-02-23 17:20:21,0.03180000,0.07700000
2018-02-23 17:20:23,0.03181000,0.76000000
2018-02-23 17:20:43,0.03175200,0.44900000
2018-02-23 17:20:44,0.03175200,0.04800000
2018-02-23 17:20:50,0.03175200,4.90600000
2018-02-23 17:21:04,0.03175300,1.75200000
2018-02-23 17:21:07,0.03177900,0.49700000
2018-02-23 17:21:07,0.03178100,1.49100000
2018-02-23 17:21:07,0.03178200,0.04100000
2018-02-23 17:21:10,0.03176000,0.72700000
2018-02-23 17:21:11,0.03176000,0.04500000
2018-02-23 17:21:14,0.03177500,0.12600000
2018-02-23 17:21:14,0.03177500,0.08500000
2018-02-23 17:21:20,0.03177500,0.05000000
2018-02-23 17:21:21,0.03177500,0.05000000
2018-02-23 17:21:21,0.03177500,0.04900000
2018-02-23 17:21:21,0.03177500,0.58900000
2018-02-23 17:21:24,0.03177500,12.73800000
2018-02-23 17:21:24,0.03176000,3.80600000
2018-02-23 17:21:27,0.03179100,0.02200000
2018-02-23 17:21:57,0.03178600,2.47900000
2018-02-23 17:21:57,0.03178700,0.09800000
2018-02-23 17:21:57,0.03178800,0.63000000
2018-02-23 17:21:57,0.03179100,1.04400000
2018-02-23 17:21:57,0.03179100,0.19600000
2018-02-23 17:21:58,0.03175500,0.19600000
2018-02-23 17:22:10,0.03176000,0.40100000
2018-02-23 17:22:20,0.03180600,0.13900000
2018-02-23 17:22:20,0.03179100,0.25100000
2018-02-23 17:22:25,0.03176700,0.50000000
2018-02-23 17:22:30,0.03181000,1.11100000
2018-02-23 17:22:30,0.03181300,2.80500000
2018-02-23 17:22:30,0.03181400,0.94200000
2018-02-23 17:22:30,0.03182700,0.66900000
2018-02-23 17:22:30,0.03184200,4.02600000
2018-02-23 17:22:30,0.03184500,0.03400000
2018-02-23 17:22:30,0.03185000,4.83100000
2018-02-23 17:22:32,0.03181300,3.80700000
2018-02-23 17:22:32,0.03181100,0.00300000
2018-02-23 17:22:32,0.03181100,1.27000000
2018-02-23 17:22:32,0.03181100,1.53800000
2018-02-23 17:22:32,0.03181000,1.27000000
2018-02-23 17:22:32,0.03181000,2.81100000
2018-02-23 17:22:32,0.03181000,0.39500000
2018-02-23 17:22:32,0.03181000,0.81900000
2018-02-23 17:22:32,0.03180100,0.81900000
2018-02-23 17:22:33,0.03185000,8.09600000
2018-02-23 17:22:33,0.03180300,0.12400000
2018-02-23 17:22:33,0.03185000,5.47500000
2018-02-23 17:22:33,0.03180300,1.72700000
2018-02-23 17:22:33,0.03185300,3.92200000
2018-02-23 17:22:33,0.03185300,3.25100000
2018-02-23 17:22:33,0.03185300,2.56100000
2018-02-23 17:22:33,0.03180300,0.09800000
2018-02-23 17:22:33,0.03185300,1.90400000
2018-02-23 17:22:33,0.03185300,1.38000000
2018-02-23 17:22:33,0.03180300,1.19300000
2018-02-23 17:22:34,0.03184900,2.81100000
2018-02-23 17:22:34,0.03185300,4.73000000
2018-02-23 17:22:34,0.03185300,2.33300000
2018-02-23 17:22:34,0.03185500,0.74600000
2018-02-23 17:22:34,0.03185500,0.24000000
2018-02-23 17:22:34,0.03180100,0.12200000
2018-02-23 17:22:35,0.03185900,3.14200000
2018-02-23 17:22:35,0.03185900,1.77000000
2018-02-23 17:22:36,0.03186100,0.03500000
2018-02-23 17:22:40,0.03190500,0.63100000
2018-02-23 17:22:40,0.03190900,0.31300000
2018-02-23 17:22:42,0.03197800,0.51300000
2018-02-23 17:22:42,0.03197900,0.62800000
2018-02-23 17:22:42,0.03198000,0.00600000
2018-02-23 17:22:46,0.03198000,0.23100000
2018-02-23 17:22:46,0.03199800,0.05400000
2018-02-23 17:22:48,0.03199800,0.10200000
2018-02-23 17:22:48,0.03199900,0.23700000
2018-02-23 17:22:54,0.03191800,0.51600000
2018-02-23 17:23:00,0.03194500,3.13400000
2018-02-23 17:23:00,0.03194300,0.50000000
2018-02-23 17:23:00,0.03194000,0.93900000
2018-02-23 17:23:02,0.03195000,4.41900000
2018-02-23 17:23:02,0.03199600,0.60600000
2018-02-23 17:23:02,0.03199600,0.16800000
2018-02-23 17:23:02,0.03199600,2.87600000
2018-02-23 17:23:02,0.03199800,0.93900000
2018-02-23 17:23:02,0.03199900,1.68500000
2018-02-23 17:23:05,0.03196600,0.11800000
2018-02-23 17:23:09,0.03199800,0.13800000
2018-02-23 17:23:09,0.03199800,1.61400000
2018-02-23 17:23:09,0.03199900,13.07000000
2018-02-23 17:23:09,0.03200000,8.61400000
2018-02-23 17:23:11,0.03199800,0.49000000
2018-02-23 17:23:11,0.03200000,6.70700000
2018-02-23 17:23:11,0.03200000,2.97300000
2018-02-23 17:23:11,0.03200000,1.14500000
2018-02-23 17:23:12,0.03200000,0.00300000
2018-02-23 17:23:13,0.03200000,15.95600000
2018-02-23 17:23:15,0.03197100,0.10000000
2018-02-23 17:23:15,0.03200000,0.89100000
2018-02-23 17:23:15,0.03200000,9.39900000
2018-02-23 17:23:15,0.03200000,9.52900000
2018-02-23 17:23:15,0.03200000,0.05000000
2018-02-23 17:23:15,0.03200000,3.30400000
2018-02-23 17:23:15,0.03194300,0.05000000
2018-02-23 17:23:15,0.03194500,0.53300000
2018-02-23 17:23:16,0.03194500,0.76000000
2018-02-23 17:23:16,0.03199800,3.30400000
2018-02-23 17:23:16,0.03200000,0.11100000
2018-02-23 17:23:17,0.03200000,0.17700000
2018-02-23 17:23:18,0.03200500,1.29300000
2018-02-23 17:23:18,0.03200700,0.04700000
2018-02-23 17:23:18,0.03200000,0.31500000
2018-02-23 17:23:20,0.03202100,0.56700000
2018-02-23 17:23:20,0.03202200,0.49300000
2018-02-23 17:23:20,0.03202800,4.85800000
2018-02-23 17:23:20,0.03202800,0.72400000
2018-02-23 17:23:21,0.03202800,0.00200000
2018-02-23 17:23:23,0.03200000,3.59600000
2018-02-23 17:23:25,0.03194000,1.23900000
2018-02-23 17:23:25,0.03194000,0.06000000
2018-02-23 17:23:26,0.03194000,0.23800000
2018-02-23 17:23:27,0.03199900,0.05000000
2018-02-23 17:23:27,0.03200000,3.25100000
2018-02-23 17:23:27,0.03200000,7.56700000
2018-02-23 17:23:28,0.03200000,0.07900000
2018-02-23 17:23:28,0.03200000,0.22400000
2018-02-23 17:23:28,0.03200000,0.15800000
2018-02-23 17:23:28,0.03200000,0.09500000
2018-02-23 17:23:28,0.03200000,0.07900000
2018-02-23 17:23:28,0.03200000,0.09900000
2018-02-23 17:23:28,0.03200000,0.07900000
2018-02-23 17:23:29,0.03200000,0.07900000
2018-02-23 17:23:29,0.03200000,0.05700000
2018-02-23 17:23:29,0.03200000,0.09500000
2018-02-23 17:23:31,0.03202600,1.53700000
2018-02-23 17:23:31,0.03202800,0.09800000
2018-02-23 17:23:31,0.03202900,0.05700000
2018-02-23 17:23:33,0.03200000,2.60700000
2018-02-23 17:23:37,0.03202900,1.14000000
2018-02-23 17:23:37,0.03203000,1.08300000
2018-02-23 17:23:37,0.03203300,0.15400000
2018-02-23 17:23:39,0.03203300,0.55000000
2018-02-23 17:23:39,0.03203500,0.38200000
2018-02-23 17:23:39,0.03203600,0.17100000
2018-02-23 17:23:41,0.03203300,3.72300000
2018-02-23 17:23:42,0.03203300,0.28000000
2018-02-23 17:23:43,0.03203300,0.89700000
2018-02-23 17:23:43,0.03203600,0.04000000
2018-02-23 17:23:44,0.03203600,0.21400000
2018-02-23 17:23:44,0.03200500,0.21400000
2018-02-23 17:23:45,0.03200800,0.98300000
2018-02-23 17:23:46,0.03200800,0.29500000
2018-02-23 17:23:46,0.03200800,0.29500000
2018-02-23 17:23:46,0.03200800,0.29500000
2018-02-23 17:23:46,0.03200800,0.29500000
2018-02-23 17:23:46,0.03200800,0.74500000
2018-02-23 17:23:50,0.03203300,1.69200000
2018-02-23 17:23:50,0.03203300,2.25900000
2018-02-23 17:23:51,0.03203300,0.74300000
2018-02-23 17:23:52,0.03206800,0.46900000
2018-02-23 17:23:52,0.03207100,2.49500000
2018-02-23 17:23:53,0.03200500,0.09400000
2018-02-23 17:24:05,0.03200700,0.93700000
2018-02-23 17:24:05,0.03200600,7.81100000
2018-02-23 17:24:05,0.03200300,0.94500000
2018-02-23 17:24:05,0.03206200,0.24900000
2018-02-23 17:24:14,0.03205200,0.37800000
2018-02-23 17:24:14,0.03205400,0.09400000
2018-02-23 17:24:14,0.03205700,0.93700000
2018-02-23 17:24:14,0.03206000,0.46900000
2018-02-23 17:24:14,0.03207900,1.48800000
2018-02-23 17:24:14,0.03208500,0.11200000
2018-02-23 17:24:14,0.03209000,9.39700000
2018-02-23 17:24:14,0.03209000,1.50300000
2018-02-23 17:24:14,0.03200900,0.40000000
2018-02-23 17:24:17,0.03206200,5.70000000
2018-02-23 17:24:21,0.03203000,0.09400000
2018-02-23 17:24:21,0.03203000,3.02800000
2018-02-23 17:24:21,0.03202800,1.88300000
2018-02-23 17:24:23,0.03206200,3.12100000
2018-02-23 17:24:23,0.03208800,0.18700000
2018-02-23 17:24:25,0.03208500,0.85500000
2018-02-23 17:24:26,0.03202900,0.93600000
2018-02-23 17:24:26,0.03202200,0.39000000
2018-02-23 17:24:26,0.03197700,0.31100000
2018-02-23 17:24:26,0.03197700,0.31100000
2018-02-23 17:24:26,0.03197700,0.17500000
2018-02-23 17:24:26,0.03197700,0.25900000
2018-02-23 17:24:26,0.03197500,0.13500000
2018-02-23 17:24:26,0.03197500,0.13600000
2018-02-23 17:24:26,0.03193300,0.31100000
2018-02-23 17:24:26,0.03197500,0.33200000
2018-02-23 17:24:26,0.03197500,1.47700000
2018-02-23 17:24:26,0.03197700,0.18800000
2018-02-23 17:24:26,0.03193300,0.13600000
2018-02-23 17:24:26,0.03197700,0.50000000
2018-02-23 17:24:26,0.03208700,0.97600000
2018-02-23 17:24:28,0.03194800,0.44700000
2018-02-23 17:24:31,0.03195600,0.03800000
2018-02-23 17:24:31,0.03195600,0.06000000
2018-02-23 17:24:31,0.03207600,0.50000000
2018-02-23 17:24:31,0.03207800,0.93600000
2018-02-23 17:24:31,0.03207900,0.90700000
2018-02-23 17:24:31,0.03208000,0.62300000
2018-02-23 17:24:31,0.03208200,0.46800000
2018-02-23 17:24:31,0.03209400,0.21200000
2018-02-23 17:24:31,0.03209500,0.70400000
2018-02-23 17:24:31,0.03209800,1.18000000
2018-02-23 17:24:31,0.03210000,3.59100000
2018-02-23 17:24:31,0.03195600,0.08300000
2018-02-23 17:24:32,0.03196600,0.07800000
2018-02-23 17:24:33,0.03196800,0.07900000
2018-02-23 17:24:33,0.03196800,0.03200000
2018-02-23 17:24:33,0.03196800,0.15800000
2018-02-23 17:24:34,0.03197200,0.15500000
2018-02-23 17:24:39,0.03198700,0.15500000
2018-02-23 17:24:42,0.03199600,0.22000000
2018-02-23 17:24:43,0.03200100,2.86800000
2018-02-23 17:24:43,0.03199900,0.84500000
2018-02-23 17:24:43,0.03199600,0.71700000
2018-02-23 17:24:43,0.03199100,2.06900000
2018-02-23 17:24:46,0.03197500,0.10400000
2018-02-23 17:24:46,0.03197400,0.56000000
2018-02-23 17:24:47,0.03207100,2.59800000
2018-02-23 17:24:50,0.03197300,2.96100000
2018-02-23 17:24:50,0.03197200,7.09200000
2018-02-23 17:24:50,0.03193000,0.39500000
2018-02-23 17:24:50,0.03190200,2.12200000
2018-02-23 17:24:50,0.03190000,0.93700000
2018-02-23 17:24:50,0.03190000,5.58800000
2018-02-23 17:24:50,0.03190100,0.72000000
2018-02-23 17:24:51,0.03198600,0.64100000
2018-02-23 17:24:51,0.03198800,0.35100000
2018-02-23 17:24:51,0.03198800,0.50000000
2018-02-23 17:24:52,0.03198800,2.27500000
2018-02-23 17:24:52,0.03198900,2.80500000
2018-02-23 17:24:52,0.03198700,0.93700000
2018-02-23 17:24:53,0.03198700,0.93700000
2018-02-23 17:24:53,0.03198700,0.93700000
2018-02-23 17:24:53,0.03198700,0.31500000
2018-02-23 17:24:53,0.03192900,0.31300000
2018-02-23 17:24:53,0.03192300,0.50000000
2018-02-23 17:24:53,0.03192200,6.12200000
2018-02-23 17:24:53,0.03190900,3.13200000
2018-02-23 17:24:53,0.03190800,0.99700000
2018-02-23 17:24:53,0.03190700,0.08800000
2018-02-23 17:24:53,0.03190500,0.47000000
2018-02-23 17:24:53,0.03190100,2.75100000
2018-02-23 17:24:55,0.03192300,0.03200000
2018-02-23 17:24:58,0.03199000,0.93700000
2018-02-23 17:24:58,0.03199000,0.93700000
2018-02-23 17:24:58,0.03199000,0.93700000
2018-02-23 17:24:58,0.03198900,0.50000000
2018-02-23 17:24:58,0.03199000,0.32100000
2018-02-23 17:24:59,0.03199000,0.93700000
2018-02-23 17:24:59,0.03194100,0.31300000
2018-02-23 17:24:59,0.03190700,0.10900000
2018-02-23 17:24:59,0.03190600,2.79800000
2018-02-23 17:24:59,0.03190500,11.84700000
2018-02-23 17:24:59,0.03199100,0.06900000
2018-02-23 17:25:00,0.03198700,0.47000000
2018-02-23 17:25:00,0.03199000,0.06200000
2018-02-23 17:25:00,0.03198900,0.93700000
2018-02-23 17:25:00,0.03198800,0.52500000
2018-02-23 17:25:00,0.03198900,0.41100000
2018-02-23 17:25:00,0.03198900,0.93700000
2018-02-23 17:25:00,0.03194300,0.14000000
2018-02-23 17:25:00,0.03190500,3.55100000
2018-02-23 17:25:00,0.03190500,3.09800000
2018-02-23 17:25:00,0.03190500,1.90000000
2018-02-23 17:25:00,0.03190500,2.36400000
2018-02-23 17:25:00,0.03190500,0.93700000
2018-02-23 17:25:00,0.03190500,0.88900000
2018-02-23 17:25:01,0.03190700,0.93700000
2018-02-23 17:25:01,0.03198900,0.06900000
2018-02-23 17:25:02,0.03191300,0.22600000
2018-02-23 17:25:03,0.03198600,0.05100000
2018-02-23 17:25:05,0.03198200,0.00400000
2018-02-23 17:25:05,0.03192200,2.90600000
2018-02-23 17:25:05,0.03192000,0.55100000
2018-02-23 17:25:05,0.03191800,0.93900000
2018-02-23 17:25:06,0.03190800,1.01700000
2018-02-23 17:25:06,0.03190800,0.17000000
2018-02-23 17:25:06,0.03190500,0.11100000
2018-02-23 17:25:06,0.03190100,0.28100000
2018-02-23 17:25:06,0.03190000,2.00000000
2018-02-23 17:25:07,0.03191600,0.20500000
2018-02-23 17:25:07,0.03187900,0.49600000
2018-02-23 17:25:11,0.03187900,9.56700000
2018-02-23 17:25:11,0.03185900,0.03500000
2018-02-23 17:25:11,0.03184100,0.15700000
2018-02-23 17:25:11,0.03181700,0.15700000
2018-02-23 17:25:11,0.03181000,5.45400000
2018-02-23 17:25:11,0.03180000,0.87800000
2018-02-23 17:25:14,0.03189700,4.06900000
2018-02-23 17:25:14,0.03189900,5.65300000
2018-02-23 17:25:14,0.03190200,0.03200000
2018-02-23 17:25:14,0.03190500,2.00700000
2018-02-23 17:25:14,0.03191200,0.37600000
2018-02-23 17:25:14,0.03191600,0.23900000
2018-02-23 17:25:14,0.03191700,0.62400000
2018-02-23 17:25:14,0.03189600,0.42900000
2018-02-23 17:25:16,0.03186600,0.28000000
2018-02-23 17:25:28,0.03189200,0.24200000
2018-02-23 17:25:32,0.03187000,0.31300000
2018-02-23 17:25:32,0.03186800,0.15200000
2018-02-23 17:25:32,0.03186600,0.56000000
2018-02-23 17:25:32,0.03180300,2.69700000
2018-02-23 17:25:35,0.03188400,0.93900000
2018-02-23 17:25:35,0.03188500,0.57300000
2018-02-23 17:25:35,0.03188500,0.95500000
2018-02-23 17:25:35,0.03189000,0.08200000
2018-02-23 17:25:35,0.03189100,2.13000000
2018-02-23 17:25:35,0.03189300,0.28500000
2018-02-23 17:25:35,0.03183100,2.12400000
2018-02-23 17:25:38,0.03189300,0.11000000
2018-02-23 17:25:38,0.03197100,0.03500000
2018-02-23 17:25:38,0.03197100,0.12100000
2018-02-23 17:25:38,0.03197100,0.19100000
2018-02-23 17:25:38,0.03197100,0.04300000
2018-02-23 17:25:41,0.03184400,6.36600000
2018-02-23 17:25:41,0.03183700,0.82900000
2018-02-23 17:25:54,0.03187900,0.04000000
2018-02-23 17:25:54,0.03197400,2.12400000
2018-02-23 17:25:54,0.03198800,0.19700000
2018-02-23 17:25:54,0.03199200,0.09700000
2018-02-23 17:25:54,0.03200000,2.06300000
2018-02-23 17:25:57,0.03185600,0.82900000
2018-02-23 17:26:00,0.03196300,0.27900000
2018-02-23 17:26:03,0.03188300,0.24900000
2018-02-23 17:26:05,0.03196300,6.41000000
2018-02-23 17:26:05,0.03202700,5.49700000
2018-02-23 17:26:05,0.03202700,0.49000000
2018-02-23 17:26:05,0.03202700,0.49000000
2018-02-23 17:26:05,0.03202700,0.13300000
2018-02-23 17:26:05,0.03188400,0.27900000
2018-02-23 17:26:05,0.03187800,0.05400000
2018-02-23 17:26:06,0.03188800,0.03500000
2018-02-23 17:26:08,0.03196100,0.06900000
2018-02-23 17:26:10,0.03195800,0.06900000
2018-02-23 17:26:10,0.03195800,0.94000000
2018-02-23 17:26:10,0.03195900,0.31400000
2018-02-23 17:26:10,0.03196000,0.06900000
2018-02-23 17:26:10,0.03196200,0.05400000
2018-02-23 17:26:10,0.03196300,0.12900000
2018-02-23 17:26:10,0.03202700,0.46900000
2018-02-23 17:26:10,0.03202900,0.80300000
2018-02-23 17:26:14,0.03202800,0.10400000
2018-02-23 17:26:14,0.03202900,0.13400000
2018-02-23 17:26:14,0.03203200,0.15700000
2018-02-23 17:26:14,0.03208100,7.65600000
2018-02-23 17:26:14,0.03208300,7.31300000
2018-02-23 17:26:14,0.03209000,1.40200000
2018-02-23 17:26:14,0.03209800,0.23800000
2018-02-23 17:26:14,0.03210000,9.93400000
2018-02-23 17:26:14,0.03210000,0.10400000
2018-02-23 17:26:14,0.03210200,0.18800000
2018-02-23 17:26:14,0.03210300,0.15700000
2018-02-23 17:26:14,0.03211700,0.24100000
2018-02-23 17:26:15,0.03202900,0.50000000
2018-02-23 17:26:16,0.03202900,0.22900000
2018-02-23 17:26:19,0.03202400,0.00100000
2018-02-23 17:26:19,0.03202400,0.33100000
2018-02-23 17:26:19,0.03202500,0.50000000
2018-02-23 17:26:19,0.03202600,2.86600000
2018-02-23 17:26:20,0.03202600,1.69100000
2018-02-23 17:26:20,0.03202600,2.00000000
2018-02-23 17:26:21,0.03200000,0.70000000
2018-02-23 17:26:21,0.03200000,0.11600000
2018-02-23 17:26:22,0.03200000,0.14600000
2018-02-23 17:26:25,0.03200300,0.50000000
2018-02-23 17:26:25,0.03200200,0.51200000
2018-02-23 17:26:28,0.03198700,2.67500000
2018-02-23 17:26:29,0.03198700,9.27000000
2018-02-23 17:26:29,0.03202500,0.51200000
2018-02-23 17:26:29,0.03202600,0.94600000
2018-02-23 17:26:29,0.03202900,2.63000000
2018-02-23 17:26:30,0.03198600,0.06900000
2018-02-23 17:26:31,0.03194700,0.14400000
2018-02-23 17:26:45,0.03199200,0.14400000
2018-02-23 17:26:45,0.03199400,0.50000000
2018-02-23 17:26:45,0.03200000,0.01800000
2018-02-23 17:26:48,0.03199800,0.54500000
2018-02-23 17:26:51,0.03200000,2.65900000
2018-02-23 17:26:51,0.03201100,0.87800000
2018-02-23 17:26:51,0.03202900,0.56200000
2018-02-23 17:26:52,0.03203400,3.11700000
2018-02-23 17:26:52,0.03203200,0.73600000
2018-02-23 17:26:52,0.03203200,1.65100000
2018-02-23 17:26:52,0.03202900,2.20000000
2018-02-23 17:26:52,0.03199800,1.77000000
2018-02-23 17:26:58,0.03209600,0.06900000
2018-02-23 17:27:00,0.03209200,0.06900000
2018-02-23 17:27:05,0.03202700,0.06900000
2018-02-23 17:27:05,0.03202600,0.15600000
2018-02-23 17:27:05,0.03207500,0.27000000
2018-02-23 17:27:06,0.03202100,0.93600000
2018-02-23 17:27:06,0.03202000,0.53900000
2018-02-23 17:27:07,0.03202500,0.15600000
2018-02-23 17:27:10,0.03202500,0.15600000
2018-02-23 17:27:10,0.03200600,0.50000000
2018-02-23 17:27:15,0.03205100,0.21200000
2018-02-23 17:27:17,0.03200600,0.07700000
2018-02-23 17:27:25,0.03203600,0.06900000
2018-02-23 17:27:25,0.03200600,1.69000000
2018-02-23 17:27:29,0.03202700,0.31200000
2018-02-23 17:27:31,0.03200600,0.29500000
2018-02-23 17:27:31,0.03196000,0.36800000
2018-02-23 17:27:31,0.03195000,0.03400000
2018-02-23 17:27:31,0.03191700,0.26100000
2018-02-23 17:27:31,0.03191700,0.26000000
2018-02-23 17:27:31,0.03191700,0.21800000
2018-02-23 17:27:31,0.03191600,0.15500000
2018-02-23 17:27:31,0.03191500,0.93800000
2018-02-23 17:27:31,0.03191500,0.77300000
2018-02-23 17:27:31,0.03191500,0.31900000
2018-02-23 17:27:31,0.03191700,0.51800000
2018-02-23 17:27:31,0.03191700,1.00400000
2018-02-23 17:27:31,0.03188100,0.26000000
2018-02-23 17:27:31,0.03191700,0.46600000
2018-02-23 17:27:31,0.03191700,0.46600000
2018-02-23 17:27:31,0.03191700,0.49000000
2018-02-23 17:27:31,0.03188100,0.93800000
2018-02-23 17:27:31,0.03188100,0.46500000
2018-02-23 17:27:32,0.03191700,9.93600000
2018-02-23 17:27:33,0.03191600,3.05000000
2018-02-23 17:27:33,0.03188500,0.26200000
2018-02-23 17:27:33,0.03200100,0.25000000
2018-02-23 17:27:33,0.03204700,0.17200000
2018-02-23 17:27:40,0.03191700,0.66200000
2018-02-23 17:27:46,0.03192600,0.33900000
2018-02-23 17:27:47,0.03192600,0.20700000
2018-02-23 17:27:47,0.03192700,1.00400000
2018-02-23 17:27:49,0.03195000,0.60600000
2018-02-23 17:27:57,0.03195100,0.92400000
2018-02-23 17:28:05,0.03199600,0.04200000
2018-02-23 17:28:05,0.03199600,0.36800000
2018-02-23 17:28:06,0.03199600,0.13200000
2018-02-23 17:28:06,0.03199600,2.93800000
2018-02-23 17:28:14,0.03199600,0.94000000
2018-02-23 17:28:16,0.03199700,0.06100000
2018-02-23 17:28:21,0.03199600,0.75300000
2018-02-23 17:28:24,0.03199600,2.24000000
2018-02-23 17:28:24,0.03199600,0.93700000
2018-02-23 17:28:24,0.03196600,0.93700000
2018-02-23 17:28:43,0.03199600,1.56100000
2018-02-23 17:28:44,0.03199600,0.13000000
2018-02-23 17:28:44,0.03198100,2.80600000
2018-02-23 17:28:44,0.03198000,1.75400000
2018-02-23 17:28:48,0.03199600,3.03100000
2018-02-23 17:28:49,0.03199600,4.82400000
2018-02-23 17:28:49,0.03198100,6.40800000
2018-02-23 17:28:49,0.03198000,16.98400000
2018-02-23 17:28:52,0.03198000,0.48600000
2018-02-23 17:28:56,0.03196600,1.69100000
2018-02-23 17:29:07,0.03198000,2.21100000
2018-02-23 17:29:13,0.03198000,0.52200000
2018-02-23 17:29:13,0.03198000,0.52300000
2018-02-23 17:29:13,0.03198000,0.52200000
2018-02-23 17:29:13,0.03196900,0.10000000
2018-02-23 17:29:14,0.03197000,0.13100000
2018-02-23 17:29:14,0.03196900,0.15100000
2018-02-23 17:29:14,0.03196800,0.31200000
2018-02-23 17:29:14,0.03196700,0.88200000
2018-02-23 17:29:14,0.03196600,3.70900000
2018-02-23 17:29:14,0.03196000,0.23900000
2018-02-23 17:29:27,0.03194500,0.24500000
2018-02-23 17:29:27,0.03194000,0.34500000
2018-02-23 17:29:27,0.03193900,0.31300000
2018-02-23 17:29:27,0.03192200,0.23000000
2018-02-23 17:29:27,0.03191800,0.03400000
2018-02-23 17:29:27,0.03186300,0.96700000
2018-02-23 17:29:28,0.03197800,1.81200000
2018-02-23 17:29:28,0.03197900,0.70300000
2018-02-23 17:29:28,0.03198000,11.18800000
2018-02-23 17:29:28,0.03199800,0.58600000
2018-02-23 17:29:31,0.03194100,0.31600000
2018-02-23 17:29:33,0.03196000,0.93800000
2018-02-23 17:29:33,0.03196000,0.18400000
2018-02-23 17:29:33,0.03196000,0.93800000
2018-02-23 17:29:34,0.03196000,0.93800000
2018-02-23 17:29:34,0.03196000,0.08500000
2018-02-23 17:29:34,0.03196000,1.96200000
2018-02-23 17:29:34,0.03196000,0.08500000
2018-02-23 17:29:34,0.03194500,0.93800000
2018-02-23 17:29:37,0.03196000,3.12600000
2018-02-23 17:29:38,0.03196000,0.06300000
2018-02-23 17:29:43,0.03193500,2.80200000
2018-02-23 17:29:43,0.03192900,1.99600000
2018-02-23 17:29:45,0.03192900,26.92900000
2018-02-23 17:29:50,0.03195900,2.80200000
2018-02-23 17:29:50,0.03196000,5.98500000
2018-02-23 17:29:51,0.03196000,6.25400000
2018-02-23 17:29:51,0.03192900,33.74600000
2018-02-23 17:30:01,0.03195000,0.34400000
2018-02-23 17:30:01,0.03193000,2.32400000
2018-02-23 17:30:03,0.03193800,3.13000000
2018-02-23 17:30:03,0.03193600,0.50000000
2018-02-23 17:30:03,0.03192900,0.93100000
2018-02-23 17:30:05,0.03192900,0.29800000
2018-02-23 17:30:07,0.03192900,0.50000000
2018-02-23 17:30:14,0.03192900,7.52100000
2018-02-23 17:30:18,0.03192900,0.48600000
2018-02-23 17:30:19,0.03192900,0.22500000
2018-02-23 17:30:25,0.03192900,0.20900000
2018-02-23 17:30:25,0.03192900,0.34400000
2018-02-23 17:30:26,0.03193000,3.13000000
2018-02-23 17:30:31,0.03194100,0.27900000
2018-02-23 17:30:32,0.03194400,0.22500000
2018-02-23 17:30:33,0.03199200,0.93800000
2018-02-23 17:30:33,0.03199500,0.13100000
2018-02-23 17:30:33,0.03199500,0.55800000
2018-02-23 17:30:33,0.03199500,0.55800000
2018-02-23 17:30:33,0.03199500,2.32400000
2018-02-23 17:30:33,0.03199500,0.26100000
2018-02-23 17:30:33,0.03199500,0.28300000
2018-02-23 17:30:34,0.03199500,0.09500000
2018-02-23 17:30:34,0.03199500,0.93700000
2018-02-23 17:30:36,0.03199600,0.50400000
2018-02-23 17:30:36,0.03199800,1.55200000
2018-02-23 17:30:36,0.03199900,5.78100000
2018-02-23 17:30:36,0.03200000,1.51500000
2018-02-23 17:30:42,0.03200000,1.64000000
2018-02-23 17:30:42,0.03202700,4.14600000
2018-02-23 17:30:42,0.03204600,0.06800000
2018-02-23 17:30:42,0.03204700,0.55000000
2018-02-23 17:30:42,0.03205000,0.36000000
2018-02-23 17:30:42,0.03208200,1.18700000
2018-02-23 17:30:42,0.03208800,2.04900000
2018-02-23 17:30:50,0.03208700,0.06800000
2018-02-23 17:30:50,0.03208700,0.06800000
2018-02-23 17:30:52,0.03208700,0.01900000
2018-02-23 17:30:52,0.03208800,9.98100000
2018-02-23 17:30:54,0.03202100,0.10700000
2018-02-23 17:31:02,0.03204000,0.34400000
2018-02-23 17:31:02,0.03203700,0.93600000
2018-02-23 17:31:02,0.03199600,2.80500000
2018-02-23 17:31:02,0.03199500,10.20000000
2018-02-23 17:31:07,0.03207100,1.28000000
2018-02-23 17:31:07,0.03207200,0.10700000
2018-02-23 17:31:07,0.03208700,3.16900000
2018-02-23 17:31:07,0.03208800,3.15300000
2018-02-23 17:31:08,0.03199600,0.03200000
2018-02-23 17:31:08,0.03199800,3.12400000
2018-02-23 17:31:08,0.03199600,0.31200000
2018-02-23 17:31:08,0.03199500,4.08400000
2018-02-23 17:31:09,0.03199500,0.07900000
2018-02-23 17:31:10,0.03208300,1.91100000
2018-02-23 17:31:10,0.03199600,0.08100000
2018-02-23 17:31:10,0.03199600,0.85600000
2018-02-23 17:31:10,0.03199500,4.64500000
2018-02-23 17:31:16,0.03199500,1.82200000
2018-02-23 17:31:34,0.03199600,0.39900000
2018-02-23 17:31:35,0.03199600,2.41100000
2018-02-23 17:31:35,0.03199600,1.35900000
2018-02-23 17:31:35,0.03199500,3.01200000
2018-02-23 17:31:35,0.03199500,9.73300000
2018-02-23 17:31:35,0.03199500,0.34000000
2018-02-23 17:31:36,0.03200500,0.52200000
2018-02-23 17:31:36,0.03200500,0.68900000
2018-02-23 17:31:39,0.03199400,0.26100000
2018-02-23 17:31:40,0.03199400,0.22900000
2018-02-23 17:31:40,0.03199400,0.39500000
2018-02-23 17:31:42,0.03199400,0.05000000
2018-02-23 17:31:43,0.03199400,0.00200000
2018-02-23 17:31:46,0.03199500,0.08000000
2018-02-23 17:31:57,0.03199500,0.30000000
2018-02-23 17:32:00,0.03199400,0.36500000
2018-02-23 17:32:01,0.03199400,1.99200000
2018-02-23 17:32:03,0.03199500,0.06500000
2018-02-23 17:32:03,0.03199500,0.06500000
2018-02-23 17:32:04,0.03194900,0.06500000
2018-02-23 17:32:07,0.03199500,0.21500000
2018-02-23 17:32:10,0.03201700,0.06700000
2018-02-23 17:32:10,0.03201900,1.33800000
2018-02-23 17:32:36,0.03200800,0.34400000
2018-02-23 17:32:37,0.03200700,1.46700000
2018-02-23 17:32:40,0.03199700,1.40000000
2018-02-23 17:32:48,0.03200700,3.05900000
2018-02-23 17:32:48,0.03199700,0.06000000
2018-02-23 17:32:48,0.03199600,10.02200000
2018-02-23 17:32:48,0.03199500,5.90700000
2018-02-23 17:32:48,0.03199500,10.74800000
2018-02-23 17:32:48,0.03196800,0.93800000
2018-02-23 17:32:48,0.03194000,0.03400000
2018-02-23 17:32:48,0.03191700,0.09700000
2018-02-23 17:32:48,0.03190000,0.36200000
2018-02-23 17:32:48,0.03188300,1.08100000
2018-02-23 17:32:48,0.03188000,0.52000000
2018-02-23 17:32:48,0.03185800,0.34600000
2018-02-23 17:32:48,0.03183900,7.68800000
2018-02-23 17:32:48,0.03183500,0.37700000
2018-02-23 17:32:48,0.03183300,0.15500000
2018-02-23 17:32:48,0.03183200,6.28300000
2018-02-23 17:32:48,0.03182900,0.15700000
2018-02-23 17:32:48,0.03182200,0.30700000
2018-02-23 17:32:48,0.03182100,0.15700000
2018-02-23 17:32:48,0.03182000,1.68600000
2018-02-23 17:32:48,0.03181900,2.05400000
2018-02-23 17:32:49,0.03182100,3.13900000
2018-02-23 17:32:49,0.03181900,1.08800000
2018-02-23 17:32:49,0.03180300,0.98700000
2018-02-23 17:32:49,0.03180200,0.02200000
2018-02-23 17:32:53,0.03182800,0.02200000
2018-02-23 17:32:55,0.03182800,0.02200000
2018-02-23 17:33:13,0.03196200,0.32600000
2018-02-23 17:33:14,0.03196200,0.30100000
2018-02-23 17:33:14,0.03196200,0.48000000
2018-02-23 17:33:15,0.03195900,0.05000000
2018-02-23 17:33:16,0.03195600,0.29800000
2018-02-23 17:33:16,0.03195600,0.17100000
2018-02-23 17:33:18,0.03195600,0.26100000
2018-02-23 17:33:19,0.03195600,0.03500000
2018-02-23 17:33:26,0.03191300,0.05300000
2018-02-23 17:33:27,0.03194400,0.52100000
2018-02-23 17:33:27,0.03194400,0.52200000
2018-02-23 17:33:27,0.03194400,0.17400000
2018-02-23 17:33:27,0.03191000,0.17300000
2018-02-23 17:33:29,0.03194600,0.31300000
2018-02-23 17:33:31,0.03191400,2.82800000
2018-02-23 17:33:37,0.03191400,0.50600000
2018-02-23 17:33:37,0.03190900,0.03900000
2018-02-23 17:33:39,0.03191400,2.73100000
2018-02-23 17:33:39,0.03190900,0.36400000
2018-02-23 17:33:39,0.03190800,0.03400000
2018-02-23 17:33:39,0.03191400,0.14000000
2018-02-23 17:33:39,0.03183200,0.66700000
2018-02-23 17:33:39,0.03182900,1.55500000
2018-02-23 17:33:39,0.03182800,0.06900000
2018-02-23 17:33:39,0.03180300,1.39000000
2018-02-23 17:33:39,0.03180100,0.06400000
2018-02-23 17:33:39,0.03191300,0.13900000
2018-02-23 17:33:40,0.03191000,1.36900000
2018-02-23 17:33:40,0.03191000,0.02100000
2018-02-23 17:33:40,0.03191200,0.91700000
2018-02-23 17:33:41,0.03191200,0.91000000
2018-02-23 17:33:41,0.03190900,0.40300000
2018-02-23 17:33:41,0.03190900,0.72500000
2018-02-23 17:33:41,0.03183400,0.72500000
2018-02-23 17:33:42,0.03190900,0.48500000
2018-02-23 17:33:42,0.03190900,0.31400000
2018-02-23 17:33:45,0.03183700,2.41600000
2018-02-23 17:33:45,0.03183500,0.94200000
2018-02-23 17:33:45,0.03183200,0.11800000
2018-02-23 17:33:48,0.03183400,0.84200000
2018-02-23 17:33:49,0.03183400,0.84200000
2018-02-23 17:33:49,0.03183400,0.84200000
2018-02-23 17:33:49,0.03180200,0.84200000
2018-02-23 17:33:49,0.03183200,0.94000000
2018-02-23 17:33:49,0.03183200,2.20100000
2018-02-23 17:33:51,0.03180100,3.42300000
2018-02-23 17:33:55,0.03183200,0.26200000
2018-02-23 17:33:56,0.03183200,0.26000000
2018-02-23 17:33:56,0.03183200,0.03500000
2018-02-23 17:33:59,0.03180100,0.19800000
2018-02-23 17:33:59,0.03180000,0.46100000
2018-02-23 17:34:05,0.03183000,0.28300000
2018-02-23 17:34:05,0.03180100,0.39000000
2018-02-23 17:34:05,0.03180000,9.08500000
2018-02-23 17:34:06,0.03180000,1.61300000
2018-02-23 17:34:06,0.03180000,0.94200000
2018-02-23 17:34:06,0.03180000,4.35100000
2018-02-23 17:34:06,0.03179400,0.47000000
2018-02-23 17:34:06,0.03179200,4.08900000
2018-02-23 17:34:06,0.03180000,1.45000000
2018-02-23 17:34:06,0.03180000,0.94200000
2018-02-23 17:34:06,0.03176700,0.94200000
2018-02-23 17:34:06,0.03176700,1.95900000
2018-02-23 17:34:07,0.03180000,14.00000000
2018-02-23 17:34:07,0.03183000,0.00200000
2018-02-23 17:34:07,0.03183000,2.25200000
2018-02-23 17:34:07,0.03176700,0.52200000
2018-02-23 17:34:08,0.03179900,0.03400000
2018-02-23 17:34:14,0.03178700,0.16400000
2018-02-23 17:34:21,0.03176800,0.75800000
2018-02-23 17:34:28,0.03177100,1.10300000
2018-02-23 17:34:30,0.03179800,0.17300000
2018-02-23 17:34:30,0.03179900,0.20000000
2018-02-23 17:34:36,0.03179900,0.24000000
2018-02-23 17:34:36,0.03181900,3.60800000
2018-02-23 17:34:36,0.03183100,7.70900000
2018-02-23 17:34:39,0.03183100,0.10200000
2018-02-23 17:34:39,0.03183200,0.20000000
2018-02-23 17:34:39,0.03185900,4.08900000
2018-02-23 17:34:39,0.03185900,2.70600000
2018-02-23 17:34:39,0.03185900,3.69200000
2018-02-23 17:34:39,0.03185900,0.12800000
2018-02-23 17:34:39,0.03185900,3.43500000
2018-02-23 17:34:41,0.03180400,0.21600000
2018-02-23 17:34:53,0.03188800,0.11700000
2018-02-23 17:34:53,0.03188900,1.07000000
2018-02-23 17:34:53,0.03189000,0.81300000
2018-02-23 17:35:07,0.03181000,0.34600000
2018-02-23 17:35:16,0.03180400,10.00000000
2018-02-23 17:35:17,0.03180400,0.05400000
2018-02-23 17:35:34,0.03179600,0.03400000
2018-02-23 17:35:34,0.03179600,1.71100000
2018-02-23 17:35:34,0.03180200,0.42700000
2018-02-23 17:35:34,0.03180400,1.28300000
2018-02-23 17:35:48,0.03178200,0.14000000
2018-02-23 17:35:51,0.03178200,0.12100000
2018-02-23 17:35:53,0.03178000,0.09500000
2018-02-23 17:35:55,0.03178100,0.26200000
2018-02-23 17:35:56,0.03178000,0.05300000
2018-02-23 17:36:01,0.03178100,0.08400000
2018-02-23 17:36:01,0.03178300,0.64100000
2018-02-23 17:36:01,0.03179900,2.21900000
2018-02-23 17:36:01,0.03179900,0.59300000
2018-02-23 17:36:01,0.03180000,2.60900000
2018-02-23 17:36:01,0.03180000,2.26600000
2018-02-23 17:36:01,0.03180400,2.76300000
2018-02-23 17:36:01,0.03180400,5.20800000
2018-02-23 17:36:01,0.03180400,1.07000000
2018-02-23 17:36:06,0.03179600,0.16800000
2018-02-23 17:36:11,0.03178500,0.06200000
2018-02-23 17:36:27,0.03179600,1.49100000
2018-02-23 17:36:29,0.03179100,1.23500000
2018-02-23 17:36:29,0.03178500,16.78200000
2018-02-23 17:36:29,0.03178000,1.68600000
2018-02-23 17:36:31,0.03176800,10.70700000
2018-02-23 17:36:32,0.03175000,0.53700000
2018-02-23 17:36:38,0.03177300,0.16800000
2018-02-23 17:36:38,0.03177500,1.33200000
2018-02-23 17:36:38,0.03173500,0.34800000
2018-02-23 17:36:38,0.03173400,0.03500000
2018-02-23 17:36:38,0.03172200,0.34800000
2018-02-23 17:36:38,0.03171800,0.08200000
2018-02-23 17:36:38,0.03171700,0.01700000
2018-02-23 17:36:39,0.03171900,3.15100000
2018-02-23 17:36:39,0.03171700,11.19600000
2018-02-23 17:36:40,0.03171700,0.30100000
2018-02-23 17:36:41,0.03176600,1.50100000
2018-02-23 17:36:43,0.03173500,0.26200000
2018-02-23 17:36:44,0.03176000,1.65000000
2018-02-23 17:36:44,0.03176200,0.34800000
2018-02-23 17:36:44,0.03176500,0.09200000
2018-02-23 17:36:45,0.03173500,7.07400000
2018-02-23 17:36:50,0.03172000,0.34800000
2018-02-23 17:36:50,0.03171700,2.19400000
2018-02-23 17:36:50,0.03171700,1.36700000
2018-02-23 17:36:50,0.03171700,2.20000000
2018-02-23 17:36:50,0.03171700,1.19000000
2018-02-23 17:36:51,0.03171800,0.09200000
2018-02-23 17:36:53,0.03173900,2.00000000
2018-02-23 17:37:02,0.03171900,1.65200000
2018-02-23 17:37:02,0.03171700,6.68100000
2018-02-23 17:37:04,0.03171900,0.66000000
2018-02-23 17:37:04,0.03171700,4.29500000
2018-02-23 17:37:04,0.03171700,1.04700000
2018-02-23 17:37:06,0.03171600,0.06400000
2018-02-23 17:37:07,0.03171600,0.39200000
2018-02-23 17:37:08,0.03170600,0.19600000
2018-02-23 17:37:08,0.03170000,7.86800000
2018-02-23 17:37:10,0.03170000,9.03700000
2018-02-23 17:37:10,0.03169100,0.12600000
2018-02-23 17:37:11,0.03169100,0.45600000
2018-02-23 17:37:14,0.03168900,0.88400000
2018-02-23 17:37:15,0.03168800,0.94700000
2018-02-23 17:37:15,0.03168000,0.22100000
2018-02-23 17:37:15,0.03167800,0.31600000
2018-02-23 17:37:15,0.03167200,0.50100000
2018-02-23 17:37:17,0.03167200,0.25700000
2018-02-23 17:37:18,0.03167200,0.60900000
2018-02-23 17:37:18,0.03167100,0.09700000
2018-02-23 17:37:19,0.03167100,0.12400000
2018-02-23 17:37:21,0.03165600,0.16300000
2018-02-23 17:37:25,0.03165700,0.34800000
2018-02-23 17:37:25,0.03165700,0.12400000
2018-02-23 17:37:25,0.03165600,0.22600000
2018-02-23 17:37:25,0.03165200,0.18800000
2018-02-23 17:37:25,0.03165000,0.27500000
2018-02-23 17:37:26,0.03165000,0.67500000
2018-02-23 17:37:26,0.03165700,0.06400000
2018-02-23 17:37:29,0.03163400,0.47100000
2018-02-23 17:37:29,0.03162500,0.15800000
2018-02-23 17:37:29,0.03162500,0.52700000
2018-02-23 17:37:29,0.03162500,0.52700000
2018-02-23 17:37:29,0.03162500,2.64500000
2018-02-23 17:37:30,0.03162100,0.09500000
2018-02-23 17:37:30,0.03161000,0.20800000
2018-02-23 17:37:30,0.03160000,2.00800000
2018-02-23 17:37:30,0.03160000,0.08600000
2018-02-23 17:37:31,0.03162500,1.36200000
2018-02-23 17:37:31,0.03162500,0.31500000
2018-02-23 17:37:32,0.03160000,1.21200000
2018-02-23 17:37:32,0.03159700,2.23900000
2018-02-23 17:37:32,0.03162400,0.97000000
2018-02-23 17:37:33,0.03162400,0.06300000
2018-02-23 17:37:34,0.03162400,1.50000000
2018-02-23 17:37:35,0.03162500,0.20600000
2018-02-23 17:37:39,0.03162500,0.09500000
2018-02-23 17:37:39,0.03162400,0.23200000
2018-02-23 17:37:39,0.03162200,0.03400000
2018-02-23 17:37:39,0.03160200,2.53300000
2018-02-23 17:37:39,0.03160000,5.54500000
2018-02-23 17:37:39,0.03162500,1.50000000
2018-02-23 17:37:41,0.03162200,0.35100000
2018-02-23 17:37:42,0.03162200,0.88500000
2018-02-23 17:37:43,0.03162100,0.04000000
2018-02-23 17:37:44,0.03160000,1.40300000
2018-02-23 17:37:44,0.03160000,0.11700000
2018-02-23 17:37:46,0.03162100,0.30800000
2018-02-23 17:37:46,0.03162200,1.19200000
2018-02-23 17:37:50,0.03162200,1.57300000
2018-02-23 17:37:52,0.03159700,1.36100000
2018-02-23 17:37:55,0.03159700,0.51400000
2018-02-23 17:37:55,0.03159700,0.10300000
2018-02-23 17:37:55,0.03159700,0.94700000
2018-02-23 17:37:55,0.03159700,0.40100000
2018-02-23 17:37:57,0.03159800,0.40100000
2018-02-23 17:37:57,0.03159700,0.94800000
2018-02-23 17:37:57,0.03159700,0.94800000
2018-02-23 17:37:58,0.03159700,0.94800000
2018-02-23 17:37:58,0.03159700,2.02000000
2018-02-23 17:37:58,0.03159700,1.50000000
2018-02-23 17:37:59,0.03159700,0.05000000
2018-02-23 17:37:59,0.03159700,1.29000000
2018-02-23 17:37:59,0.03159700,42.12400000
2018-02-23 17:37:59,0.03162200,1.17000000
2018-02-23 17:37:59,0.03162400,2.81200000
2018-02-23 17:37:59,0.03162500,2.77300000
2018-02-23 17:38:03,0.03162500,0.59000000
2018-02-23 17:38:03,0.03159200,2.81200000
2018-02-23 17:38:03,0.03159100,1.35800000
2018-02-23 17:38:04,0.03159100,0.04200000
2018-02-23 17:38:06,0.03158800,0.50300000
2018-02-23 17:38:06,0.03157300,0.20200000
2018-02-23 17:38:06,0.03159100,1.50000000
2018-02-23 17:38:07,0.03159100,10.33400000
2018-02-23 17:38:07,0.03162200,3.72400000
2018-02-23 17:38:07,0.03162500,22.61100000
2018-02-23 17:38:10,0.03159100,0.06300000
2018-02-23 17:38:11,0.03159100,0.03200000
2018-02-23 17:38:19,0.03159100,0.24700000
2018-02-23 17:38:19,0.03159100,0.06700000
2018-02-23 17:38:19,0.03157300,0.04300000
2018-02-23 17:38:19,0.03156000,3.22900000
2018-02-23 17:38:21,0.03156300,1.00700000
2018-02-23 17:38:21,0.03156200,4.00800000
2018-02-23 17:38:39,0.03158600,3.70000000
2018-02-23 17:38:39,0.03156500,2.26100000
2018-02-23 17:38:40,0.03156500,3.20400000
2018-02-23 17:38:40,0.03156500,1.17900000
2018-02-23 17:38:41,0.03156300,0.07700000
2018-02-23 17:38:41,0.03156000,4.24200000
2018-02-23 17:38:42,0.03156300,0.23100000
2018-02-23 17:38:42,0.03158600,0.07400000
2018-02-23 17:38:42,0.03158900,0.74800000
2018-02-23 17:38:43,0.03158900,2.55300000
2018-02-23 17:38:43,0.03159100,0.32100000
2018-02-23 17:38:43,0.03161900,2.81200000
2018-02-23 17:38:43,0.03162000,0.98700000
2018-02-23 17:38:43,0.03162500,2.92700000
2018-02-23 17:38:44,0.03156600,3.16700000
2018-02-23 17:38:44,0.03156400,2.81200000
2018-02-23 17:38:44,0.03156100,0.10000000
2018-02-23 17:38:46,0.03156100,0.21400000
2018-02-23 17:38:46,0.03156100,0.07900000
2018-02-23 17:38:47,0.03156100,0.30100000
2018-02-23 17:38:50,0.03156100,1.77600000
2018-02-23 17:38:50,0.03156100,0.69700000
2018-02-23 17:38:50,0.03156300,4.69800000
2018-02-23 17:38:52,0.03156800,0.34800000
2018-02-23 17:38:53,0.03162500,0.15800000
2018-02-23 17:38:55,0.03162500,0.09500000
2018-02-23 17:38:55,0.03162500,0.03200000
2018-02-23 17:38:56,0.03162500,0.31600000
2018-02-23 17:39:01,0.03158000,1.93500000
2018-02-23 17:39:03,0.03158100,0.12900000
2018-02-23 17:39:05,0.03162300,0.10800000
2018-02-23 17:39:05,0.03162000,2.17500000
2018-02-23 17:39:05,0.03162200,0.12900000
2018-02-23 17:39:05,0.03162500,2.85900000
2018-02-23 17:39:05,0.03166300,2.40200000
2018-02-23 17:39:13,0.03159400,0.03200000
2018-02-23 17:39:22,0.03161200,3.13100000
2018-02-23 17:39:22,0.03161000,0.34800000
2018-02-23 17:39:22,0.03160000,1.51900000
2018-02-23 17:39:22,0.03159400,6.77500000
2018-02-23 17:39:37,0.03164100,0.31600000
2018-02-23 17:39:47,0.03159500,0.94800000
2018-02-23 17:39:47,0.03159500,1.26500000
2018-02-23 17:39:47,0.03159500,1.58100000
2018-02-23 17:39:47,0.03159400,1.26700000
2018-02-23 17:39:47,0.03159400,0.69000000
2018-02-23 17:39:47,0.03164100,2.84700000
2018-02-23 17:39:47,0.03164300,0.34800000
2018-02-23 17:39:47,0.03166200,1.00600000
2018-02-23 17:39:47,0.03166300,1.71200000
2018-02-23 17:39:47,0.03173200,2.81200000
2018-02-23 17:39:47,0.03173300,2.26000000
2018-02-23 17:39:47,0.03174000,69.90100000
2018-02-23 17:39:48,0.03174000,0.41000000
2018-02-23 17:39:48,0.03174000,3.27600000
2018-02-23 17:39:48,0.03174000,0.50200000
2018-02-23 17:39:48,0.03178100,0.53900000
2018-02-23 17:39:48,0.03180000,1.11100000
2018-02-23 17:39:48,0.03180900,0.31700000
2018-02-23 17:39:48,0.03184200,0.09500000
2018-02-23 17:39:48,0.03174100,0.34700000
2018-02-23 17:39:48,0.03174000,0.49000000
2018-02-23 17:39:49,0.03174300,0.31600000
2018-02-23 17:39:49,0.03174600,0.42900000
2018-02-23 17:39:50,0.03186900,0.84700000
2018-02-23 17:39:50,0.03187000,0.15500000
2018-02-23 17:39:50,0.03187200,0.59800000
2018-02-23 17:39:50,0.03187800,0.31600000
2018-02-23 17:39:57,0.03177800,0.25900000
2018-02-23 17:39:59,0.03187800,0.31400000
2018-02-23 17:40:05,0.03180500,1.50000000
2018-02-23 17:40:06,0.03180600,2.08700000
2018-02-23 17:40:06,0.03187800,0.08600000
2018-02-23 17:40:08,0.03188900,2.08700000
2018-02-23 17:40:08,0.03189000,9.25300000
2018-02-23 17:40:08,0.03189000,6.00900000
2018-02-23 17:40:08,0.03189300,0.22100000
2018-02-23 17:40:08,0.03189400,0.75800000
2018-02-23 17:40:08,0.03189800,0.83500000
2018-02-23 17:40:08,0.03189800,0.94100000
2018-02-23 17:40:08,0.03190000,3.99800000
2018-02-23 17:40:08,0.03190200,0.22100000
2018-02-23 17:40:08,0.03190300,0.94200000
2018-02-23 17:40:08,0.03190800,0.20400000
2018-02-23 17:40:08,0.03191000,1.10500000
2018-02-23 17:40:08,0.03191100,0.78900000
2018-02-23 17:40:08,0.03191300,0.12600000
2018-02-23 17:40:14,0.03193300,0.00100000
2018-02-23 17:40:15,0.03183200,1.50000000
2018-02-23 17:40:23,0.03193300,0.09400000
2018-02-23 17:40:23,0.03195000,0.70600000
2018-02-23 17:40:23,0.03196900,0.56400000
2018-02-23 17:40:23,0.03199200,7.50000000
2018-02-23 17:40:23,0.03199300,0.84800000
2018-02-23 17:40:23,0.03199900,0.50000000
2018-02-23 17:40:23,0.03200000,3.57700000
2018-02-23 17:40:23,0.03200000,0.32600000
2018-02-23 17:40:23,0.03200000,0.07900000
2018-02-23 17:40:23,0.03200000,0.32600000
2018-02-23 17:40:23,0.03200000,0.07900000
2018-02-23 17:40:24,0.03200000,0.03600000
2018-02-23 17:40:24,0.03201700,4.66300000
2018-02-23 17:40:24,0.03201900,1.09500000
2018-02-23 17:40:24,0.03202000,0.78100000
2018-02-23 17:40:24,0.03205000,0.36200000
2018-02-23 17:40:24,0.03200000,3.73000000
2018-02-23 17:40:25,0.03202500,0.40300000
2018-02-23 17:40:26,0.03202400,0.50400000
2018-02-23 17:40:26,0.03200100,0.99600000
2018-02-23 17:40:27,0.03202500,0.31600000
2018-02-23 17:40:27,0.03202500,0.43500000
2018-02-23 17:40:27,0.03202500,0.18500000
2018-02-23 17:40:27,0.03200000,1.54100000
2018-02-23 17:40:30,0.03203700,0.10000000
2018-02-23 17:40:31,0.03203500,4.00400000
2018-02-23 17:40:32,0.03203400,0.99600000
2018-02-23 17:40:32,0.03200500,0.21200000
2018-02-23 17:40:32,0.03200500,0.06300000
2018-02-23 17:40:33,0.03200800,0.30100000
2018-02-23 17:40:34,0.03203200,0.15600000
2018-02-23 17:40:37,0.03200600,2.78700000
2018-02-23 17:40:37,0.03200200,3.93400000
2018-02-23 17:40:37,0.03196900,0.03400000
2018-02-23 17:40:40,0.03191900,0.07900000
2018-02-23 17:40:40,0.03191900,0.15800000
2018-02-23 17:40:40,0.03191900,0.06300000
2018-02-23 17:40:41,0.03191900,0.20000000
2018-02-23 17:40:41,0.03191800,1.52100000
2018-02-23 17:40:41,0.03191600,0.46900000
2018-02-23 17:40:41,0.03191400,2.22200000
2018-02-23 17:40:41,0.03191200,0.39200000
2018-02-23 17:40:43,0.03184700,0.09500000
2018-02-23 17:40:45,0.03184700,0.07300000
2018-02-23 17:40:48,0.03187100,0.14000000
2018-02-23 17:40:48,0.03184700,0.18800000
2018-02-23 17:40:48,0.03184700,1.34000000
2018-02-23 17:40:49,0.03184700,0.50000000
2018-02-23 17:40:49,0.03184600,0.09400000
2018-02-23 17:40:50,0.03196700,0.31200000
2018-02-23 17:40:52,0.03181900,1.39400000
2018-02-23 17:40:52,0.03181800,0.92300000
2018-02-23 17:40:52,0.03181800,0.03300000
2018-02-23 17:40:55,0.03181800,1.18000000
2018-02-23 17:40:58,0.03193200,0.03400000
2018-02-23 17:41:05,0.03189300,0.46900000
2018-02-23 17:41:05,0.03189600,1.00000000
2018-02-23 17:41:05,0.03189700,0.23000000
2018-02-23 17:41:05,0.03189900,0.93600000
2018-02-23 17:41:05,0.03190000,0.90100000
2018-02-23 17:41:05,0.03190200,1.56000000
2018-02-23 17:41:05,0.03190600,0.71200000
2018-02-23 17:41:06,0.03190600,0.06900000
2018-02-23 17:41:28,0.03187900,0.03400000
2018-02-23 17:41:29,0.03183900,0.50000000
2018-02-23 17:41:30,0.03183900,2.81200000
2018-02-23 17:41:31,0.03183800,0.73900000
2018-02-23 17:41:37,0.03183500,0.31400000
2018-02-23 17:41:38,0.03181800,0.64100000
2018-02-23 17:41:42,0.03183300,0.36400000
2018-02-23 17:41:45,0.03182000,1.60100000
2018-02-23 17:41:51,0.03182000,1.22000000
2018-02-23 17:41:51,0.03181800,1.97500000
2018-02-23 17:41:59,0.03182500,0.03400000
2018-02-23 17:42:03,0.03181800,2.07800000
2018-02-23 17:42:04,0.03181800,0.05000000
2018-02-23 17:42:04,0.03181700,0.09600000
2018-02-23 17:42:07,0.03181700,0.98100000
2018-02-23 17:42:15,0.03181800,0.00100000
2018-02-23 17:42:15,0.03183100,0.20100000
2018-02-23 17:42:15,0.03183300,10.00000000
2018-02-23 17:42:16,0.03183600,0.11600000
2018-02-23 17:42:16,0.03188400,0.09600000
2018-02-23 17:42:16,0.03189000,0.49000000
2018-02-23 17:42:17,0.03183800,0.29000000
2018-02-23 17:42:32,0.03184100,0.27500000
2018-02-23 17:42:32,0.03184100,1.74400000
2018-02-23 17:42:33,0.03184100,0.32600000
2018-02-23 17:42:49,0.03183300,39.00000000
2018-02-23 17:42:50,0.03183300,0.79800000
2018-02-23 17:42:51,0.03182000,0.98200000
2018-02-23 17:42:52,0.03182500,2.63500000
2018-02-23 17:42:52,0.03182700,0.50000000
2018-02-23 17:42:52,0.03183000,0.73900000
2018-02-23 17:42:52,0.03183100,0.07100000
2018-02-23 17:42:52,0.03183300,46.45600000
2018-02-23 17:42:52,0.03188100,0.32400000
2018-02-23 17:42:52,0.03188400,0.98100000
2018-02-23 17:42:52,0.03189000,0.39200000
2018-02-23 17:42:52,0.03190200,0.19800000
2018-02-23 17:42:52,0.03191800,0.04000000
