DATE,PRICE,VOLUME
2018-02-25 19:59:59,0.04273500,2.33600000
2018-02-25 19:59:59,0.04273300,1.25600000
2018-02-25 19:59:59,0.04273200,0.46800000
2018-02-25 19:59:59,0.04272900,0.07000000
2018-02-25 20:00:00,0.04287300,0.07000000
2018-02-25 20:00:08,0.04284000,0.11700000
2018-02-25 20:00:10,0.04283600,1.25600000
2018-02-25 20:00:10,0.04283700,0.46500000
2018-02-25 20:00:16,0.04282500,0.18400000
2018-02-25 20:00:19,0.04270800,0.00900000
2018-02-25 20:00:20,0.04270800,0.02700000
2018-02-25 20:00:26,0.04270800,0.05200000
2018-02-25 20:00:27,0.04270800,1.10300000
2018-02-25 20:00:34,0.04276800,0.44400000
2018-02-25 20:00:36,0.04270800,0.28200000
2018-02-25 20:00:37,0.04276100,0.43300000
2018-02-25 20:00:40,0.04270900,0.07600000
2018-02-25 20:00:50,0.04270900,0.19100000
2018-02-25 20:00:55,0.04271000,0.10500000
2018-02-25 20:01:00,0.04274700,1.00000000
2018-02-25 20:01:01,0.04271000,0.08400000
2018-02-25 20:01:02,0.04271100,0.02600000
2018-02-25 20:01:02,0.04271000,0.21800000
2018-02-25 20:01:05,0.04271100,4.68200000
2018-02-25 20:01:05,0.04271000,0.01600000
2018-02-25 20:01:05,0.04270900,0.05600000
2018-02-25 20:01:07,0.04270900,0.11500000
2018-02-25 20:01:09,0.04270900,1.89200000
2018-02-25 20:01:09,0.04270800,2.28400000
2018-02-25 20:01:09,0.04267000,0.09800000
2018-02-25 20:01:10,0.04271000,1.30200000
2018-02-25 20:01:12,0.04267200,0.04700000
2018-02-25 20:01:15,0.04267000,0.20200000
2018-02-25 20:01:16,0.04270800,0.04700000
2018-02-25 20:01:16,0.04271000,1.17600000
2018-02-25 20:01:17,0.04266400,0.11900000
2018-02-25 20:01:17,0.04271000,1.93300000
2018-02-25 20:01:19,0.04266400,0.08700000
2018-02-25 20:01:20,0.04271000,0.15000000
2018-02-25 20:01:22,0.04267000,0.02700000
2018-02-25 20:01:22,0.04266300,0.00200000
2018-02-25 20:01:24,0.04270000,0.48200000
2018-02-25 20:01:24,0.04270000,0.11700000
2018-02-25 20:01:25,0.04266300,0.05900000
2018-02-25 20:01:26,0.04266300,0.13200000
2018-02-25 20:01:28,0.04270000,0.12000000
2018-02-25 20:01:30,0.04266300,0.04000000
2018-02-25 20:01:30,0.04266300,1.43500000
2018-02-25 20:01:30,0.04266300,0.06100000
2018-02-25 20:01:31,0.04270000,0.03000000
2018-02-25 20:01:31,0.04266300,6.96200000
2018-02-25 20:01:31,0.04266300,0.68200000
2018-02-25 20:01:35,0.04270000,0.00800000
2018-02-25 20:01:41,0.04269900,0.00200000
2018-02-25 20:01:43,0.04269900,0.01800000
2018-02-25 20:01:45,0.04269900,0.04200000
2018-02-25 20:01:46,0.04266300,0.23800000
2018-02-25 20:01:48,0.04266300,0.71000000
2018-02-25 20:01:49,0.04269700,0.11700000
2018-02-25 20:01:49,0.04269900,1.49000000
2018-02-25 20:01:49,0.04266300,7.73500000
2018-02-25 20:01:50,0.04263600,2.34300000
2018-02-25 20:01:50,0.04263400,0.67600000
2018-02-25 20:01:50,0.04263200,1.16400000
2018-02-25 20:01:51,0.04261000,0.02600000
2018-02-25 20:01:52,0.04259600,0.08000000
2018-02-25 20:01:52,0.04259200,0.11700000
2018-02-25 20:01:52,0.04258800,2.87300000
2018-02-25 20:01:53,0.04257000,0.33800000
2018-02-25 20:01:53,0.04256000,7.14200000
2018-02-25 20:01:54,0.04256000,8.53900000
2018-02-25 20:01:54,0.04256000,11.50000000
2018-02-25 20:01:54,0.04256000,13.07800000
2018-02-25 20:01:54,0.04256000,12.64800000
2018-02-25 20:01:54,0.04256000,7.85800000
2018-02-25 20:01:56,0.04251800,0.28200000
2018-02-25 20:01:56,0.04240900,6.86100000
2018-02-25 20:01:56,0.04259800,0.02600000
2018-02-25 20:01:57,0.04259700,0.05800000
2018-02-25 20:01:57,0.04259500,0.04900000
2018-02-25 20:01:57,0.04241000,0.35600000
2018-02-25 20:01:57,0.04259400,0.03100000
2018-02-25 20:01:58,0.04241100,0.03100000
2018-02-25 20:01:58,0.04241000,0.34200000
2018-02-25 20:01:58,0.04240900,3.25700000
2018-02-25 20:01:58,0.04240600,4.71600000
2018-02-25 20:01:58,0.04235000,0.02600000
2018-02-25 20:01:58,0.04232900,0.36300000
2018-02-25 20:01:58,0.04230200,3.98400000
2018-02-25 20:01:58,0.04230100,3.55200000
2018-02-25 20:01:58,0.04229400,4.01900000
2018-02-25 20:01:58,0.04229200,0.03600000
2018-02-25 20:01:58,0.04228600,0.90100000
2018-02-25 20:01:58,0.04227900,0.07100000
2018-02-25 20:01:58,0.04227700,0.16600000
2018-02-25 20:01:58,0.04227500,0.04700000
2018-02-25 20:01:58,0.04227400,0.23700000
2018-02-25 20:01:58,0.04227300,0.23700000
2018-02-25 20:01:58,0.04227000,14.29200000
2018-02-25 20:01:59,0.04242700,0.05300000
2018-02-25 20:02:01,0.04242700,0.06200000
2018-02-25 20:02:02,0.04244200,0.18800000
2018-02-25 20:02:02,0.04242700,0.11400000
2018-02-25 20:02:02,0.04239100,0.92000000
2018-02-25 20:02:02,0.04249900,0.24600000
2018-02-25 20:02:03,0.04240900,3.18900000
2018-02-25 20:02:04,0.04238500,0.50000000
2018-02-25 20:02:06,0.04238500,0.06000000
2018-02-25 20:02:06,0.04238500,1.03100000
2018-02-25 20:02:08,0.04238300,3.56200000
2018-02-25 20:02:08,0.04238300,0.45700000
2018-02-25 20:02:08,0.04236200,0.45700000
2018-02-25 20:02:08,0.04238100,0.10400000
2018-02-25 20:02:09,0.04238100,2.16400000
2018-02-25 20:02:09,0.04227100,0.16200000
2018-02-25 20:02:09,0.04225800,0.41800000
2018-02-25 20:02:09,0.04225000,0.35300000
2018-02-25 20:02:09,0.04224400,0.05200000
2018-02-25 20:02:09,0.04224300,0.09700000
2018-02-25 20:02:09,0.04223400,0.10200000
2018-02-25 20:02:09,0.04220700,0.23700000
2018-02-25 20:02:09,0.04220600,0.94800000
2018-02-25 20:02:09,0.04220000,25.27700000
2018-02-25 20:02:09,0.04220000,0.23800000
2018-02-25 20:02:10,0.04238500,0.12700000
2018-02-25 20:02:11,0.04230000,0.38000000
2018-02-25 20:02:11,0.04230000,0.38000000
2018-02-25 20:02:11,0.04230000,0.21100000
2018-02-25 20:02:11,0.04223100,2.36700000
2018-02-25 20:02:11,0.04222900,0.11000000
2018-02-25 20:02:11,0.04220600,1.11000000
2018-02-25 20:02:11,0.04220000,10.82500000
2018-02-25 20:02:11,0.04245100,0.03800000
2018-02-25 20:02:12,0.04220000,0.12000000
2018-02-25 20:02:12,0.04220200,0.02900000
2018-02-25 20:02:12,0.04220000,2.36700000
2018-02-25 20:02:14,0.04221500,0.23900000
2018-02-25 20:02:15,0.04220200,0.24000000
2018-02-25 20:02:15,0.04237000,0.02600000
2018-02-25 20:02:15,0.04220200,1.99800000
2018-02-25 20:02:16,0.04237000,0.05900000
2018-02-25 20:02:16,0.04220200,0.12900000
2018-02-25 20:02:16,0.04220000,2.36700000
2018-02-25 20:02:16,0.04220200,0.15700000
2018-02-25 20:02:17,0.04236500,0.05900000
2018-02-25 20:02:18,0.04220200,1.22600000
2018-02-25 20:02:19,0.04220200,0.02800000
2018-02-25 20:02:19,0.04235900,0.35400000
2018-02-25 20:02:21,0.04220200,5.14500000
2018-02-25 20:02:21,0.04220200,0.02900000
2018-02-25 20:02:21,0.04220200,0.23400000
2018-02-25 20:02:23,0.04220200,0.04900000
2018-02-25 20:02:23,0.04220200,0.01500000
2018-02-25 20:02:23,0.04220000,2.36800000
2018-02-25 20:02:24,0.04233700,0.11800000
2018-02-25 20:02:27,0.04222200,2.36700000
2018-02-25 20:02:27,0.04222000,0.42800000
2018-02-25 20:02:27,0.04220000,4.51100000
2018-02-25 20:02:27,0.04220000,0.28800000
2018-02-25 20:02:29,0.04219500,0.11700000
2018-02-25 20:02:29,0.04219500,0.80300000
2018-02-25 20:02:30,0.04219400,0.63800000
2018-02-25 20:02:31,0.04219500,0.07100000
2018-02-25 20:02:31,0.04219500,1.37600000
2018-02-25 20:02:31,0.04219700,0.11700000
2018-02-25 20:02:32,0.04219600,0.38500000
2018-02-25 20:02:34,0.04232400,0.05900000
2018-02-25 20:02:35,0.04219600,1.98000000
2018-02-25 20:02:35,0.04219400,0.26200000
2018-02-25 20:02:35,0.04219300,0.73800000
2018-02-25 20:02:36,0.04219300,0.07100000
2018-02-25 20:02:36,0.04219300,0.47300000
2018-02-25 20:02:36,0.04219300,0.05400000
2018-02-25 20:02:37,0.04219300,0.13700000
2018-02-25 20:02:37,0.04219300,0.11800000
2018-02-25 20:02:40,0.04219200,0.23700000
2018-02-25 20:02:41,0.04219300,0.51200000
2018-02-25 20:02:42,0.04219500,0.10600000
2018-02-25 20:02:43,0.04221000,0.81000000
2018-02-25 20:02:43,0.04219500,0.11800000
2018-02-25 20:02:46,0.04229800,0.07000000
2018-02-25 20:02:46,0.04229800,0.19600000
2018-02-25 20:02:46,0.04229900,0.16800000
2018-02-25 20:02:46,0.04230000,0.21500000
2018-02-25 20:02:46,0.04238400,0.60400000
2018-02-25 20:02:46,0.04238500,2.86100000
2018-02-25 20:02:46,0.04238500,0.60100000
2018-02-25 20:02:46,0.04220500,1.95300000
2018-02-25 20:02:46,0.04239500,0.02600000
2018-02-25 20:02:47,0.04220800,0.29700000
2018-02-25 20:02:47,0.04220600,0.26600000
2018-02-25 20:02:47,0.04219300,2.52100000
2018-02-25 20:02:47,0.04219100,2.36800000
2018-02-25 20:02:47,0.04219300,1.47100000
2018-02-25 20:02:50,0.04239400,0.18900000
2018-02-25 20:02:50,0.04239400,0.07100000
2018-02-25 20:02:51,0.04239400,0.00600000
2018-02-25 20:02:51,0.04239500,0.04500000
2018-02-25 20:02:52,0.04220000,0.41700000
2018-02-25 20:02:53,0.04239500,0.71900000
2018-02-25 20:02:54,0.04245100,0.22000000
2018-02-25 20:02:54,0.04228400,0.02700000
2018-02-25 20:02:54,0.04219900,0.15900000
2018-02-25 20:02:54,0.04228400,0.60100000
2018-02-25 20:02:54,0.04228900,0.11800000
2018-02-25 20:02:55,0.04237500,0.07100000
2018-02-25 20:02:56,0.04237500,0.05900000
2018-02-25 20:02:57,0.04237100,0.06700000
2018-02-25 20:02:57,0.04237300,0.16900000
2018-02-25 20:02:57,0.04237300,0.05900000
2018-02-25 20:02:59,0.04237300,0.05900000
2018-02-25 20:03:00,0.04235500,0.37800000
2018-02-25 20:03:00,0.04235800,0.23700000
2018-02-25 20:03:00,0.04237300,0.37200000
2018-02-25 20:03:00,0.04237400,0.01300000
2018-02-25 20:03:00,0.04221400,0.08900000
2018-02-25 20:03:06,0.04237500,0.05200000
2018-02-25 20:03:08,0.04237500,3.54000000
2018-02-25 20:03:09,0.04225000,2.06500000
2018-02-25 20:03:12,0.04237500,0.09200000
2018-02-25 20:03:12,0.04225900,0.21300000
2018-02-25 20:03:12,0.04225800,0.17700000
2018-02-25 20:03:14,0.04226100,0.50000000
2018-02-25 20:03:14,0.04226000,0.29600000
2018-02-25 20:03:15,0.04221700,0.70900000
2018-02-25 20:03:15,0.04221700,0.48900000
2018-02-25 20:03:16,0.04220100,0.17700000
2018-02-25 20:03:16,0.04222700,0.04700000
2018-02-25 20:03:17,0.04222700,0.02600000
2018-02-25 20:03:25,0.04220100,1.25800000
2018-02-25 20:03:25,0.04220100,0.68000000
2018-02-25 20:03:28,0.04219300,1.87400000
2018-02-25 20:03:28,0.04218800,0.98000000
2018-02-25 20:03:28,0.04218200,0.03100000
2018-02-25 20:03:28,0.04218000,0.47500000
2018-02-25 20:03:28,0.04217600,0.82400000
2018-02-25 20:03:33,0.04217600,0.14000000
2018-02-25 20:03:34,0.04217600,0.06400000
2018-02-25 20:03:40,0.04216000,0.02600000
2018-02-25 20:03:40,0.04214600,0.32600000
2018-02-25 20:03:40,0.04214600,0.37200000
2018-02-25 20:03:40,0.04214400,0.16600000
2018-02-25 20:03:40,0.04213600,0.46300000
2018-02-25 20:03:40,0.04213500,0.09900000
2018-02-25 20:03:40,0.04213400,0.23700000
2018-02-25 20:03:41,0.04217300,0.02800000
2018-02-25 20:03:41,0.04206000,0.59400000
2018-02-25 20:03:41,0.04200100,0.71400000
2018-02-25 20:03:41,0.04200000,0.59200000
2018-02-25 20:03:41,0.04200000,0.06200000
2018-02-25 20:03:41,0.04200000,0.20000000
2018-02-25 20:03:41,0.04206100,0.27900000
2018-02-25 20:03:41,0.04200000,2.46300000
2018-02-25 20:03:41,0.04200000,1.00600000
2018-02-25 20:03:41,0.04199800,0.03200000
2018-02-25 20:03:41,0.04199800,0.20100000
2018-02-25 20:03:41,0.04199800,0.16800000
2018-02-25 20:03:41,0.04199800,0.20100000
2018-02-25 20:03:42,0.04199800,0.06900000
2018-02-25 20:03:42,0.04199800,1.59500000
2018-02-25 20:03:42,0.04200000,1.25200000
2018-02-25 20:03:43,0.04199800,0.11400000
2018-02-25 20:03:43,0.04199000,0.37600000
2018-02-25 20:03:45,0.04200000,3.85700000
2018-02-25 20:03:45,0.04217100,0.20000000
2018-02-25 20:03:46,0.04217100,0.05900000
2018-02-25 20:03:47,0.04216200,0.02600000
2018-02-25 20:03:48,0.04216100,0.05900000
2018-02-25 20:03:49,0.04202800,0.25500000
2018-02-25 20:03:49,0.04215900,0.05000000
2018-02-25 20:03:49,0.04215900,0.30000000
2018-02-25 20:03:49,0.04216100,0.17400000
2018-02-25 20:03:49,0.04216100,0.02800000
2018-02-25 20:03:52,0.04203200,0.24500000
2018-02-25 20:03:53,0.04216000,0.10500000
2018-02-25 20:03:53,0.04216100,0.21200000
2018-02-25 20:03:53,0.04217100,3.71400000
2018-02-25 20:03:53,0.04215900,0.07100000
2018-02-25 20:03:53,0.04215900,0.11900000
2018-02-25 20:03:53,0.04203500,1.39500000
2018-02-25 20:03:54,0.04203500,0.02800000
2018-02-25 20:03:56,0.04215800,0.10800000
2018-02-25 20:03:57,0.04203800,0.14700000
2018-02-25 20:03:58,0.04204100,0.71000000
2018-02-25 20:03:58,0.04203900,0.47500000
2018-02-25 20:03:58,0.04202700,0.10000000
2018-02-25 20:03:58,0.04198700,3.68000000
2018-02-25 20:03:58,0.04198500,0.14200000
2018-02-25 20:03:58,0.04198000,0.07100000
2018-02-25 20:03:58,0.04197100,0.44100000
2018-02-25 20:03:58,0.04195800,0.04900000
2018-02-25 20:03:58,0.04195400,0.03600000
2018-02-25 20:03:58,0.04194800,0.11900000
2018-02-25 20:03:58,0.04193500,0.32900000
2018-02-25 20:03:58,0.04193300,0.06000000
2018-02-25 20:03:58,0.04191400,4.05600000
2018-02-25 20:03:58,0.04190200,0.98800000
2018-02-25 20:04:00,0.04194000,0.50400000
2018-02-25 20:04:00,0.04193900,0.11000000
2018-02-25 20:04:01,0.04203000,0.11900000
2018-02-25 20:04:01,0.04203000,2.40600000
2018-02-25 20:04:01,0.04203200,0.50000000
2018-02-25 20:04:01,0.04203500,3.76200000
2018-02-25 20:04:03,0.04198900,0.60000000
2018-02-25 20:04:03,0.04200000,0.24400000
2018-02-25 20:04:05,0.04199300,1.12100000
2018-02-25 20:04:06,0.04213600,0.06600000
2018-02-25 20:04:06,0.04213600,0.05500000
2018-02-25 20:04:07,0.04199100,0.07000000
2018-02-25 20:04:08,0.04199000,0.11900000
2018-02-25 20:04:08,0.04198700,0.40800000
2018-02-25 20:04:08,0.04194000,1.00000000
2018-02-25 20:04:08,0.04190300,0.28100000
2018-02-25 20:04:09,0.04199700,0.47900000
2018-02-25 20:04:09,0.04199900,0.47500000
2018-02-25 20:04:09,0.04200200,4.05600000
2018-02-25 20:04:11,0.04191100,2.38300000
2018-02-25 20:04:11,0.04190900,0.08200000
2018-02-25 20:04:12,0.04209800,0.04000000
2018-02-25 20:04:13,0.04209200,0.07100000
2018-02-25 20:04:14,0.04209200,2.27200000
2018-02-25 20:04:14,0.04209400,0.57000000
2018-02-25 20:04:14,0.04210000,1.00000000
2018-02-25 20:04:16,0.04215300,0.05900000
2018-02-25 20:04:17,0.04215200,0.05900000
2018-02-25 20:04:18,0.04215100,0.02600000
2018-02-25 20:04:19,0.04195500,2.38300000
2018-02-25 20:04:19,0.04195300,3.04400000
2018-02-25 20:04:21,0.04214100,0.08200000
2018-02-25 20:04:22,0.04214100,0.20200000
2018-02-25 20:04:22,0.04214000,0.08200000
2018-02-25 20:04:22,0.04214300,0.03000000
2018-02-25 20:04:22,0.04196400,0.10600000
2018-02-25 20:04:23,0.04214700,1.22800000
2018-02-25 20:04:23,0.04214700,0.07000000
2018-02-25 20:04:24,0.04214600,0.18500000
2018-02-25 20:04:24,0.04200300,1.00000000
2018-02-25 20:04:24,0.04200200,0.47600000
2018-02-25 20:04:24,0.04200000,1.38500000
2018-02-25 20:04:24,0.04196000,0.73500000
2018-02-25 20:04:27,0.04202000,0.21400000
2018-02-25 20:04:27,0.04209300,0.03200000
2018-02-25 20:04:30,0.04207400,0.06400000
2018-02-25 20:04:33,0.04206200,0.23700000
2018-02-25 20:04:37,0.04204700,0.06900000
2018-02-25 20:04:37,0.04204600,0.47600000
2018-02-25 20:04:37,0.04204700,0.39900000
2018-02-25 20:04:37,0.04204900,0.01500000
2018-02-25 20:04:38,0.04204000,0.94900000
2018-02-25 20:04:38,0.04204500,0.48500000
2018-02-25 20:04:38,0.04204600,2.41900000
2018-02-25 20:04:38,0.04204600,0.61900000
2018-02-25 20:04:38,0.04204800,0.21100000
2018-02-25 20:04:38,0.04205200,0.11900000
2018-02-25 20:04:39,0.04208800,6.64100000
2018-02-25 20:04:39,0.04210000,2.83000000
2018-02-25 20:04:40,0.04209900,0.45700000
2018-02-25 20:04:41,0.04215400,0.11000000
2018-02-25 20:04:45,0.04217500,0.36800000
2018-02-25 20:04:46,0.04207100,0.25500000
2018-02-25 20:04:46,0.04207400,2.38100000
2018-02-25 20:04:46,0.04207200,1.59900000
2018-02-25 20:04:46,0.04206800,0.47500000
2018-02-25 20:04:46,0.04206200,1.21600000
2018-02-25 20:04:46,0.04198000,1.00000000
2018-02-25 20:04:46,0.04197300,6.74300000
2018-02-25 20:04:46,0.04196700,0.84000000
2018-02-25 20:04:46,0.04195400,2.38300000
2018-02-25 20:04:46,0.04195200,0.11700000
2018-02-25 20:04:46,0.04190300,8.07100000
2018-02-25 20:04:46,0.04190200,2.24000000
2018-02-25 20:04:46,0.04190100,1.42400000
2018-02-25 20:04:46,0.04190000,28.65400000
2018-02-25 20:04:47,0.04215400,0.16600000
2018-02-25 20:04:47,0.04215300,0.06900000
2018-02-25 20:04:48,0.04207200,0.99000000
2018-02-25 20:04:48,0.04207200,1.00000000
2018-02-25 20:04:51,0.04215100,0.02800000
2018-02-25 20:04:54,0.04214800,0.54800000
2018-02-25 20:05:02,0.04214200,0.21600000
2018-02-25 20:05:04,0.04214200,0.05900000
2018-02-25 20:05:05,0.04214200,1.61900000
2018-02-25 20:05:05,0.04214400,1.59900000
2018-02-25 20:05:05,0.04215000,1.91700000
2018-02-25 20:05:06,0.04207400,0.68000000
2018-02-25 20:05:10,0.04215600,0.05200000
2018-02-25 20:05:13,0.04214200,0.07100000
2018-02-25 20:05:15,0.04207400,2.69600000
2018-02-25 20:05:15,0.04203700,0.02600000
2018-02-25 20:05:15,0.04203600,0.11900000
2018-02-25 20:05:15,0.04195000,0.83500000
2018-02-25 20:05:19,0.04212500,0.07100000
2018-02-25 20:05:20,0.04212500,0.05900000
2018-02-25 20:05:25,0.04210400,2.24600000
2018-02-25 20:05:25,0.04210600,0.27900000
2018-02-25 20:05:26,0.04210500,0.06600000
2018-02-25 20:05:28,0.04210300,0.14300000
2018-02-25 20:05:29,0.04198100,0.77800000
2018-02-25 20:05:29,0.04198000,2.38000000
2018-02-25 20:05:29,0.04197800,0.28100000
2018-02-25 20:05:29,0.04197200,0.08300000
2018-02-25 20:05:29,0.04196500,0.23700000
2018-02-25 20:05:29,0.04196000,2.00000000
2018-02-25 20:05:29,0.04195000,2.39500000
2018-02-25 20:05:29,0.04191000,2.79300000
2018-02-25 20:05:29,0.04191000,7.95300000
2018-02-25 20:05:29,0.04191000,7.95300000
2018-02-25 20:05:29,0.04191000,7.95300000
2018-02-25 20:05:29,0.04191000,0.43000000
2018-02-25 20:05:29,0.04191000,15.88000000
2018-02-25 20:05:29,0.04191000,1.96900000
2018-02-25 20:05:33,0.04206600,0.19000000
2018-02-25 20:05:36,0.04192000,1.22600000
2018-02-25 20:05:37,0.04192000,0.77400000
2018-02-25 20:05:37,0.04191100,0.32500000
2018-02-25 20:05:38,0.04204800,0.11900000
2018-02-25 20:05:38,0.04204700,1.00000000
2018-02-25 20:05:38,0.04193000,0.05500000
2018-02-25 20:05:45,0.04202300,1.89100000
2018-02-25 20:05:50,0.04200800,0.07100000
2018-02-25 20:05:53,0.04193100,0.50000000
2018-02-25 20:05:53,0.04193000,0.21900000
2018-02-25 20:06:01,0.04198600,0.10900000
2018-02-25 20:06:01,0.04199100,0.06900000
2018-02-25 20:06:04,0.04198500,0.06000000
2018-02-25 20:06:12,0.04198500,0.13100000
2018-02-25 20:06:25,0.04198100,0.09000000
2018-02-25 20:06:25,0.04198200,0.05000000
2018-02-25 20:06:25,0.04198500,0.26900000
2018-02-25 20:06:25,0.04198500,0.05000000
2018-02-25 20:06:25,0.04198500,0.22100000
2018-02-25 20:06:28,0.04199900,0.32500000
2018-02-25 20:06:28,0.04200000,0.57500000
2018-02-25 20:06:29,0.04200000,3.50500000
2018-02-25 20:06:30,0.04200000,1.81200000
2018-02-25 20:06:31,0.04200000,0.21800000
2018-02-25 20:06:31,0.04204700,1.04700000
2018-02-25 20:06:33,0.04204700,0.07000000
2018-02-25 20:06:33,0.04204700,0.03500000
2018-02-25 20:06:33,0.04204700,0.05200000
2018-02-25 20:06:33,0.04204700,0.05900000
2018-02-25 20:06:35,0.04204700,0.05100000
2018-02-25 20:06:36,0.04204700,0.03500000
2018-02-25 20:06:37,0.04204700,0.17300000
2018-02-25 20:06:37,0.04204700,0.19000000
2018-02-25 20:06:38,0.04204700,0.43200000
2018-02-25 20:06:46,0.04200000,0.50000000
2018-02-25 20:06:46,0.04194100,0.11900000
2018-02-25 20:06:46,0.04193000,1.00400000
2018-02-25 20:06:48,0.04204500,0.50000000
2018-02-25 20:06:48,0.04204600,0.27900000
2018-02-25 20:06:48,0.04204700,2.26300000
2018-02-25 20:06:51,0.04204000,0.27800000
2018-02-25 20:06:56,0.04200000,0.19900000
2018-02-25 20:07:02,0.04203900,0.11900000
2018-02-25 20:07:02,0.04204000,0.18100000
2018-02-25 20:07:03,0.04203900,0.07100000
2018-02-25 20:07:09,0.04204000,0.49100000
2018-02-25 20:07:12,0.04200000,4.82600000
2018-02-25 20:07:12,0.04204000,1.05000000
2018-02-25 20:07:12,0.04204500,0.23700000
2018-02-25 20:07:12,0.04204700,3.54600000
2018-02-25 20:07:14,0.04215200,0.05900000
2018-02-25 20:07:15,0.04199900,1.00000000
2018-02-25 20:07:15,0.04199800,2.37900000
2018-02-25 20:07:15,0.04199600,0.47600000
2018-02-25 20:07:15,0.04199000,0.47600000
2018-02-25 20:07:15,0.04197900,0.10700000
2018-02-25 20:07:15,0.04215200,0.06200000
2018-02-25 20:07:15,0.04215000,0.05200000
2018-02-25 20:07:16,0.04211800,0.56500000
2018-02-25 20:07:16,0.04211800,0.55200000
2018-02-25 20:07:17,0.04211400,0.02800000
2018-02-25 20:07:18,0.04211000,0.50000000
2018-02-25 20:07:21,0.04203100,0.07100000
2018-02-25 20:07:21,0.04201600,0.07100000
2018-02-25 20:07:21,0.04198000,0.03600000
2018-02-25 20:07:21,0.04204300,0.50000000
2018-02-25 20:07:21,0.04204400,0.02600000
2018-02-25 20:07:33,0.04203800,0.04100000
2018-02-25 20:07:40,0.04198300,0.49400000
2018-02-25 20:07:40,0.04198000,0.40900000
2018-02-25 20:07:40,0.04193200,0.11900000
2018-02-25 20:07:40,0.04193000,0.15100000
2018-02-25 20:07:41,0.04203500,0.04800000
2018-02-25 20:07:45,0.04202300,0.56700000
2018-02-25 20:07:45,0.04202500,0.50000000
2018-02-25 20:07:45,0.04203100,0.15400000
2018-02-25 20:07:48,0.04210400,0.11900000
2018-02-25 20:07:48,0.04210500,0.11800000
2018-02-25 20:07:49,0.04210000,0.03700000
2018-02-25 20:07:49,0.04210000,0.10500000
2018-02-25 20:08:03,0.04209900,0.23400000
2018-02-25 20:08:03,0.04209900,0.44600000
2018-02-25 20:08:03,0.04210000,0.27100000
2018-02-25 20:08:20,0.04210000,0.09000000
2018-02-25 20:08:24,0.04210000,4.15300000
2018-02-25 20:08:29,0.04203900,0.50000000
2018-02-25 20:08:29,0.04201100,0.47600000
2018-02-25 20:08:29,0.04199400,0.11900000
2018-02-25 20:08:29,0.04195900,0.42800000
2018-02-25 20:08:29,0.04193100,0.28900000
2018-02-25 20:08:30,0.04209900,0.05900000
2018-02-25 20:08:31,0.04202700,0.70300000
2018-02-25 20:08:32,0.04202500,0.13000000
2018-02-25 20:08:32,0.04202000,0.06400000
2018-02-25 20:08:45,0.04207200,0.23700000
2018-02-25 20:08:54,0.04203100,0.12200000
2018-02-25 20:08:58,0.04203100,4.89000000
2018-02-25 20:08:58,0.04203100,2.00000000
2018-02-25 20:09:00,0.04203100,1.00000000
2018-02-25 20:09:00,0.04203100,0.48300000
2018-02-25 20:09:03,0.04201600,0.98600000
2018-02-25 20:09:19,0.04200000,0.42700000
2018-02-25 20:09:19,0.04200700,0.11900000
2018-02-25 20:09:19,0.04200800,0.46600000
2018-02-25 20:09:29,0.04200800,2.38300000
2018-02-25 20:09:32,0.04200900,0.05000000
2018-02-25 20:09:32,0.04200800,0.45000000
2018-02-25 20:09:33,0.04201600,0.02700000
2018-02-25 20:09:37,0.04201600,0.05200000
2018-02-25 20:09:41,0.04201600,1.32100000
2018-02-25 20:09:41,0.04201900,0.47600000
2018-02-25 20:09:41,0.04202200,0.23800000
2018-02-25 20:09:41,0.04202200,1.00000000
2018-02-25 20:09:41,0.04202200,2.42100000
2018-02-25 20:09:41,0.04202200,1.11300000
2018-02-25 20:09:44,0.04202200,1.19300000
2018-02-25 20:09:44,0.04202200,0.00100000
2018-02-25 20:09:45,0.04202400,2.38000000
2018-02-25 20:09:45,0.04202200,2.44700000
2018-02-25 20:09:46,0.04209700,1.39100000
2018-02-25 20:09:49,0.04209700,0.98900000
2018-02-25 20:09:49,0.04209900,0.14200000
2018-02-25 20:09:49,0.04210000,0.78900000
2018-02-25 20:09:49,0.04210000,0.00900000
2018-02-25 20:09:51,0.04210000,0.03000000
2018-02-25 20:09:52,0.04202500,0.65400000
2018-02-25 20:09:55,0.04210000,0.07200000
2018-02-25 20:09:56,0.04210000,3.64900000
2018-02-25 20:09:59,0.04215200,0.44100000
2018-02-25 20:09:59,0.04215300,0.17300000
2018-02-25 20:10:01,0.04215300,0.20400000
2018-02-25 20:10:02,0.04215300,0.10700000
2018-02-25 20:10:06,0.04215000,0.10700000
2018-02-25 20:10:08,0.04215000,0.06200000
2018-02-25 20:10:10,0.04215000,0.00100000
2018-02-25 20:10:15,0.04215000,6.28800000
2018-02-25 20:10:16,0.04215000,0.70500000
2018-02-25 20:10:16,0.04215200,1.22300000
2018-02-25 20:10:20,0.04215200,0.17600000
2018-02-25 20:10:22,0.04215200,0.75200000
2018-02-25 20:10:29,0.04215200,0.05200000
2018-02-25 20:10:31,0.04215200,0.09500000
2018-02-25 20:10:32,0.04215200,0.17200000
2018-02-25 20:10:40,0.04215200,1.16800000
2018-02-25 20:10:41,0.04215200,0.05800000
2018-02-25 20:10:51,0.04211200,0.50000000
2018-02-25 20:10:51,0.04211100,0.61300000
2018-02-25 20:10:51,0.04209000,2.12600000
2018-02-25 20:10:51,0.04215200,1.07800000
2018-02-25 20:10:51,0.04215500,0.07100000
2018-02-25 20:10:55,0.04215600,0.25400000
2018-02-25 20:11:00,0.04215500,1.72500000
2018-02-25 20:11:00,0.04215200,0.27500000
2018-02-25 20:11:03,0.04215600,0.37600000
2018-02-25 20:11:05,0.04215600,0.30000000
2018-02-25 20:11:10,0.04215600,1.52500000
2018-02-25 20:11:25,0.04217500,0.24600000
2018-02-25 20:11:33,0.04217600,0.07600000
2018-02-25 20:11:35,0.04217600,0.23600000
2018-02-25 20:11:36,0.04217500,1.58700000
2018-02-25 20:11:36,0.04215600,1.30000000
2018-02-25 20:11:46,0.04217000,0.25700000
2018-02-25 20:11:47,0.04215600,0.11900000
2018-02-25 20:11:48,0.04215600,0.58200000
2018-02-25 20:11:50,0.04217000,0.42000000
2018-02-25 20:11:50,0.04217600,0.25100000
2018-02-25 20:11:50,0.04220000,0.05000000
2018-02-25 20:11:50,0.04222900,0.02700000
2018-02-25 20:11:50,0.04223400,0.04900000
2018-02-25 20:11:50,0.04223600,0.15800000
2018-02-25 20:11:50,0.04224800,1.68600000
2018-02-25 20:11:50,0.04228100,0.59000000
2018-02-25 20:11:50,0.04232600,0.11900000
2018-02-25 20:11:50,0.04242900,0.23700000
2018-02-25 20:11:50,0.04243900,0.16600000
2018-02-25 20:11:50,0.04245200,10.00000000
2018-02-25 20:11:50,0.04245400,0.09700000
2018-02-25 20:11:50,0.04246900,0.18200000
2018-02-25 20:11:50,0.04247100,0.07100000
2018-02-25 20:11:50,0.04247400,2.38300000
2018-02-25 20:11:50,0.04247700,0.03100000
2018-02-25 20:11:50,0.04248400,0.07100000
2018-02-25 20:11:50,0.04248500,0.46300000
2018-02-25 20:11:50,0.04248800,0.73800000
2018-02-25 20:11:50,0.04248900,0.89900000
2018-02-25 20:11:50,0.04249600,0.04700000
2018-02-25 20:11:50,0.04250000,0.53700000
2018-02-25 20:11:50,0.04250100,1.78700000
2018-02-25 20:11:50,0.04250200,0.23700000
2018-02-25 20:11:50,0.04253000,0.23700000
2018-02-25 20:11:50,0.04253500,0.05800000
2018-02-25 20:11:50,0.04253900,0.02600000
2018-02-25 20:11:50,0.04255600,0.72500000
2018-02-25 20:11:50,0.04255700,0.26000000
2018-02-25 20:11:50,0.04256000,0.19400000
2018-02-25 20:11:50,0.04256500,0.59300000
2018-02-25 20:11:50,0.04256900,0.23600000
2018-02-25 20:11:50,0.04257000,0.23700000
2018-02-25 20:11:50,0.04257300,0.16600000
2018-02-25 20:11:50,0.04258600,0.23700000
2018-02-25 20:11:50,0.04259900,0.06200000
2018-02-25 20:11:50,0.04260000,4.43000000
2018-02-25 20:11:50,0.04261200,0.11800000
2018-02-25 20:11:50,0.04261900,1.14000000
2018-02-25 20:11:50,0.04264900,0.11600000
2018-02-25 20:11:50,0.04265000,4.14900000
2018-02-25 20:11:50,0.04266000,0.07100000
2018-02-25 20:11:50,0.04266500,1.19300000
2018-02-25 20:11:50,0.04266900,0.18200000
2018-02-25 20:11:50,0.04268800,2.87000000
2018-02-25 20:11:50,0.04269000,1.71800000
2018-02-25 20:11:50,0.04269500,0.10900000
2018-02-25 20:11:50,0.04269600,0.71400000
2018-02-25 20:11:50,0.04270000,10.00100000
2018-02-25 20:11:50,0.04273100,0.17000000
2018-02-25 20:11:50,0.04275000,0.35500000
2018-02-25 20:11:50,0.04276100,0.05200000
2018-02-25 20:11:50,0.04277400,0.05300000
2018-02-25 20:11:50,0.04280000,1.70300000
2018-02-25 20:11:50,0.04284600,0.52000000
2018-02-25 20:11:50,0.04287200,0.48300000
2018-02-25 20:11:50,0.04289700,1.52600000
2018-02-25 20:11:51,0.04215900,1.00000000
2018-02-25 20:11:54,0.04222400,2.36700000
2018-02-25 20:11:54,0.04222300,0.00200000
2018-02-25 20:11:55,0.04222200,0.12100000
2018-02-25 20:11:56,0.04226900,0.07000000
2018-02-25 20:11:56,0.04222600,0.35200000
2018-02-25 20:11:57,0.04226700,0.07000000
2018-02-25 20:11:59,0.04222600,0.07000000
2018-02-25 20:11:59,0.04222500,1.31900000
2018-02-25 20:11:59,0.04222500,2.13400000
2018-02-25 20:11:59,0.04221300,0.07000000
2018-02-25 20:11:59,0.04222400,0.00200000
2018-02-25 20:11:59,0.04226400,3.29700000
2018-02-25 20:11:59,0.04226600,3.45200000
2018-02-25 20:12:01,0.04221900,0.18300000
2018-02-25 20:12:02,0.04221900,0.14400000
2018-02-25 20:12:04,0.04222800,0.18300000
2018-02-25 20:12:04,0.04223100,0.51900000
2018-02-25 20:12:05,0.04223100,0.10400000
2018-02-25 20:12:07,0.04224000,1.38200000
2018-02-25 20:12:08,0.04223900,0.26900000
2018-02-25 20:12:08,0.04239300,2.51500000
2018-02-25 20:12:08,0.04239500,0.47300000
2018-02-25 20:12:08,0.04240100,0.23600000
2018-02-25 20:12:08,0.04240200,0.25400000
2018-02-25 20:12:09,0.04240200,0.26100000
2018-02-25 20:12:09,0.04223900,0.07600000
2018-02-25 20:12:09,0.04223900,0.04300000
2018-02-25 20:12:09,0.04221300,0.00100000
2018-02-25 20:12:09,0.04215700,0.07500000
2018-02-25 20:12:09,0.04215700,0.26100000
2018-02-25 20:12:15,0.04223600,0.36500000
2018-02-25 20:12:15,0.04223800,0.03600000
2018-02-25 20:12:15,0.04224100,0.08800000
2018-02-25 20:12:15,0.04224100,2.24400000
2018-02-25 20:12:15,0.04223900,0.49800000
2018-02-25 20:12:15,0.04223600,0.10800000
2018-02-25 20:12:15,0.04223000,0.62500000
2018-02-25 20:12:16,0.04217000,0.52100000
2018-02-25 20:12:21,0.04219800,0.08900000
2018-02-25 20:12:22,0.04217100,0.50000000
2018-02-25 20:12:29,0.04218600,1.19500000
2018-02-25 20:12:32,0.04217100,0.60100000
2018-02-25 20:12:32,0.04218000,1.08400000
2018-02-25 20:12:32,0.04218200,0.52100000
2018-02-25 20:12:32,0.04218500,0.11900000
2018-02-25 20:12:33,0.04220000,0.61700000
2018-02-25 20:12:37,0.04220000,0.42500000
2018-02-25 20:12:37,0.04220000,0.24600000
2018-02-25 20:12:41,0.04219900,0.15000000
2018-02-25 20:12:41,0.04220000,1.30500000
2018-02-25 20:12:42,0.04220000,2.17300000
2018-02-25 20:12:42,0.04220000,2.55500000
2018-02-25 20:12:42,0.04220000,1.67000000
2018-02-25 20:12:46,0.04220000,2.36700000
2018-02-25 20:12:46,0.04219800,2.36700000
2018-02-25 20:12:47,0.04219900,2.36700000
2018-02-25 20:12:47,0.04220000,1.37600000
2018-02-25 20:12:48,0.04236400,0.08300000
2018-02-25 20:12:50,0.04236300,0.09200000
2018-02-25 20:12:50,0.04219700,0.27700000
2018-02-25 20:13:12,0.04223700,0.10300000
2018-02-25 20:13:13,0.04234300,0.03000000
2018-02-25 20:13:18,0.04232800,0.17000000
2018-02-25 20:13:29,0.04232700,0.26900000
2018-02-25 20:13:29,0.04232800,0.02400000
2018-02-25 20:13:35,0.04232800,0.48200000
2018-02-25 20:13:38,0.04232800,0.36500000
2018-02-25 20:13:46,0.04232800,0.48900000
2018-02-25 20:13:46,0.04232800,0.58500000
2018-02-25 20:13:52,0.04224000,0.02600000
2018-02-25 20:14:34,0.04230000,1.72500000
2018-02-25 20:14:41,0.04231800,0.23600000
2018-02-25 20:14:45,0.04230000,0.05500000
2018-02-25 20:14:48,0.04231500,0.14400000
2018-02-25 20:14:48,0.04231700,0.14100000
2018-02-25 20:14:48,0.04232000,0.54500000
2018-02-25 20:14:48,0.04232300,0.22500000
2018-02-25 20:14:52,0.04230100,0.02400000
2018-02-25 20:14:57,0.04230200,0.24500000
2018-02-25 20:15:02,0.04232300,0.50100000
2018-02-25 20:15:02,0.04232500,1.49900000
2018-02-25 20:15:07,0.04232500,0.02600000
2018-02-25 20:15:08,0.04232500,1.26500000
2018-02-25 20:15:15,0.04232600,0.24300000
2018-02-25 20:15:20,0.04232900,0.34900000
2018-02-25 20:15:20,0.04234700,0.02100000
2018-02-25 20:15:21,0.04234700,0.44400000
2018-02-25 20:15:21,0.04240200,0.15600000
2018-02-25 20:15:23,0.04233100,0.70600000
2018-02-25 20:15:23,0.04240100,0.12300000
2018-02-25 20:15:29,0.04233100,0.33800000
2018-02-25 20:15:30,0.04240100,0.23300000
2018-02-25 20:15:30,0.04240100,0.08200000
2018-02-25 20:15:30,0.04240100,0.08200000
2018-02-25 20:15:30,0.04240100,0.37800000
2018-02-25 20:15:30,0.04240100,0.21000000
2018-02-25 20:15:39,0.04235000,7.00000000
2018-02-25 20:15:39,0.04232500,1.13300000
2018-02-25 20:15:39,0.04232300,0.59500000
2018-02-25 20:15:39,0.04232300,0.16200000
2018-02-25 20:15:41,0.04239000,0.83400000
2018-02-25 20:15:41,0.04239200,0.02600000
2018-02-25 20:15:41,0.04239500,0.11800000
2018-02-25 20:15:41,0.04240000,0.42500000
2018-02-25 20:15:41,0.04240000,0.28500000
2018-02-25 20:15:42,0.04240200,0.34400000
2018-02-25 20:15:42,0.04245300,0.49900000
2018-02-25 20:15:42,0.04249900,0.24300000
2018-02-25 20:15:42,0.04250000,1.66800000
2018-02-25 20:15:42,0.04253100,2.04600000
2018-02-25 20:15:43,0.04237500,2.36000000
2018-02-25 20:15:43,0.04237300,0.07000000
2018-02-25 20:15:44,0.04237600,0.59200000
2018-02-25 20:15:44,0.04234800,0.40800000
2018-02-25 20:15:44,0.04234800,2.57100000
2018-02-25 20:15:44,0.04234700,0.07000000
2018-02-25 20:15:45,0.04237600,0.29000000
2018-02-25 20:15:45,0.04234900,0.47200000
2018-02-25 20:15:51,0.04234900,4.22500000
2018-02-25 20:15:51,0.04234900,4.24100000
2018-02-25 20:16:01,0.04235000,0.34800000
2018-02-25 20:16:15,0.04230500,0.11800000
2018-02-25 20:16:15,0.04230400,1.65600000
2018-02-25 20:16:15,0.04230200,1.16600000
2018-02-25 20:16:15,0.04230100,0.00400000
2018-02-25 20:16:20,0.04225000,0.06000000
2018-02-25 20:16:22,0.04225000,0.10500000
2018-02-25 20:16:23,0.04233900,0.19300000
2018-02-25 20:16:30,0.04229800,0.98000000
2018-02-25 20:16:31,0.04225000,0.24800000
2018-02-25 20:16:32,0.04229200,1.38000000
2018-02-25 20:16:32,0.04229400,0.74800000
2018-02-25 20:16:36,0.04229100,0.00200000
2018-02-25 20:16:36,0.04223200,0.98600000
2018-02-25 20:16:38,0.04229000,3.02100000
2018-02-25 20:16:38,0.04229100,0.11600000
2018-02-25 20:16:39,0.04235100,0.47200000
2018-02-25 20:16:43,0.04235600,2.36300000
2018-02-25 20:16:43,0.04235400,0.50000000
2018-02-25 20:16:43,0.04235200,0.47200000
2018-02-25 20:16:43,0.04235100,0.15400000
2018-02-25 20:16:44,0.04235400,0.20700000
2018-02-25 20:16:48,0.04235100,0.34600000
2018-02-25 20:16:52,0.04224000,0.23700000
2018-02-25 20:16:52,0.04223300,1.09800000
2018-02-25 20:16:56,0.04231800,1.51200000
2018-02-25 20:16:56,0.04231700,0.47200000
2018-02-25 20:16:56,0.04232000,0.50000000
2018-02-25 20:16:57,0.04231500,0.85100000
2018-02-25 20:17:03,0.04225100,0.86600000
2018-02-25 20:17:18,0.04235100,0.18800000
2018-02-25 20:17:28,0.04227200,0.07100000
2018-02-25 20:17:34,0.04235100,0.00100000
2018-02-25 20:17:54,0.04234800,0.56700000
2018-02-25 20:18:19,0.04231200,0.07100000
2018-02-25 20:18:33,0.04228800,0.10000000
2018-02-25 20:18:34,0.04228800,0.08300000
2018-02-25 20:18:34,0.04228800,0.10000000
2018-02-25 20:18:34,0.04228800,0.01600000
2018-02-25 20:18:34,0.04230000,0.18400000
2018-02-25 20:18:38,0.04228700,0.02700000
2018-02-25 20:18:53,0.04227400,1.09600000
2018-02-25 20:19:00,0.04227400,0.09800000
2018-02-25 20:19:00,0.04226700,0.47300000
2018-02-25 20:19:00,0.04225100,0.92000000
2018-02-25 20:19:00,0.04225100,0.10700000
2018-02-25 20:19:00,0.04223300,1.35200000
2018-02-25 20:19:00,0.04223200,0.54100000
2018-02-25 20:19:07,0.04223200,1.25000000
2018-02-25 20:19:30,0.04224000,0.42600000
2018-02-25 20:19:30,0.04223200,4.03000000
2018-02-25 20:19:34,0.04223200,3.64900000
2018-02-25 20:19:35,0.04223200,1.05400000
2018-02-25 20:19:36,0.04223200,2.70400000
2018-02-25 20:19:38,0.04223200,62.76100000
2018-02-25 20:19:39,0.04223000,0.02400000
2018-02-25 20:19:39,0.04219700,0.65300000
2018-02-25 20:19:40,0.04219700,0.07000000
2018-02-25 20:19:46,0.04219700,0.20100000
2018-02-25 20:19:46,0.04214700,0.08100000
2018-02-25 20:19:46,0.04209300,0.06000000
2018-02-25 20:19:46,0.04210000,0.13000000
2018-02-25 20:19:46,0.04210000,0.13000000
2018-02-25 20:19:46,0.04210000,0.13000000
2018-02-25 20:19:46,0.04210000,0.10800000
2018-02-25 20:19:46,0.04210000,0.13000000
2018-02-25 20:19:46,0.04210000,0.10800000
2018-02-25 20:19:46,0.04210000,0.13000000
2018-02-25 20:19:46,0.04210000,0.81300000
2018-02-25 20:19:48,0.04209300,0.05800000
2018-02-25 20:19:48,0.04207600,0.03800000
2018-02-25 20:19:48,0.04205000,1.18900000
2018-02-25 20:19:48,0.04204900,0.39500000
2018-02-25 20:19:48,0.04213300,0.08300000
2018-02-25 20:19:48,0.04213400,0.14000000
2018-02-25 20:19:48,0.04219900,0.18000000
2018-02-25 20:19:53,0.04205700,0.45300000
2018-02-25 20:19:54,0.04214900,0.16800000
2018-02-25 20:19:56,0.04214800,0.11800000
2018-02-25 20:19:56,0.04214900,0.30500000
2018-02-25 20:19:56,0.04215000,1.99800000
2018-02-25 20:19:56,0.04219900,0.52600000
2018-02-25 20:19:56,0.04220000,1.11900000
2018-02-25 20:19:56,0.04223200,2.70400000
2018-02-25 20:19:56,0.04230000,0.18000000
2018-02-25 20:19:56,0.04235000,0.19200000
2018-02-25 20:19:56,0.04235000,0.33500000
2018-02-25 20:19:56,0.04235000,0.41600000
2018-02-25 20:19:56,0.04235000,0.11400000
2018-02-25 20:19:56,0.04234800,0.07900000
2018-02-25 20:20:00,0.04205900,0.06800000
2018-02-25 20:20:04,0.04226900,1.00000000
2018-02-25 20:20:04,0.04206500,0.06200000
2018-02-25 20:20:07,0.04225800,0.05900000
2018-02-25 20:20:08,0.04206900,0.12300000
2018-02-25 20:20:11,0.04207200,0.11800000
2018-02-25 20:20:11,0.04207100,0.42900000
2018-02-25 20:20:11,0.04206700,0.47500000
2018-02-25 20:20:14,0.04205900,1.30800000
2018-02-25 20:20:15,0.04204900,0.50000000
2018-02-25 20:20:15,0.04204900,0.34700000
2018-02-25 20:20:15,0.04206700,0.27800000
2018-02-25 20:20:17,0.04206700,0.07100000
2018-02-25 20:20:18,0.04204300,0.02600000
2018-02-25 20:20:26,0.04202500,2.14100000
2018-02-25 20:20:26,0.04202500,0.05800000
2018-02-25 20:20:31,0.04202500,1.21500000
2018-02-25 20:20:34,0.04202500,0.63100000
2018-02-25 20:20:34,0.04202300,0.10400000
2018-02-25 20:20:34,0.04202500,0.39500000
2018-02-25 20:20:34,0.04202500,0.15500000
2018-02-25 20:20:35,0.04201900,0.48900000
2018-02-25 20:20:39,0.04202400,0.24100000
2018-02-25 20:20:39,0.04202500,0.13300000
2018-02-25 20:20:42,0.04202500,6.91500000
2018-02-25 20:20:44,0.04202500,0.08500000
2018-02-25 20:20:45,0.04200100,7.90900000
2018-02-25 20:20:45,0.04200000,3.08400000
2018-02-25 20:20:45,0.04199500,0.38300000
2018-02-25 20:20:45,0.04197300,0.20800000
2018-02-25 20:20:45,0.04196000,0.74500000
2018-02-25 20:20:46,0.04196000,3.22100000
2018-02-25 20:20:49,0.04193500,2.38300000
2018-02-25 20:20:49,0.04193300,0.11900000
2018-02-25 20:20:49,0.04193100,1.12800000
2018-02-25 20:20:49,0.04192600,1.16500000
2018-02-25 20:20:50,0.04196000,0.12600000
2018-02-25 20:20:50,0.04196000,5.08400000
2018-02-25 20:20:50,0.04200000,1.74600000
2018-02-25 20:20:50,0.04196000,0.61800000
2018-02-25 20:20:50,0.04196000,0.12400000
2018-02-25 20:20:50,0.04195800,2.38300000
2018-02-25 20:20:50,0.04193100,2.67800000
2018-02-25 20:20:50,0.04196000,0.46900000
2018-02-25 20:20:51,0.04193100,2.09200000
2018-02-25 20:20:55,0.04193300,0.71100000
2018-02-25 20:20:57,0.04193300,0.57300000
2018-02-25 20:20:58,0.04193300,1.09600000
2018-02-25 20:20:58,0.04193300,0.09700000
2018-02-25 20:20:59,0.04191000,0.13000000
2018-02-25 20:20:59,0.04190100,1.09000000
2018-02-25 20:21:02,0.04191200,0.12700000
2018-02-25 20:21:02,0.04191000,0.10400000
2018-02-25 20:21:02,0.04191000,2.27600000
2018-02-25 20:21:02,0.04191200,0.36000000
2018-02-25 20:21:03,0.04190100,0.71400000
2018-02-25 20:21:03,0.04199400,0.47500000
2018-02-25 20:21:04,0.04199500,6.52500000
2018-02-25 20:21:04,0.04190100,2.19600000
2018-02-25 20:21:04,0.04190100,7.25500000
2018-02-25 20:21:10,0.04199900,0.10700000
2018-02-25 20:21:18,0.04199800,0.10000000
2018-02-25 20:21:18,0.04199900,0.20900000
2018-02-25 20:21:25,0.04200000,1.21700000
2018-02-25 20:21:29,0.04199900,0.12300000
2018-02-25 20:21:32,0.04199900,0.20200000
2018-02-25 20:21:32,0.04195100,1.18500000
2018-02-25 20:21:32,0.04193800,0.02600000
2018-02-25 20:21:32,0.04191100,0.47700000
2018-02-25 20:21:32,0.04190300,4.86400000
2018-02-25 20:21:37,0.04190800,2.26300000
2018-02-25 20:21:43,0.04190800,0.12100000
2018-02-25 20:21:43,0.04190300,0.11200000
2018-02-25 20:21:49,0.04190300,8.25800000
2018-02-25 20:21:49,0.04190100,0.28800000
2018-02-25 20:21:49,0.04190000,7.58500000
2018-02-25 20:21:53,0.04190000,0.53400000
2018-02-25 20:21:55,0.04198200,2.38400000
2018-02-25 20:21:55,0.04198200,0.74200000
2018-02-25 20:21:55,0.04198200,0.64200000
2018-02-25 20:21:56,0.04198200,3.23200000
2018-02-25 20:21:56,0.04190000,37.36900000
2018-02-25 20:21:56,0.04190200,0.52900000
2018-02-25 20:21:57,0.04190200,1.85400000
2018-02-25 20:21:57,0.04190000,14.02000000
2018-02-25 20:21:57,0.04190000,4.20700000
2018-02-25 20:21:58,0.04197800,0.83500000
2018-02-25 20:22:01,0.04190000,0.24100000
2018-02-25 20:22:01,0.04190000,0.76300000
2018-02-25 20:22:02,0.04194500,0.35800000
2018-02-25 20:22:03,0.04190000,0.07900000
2018-02-25 20:22:03,0.04190000,5.03500000
2018-02-25 20:22:07,0.04194200,1.00000000
2018-02-25 20:22:07,0.04194200,0.19000000
2018-02-25 20:22:07,0.04194400,0.02800000
2018-02-25 20:22:11,0.04194700,0.07200000
2018-02-25 20:22:11,0.04194500,0.78200000
2018-02-25 20:22:11,0.04190000,3.70900000
2018-02-25 20:22:12,0.04194700,0.35800000
2018-02-25 20:22:12,0.04195000,2.45600000
2018-02-25 20:22:12,0.04195000,1.57400000
2018-02-25 20:22:13,0.04190200,0.06200000
2018-02-25 20:22:15,0.04197700,0.05400000
2018-02-25 20:22:16,0.04197700,0.05100000
2018-02-25 20:22:16,0.04197800,0.06200000
2018-02-25 20:22:17,0.04198000,0.35700000
2018-02-25 20:22:17,0.04198200,0.62100000
2018-02-25 20:22:17,0.04198300,0.47700000
2018-02-25 20:22:23,0.04200000,4.16600000
2018-02-25 20:22:23,0.04200000,0.82500000
2018-02-25 20:22:25,0.04200000,2.70600000
2018-02-25 20:22:28,0.04202500,0.14300000
2018-02-25 20:22:29,0.04202500,0.07900000
2018-02-25 20:22:41,0.04202500,0.76300000
2018-02-25 20:22:42,0.04202500,0.23200000
2018-02-25 20:22:43,0.04202500,7.15500000
2018-02-25 20:22:44,0.04202500,0.50000000
2018-02-25 20:22:48,0.04206900,0.09600000
2018-02-25 20:22:49,0.04206900,0.28500000
2018-02-25 20:22:52,0.04206900,0.03300000
2018-02-25 20:23:00,0.04202500,1.91800000
2018-02-25 20:23:11,0.04202500,6.89800000
2018-02-25 20:23:17,0.04201300,0.88200000
2018-02-25 20:23:17,0.04195000,0.36200000
2018-02-25 20:23:20,0.04195200,0.07400000
2018-02-25 20:23:26,0.04202500,0.23700000
2018-02-25 20:23:41,0.04202500,0.11000000
2018-02-25 20:23:41,0.04195200,0.48200000
2018-02-25 20:23:46,0.04195200,1.82500000
2018-02-25 20:23:46,0.04195000,2.38100000
2018-02-25 20:23:47,0.04195200,0.23700000
2018-02-25 20:23:47,0.04195000,1.08800000
2018-02-25 20:23:47,0.04194500,1.00000000
2018-02-25 20:23:47,0.04191900,0.11900000
2018-02-25 20:23:47,0.04191500,0.47700000
2018-02-25 20:23:47,0.04190100,0.26500000
2018-02-25 20:23:47,0.04190000,0.98300000
2018-02-25 20:23:52,0.04190800,2.34100000
2018-02-25 20:24:01,0.04191700,0.00900000
2018-02-25 20:24:04,0.04191700,0.03200000
2018-02-25 20:24:04,0.04190800,4.52700000
2018-02-25 20:24:07,0.04190300,0.25800000
2018-02-25 20:24:08,0.04190300,0.03000000
2018-02-25 20:24:09,0.04190300,2.05300000
2018-02-25 20:24:09,0.04190500,0.11900000
2018-02-25 20:24:09,0.04190800,1.76200000
2018-02-25 20:24:12,0.04190800,2.38300000
2018-02-25 20:24:12,0.04190600,0.50000000
2018-02-25 20:24:12,0.04190300,0.02900000
2018-02-25 20:24:12,0.04190300,0.26800000
2018-02-25 20:24:13,0.04190100,2.42400000
2018-02-25 20:24:13,0.04190300,0.48100000
2018-02-25 20:24:14,0.04190800,1.37000000
2018-02-25 20:24:19,0.04191100,0.17300000
2018-02-25 20:24:22,0.04191100,2.21300000
2018-02-25 20:24:23,0.04190000,0.50000000
2018-02-25 20:24:24,0.04190600,1.92900000
2018-02-25 20:24:24,0.04190600,0.45700000
2018-02-25 20:24:24,0.04190800,1.89400000
2018-02-25 20:24:24,0.04190800,4.11700000
2018-02-25 20:24:24,0.04190800,1.37400000
2018-02-25 20:24:28,0.04190500,2.38500000
2018-02-25 20:24:28,0.04190000,6.97300000
2018-02-25 20:24:30,0.04199200,0.28300000
2018-02-25 20:24:37,0.04191100,0.06100000
2018-02-25 20:24:42,0.04191100,0.47600000
2018-02-25 20:24:45,0.04197400,0.07100000
2018-02-25 20:24:45,0.04191500,0.41700000
2018-02-25 20:24:48,0.04191500,0.19300000
2018-02-25 20:24:48,0.04191100,0.00100000
2018-02-25 20:24:51,0.04190900,0.10500000
2018-02-25 20:24:52,0.04190100,0.36800000
2018-02-25 20:24:52,0.04190000,4.63200000
2018-02-25 20:24:57,0.04190900,1.04800000
2018-02-25 20:24:57,0.04190900,0.87800000
2018-02-25 20:24:57,0.04191100,1.11300000
2018-02-25 20:25:00,0.04190500,0.25400000
2018-02-25 20:25:01,0.04197000,0.23800000
2018-02-25 20:25:02,0.04197000,0.03000000
2018-02-25 20:25:07,0.04199000,0.06000000
2018-02-25 20:25:08,0.04199000,0.05200000
2018-02-25 20:25:08,0.04199000,0.11900000
2018-02-25 20:25:08,0.04190800,2.12900000
2018-02-25 20:25:09,0.04190700,0.00200000
2018-02-25 20:25:10,0.04198500,0.06000000
2018-02-25 20:25:11,0.04198500,0.06000000
2018-02-25 20:25:15,0.04198500,0.08300000
2018-02-25 20:25:18,0.04190300,0.07700000
2018-02-25 20:25:18,0.04190000,1.41400000
2018-02-25 20:25:18,0.04190000,3.07400000
2018-02-25 20:25:22,0.04190200,0.86100000
2018-02-25 20:25:30,0.04198200,0.06000000
2018-02-25 20:25:38,0.04193000,1.99300000
2018-02-25 20:25:38,0.04190300,1.15100000
2018-02-25 20:25:51,0.04190300,3.75300000
2018-02-25 20:25:51,0.04190200,0.13900000
2018-02-25 20:25:51,0.04190000,0.09200000
2018-02-25 20:25:51,0.04190000,4.67300000
2018-02-25 20:25:52,0.04190000,2.12000000
2018-02-25 20:26:01,0.04190000,0.19900000
2018-02-25 20:26:02,0.04190000,0.28800000
2018-02-25 20:26:04,0.04190200,3.75900000
2018-02-25 20:26:06,0.04190200,0.24600000
2018-02-25 20:26:07,0.04190200,2.13600000
2018-02-25 20:26:07,0.04190000,10.25700000
2018-02-25 20:26:10,0.04198000,0.06000000
2018-02-25 20:26:10,0.04190000,0.21200000
2018-02-25 20:26:14,0.04190000,0.70200000
2018-02-25 20:26:19,0.04198000,0.02700000
2018-02-25 20:26:23,0.04198000,0.05000000
2018-02-25 20:26:24,0.04198000,0.02900000
2018-02-25 20:26:25,0.04190000,0.11600000
2018-02-25 20:26:26,0.04190000,1.18100000
2018-02-25 20:26:26,0.04190000,1.92600000
2018-02-25 20:26:29,0.04198000,0.29500000
2018-02-25 20:26:50,0.04190100,1.98800000
2018-02-25 20:26:50,0.04190100,0.39800000
2018-02-25 20:26:50,0.04190000,1.59000000
2018-02-25 20:26:50,0.04190000,1.74100000
2018-02-25 20:26:53,0.04190000,5.00000000
2018-02-25 20:26:58,0.04190000,1.99100000
2018-02-25 20:27:04,0.04198000,0.02900000
2018-02-25 20:27:12,0.04190000,5.37800000
2018-02-25 20:27:12,0.04190000,0.33800000
2018-02-25 20:27:13,0.04190000,0.09500000
2018-02-25 20:27:15,0.04190000,19.58300000
2018-02-25 20:27:18,0.04190000,0.83500000
2018-02-25 20:27:18,0.04190000,36.29400000
2018-02-25 20:27:19,0.04190000,27.22300000
2018-02-25 20:27:19,0.04190000,40.63800000
2018-02-25 20:27:19,0.04190000,14.11500000
2018-02-25 20:27:19,0.04189900,0.18000000
2018-02-25 20:27:19,0.04188200,0.92700000
2018-02-25 20:27:19,0.04187900,0.26300000
2018-02-25 20:27:19,0.04187800,0.02700000
2018-02-25 20:27:19,0.04187200,0.11900000
2018-02-25 20:27:19,0.04185400,0.02600000
2018-02-25 20:27:19,0.04185000,0.03700000
2018-02-25 20:27:20,0.04186400,1.89200000
2018-02-25 20:27:20,0.04186600,1.65800000
2018-02-25 20:27:20,0.04189900,0.09200000
2018-02-25 20:27:20,0.04190300,2.38200000
2018-02-25 20:27:20,0.04190100,1.64900000
2018-02-25 20:27:25,0.04183400,0.02600000
2018-02-25 20:27:25,0.04182200,0.04500000
2018-02-25 20:27:26,0.04182200,0.49000000
2018-02-25 20:27:27,0.04189700,2.38200000
2018-02-25 20:27:27,0.04189900,8.11600000
2018-02-25 20:27:27,0.04189900,0.27500000
2018-02-25 20:27:27,0.04190000,26.58400000
2018-02-25 20:27:28,0.04189600,3.22800000
2018-02-25 20:27:30,0.04183100,0.01500000
2018-02-25 20:27:30,0.04183300,2.38900000
2018-02-25 20:27:30,0.04183100,0.48500000
2018-02-25 20:27:30,0.04182200,1.75900000
2018-02-25 20:27:30,0.04182000,0.15900000
2018-02-25 20:27:30,0.04181400,0.23900000
2018-02-25 20:27:30,0.04181200,0.04800000
2018-02-25 20:27:30,0.04180100,1.97300000
2018-02-25 20:27:33,0.04180200,0.20000000
2018-02-25 20:27:46,0.04182500,0.47700000
2018-02-25 20:27:46,0.04182300,1.27000000
2018-02-25 20:27:48,0.04179500,0.36500000
2018-02-25 20:27:49,0.04182000,1.11900000
2018-02-25 20:27:50,0.04182200,0.20000000
2018-02-25 20:27:51,0.04182700,0.03300000
2018-02-25 20:27:52,0.04182700,0.06000000
2018-02-25 20:27:54,0.04182700,0.02600000
2018-02-25 20:27:54,0.04182800,0.49100000
2018-02-25 20:27:56,0.04180000,0.24300000
2018-02-25 20:27:56,0.04187400,0.04900000
2018-02-25 20:27:57,0.04187400,0.89200000
2018-02-25 20:27:57,0.04188500,0.47700000
2018-02-25 20:27:58,0.04179700,1.42500000
2018-02-25 20:27:58,0.04190000,1.05600000
2018-02-25 20:27:58,0.04179800,0.47700000
2018-02-25 20:27:58,0.04179700,0.96600000
2018-02-25 20:27:58,0.04179500,0.08400000
2018-02-25 20:28:00,0.04195400,0.16700000
2018-02-25 20:28:10,0.04182700,0.16000000
2018-02-25 20:28:11,0.04182600,0.11900000
2018-02-25 20:28:11,0.04182500,1.00000000
2018-02-25 20:28:11,0.04182500,1.00000000
2018-02-25 20:28:11,0.04182500,0.27200000
2018-02-25 20:28:11,0.04182700,0.43000000
2018-02-25 20:28:13,0.04189900,0.24100000
2018-02-25 20:28:30,0.04181900,1.05500000
2018-02-25 20:28:46,0.04181900,0.06400000
2018-02-25 20:28:47,0.04189400,0.11900000
2018-02-25 20:28:47,0.04189500,0.16800000
2018-02-25 20:28:47,0.04189500,0.17900000
2018-02-25 20:28:52,0.04189000,0.21500000
2018-02-25 20:28:52,0.04189000,2.38700000
2018-02-25 20:28:56,0.04189000,0.07100000
2018-02-25 20:28:58,0.04189000,1.05700000
2018-02-25 20:29:07,0.04188900,0.09400000
2018-02-25 20:29:07,0.04188900,0.08000000
2018-02-25 20:29:11,0.04188900,0.12300000
2018-02-25 20:29:26,0.04181900,2.42100000
2018-02-25 20:29:30,0.04181900,0.16800000
2018-02-25 20:29:36,0.04182000,1.99200000
2018-02-25 20:29:36,0.04180000,0.16500000
2018-02-25 20:29:36,0.04179800,0.36600000
2018-02-25 20:29:37,0.04179600,0.47800000
2018-02-25 20:29:37,0.04179500,0.80600000
2018-02-25 20:29:37,0.04179500,0.19200000
2018-02-25 20:29:37,0.04179800,0.05600000
2018-02-25 20:29:40,0.04179800,0.02900000
2018-02-25 20:29:43,0.04178900,0.05200000
2018-02-25 20:29:44,0.04179800,0.38100000
2018-02-25 20:29:45,0.04178900,0.05200000
2018-02-25 20:29:49,0.04177600,0.05000000
2018-02-25 20:29:49,0.04177000,0.59900000
2018-02-25 20:29:49,0.04176400,0.09600000
2018-02-25 20:29:49,0.04175500,0.02600000
2018-02-25 20:29:49,0.04175000,2.36800000
2018-02-25 20:29:49,0.04174900,0.10500000
2018-02-25 20:29:49,0.04174400,0.04800000
2018-02-25 20:29:49,0.04173900,0.05300000
2018-02-25 20:29:49,0.04172400,0.24800000
2018-02-25 20:29:49,0.04171000,0.05300000
2018-02-25 20:29:49,0.04170800,0.37100000
2018-02-25 20:29:49,0.04170100,2.39800000
2018-02-25 20:29:49,0.04170000,3.68700000
2018-02-25 20:29:50,0.04170000,0.41800000
2018-02-25 20:29:51,0.04170000,0.01800000
2018-02-25 20:29:53,0.04170800,0.10900000
2018-02-25 20:29:53,0.04170000,1.59200000
2018-02-25 20:29:55,0.04170800,0.10900000
2018-02-25 20:29:55,0.04170000,42.79500000
2018-02-25 20:30:01,0.04171500,0.10900000
2018-02-25 20:30:01,0.04170800,0.10900000
2018-02-25 20:30:02,0.04170600,1.55700000
2018-02-25 20:30:02,0.04170800,1.22600000
2018-02-25 20:30:03,0.04172300,0.07100000
2018-02-25 20:30:04,0.04172700,0.40800000
2018-02-25 20:30:04,0.04172600,2.39600000
2018-02-25 20:30:04,0.04172400,0.26400000
2018-02-25 20:30:04,0.04172100,0.10900000
2018-02-25 20:30:04,0.04170300,8.39100000
2018-02-25 20:30:04,0.04170200,2.82800000
2018-02-25 20:30:04,0.04170100,3.83600000
2018-02-25 20:30:04,0.04170000,44.17900000
2018-02-25 20:30:06,0.04170000,0.37500000
2018-02-25 20:30:08,0.04186900,0.11900000
2018-02-25 20:30:08,0.04186800,0.11000000
2018-02-25 20:30:09,0.04186600,0.07200000
2018-02-25 20:30:09,0.04186600,1.10400000
2018-02-25 20:30:09,0.04172100,0.07100000
2018-02-25 20:30:09,0.04170100,0.05200000
2018-02-25 20:30:10,0.04186000,0.09500000
2018-02-25 20:30:10,0.04185700,0.86400000
2018-02-25 20:30:11,0.04185700,0.06300000
2018-02-25 20:30:14,0.04184200,0.15000000
2018-02-25 20:30:14,0.04184300,0.20800000
2018-02-25 20:30:17,0.04184000,0.08300000
2018-02-25 20:30:19,0.04184000,0.23900000
2018-02-25 20:30:20,0.04175100,0.27100000
2018-02-25 20:30:22,0.04183700,0.04800000
2018-02-25 20:30:23,0.04183700,0.22200000
2018-02-25 20:30:27,0.04183600,0.06000000
2018-02-25 20:30:29,0.04183600,0.20400000
2018-02-25 20:30:50,0.04179800,0.27100000
2018-02-25 20:30:50,0.04180000,0.72900000
2018-02-25 20:31:01,0.04179900,0.04800000
2018-02-25 20:31:06,0.04180000,0.23900000
2018-02-25 20:31:07,0.04171800,2.39400000
2018-02-25 20:31:07,0.04171600,0.47900000
2018-02-25 20:31:07,0.04170500,1.66300000
2018-02-25 20:31:07,0.04170300,0.05700000
2018-02-25 20:31:07,0.04170100,0.43900000
2018-02-25 20:31:07,0.04170000,8.53800000
2018-02-25 20:31:13,0.04178900,0.23900000
2018-02-25 20:31:15,0.04178600,0.02900000
2018-02-25 20:31:16,0.04178600,0.03100000
2018-02-25 20:31:17,0.04170000,4.03200000
2018-02-25 20:31:21,0.04178300,0.12000000
2018-02-25 20:31:28,0.04174800,0.14400000
2018-02-25 20:31:29,0.04170100,0.53600000
2018-02-25 20:31:29,0.04170000,7.24300000
2018-02-25 20:31:29,0.04174800,0.18900000
2018-02-25 20:31:47,0.04172100,0.03600000
2018-02-25 20:31:47,0.04172000,1.64200000
2018-02-25 20:31:50,0.04172100,0.11800000
2018-02-25 20:31:50,0.04172100,0.04100000
2018-02-25 20:31:50,0.04172100,0.05900000
2018-02-25 20:31:54,0.04172100,0.05900000
2018-02-25 20:31:56,0.04172000,2.20700000
2018-02-25 20:31:56,0.04172000,0.05900000
2018-02-25 20:31:58,0.04170100,1.05600000
2018-02-25 20:31:59,0.04172000,0.05900000
2018-02-25 20:32:01,0.04172000,0.05900000
2018-02-25 20:32:02,0.04172000,0.10500000
2018-02-25 20:32:04,0.04172000,0.05900000
2018-02-25 20:32:06,0.04172000,0.05900000
2018-02-25 20:32:07,0.04172000,0.27200000
2018-02-25 20:32:07,0.04172100,0.00800000
2018-02-25 20:32:09,0.04172100,0.05900000
2018-02-25 20:32:11,0.04170000,6.10300000
2018-02-25 20:32:11,0.04170100,0.20100000
2018-02-25 20:32:11,0.04170000,3.59700000
2018-02-25 20:32:11,0.04170100,0.05900000
2018-02-25 20:32:12,0.04170000,5.00100000
2018-02-25 20:32:14,0.04170100,0.05900000
2018-02-25 20:32:14,0.04170000,8.18400000
2018-02-25 20:32:16,0.04170100,0.05900000
2018-02-25 20:32:17,0.04170100,0.11600000
2018-02-25 20:32:18,0.04170000,0.42500000
2018-02-25 20:32:18,0.04170100,0.05900000
2018-02-25 20:32:19,0.04170000,4.90400000
2018-02-25 20:32:21,0.04170100,0.05900000
2018-02-25 20:32:23,0.04170100,0.05900000
2018-02-25 20:32:25,0.04170100,11.10400000
2018-02-25 20:32:26,0.04170100,0.05900000
2018-02-25 20:32:29,0.04170100,1.41100000
2018-02-25 20:32:29,0.04170100,0.05900000
2018-02-25 20:32:32,0.04170100,0.42300000
2018-02-25 20:32:36,0.04170100,0.50000000
2018-02-25 20:32:37,0.04170100,3.78400000
2018-02-25 20:32:37,0.04170000,0.35900000
2018-02-25 20:32:38,0.04170100,0.27000000
2018-02-25 20:32:38,0.04170100,0.05900000
2018-02-25 20:32:40,0.04170100,0.05900000
2018-02-25 20:32:41,0.04170000,0.02500000
2018-02-25 20:32:42,0.04170000,10.03400000
2018-02-25 20:32:42,0.04170100,0.05900000
2018-02-25 20:32:43,0.04170100,0.23900000
2018-02-25 20:32:44,0.04170000,0.70900000
2018-02-25 20:32:45,0.04170100,0.05900000
2018-02-25 20:32:47,0.04170100,0.05900000
2018-02-25 20:32:48,0.04170000,2.55300000
2018-02-25 20:32:50,0.04170100,0.05900000
2018-02-25 20:32:52,0.04170100,0.05900000
2018-02-25 20:32:54,0.04170100,0.05900000
2018-02-25 20:32:57,0.04170100,0.05900000
2018-02-25 20:32:58,0.04170000,0.53600000
2018-02-25 20:32:59,0.04170100,0.05900000
2018-02-25 20:33:03,0.04170100,0.05900000
2018-02-25 20:33:05,0.04170100,1.19600000
2018-02-25 20:33:05,0.04170100,1.47900000
2018-02-25 20:33:05,0.04170100,1.81200000
2018-02-25 20:33:05,0.04170100,2.19600000
2018-02-25 20:33:05,0.04170100,2.63500000
2018-02-25 20:33:05,0.04170100,3.12700000
2018-02-25 20:33:05,0.04170100,3.68700000
2018-02-25 20:33:05,0.04170100,0.22600000
2018-02-25 20:33:06,0.04172100,0.05900000
2018-02-25 20:33:08,0.04172100,0.05900000
2018-02-25 20:33:11,0.04172100,0.05900000
2018-02-25 20:33:14,0.04172000,0.05900000
2018-02-25 20:33:14,0.04172000,0.05700000
2018-02-25 20:33:14,0.04172100,1.72200000
2018-02-25 20:33:14,0.04172100,1.98300000
2018-02-25 20:33:14,0.04172100,2.27500000
2018-02-25 20:33:14,0.04172100,2.60700000
2018-02-25 20:33:14,0.04172100,2.98900000
2018-02-25 20:33:14,0.04172100,0.21900000
2018-02-25 20:33:15,0.04178400,0.05200000
2018-02-25 20:33:15,0.04178400,0.05200000
2018-02-25 20:33:16,0.04178400,0.11500000
2018-02-25 20:33:16,0.04178400,0.05900000
2018-02-25 20:33:17,0.04178400,0.16400000
2018-02-25 20:33:18,0.04178400,0.11700000
2018-02-25 20:33:18,0.04178400,0.05900000
2018-02-25 20:33:18,0.04178400,0.16300000
2018-02-25 20:33:19,0.04178400,0.27500000
2018-02-25 20:33:20,0.04178500,0.05900000
2018-02-25 20:33:21,0.04170200,0.19900000
2018-02-25 20:33:22,0.04179800,0.05900000
2018-02-25 20:33:24,0.04179800,0.03700000
2018-02-25 20:33:25,0.04179800,0.05900000
2018-02-25 20:33:25,0.04179800,0.26500000
2018-02-25 20:33:25,0.04179900,0.07300000
2018-02-25 20:33:25,0.04180000,1.02400000
2018-02-25 20:33:28,0.04186500,0.05900000
2018-02-25 20:33:30,0.04186500,0.01200000
2018-02-25 20:33:30,0.04190800,0.04700000
2018-02-25 20:33:30,0.04190800,0.19600000
2018-02-25 20:33:30,0.04195100,0.00400000
2018-02-25 20:33:32,0.04195000,0.36400000
2018-02-25 20:33:32,0.04195100,0.47200000
2018-02-25 20:33:32,0.04195100,0.05900000
2018-02-25 20:33:35,0.04195100,0.05900000
2018-02-25 20:33:35,0.04195100,0.08300000
2018-02-25 20:33:35,0.04195100,0.03300000
2018-02-25 20:33:36,0.04195100,0.06900000
2018-02-25 20:33:37,0.04195100,0.71500000
2018-02-25 20:33:37,0.04195100,0.05900000
2018-02-25 20:33:38,0.04195100,0.13100000
2018-02-25 20:33:40,0.04195100,0.05900000
2018-02-25 20:33:42,0.04195100,0.05900000
2018-02-25 20:33:43,0.04195100,0.11900000
2018-02-25 20:33:45,0.04195100,0.30000000
2018-02-25 20:33:45,0.04195100,0.05900000
2018-02-25 20:33:47,0.04195100,0.05900000
2018-02-25 20:33:50,0.04195100,0.05900000
2018-02-25 20:33:52,0.04195100,0.05900000
2018-02-25 20:33:55,0.04195100,0.10700000
2018-02-25 20:33:55,0.04195100,0.12200000
2018-02-25 20:33:55,0.04195100,0.05900000
2018-02-25 20:33:56,0.04195000,0.23700000
2018-02-25 20:33:56,0.04195100,1.09100000
2018-02-25 20:33:56,0.04196100,0.49200000
2018-02-25 20:33:56,0.04198000,11.74600000
2018-02-25 20:33:56,0.04199500,5.24900000
2018-02-25 20:33:56,0.04199600,5.24900000
2018-02-25 20:33:56,0.04199800,0.91500000
2018-02-25 20:33:56,0.04199900,3.49900000
2018-02-25 20:33:56,0.04200000,18.64000000
2018-02-25 20:33:56,0.04201900,0.28400000
2018-02-25 20:33:56,0.04204100,0.03100000
2018-02-25 20:33:56,0.04205600,0.05400000
2018-02-25 20:33:57,0.04199300,0.05900000
2018-02-25 20:33:57,0.04199300,0.01200000
2018-02-25 20:33:57,0.04199100,0.04700000
2018-02-25 20:33:57,0.04205600,0.04100000
2018-02-25 20:33:57,0.04205700,0.04800000
2018-02-25 20:33:57,0.04206200,0.59900000
2018-02-25 20:33:57,0.04206800,0.05000000
2018-02-25 20:33:57,0.04206900,0.12900000
2018-02-25 20:33:57,0.04210000,0.31000000
2018-02-25 20:33:57,0.04210500,0.04800000
2018-02-25 20:33:57,0.04210600,0.13000000
2018-02-25 20:33:57,0.04210700,0.23900000
2018-02-25 20:33:57,0.04186900,0.07100000
2018-02-25 20:33:57,0.04190000,0.07100000
2018-02-25 20:33:58,0.04189800,0.05900000
2018-02-25 20:33:58,0.04189800,0.14000000
2018-02-25 20:33:58,0.04190000,1.91900000
2018-02-25 20:33:59,0.04197900,0.07100000
2018-02-25 20:34:00,0.04211200,0.13900000
2018-02-25 20:34:00,0.04211300,4.37000000
2018-02-25 20:34:00,0.04211500,0.05900000
2018-02-25 20:34:00,0.04211500,1.92400000
2018-02-25 20:34:00,0.04211800,0.03600000
2018-02-25 20:34:00,0.04211900,0.07100000
2018-02-25 20:34:02,0.04212900,0.05900000
2018-02-25 20:34:05,0.04212800,0.05900000
2018-02-25 20:34:08,0.04197200,0.26400000
2018-02-25 20:34:08,0.04212800,0.05900000
2018-02-25 20:34:09,0.04197500,0.27800000
2018-02-25 20:34:10,0.04212800,0.88600000
2018-02-25 20:34:10,0.04212900,3.00500000
2018-02-25 20:34:10,0.04213100,0.02600000
2018-02-25 20:34:10,0.04217500,0.71600000
2018-02-25 20:34:10,0.04219800,0.31100000
2018-02-25 20:34:10,0.04220000,0.23300000
2018-02-25 20:34:10,0.04221000,0.02600000
2018-02-25 20:34:10,0.04221100,0.30900000
2018-02-25 20:34:10,0.04221400,0.14200000
2018-02-25 20:34:10,0.04221800,0.18500000
2018-02-25 20:34:10,0.04225000,1.07100000
2018-02-25 20:34:10,0.04225100,0.16800000
2018-02-25 20:34:10,0.04225400,0.28600000
2018-02-25 20:34:10,0.04229800,0.17000000
2018-02-25 20:34:10,0.04230000,0.67100000
2018-02-25 20:34:10,0.04230200,1.11300000
2018-02-25 20:34:15,0.04211300,0.07100000
2018-02-25 20:34:16,0.04211300,0.11900000
2018-02-25 20:34:16,0.04230200,0.22200000
2018-02-25 20:34:20,0.04211800,0.48400000
2018-02-25 20:34:21,0.04203700,0.20000000
2018-02-25 20:34:22,0.04203800,1.57800000
2018-02-25 20:34:23,0.04211800,0.01600000
2018-02-25 20:34:23,0.04230000,0.81400000
2018-02-25 20:34:23,0.04230000,0.15500000
2018-02-25 20:34:23,0.04203800,0.96900000
2018-02-25 20:34:23,0.04203800,2.18600000
2018-02-25 20:34:24,0.04202800,0.47400000
2018-02-25 20:34:24,0.04207600,0.05900000
2018-02-25 20:34:24,0.04207600,0.01200000
2018-02-25 20:34:24,0.04202800,0.00100000
2018-02-25 20:34:24,0.04201200,0.05800000
2018-02-25 20:34:24,0.04207700,0.26300000
2018-02-25 20:34:27,0.04206500,0.74200000
2018-02-25 20:34:27,0.04206700,0.66400000
2018-02-25 20:34:27,0.04201200,0.06100000
2018-02-25 20:34:30,0.04206200,4.06900000
2018-02-25 20:34:30,0.04206300,0.47500000
2018-02-25 20:34:30,0.04207000,0.51400000
2018-02-25 20:34:31,0.04194800,0.06000000
2018-02-25 20:34:32,0.04206200,0.26300000
2018-02-25 20:34:32,0.04207000,0.13800000
2018-02-25 20:34:32,0.04207600,0.26300000
2018-02-25 20:34:32,0.04210600,0.19100000
2018-02-25 20:34:32,0.04211000,0.61700000
2018-02-25 20:34:32,0.04229300,0.01200000
2018-02-25 20:34:34,0.04203800,0.38000000
2018-02-25 20:34:35,0.04211000,0.35000000
2018-02-25 20:34:35,0.04229200,0.08700000
2018-02-25 20:34:35,0.04204300,1.11000000
2018-02-25 20:34:35,0.04204200,1.21300000
2018-02-25 20:34:37,0.04204500,1.10800000
2018-02-25 20:34:37,0.04204300,0.76300000
2018-02-25 20:34:37,0.04203900,0.34500000
2018-02-25 20:34:37,0.04203900,0.13000000
2018-02-25 20:34:37,0.04203800,0.81000000
2018-02-25 20:34:37,0.04203800,1.45000000
2018-02-25 20:34:37,0.04203800,0.50000000
2018-02-25 20:34:44,0.04203800,1.19500000
2018-02-25 20:34:44,0.04203600,0.58300000
2018-02-25 20:34:44,0.04203600,0.38600000
2018-02-25 20:34:46,0.04203600,1.79200000
2018-02-25 20:34:46,0.04203800,0.16600000
2018-02-25 20:34:46,0.04223100,0.43400000
2018-02-25 20:34:46,0.04223400,1.11000000
2018-02-25 20:34:46,0.04223900,0.47500000
2018-02-25 20:34:46,0.04224000,0.53600000
2018-02-25 20:34:46,0.04229100,10.00000000
2018-02-25 20:34:46,0.04229200,3.48900000
2018-02-25 20:34:46,0.04230000,4.00700000
2018-02-25 20:34:46,0.04230000,3.00100000
2018-02-25 20:34:47,0.04230100,0.07100000
2018-02-25 20:34:48,0.04230200,0.02500000
2018-02-25 20:34:50,0.04230100,0.06000000
2018-02-25 20:34:50,0.04230100,1.22800000
2018-02-25 20:34:50,0.04230100,0.23900000
2018-02-25 20:34:50,0.04230100,0.11700000
2018-02-25 20:34:51,0.04230100,0.05900000
2018-02-25 20:34:53,0.04230200,0.64000000
2018-02-25 20:34:53,0.04230500,1.03000000
2018-02-25 20:34:53,0.04231000,0.11900000
2018-02-25 20:34:53,0.04235100,1.92900000
2018-02-25 20:34:53,0.04236200,0.23900000
2018-02-25 20:34:54,0.04236200,0.02600000
2018-02-25 20:34:54,0.04236200,0.43100000
2018-02-25 20:34:54,0.04236200,0.08600000
2018-02-25 20:34:54,0.04230100,0.51700000
2018-02-25 20:34:54,0.04230100,0.51700000
2018-02-25 20:35:00,0.04230200,3.00000000
2018-02-25 20:35:01,0.04235800,0.34400000
2018-02-25 20:35:01,0.04236100,0.38900000
2018-02-25 20:35:01,0.04236100,0.12900000
2018-02-25 20:35:01,0.04236400,0.05500000
2018-02-25 20:35:01,0.04238500,0.81600000
2018-02-25 20:35:01,0.04230400,0.02900000
2018-02-25 20:35:06,0.04230400,0.70900000
2018-02-25 20:35:11,0.04238500,0.53300000
2018-02-25 20:35:11,0.04230700,1.62400000
2018-02-25 20:35:11,0.04230500,0.19700000
2018-02-25 20:35:11,0.04230400,1.95700000
2018-02-25 20:35:11,0.04238300,0.07500000
2018-02-25 20:35:11,0.04230400,0.09100000
2018-02-25 20:35:11,0.04238300,0.02800000
2018-02-25 20:35:24,0.04230500,1.05200000
2018-02-25 20:35:24,0.04230400,0.03900000
2018-02-25 20:35:26,0.04237100,0.16300000
2018-02-25 20:35:31,0.04230400,2.91300000
2018-02-25 20:35:31,0.04230300,0.65100000
2018-02-25 20:35:31,0.04230100,5.49200000
2018-02-25 20:35:31,0.04230100,0.19000000
2018-02-25 20:35:33,0.04236300,0.05900000
2018-02-25 20:35:34,0.04236300,0.20000000
2018-02-25 20:35:35,0.04230100,0.30700000
2018-02-25 20:35:35,0.04230000,0.33300000
2018-02-25 20:35:36,0.04235600,0.09200000
2018-02-25 20:35:37,0.04235600,0.07100000
2018-02-25 20:35:38,0.04235600,1.67400000
2018-02-25 20:35:38,0.04235800,0.15000000
2018-02-25 20:35:38,0.04236500,0.18900000
2018-02-25 20:35:41,0.04230700,0.11200000
2018-02-25 20:35:41,0.04236400,1.22400000
2018-02-25 20:35:41,0.04230200,2.36200000
2018-02-25 20:35:41,0.04230000,12.76100000
2018-02-25 20:35:46,0.04230100,1.33800000
2018-02-25 20:35:46,0.04230000,3.70400000
2018-02-25 20:35:48,0.04230000,2.80800000
2018-02-25 20:35:48,0.04230000,3.20000000
2018-02-25 20:35:51,0.04230000,0.10700000
2018-02-25 20:35:52,0.04230000,2.00000000
2018-02-25 20:35:52,0.04230000,0.00900000
2018-02-25 20:35:53,0.04235000,0.12900000
2018-02-25 20:35:53,0.04230000,1.53900000
2018-02-25 20:35:57,0.04230000,0.83500000
2018-02-25 20:35:58,0.04230100,1.33300000
2018-02-25 20:35:58,0.04230000,147.83600000
2018-02-25 20:35:59,0.04227300,0.47300000
2018-02-25 20:35:59,0.04224100,0.11800000
2018-02-25 20:35:59,0.04221900,0.08100000
2018-02-25 20:35:59,0.04218500,0.02600000
2018-02-25 20:35:59,0.04218000,0.47400000
2018-02-25 20:36:01,0.04213600,0.28900000
2018-02-25 20:36:01,0.04213500,0.07100000
2018-02-25 20:36:02,0.04210200,0.07100000
2018-02-25 20:36:08,0.04212400,0.15700000
2018-02-25 20:36:08,0.04211400,0.04700000
2018-02-25 20:36:08,0.04211300,0.23700000
2018-02-25 20:36:08,0.04210300,0.02700000
2018-02-25 20:36:08,0.04210200,0.19000000
2018-02-25 20:36:08,0.04210100,0.23700000
2018-02-25 20:36:15,0.04208000,0.11800000
2018-02-25 20:36:15,0.04207900,9.53400000
2018-02-25 20:36:15,0.04207900,0.46600000
2018-02-25 20:36:15,0.04204600,0.11900000
2018-02-25 20:36:15,0.04203200,4.04500000
2018-02-25 20:36:15,0.04203600,2.23300000
2018-02-25 20:36:15,0.04203800,0.73200000
2018-02-25 20:36:15,0.04203800,0.00100000
2018-02-25 20:36:16,0.04204000,2.37500000
2018-02-25 20:36:16,0.04203800,0.43000000
2018-02-25 20:36:19,0.04207300,0.47300000
2018-02-25 20:36:19,0.04207400,0.11800000
2018-02-25 20:36:19,0.04207500,0.44300000
2018-02-25 20:36:21,0.04207500,0.02600000
2018-02-25 20:36:22,0.04203800,1.23600000
2018-02-25 20:36:26,0.04207500,0.08700000
2018-02-25 20:36:26,0.04200000,2.00000000
2018-02-25 20:36:27,0.04200000,0.21100000
2018-02-25 20:36:30,0.04207200,1.81900000
2018-02-25 20:36:30,0.04207400,0.20300000
2018-02-25 20:36:30,0.04200000,0.98500000
2018-02-25 20:36:34,0.04200200,0.31900000
2018-02-25 20:36:42,0.04206700,0.09600000
2018-02-25 20:36:43,0.04200200,0.86500000
2018-02-25 20:36:45,0.04206700,0.19300000
2018-02-25 20:36:47,0.04200800,0.10000000
2018-02-25 20:36:47,0.04200200,0.24400000
2018-02-25 20:36:47,0.04199000,0.12200000
2018-02-25 20:36:47,0.04198100,0.47600000
2018-02-25 20:36:47,0.04196300,0.03600000
2018-02-25 20:36:47,0.04196100,0.11900000
2018-02-25 20:36:51,0.04198800,1.18400000
2018-02-25 20:36:51,0.04199000,0.50000000
2018-02-25 20:36:52,0.04206100,0.02600000
2018-02-25 20:36:54,0.04195500,2.38200000
2018-02-25 20:36:54,0.04195300,0.28400000
2018-02-25 20:36:54,0.04205800,0.28400000
2018-02-25 20:36:54,0.04205900,0.23600000
2018-02-25 20:37:00,0.04196200,0.11900000
2018-02-25 20:37:00,0.04193700,0.04700000
2018-02-25 20:37:00,0.04188200,0.17500000
2018-02-25 20:37:04,0.04195000,0.06800000
2018-02-25 20:37:05,0.04198800,0.18300000
2018-02-25 20:37:05,0.04198800,0.18300000
2018-02-25 20:37:05,0.04198800,0.18300000
2018-02-25 20:37:05,0.04198800,0.15200000
2018-02-25 20:37:06,0.04198800,0.18400000
2018-02-25 20:37:06,0.04188200,0.06400000
2018-02-25 20:37:06,0.04188100,0.09600000
2018-02-25 20:37:08,0.04197900,0.02700000
2018-02-25 20:37:09,0.04189000,0.07000000
2018-02-25 20:37:09,0.04197900,1.23400000
2018-02-25 20:37:09,0.04198100,0.45000000
2018-02-25 20:37:09,0.04198400,0.11900000
2018-02-25 20:37:09,0.04199000,0.50000000
2018-02-25 20:37:19,0.04194300,2.38700000
2018-02-25 20:37:19,0.04194200,0.28200000
2018-02-25 20:37:19,0.04194100,0.11900000
2018-02-25 20:37:19,0.04193800,0.47600000
2018-02-25 20:37:22,0.04205100,0.02300000
2018-02-25 20:37:24,0.04204500,0.16200000
2018-02-25 20:37:36,0.04199600,0.02600000
2018-02-25 20:37:42,0.04198800,0.36600000
2018-02-25 20:37:47,0.04192100,0.23200000
2018-02-25 20:37:51,0.04198500,1.83600000
2018-02-25 20:37:51,0.04198700,0.11900000
2018-02-25 20:37:51,0.04199000,0.28200000
2018-02-25 20:37:51,0.04199000,2.37900000
2018-02-25 20:37:51,0.04198800,1.57800000
2018-02-25 20:37:58,0.04198800,0.64800000
2018-02-25 20:38:02,0.04205100,0.03000000
2018-02-25 20:38:22,0.04196900,2.59300000
2018-02-25 20:38:22,0.04197100,0.39400000
2018-02-25 20:38:22,0.04197400,0.07000000
2018-02-25 20:38:22,0.04202600,0.47600000
2018-02-25 20:38:22,0.04203500,0.63100000
2018-02-25 20:38:22,0.04205100,0.05900000
2018-02-25 20:38:22,0.04205100,0.42200000
2018-02-25 20:38:22,0.04205100,0.07000000
2018-02-25 20:38:22,0.04205100,0.17800000
2018-02-25 20:38:22,0.04205100,0.04800000
2018-02-25 20:38:22,0.04205100,0.07700000
2018-02-25 20:38:22,0.04205100,0.71300000
2018-02-25 20:38:22,0.04205100,0.71300000
2018-02-25 20:38:22,0.04205100,0.49500000
2018-02-25 20:38:23,0.04205100,4.69200000
2018-02-25 20:38:43,0.04197200,1.69000000
2018-02-25 20:38:43,0.04197200,0.69400000
2018-02-25 20:38:43,0.04197000,0.02400000
2018-02-25 20:38:46,0.04205200,0.05700000
2018-02-25 20:38:54,0.04194500,0.42900000
2018-02-25 20:38:54,0.04194400,0.47600000
2018-02-25 20:38:54,0.04194300,0.11900000
2018-02-25 20:38:54,0.04192000,4.38300000
2018-02-25 20:38:54,0.04189200,0.36800000
2018-02-25 20:38:54,0.04189100,0.02600000
2018-02-25 20:38:54,0.04188000,0.36700000
2018-02-25 20:38:54,0.04187900,0.64500000
2018-02-25 20:38:54,0.04187800,1.74600000
2018-02-25 20:38:54,0.04187700,1.17100000
2018-02-25 20:38:54,0.04187100,0.05300000
2018-02-25 20:39:01,0.04194700,0.17800000
2018-02-25 20:39:02,0.04194700,0.82200000
2018-02-25 20:39:02,0.04190000,1.98800000
2018-02-25 20:39:02,0.04186000,0.02500000
2018-02-25 20:39:23,0.04194200,0.20900000
2018-02-25 20:39:23,0.04194200,0.41700000
2018-02-25 20:39:27,0.04189000,1.40400000
2018-02-25 20:39:27,0.04189000,1.29300000
2018-02-25 20:39:29,0.04192600,0.50000000
2018-02-25 20:39:29,0.04194100,0.11900000
2018-02-25 20:39:29,0.04197400,0.02100000
2018-02-25 20:39:30,0.04189000,0.51800000
2018-02-25 20:39:30,0.04188800,0.48800000
2018-02-25 20:39:30,0.04188800,0.48800000
2018-02-25 20:39:30,0.04188800,0.40700000
2018-02-25 20:39:30,0.04187000,0.23700000
2018-02-25 20:39:37,0.04188500,0.23800000
2018-02-25 20:39:48,0.04188200,0.08000000
2018-02-25 20:39:48,0.04188400,0.01900000
2018-02-25 20:40:15,0.04188300,0.40700000
2018-02-25 20:40:15,0.04188400,0.71200000
2018-02-25 20:40:18,0.04188400,0.02500000
2018-02-25 20:40:42,0.04188400,0.07900000
2018-02-25 20:40:42,0.04187000,0.00800000
2018-02-25 20:40:42,0.04186000,0.07900000
2018-02-25 20:40:42,0.04182800,0.28700000
2018-02-25 20:40:42,0.04182300,0.09900000
2018-02-25 20:40:42,0.04181100,0.98500000
2018-02-25 20:40:42,0.04180000,10.93600000
2018-02-25 20:40:42,0.04189000,0.03700000
2018-02-25 20:40:48,0.04180500,0.41800000
2018-02-25 20:40:56,0.04180500,1.97100000
2018-02-25 20:40:56,0.04180500,0.20800000
2018-02-25 20:40:56,0.04180500,2.80600000
2018-02-25 20:41:04,0.04180600,0.12200000
2018-02-25 20:41:08,0.04180600,0.08600000
2018-02-25 20:41:08,0.04180300,0.52800000
2018-02-25 20:41:08,0.04180000,1.39900000
2018-02-25 20:41:11,0.04180000,0.11900000
2018-02-25 20:41:16,0.04180000,0.21100000
2018-02-25 20:41:23,0.04180000,0.24200000
2018-02-25 20:41:31,0.04188200,0.49200000
2018-02-25 20:41:32,0.04180100,1.46400000
2018-02-25 20:41:32,0.04180000,16.62600000
2018-02-25 20:41:32,0.04179800,0.21400000
2018-02-25 20:41:32,0.04179800,0.74300000
2018-02-25 20:41:32,0.04179800,0.08700000
2018-02-25 20:41:32,0.04179800,0.08600000
2018-02-25 20:41:35,0.04178400,0.17300000
2018-02-25 20:41:39,0.04179800,0.00300000
2018-02-25 20:41:40,0.04179800,0.10500000
2018-02-25 20:41:41,0.04179800,0.65900000
2018-02-25 20:41:44,0.04178400,0.08500000
2018-02-25 20:41:45,0.04179800,0.23900000
2018-02-25 20:41:54,0.04178400,0.12900000
2018-02-25 20:41:54,0.04176500,0.02600000
2018-02-25 20:41:54,0.04176000,1.09400000
2018-02-25 20:41:54,0.04175000,0.03100000
2018-02-25 20:41:54,0.04171000,0.64100000
2018-02-25 20:41:54,0.04170200,1.04600000
2018-02-25 20:41:54,0.04170100,6.54700000
2018-02-25 20:41:55,0.04179700,0.05800000
2018-02-25 20:42:03,0.04179700,0.23900000
2018-02-25 20:42:03,0.04179700,0.07100000
2018-02-25 20:42:19,0.04171500,0.08300000
2018-02-25 20:42:24,0.04171500,0.43000000
2018-02-25 20:42:25,0.04171500,0.30000000
2018-02-25 20:42:30,0.04178900,0.06100000
2018-02-25 20:42:47,0.04178200,0.08500000
2018-02-25 20:42:55,0.04171500,1.28700000
2018-02-25 20:43:22,0.04171500,0.29600000
2018-02-25 20:43:22,0.04171300,0.30500000
2018-02-25 20:43:22,0.04170700,0.88200000
2018-02-25 20:43:36,0.04171300,1.32800000
2018-02-25 20:43:41,0.04171300,1.06800000
2018-02-25 20:43:41,0.04171500,1.31400000
2018-02-25 20:43:43,0.04178900,0.09900000
2018-02-25 20:43:43,0.04179800,0.14000000
2018-02-25 20:43:45,0.04170700,0.04800000
2018-02-25 20:43:45,0.04179800,0.01100000
2018-02-25 20:43:46,0.04179800,0.12000000
2018-02-25 20:43:49,0.04179800,0.11800000
2018-02-25 20:44:08,0.04179800,0.00300000
2018-02-25 20:44:14,0.04179800,0.49700000
2018-02-25 20:44:17,0.04179700,0.05800000
2018-02-25 20:44:42,0.04171500,0.52000000
2018-02-25 20:44:44,0.04171500,1.48600000
2018-02-25 20:44:51,0.04171500,0.86600000
2018-02-25 20:44:51,0.04170700,0.11000000
2018-02-25 20:44:52,0.04170100,1.21600000
2018-02-25 20:44:52,0.04170000,8.12400000
2018-02-25 20:44:52,0.04170000,0.34800000
2018-02-25 20:44:52,0.04170000,5.29900000
2018-02-25 20:44:52,0.04170000,5.89100000
2018-02-25 20:44:52,0.04170000,6.01000000
2018-02-25 20:44:52,0.04170000,5.74000000
2018-02-25 20:44:52,0.04170000,5.12500000
2018-02-25 20:44:52,0.04170000,4.31200000
2018-02-25 20:44:52,0.04170000,3.34700000
2018-02-25 20:44:52,0.04170000,2.37800000
2018-02-25 20:44:52,0.04170000,1.57200000
2018-02-25 20:44:55,0.04170000,0.99600000
2018-02-25 20:44:59,0.04170000,17.68000000
2018-02-25 20:44:59,0.04170000,0.02400000
2018-02-25 20:45:01,0.04170000,5.32100000
2018-02-25 20:45:01,0.04170000,3.32400000
2018-02-25 20:45:01,0.04171300,0.17700000
2018-02-25 20:45:02,0.04170000,0.36700000
2018-02-25 20:45:05,0.04170000,15.91200000
2018-02-25 20:45:06,0.04170000,1.70300000
2018-02-25 20:45:07,0.04170000,0.17800000
2018-02-25 20:45:08,0.04170000,20.68500000
2018-02-25 20:45:09,0.04171000,0.25600000
2018-02-25 20:45:25,0.04170000,2.13700000
2018-02-25 20:45:25,0.04170000,0.03500000
2018-02-25 20:45:26,0.04171000,0.19100000
2018-02-25 20:45:28,0.04171000,0.12900000
2018-02-25 20:45:35,0.04171000,1.49600000
2018-02-25 20:45:46,0.04171000,0.30900000
2018-02-25 20:45:50,0.04170000,5.00000000
2018-02-25 20:45:51,0.04170000,4.33100000
2018-02-25 20:45:54,0.04170000,0.48400000
2018-02-25 20:45:56,0.04171000,0.23900000
2018-02-25 20:45:57,0.04170000,5.00000000
2018-02-25 20:45:58,0.04170000,1.98600000
2018-02-25 20:46:04,0.04170000,0.36800000
2018-02-25 20:46:07,0.04170000,0.51200000
2018-02-25 20:46:31,0.04168300,0.02500000
2018-02-25 20:46:31,0.04168200,0.02700000
2018-02-25 20:46:32,0.04167000,0.26400000
2018-02-25 20:46:32,0.04166800,0.06000000
2018-02-25 20:46:32,0.04166500,0.26400000
2018-02-25 20:46:32,0.04166800,0.16000000
2018-02-25 20:46:32,0.04167000,0.26000000
2018-02-25 20:46:32,0.04168200,0.08000000
2018-02-25 20:46:32,0.04170000,0.43200000
2018-02-25 20:46:33,0.04170000,1.78800000
2018-02-25 20:46:33,0.04171000,0.02600000
2018-02-25 20:46:33,0.04171500,1.33500000
2018-02-25 20:46:34,0.04168300,3.95100000
2018-02-25 20:46:35,0.04169900,0.02500000
2018-02-25 20:46:47,0.04169900,0.15200000
2018-02-25 20:46:50,0.04179500,0.05500000
2018-02-25 20:46:57,0.04179300,0.03000000
2018-02-25 20:47:02,0.04169100,2.39600000
2018-02-25 20:47:02,0.04168600,0.11900000
2018-02-25 20:47:02,0.04166500,0.45600000
2018-02-25 20:47:02,0.04163100,0.02500000
2018-02-25 20:47:02,0.04163000,0.58800000
2018-02-25 20:47:03,0.04164800,2.39600000
2018-02-25 20:47:03,0.04165000,1.66100000
2018-02-25 20:47:03,0.04179100,0.39400000
2018-02-25 20:47:03,0.04179200,0.48100000
2018-02-25 20:47:03,0.04179400,1.05800000
2018-02-25 20:47:03,0.04179500,0.74200000
2018-02-25 20:47:07,0.04179500,0.02500000
2018-02-25 20:47:10,0.04179500,0.11900000
2018-02-25 20:47:11,0.04179500,4.37500000
2018-02-25 20:47:13,0.04179600,0.23900000
2018-02-25 20:47:30,0.04179500,8.66600000
2018-02-25 20:47:33,0.04164700,2.40100000
2018-02-25 20:47:33,0.04164500,0.77800000
2018-02-25 20:47:33,0.04164200,2.66100000
2018-02-25 20:47:35,0.04164900,0.25900000
2018-02-25 20:47:44,0.04165000,0.05500000
2018-02-25 20:47:49,0.04173100,0.18900000
2018-02-25 20:47:51,0.04164900,0.58300000
2018-02-25 20:47:53,0.04171900,0.20800000
2018-02-25 20:47:53,0.04171800,0.28000000
2018-02-25 20:47:55,0.04164900,1.23600000
2018-02-25 20:47:56,0.04170900,0.22000000
2018-02-25 20:47:56,0.04171000,0.08000000
2018-02-25 20:48:11,0.04171000,1.35800000
2018-02-25 20:48:22,0.04171000,0.56600000
2018-02-25 20:48:24,0.04171000,0.68200000
2018-02-25 20:48:30,0.04173600,0.25900000
2018-02-25 20:48:30,0.04173700,0.27800000
2018-02-25 20:48:34,0.04167100,0.20000000
2018-02-25 20:48:39,0.04179400,0.02900000
2018-02-25 20:48:41,0.04170800,0.20000000
2018-02-25 20:48:41,0.04171000,2.17200000
2018-02-25 20:48:46,0.04179500,1.47900000
2018-02-25 20:48:46,0.04179700,0.58800000
2018-02-25 20:48:46,0.04179800,0.11800000
2018-02-25 20:48:46,0.04179900,0.02500000
2018-02-25 20:48:46,0.04180000,1.79500000
2018-02-25 20:48:49,0.04180000,17.62000000
2018-02-25 20:48:50,0.04180000,15.03300000
2018-02-25 20:49:02,0.04173300,2.39700000
2018-02-25 20:49:02,0.04172400,0.10000000
2018-02-25 20:49:02,0.04172200,0.47900000
2018-02-25 20:49:02,0.04169500,0.02400000
2018-02-25 20:49:03,0.04179800,2.39700000
2018-02-25 20:49:03,0.04180000,1.12800000
2018-02-25 20:49:03,0.04192500,0.47100000
2018-02-25 20:49:03,0.04192600,0.12500000
2018-02-25 20:49:04,0.04192500,2.50000000
2018-02-25 20:49:08,0.04192600,0.06000000
2018-02-25 20:49:14,0.04192400,0.04300000
2018-02-25 20:49:19,0.04192400,0.25100000
2018-02-25 20:49:19,0.04192400,4.06200000
2018-02-25 20:49:19,0.04192400,0.70700000
2018-02-25 20:49:27,0.04179000,2.23800000
2018-02-25 20:49:33,0.04181400,0.15200000
2018-02-25 20:49:33,0.04181200,0.50000000
2018-02-25 20:49:33,0.04180900,0.47800000
2018-02-25 20:49:33,0.04179100,0.12000000
2018-02-25 20:49:33,0.04165000,2.43100000
2018-02-25 20:49:33,0.04165000,0.20800000
2018-02-25 20:49:33,0.04165000,0.20800000
2018-02-25 20:49:33,0.04165000,0.20800000
2018-02-25 20:49:33,0.04165000,0.17300000
2018-02-25 20:49:33,0.04165000,0.17300000
2018-02-25 20:49:33,0.04165000,0.20800000
2018-02-25 20:49:33,0.04165000,0.00900000
2018-02-25 20:49:33,0.04165100,0.20800000
2018-02-25 20:49:33,0.04164800,0.47500000
2018-02-25 20:49:33,0.04164800,0.18400000
2018-02-25 20:49:33,0.04164800,0.47000000
2018-02-25 20:49:33,0.04164800,0.19700000
2018-02-25 20:49:33,0.04164800,0.85600000
2018-02-25 20:49:33,0.04180500,0.22700000
2018-02-25 20:49:50,0.04188600,0.04900000
2018-02-25 20:49:50,0.04188700,0.01100000
2018-02-25 20:50:12,0.04171500,0.28000000
2018-02-25 20:50:25,0.04185400,0.11900000
2018-02-25 20:50:29,0.04175100,0.23900000
2018-02-25 20:50:33,0.04185100,0.19000000
2018-02-25 20:50:37,0.04184800,0.28800000
2018-02-25 20:50:37,0.04184900,0.13300000
2018-02-25 20:50:37,0.04185000,0.00900000
2018-02-25 20:50:44,0.04176300,1.10100000
2018-02-25 20:50:59,0.04184000,0.03100000
2018-02-25 20:51:02,0.04176300,1.80300000
2018-02-25 20:51:02,0.04176000,0.34900000
2018-02-25 20:51:02,0.04173500,0.11900000
2018-02-25 20:51:02,0.04170000,0.28300000
2018-02-25 20:51:02,0.04168500,0.28300000
2018-02-25 20:51:02,0.04165500,0.14200000
2018-02-25 20:51:02,0.04165400,2.29200000
2018-02-25 20:51:02,0.04165300,1.72900000
2018-02-25 20:51:07,0.04165800,0.50000000
2018-02-25 20:51:07,0.04165500,1.60100000
2018-02-25 20:51:07,0.04165300,2.11200000
2018-02-25 20:51:15,0.04177400,0.51900000
2018-02-25 20:51:15,0.04177600,1.00000000
2018-02-25 20:51:15,0.04177900,0.47800000
2018-02-25 20:51:15,0.04178200,0.08900000
2018-02-25 20:51:15,0.04178600,3.84100000
2018-02-25 20:51:15,0.04179100,2.29300000
2018-02-25 20:51:15,0.04179200,0.11900000
2018-02-25 20:51:15,0.04180800,0.19100000
2018-02-25 20:51:15,0.04181900,2.11200000
2018-02-25 20:51:15,0.04182000,1.49500000
2018-02-25 20:51:15,0.04183900,0.19700000
2018-02-25 20:51:15,0.04184000,1.72900000
2018-02-25 20:51:15,0.04184600,0.16100000
2018-02-25 20:51:15,0.04185000,3.91000000
2018-02-25 20:51:15,0.04192400,1.75000000
2018-02-25 20:51:15,0.04192700,1.48100000
2018-02-25 20:51:15,0.04196200,0.26400000
2018-02-25 20:51:15,0.04196300,0.11900000
2018-02-25 20:51:15,0.04199800,0.02400000
2018-02-25 20:51:15,0.04200000,6.77400000
2018-02-25 20:51:15,0.04201100,0.79000000
2018-02-25 20:51:15,0.04205100,0.85400000
2018-02-25 20:51:15,0.04207700,0.02600000
2018-02-25 20:51:15,0.04210000,5.13800000
2018-02-25 20:51:15,0.04212000,4.57200000
2018-02-25 20:51:15,0.04212100,0.28700000
2018-02-25 20:51:15,0.04212900,0.22800000
2018-02-25 20:51:15,0.04216000,0.02600000
2018-02-25 20:51:15,0.04216500,0.77300000
2018-02-25 20:51:15,0.04217000,0.86000000
2018-02-25 20:51:15,0.04217100,1.65000000
2018-02-25 20:51:15,0.04217200,0.64400000
2018-02-25 20:51:15,0.04217400,0.09600000
2018-02-25 20:51:15,0.04217500,0.23900000
2018-02-25 20:51:15,0.04218500,0.15600000
2018-02-25 20:51:15,0.04219200,0.04800000
2018-02-25 20:51:15,0.04225400,0.31100000
2018-02-25 20:51:15,0.04229000,6.72500000
2018-02-25 20:51:15,0.04229700,0.28800000
2018-02-25 20:51:15,0.04230000,10.78200000
2018-02-25 20:51:16,0.04230000,0.05100000
2018-02-25 20:51:16,0.04230000,0.05100000
2018-02-25 20:51:16,0.04230000,0.05100000
2018-02-25 20:51:16,0.04230000,17.43600000
2018-02-25 20:51:16,0.04230000,3.32000000
2018-02-25 20:51:16,0.04230000,6.15900000
2018-02-25 20:51:16,0.04230400,1.88000000
2018-02-25 20:51:16,0.04230600,0.10000000
2018-02-25 20:51:16,0.04233000,0.64100000
2018-02-25 20:51:16,0.04234200,0.12100000
2018-02-25 20:51:16,0.04235000,1.03300000
2018-02-25 20:51:16,0.04238000,0.04800000
2018-02-25 20:51:16,0.04238300,0.05300000
2018-02-25 20:51:16,0.04238500,1.03700000
2018-02-25 20:51:16,0.04239900,0.33600000
2018-02-25 20:51:16,0.04240000,0.61600000
2018-02-25 20:51:16,0.04240000,0.71500000
2018-02-25 20:51:16,0.04241500,0.17000000
2018-02-25 20:51:16,0.04242400,0.11900000
2018-02-25 20:51:16,0.04243100,0.87600000
2018-02-25 20:51:16,0.04249700,0.03800000
2018-02-25 20:51:16,0.04230000,1.10500000
2018-02-25 20:51:16,0.04230000,1.10000000
2018-02-25 20:51:16,0.04230000,6.50000000
2018-02-25 20:51:16,0.04230000,0.70800000
2018-02-25 20:51:16,0.04230000,3.58700000
2018-02-25 20:51:16,0.04250000,0.50000000
2018-02-25 20:51:17,0.04230200,0.54400000
2018-02-25 20:51:17,0.04250000,1.31200000
2018-02-25 20:51:17,0.04253100,0.67100000
2018-02-25 20:51:17,0.04230600,0.30000000
2018-02-25 20:51:18,0.04245000,0.07200000
2018-02-25 20:51:18,0.04245000,0.08700000
2018-02-25 20:51:18,0.04245000,0.09000000
2018-02-25 20:51:18,0.04245000,0.08700000
2018-02-25 20:51:18,0.04245000,0.08700000
2018-02-25 20:51:18,0.04245000,1.04600000
2018-02-25 20:51:18,0.04245000,0.34700000
2018-02-25 20:51:18,0.04244800,0.08700000
2018-02-25 20:51:19,0.04230800,0.21300000
2018-02-25 20:51:19,0.04244800,0.61600000
2018-02-25 20:51:20,0.04242400,0.02800000
2018-02-25 20:51:21,0.04242200,2.36000000
2018-02-25 20:51:21,0.04242400,0.09000000
2018-02-25 20:51:21,0.04253300,0.07000000
2018-02-25 20:51:23,0.04232100,0.13900000
2018-02-25 20:51:24,0.04232400,1.35600000
2018-02-25 20:51:26,0.04232400,0.03300000
2018-02-25 20:51:27,0.04233300,0.06000000
2018-02-25 20:51:27,0.04233400,0.12000000
2018-02-25 20:51:27,0.04233600,0.07900000
2018-02-25 20:51:28,0.04233600,0.10600000
2018-02-25 20:51:28,0.04233600,0.02800000
2018-02-25 20:51:28,0.04233600,0.03100000
2018-02-25 20:51:30,0.04234200,0.07100000
2018-02-25 20:51:30,0.04240200,0.09600000
2018-02-25 20:51:31,0.04250000,9.99000000
2018-02-25 20:51:31,0.04253100,0.12000000
2018-02-25 20:51:31,0.04253200,0.06600000
2018-02-25 20:51:31,0.04253300,0.00200000
2018-02-25 20:51:31,0.04257400,0.30000000
2018-02-25 20:51:31,0.04257500,0.52500000
2018-02-25 20:51:31,0.04241200,0.39300000
2018-02-25 20:51:31,0.04241000,0.47100000
2018-02-25 20:51:31,0.04240900,0.35200000
2018-02-25 20:51:32,0.04240900,0.17600000
2018-02-25 20:51:32,0.04240900,0.31400000
2018-02-25 20:51:32,0.04259000,6.00000000
2018-02-25 20:51:32,0.04260000,2.67700000
2018-02-25 20:51:32,0.04244000,0.20300000
2018-02-25 20:51:33,0.04244000,1.91400000
2018-02-25 20:51:34,0.04262900,0.47100000
2018-02-25 20:51:34,0.04263200,0.84200000
2018-02-25 20:51:34,0.04263500,0.21300000
2018-02-25 20:51:34,0.04263600,1.45300000
2018-02-25 20:51:34,0.04265000,0.24800000
2018-02-25 20:51:34,0.04266000,0.08700000
2018-02-25 20:51:34,0.04271000,0.60600000
2018-02-25 20:51:35,0.04246000,0.09400000
2018-02-25 20:51:35,0.04246000,0.78500000
2018-02-25 20:51:36,0.04246100,0.11800000
2018-02-25 20:51:38,0.04246200,0.02700000
2018-02-25 20:51:38,0.04246200,1.60900000
2018-02-25 20:51:38,0.04246100,0.29700000
2018-02-25 20:51:39,0.04246200,0.05600000
2018-02-25 20:51:39,0.04246100,0.25800000
2018-02-25 20:51:39,0.04246000,1.12100000
2018-02-25 20:51:39,0.04244100,0.11800000
2018-02-25 20:51:39,0.04240000,1.13800000
2018-02-25 20:51:39,0.04262100,0.41800000
2018-02-25 20:51:40,0.04246100,0.08500000
2018-02-25 20:51:40,0.04240000,1.49400000
2018-02-25 20:51:40,0.04240000,39.54800000
2018-02-25 20:51:40,0.04261800,1.97400000
2018-02-25 20:51:40,0.04262000,0.62800000
2018-02-25 20:51:40,0.04262300,0.41500000
2018-02-25 20:51:40,0.04262600,1.63600000
2018-02-25 20:51:40,0.04262700,2.07500000
2018-02-25 20:51:41,0.04243900,0.06400000
2018-02-25 20:51:42,0.04244200,1.11000000
2018-02-25 20:51:42,0.04244100,0.33200000
2018-02-25 20:51:42,0.04258000,2.00000000
2018-02-25 20:51:42,0.04269800,0.33500000
2018-02-25 20:51:43,0.04244500,0.13200000
2018-02-25 20:51:45,0.04246500,0.13100000
2018-02-25 20:51:45,0.04246600,0.05900000
2018-02-25 20:51:45,0.04246600,0.64400000
2018-02-25 20:51:45,0.04246500,0.87400000
2018-02-25 20:51:45,0.04250000,0.05200000
2018-02-25 20:51:46,0.04249700,1.33700000
2018-02-25 20:51:46,0.04249900,2.04500000
2018-02-25 20:51:46,0.04250000,0.22700000
2018-02-25 20:51:47,0.04259900,0.50000000
2018-02-25 20:51:47,0.04260000,1.00000000
2018-02-25 20:51:47,0.04250200,0.05900000
2018-02-25 20:51:47,0.04250300,1.28100000
2018-02-25 20:51:48,0.04259900,0.06400000
2018-02-25 20:51:48,0.04262000,0.42300000
2018-02-25 20:51:48,0.04262000,2.51300000
2018-02-25 20:51:48,0.04261800,0.54400000
2018-02-25 20:51:48,0.04252200,2.35100000
2018-02-25 20:51:48,0.04252000,2.00000000
2018-02-25 20:51:48,0.04250300,3.96600000
2018-02-25 20:51:48,0.04250000,3.89200000
2018-02-25 20:51:48,0.04254100,0.35700000
2018-02-25 20:51:48,0.04254000,0.92400000
2018-02-25 20:51:49,0.04254000,0.05900000
2018-02-25 20:51:49,0.04254000,1.01700000
2018-02-25 20:51:49,0.04250100,4.93700000
2018-02-25 20:51:49,0.04250000,6.25500000
2018-02-25 20:51:50,0.04250000,12.20700000
2018-02-25 20:51:50,0.04250500,0.47700000
2018-02-25 20:51:50,0.04250500,0.20400000
2018-02-25 20:51:51,0.04254200,0.05900000
2018-02-25 20:51:51,0.04254200,0.77600000
2018-02-25 20:51:51,0.04252000,1.79600000
2018-02-25 20:51:51,0.04250000,6.75700000
2018-02-25 20:51:52,0.04268400,2.41000000
2018-02-25 20:51:52,0.04268600,0.41300000
2018-02-25 20:51:52,0.04268900,0.10900000
2018-02-25 20:51:52,0.04250200,0.19500000
2018-02-25 20:51:53,0.04254200,0.66200000
2018-02-25 20:51:53,0.04252100,0.23300000
2018-02-25 20:51:54,0.04252100,0.00900000
2018-02-25 20:51:55,0.04260000,0.02800000
2018-02-25 20:51:56,0.04260000,0.94300000
2018-02-25 20:51:57,0.04267800,0.15200000
2018-02-25 20:51:59,0.04254200,0.10800000
2018-02-25 20:52:02,0.04254700,1.40600000
2018-02-25 20:52:02,0.04254700,0.18800000
2018-02-25 20:52:03,0.04260000,0.05300000
2018-02-25 20:52:04,0.04259800,1.74500000
2018-02-25 20:52:05,0.04254700,0.20000000
2018-02-25 20:52:07,0.04254700,0.38300000
2018-02-25 20:52:09,0.04255000,1.76300000
2018-02-25 20:52:09,0.04254800,0.10800000
2018-02-25 20:52:10,0.04254600,2.34600000
2018-02-25 20:52:10,0.04254800,0.00900000
2018-02-25 20:52:11,0.04254200,0.09500000
2018-02-25 20:52:11,0.04260000,1.00000000
2018-02-25 20:52:11,0.04266700,4.93700000
2018-02-25 20:52:11,0.04266800,0.24200000
2018-02-25 20:52:11,0.04267000,1.46900000
2018-02-25 20:52:13,0.04259800,0.22000000
2018-02-25 20:52:15,0.04260000,0.40000000
2018-02-25 20:52:16,0.04260000,0.12900000
2018-02-25 20:52:18,0.04260000,0.28900000
2018-02-25 20:52:18,0.04267000,0.34500000
2018-02-25 20:52:18,0.04260000,0.06100000
2018-02-25 20:52:18,0.04260000,0.05800000
2018-02-25 20:52:19,0.04260000,1.40900000
2018-02-25 20:52:19,0.04259800,1.04600000
2018-02-25 20:52:19,0.04259800,1.30000000
2018-02-25 20:52:19,0.04260000,0.59100000
2018-02-25 20:52:21,0.04257800,0.07100000
2018-02-25 20:52:21,0.04260000,0.28700000
2018-02-25 20:52:22,0.04259800,0.07100000
2018-02-25 20:52:25,0.04260000,0.50000000
2018-02-25 20:52:27,0.04257200,0.05900000
2018-02-25 20:52:28,0.04260000,0.50000000
2018-02-25 20:52:29,0.04259800,0.05900000
2018-02-25 20:52:29,0.04260000,0.43700000
2018-02-25 20:52:30,0.04259700,0.11700000
2018-02-25 20:52:30,0.04260000,1.09200000
2018-02-25 20:52:30,0.04260000,3.34000000
2018-02-25 20:52:30,0.04260000,2.74300000
2018-02-25 20:52:30,0.04260000,2.19300000
2018-02-25 20:52:30,0.04260000,1.66600000
2018-02-25 20:52:30,0.04260000,1.28100000
2018-02-25 20:52:31,0.04257000,0.07000000
2018-02-25 20:52:31,0.04260000,1.01400000
2018-02-25 20:52:32,0.04260000,2.51400000
2018-02-25 20:52:32,0.04260000,0.19700000
2018-02-25 20:52:33,0.04260000,0.22000000
2018-02-25 20:52:33,0.04260000,0.00500000
2018-02-25 20:52:34,0.04257000,0.20000000
2018-02-25 20:52:34,0.04257000,0.65800000
2018-02-25 20:52:35,0.04256200,0.19100000
2018-02-25 20:52:37,0.04256500,0.05500000
2018-02-25 20:52:37,0.04256800,0.23700000
2018-02-25 20:52:40,0.04265400,0.48300000
2018-02-25 20:52:41,0.04260000,1.02600000
2018-02-25 20:52:41,0.04265600,0.15900000
2018-02-25 20:52:42,0.04260400,0.02600000
2018-02-25 20:52:42,0.04260300,0.02400000
2018-02-25 20:52:42,0.04260000,0.70600000
2018-02-25 20:52:43,0.04260200,0.02900000
2018-02-25 20:52:43,0.04266300,0.09200000
2018-02-25 20:52:43,0.04266400,0.07600000
2018-02-25 20:52:44,0.04267000,1.18200000
2018-02-25 20:52:45,0.04266400,2.16100000
2018-02-25 20:52:45,0.04266400,0.14800000
2018-02-25 20:52:47,0.04267000,1.23500000
2018-02-25 20:52:52,0.04267000,0.30500000
2018-02-25 20:52:57,0.04260500,0.25100000
2018-02-25 20:52:57,0.04260500,0.24900000
2018-02-25 20:52:57,0.04260500,0.63300000
2018-02-25 20:52:57,0.04260500,1.21000000
2018-02-25 20:52:57,0.04260300,0.05900000
2018-02-25 20:52:58,0.04260300,2.31300000
2018-02-25 20:52:58,0.04260500,2.82400000
2018-02-25 20:52:59,0.04260500,1.21300000
2018-02-25 20:53:01,0.04260300,0.07400000
2018-02-25 20:53:01,0.04260500,0.34000000
2018-02-25 20:53:01,0.04260500,0.34000000
2018-02-25 20:53:02,0.04266900,1.00600000
2018-02-25 20:53:02,0.04267000,0.99400000
2018-02-25 20:53:02,0.04260500,0.09700000
2018-02-25 20:53:03,0.04260500,0.11300000
2018-02-25 20:53:03,0.04260500,0.09700000
2018-02-25 20:53:07,0.04260500,0.00100000
2018-02-25 20:53:10,0.04260300,0.98800000
2018-02-25 20:53:11,0.04260500,1.57500000
2018-02-25 20:53:13,0.04260500,0.08500000
2018-02-25 20:53:15,0.04260500,0.99900000
2018-02-25 20:53:15,0.04260500,0.29000000
2018-02-25 20:53:16,0.04260500,1.21300000
2018-02-25 20:53:16,0.04260300,1.09200000
2018-02-25 20:53:22,0.04266000,0.57100000
2018-02-25 20:53:23,0.04266000,0.08300000
2018-02-25 20:53:23,0.04260700,0.04200000
2018-02-25 20:53:26,0.04267000,0.39800000
2018-02-25 20:53:33,0.04265000,1.00000000
2018-02-25 20:53:33,0.04267000,1.27200000
2018-02-25 20:53:33,0.04267500,1.30900000
2018-02-25 20:53:37,0.04260700,0.18700000
2018-02-25 20:53:39,0.04267000,0.54300000
2018-02-25 20:53:39,0.04267700,0.35400000
2018-02-25 20:53:43,0.04266800,0.22300000
2018-02-25 20:53:44,0.04266800,0.00600000
2018-02-25 20:53:44,0.04267000,0.26800000
2018-02-25 20:53:45,0.04265000,1.14400000
2018-02-25 20:53:45,0.04265000,5.89800000
2018-02-25 20:53:46,0.04260900,0.27100000
2018-02-25 20:53:47,0.04267000,0.02900000
2018-02-25 20:53:47,0.04267700,0.79200000
2018-02-25 20:53:48,0.04267700,8.85700000
2018-02-25 20:53:51,0.04267700,0.05900000
2018-02-25 20:53:51,0.04269400,0.01100000
2018-02-25 20:53:52,0.04261000,0.11800000
2018-02-25 20:53:53,0.04269400,0.61300000
2018-02-25 20:53:54,0.04265000,2.17000000
2018-02-25 20:53:54,0.04269400,0.29500000
2018-02-25 20:53:56,0.04266800,0.05700000
2018-02-25 20:53:56,0.04260800,1.96900000
2018-02-25 20:53:56,0.04260500,0.61400000
2018-02-25 20:53:56,0.04260400,1.20400000
2018-02-25 20:53:56,0.04260300,0.06700000
2018-02-25 20:53:56,0.04260300,1.65200000
2018-02-25 20:53:57,0.04260000,0.51000000
2018-02-25 20:53:59,0.04266800,0.06100000
2018-02-25 20:53:59,0.04267000,0.31600000
2018-02-25 20:53:59,0.04258200,2.15900000
2018-02-25 20:53:59,0.04258200,0.14300000
2018-02-25 20:54:01,0.04258200,0.02900000
2018-02-25 20:54:01,0.04258200,0.01700000
2018-02-25 20:54:02,0.04266100,0.04000000
2018-02-25 20:54:03,0.04258000,0.24800000
2018-02-25 20:54:06,0.04256200,0.07100000
2018-02-25 20:54:06,0.04256200,0.47300000
2018-02-25 20:54:07,0.04256200,0.07400000
2018-02-25 20:54:07,0.04256200,0.11900000
2018-02-25 20:54:08,0.04256200,0.10400000
2018-02-25 20:54:09,0.04255300,0.64200000
2018-02-25 20:54:09,0.04255000,0.56600000
2018-02-25 20:54:10,0.04255000,0.19000000
2018-02-25 20:54:10,0.04255000,0.03000000
2018-02-25 20:54:11,0.04257800,2.30800000
2018-02-25 20:54:11,0.04258000,2.99700000
2018-02-25 20:54:11,0.04255200,0.07800000
2018-02-25 20:54:13,0.04255000,0.04000000
2018-02-25 20:54:14,0.04255000,0.06000000
2018-02-25 20:54:15,0.04255000,0.25800000
2018-02-25 20:54:16,0.04255000,0.04800000
2018-02-25 20:54:17,0.04255000,0.54400000
2018-02-25 20:54:17,0.04255000,0.06000000
2018-02-25 20:54:18,0.04255000,0.27600000
2018-02-25 20:54:18,0.04250400,0.02100000
2018-02-25 20:54:19,0.04257800,0.07800000
2018-02-25 20:54:19,0.04255000,0.06100000
2018-02-25 20:54:20,0.04255000,0.14400000
2018-02-25 20:54:20,0.04255000,0.07100000
2018-02-25 20:54:20,0.04255000,0.01100000
2018-02-25 20:54:20,0.04254000,1.00000000
2018-02-25 20:54:21,0.04254000,4.98900000
2018-02-25 20:54:21,0.04250600,0.05200000
2018-02-25 20:54:22,0.04250900,0.13700000
2018-02-25 20:54:23,0.04250900,0.23900000
2018-02-25 20:54:23,0.04250900,0.29500000
2018-02-25 20:54:23,0.04250900,1.62800000
2018-02-25 20:54:23,0.04250700,10.30300000
2018-02-25 20:54:23,0.04250400,2.13000000
2018-02-25 20:54:23,0.04250300,3.37800000
2018-02-25 20:54:24,0.04250300,0.16800000
2018-02-25 20:54:25,0.04250300,0.07100000
2018-02-25 20:54:25,0.04250300,0.30000000
2018-02-25 20:54:25,0.04250300,0.08200000
2018-02-25 20:54:25,0.04250300,0.10200000
2018-02-25 20:54:26,0.04250300,0.10500000
2018-02-25 20:54:26,0.04250300,0.16700000
2018-02-25 20:54:26,0.04250300,0.20400000
2018-02-25 20:54:26,0.04250300,0.19100000
2018-02-25 20:54:26,0.04250300,0.04800000
2018-02-25 20:54:26,0.04250300,0.06000000
2018-02-25 20:54:26,0.04250300,0.08300000
2018-02-25 20:54:27,0.04250300,0.06900000
2018-02-25 20:54:27,0.04250300,6.19500000
2018-02-25 20:54:27,0.04250300,0.08300000
2018-02-25 20:54:27,0.04250300,0.35800000
2018-02-25 20:54:27,0.04250300,0.11600000
2018-02-25 20:54:29,0.04250300,0.05200000
2018-02-25 20:54:29,0.04250300,0.02900000
2018-02-25 20:54:30,0.04250300,0.06000000
2018-02-25 20:54:30,0.04250300,0.56100000
2018-02-25 20:54:31,0.04257800,0.08600000
2018-02-25 20:54:31,0.04250300,1.80900000
2018-02-25 20:54:32,0.04250300,0.03000000
2018-02-25 20:54:33,0.04250300,0.12000000
2018-02-25 20:54:33,0.04250300,0.03900000
2018-02-25 20:54:34,0.04250300,0.06000000
2018-02-25 20:54:34,0.04250300,0.47800000
2018-02-25 20:54:34,0.04250300,0.09500000
2018-02-25 20:54:34,0.04253800,2.15800000
2018-02-25 20:54:35,0.04250300,0.37800000
2018-02-25 20:54:35,0.04250300,0.05200000
2018-02-25 20:54:36,0.04250300,0.11500000
2018-02-25 20:54:37,0.04250300,0.07100000
2018-02-25 20:54:37,0.04250300,0.11800000
2018-02-25 20:54:37,0.04250300,2.00000000
2018-02-25 20:54:37,0.04250300,0.07200000
2018-02-25 20:54:37,0.04250300,0.06000000
2018-02-25 20:54:38,0.04250300,0.04800000
2018-02-25 20:54:38,0.04250300,0.05900000
2018-02-25 20:54:38,0.04250300,0.02900000
2018-02-25 20:54:38,0.04250300,0.35800000
2018-02-25 20:54:38,0.04250300,0.37800000
2018-02-25 20:54:38,0.04250300,0.30900000
2018-02-25 20:54:39,0.04250300,0.30000000
2018-02-25 20:54:39,0.04250300,0.03300000
2018-02-25 20:54:39,0.04250300,0.00200000
2018-02-25 20:54:41,0.04250100,0.10700000
2018-02-25 20:54:45,0.04250200,0.14600000
2018-02-25 20:54:46,0.04250100,0.08500000
2018-02-25 20:54:47,0.04250200,5.09800000
2018-02-25 20:54:48,0.04250100,1.85800000
2018-02-25 20:54:48,0.04250200,3.06500000
2018-02-25 20:54:51,0.04250200,1.99400000
2018-02-25 20:54:51,0.04250300,8.18100000
2018-02-25 20:54:51,0.04250100,0.19800000
2018-02-25 20:54:52,0.04250300,1.03300000
2018-02-25 20:54:52,0.04250300,1.07900000
2018-02-25 20:54:52,0.04250300,0.49800000
2018-02-25 20:54:54,0.04250300,2.09200000
2018-02-25 20:54:54,0.04250100,0.03100000
2018-02-25 20:54:56,0.04250100,0.03300000
2018-02-25 20:55:00,0.04250100,0.05000000
2018-02-25 20:55:05,0.04253500,2.97400000
2018-02-25 20:55:05,0.04253500,1.87900000
2018-02-25 20:55:05,0.04253500,1.14600000
2018-02-25 20:55:06,0.04254000,2.43100000
2018-02-25 20:55:06,0.04255000,1.10800000
2018-02-25 20:55:09,0.04265500,0.09400000
2018-02-25 20:55:09,0.04265500,0.40600000
2018-02-25 20:55:09,0.04265600,0.46900000
2018-02-25 20:55:09,0.04265700,1.12500000
2018-02-25 20:55:10,0.04265700,0.73700000
2018-02-25 20:55:10,0.04255600,0.05900000
2018-02-25 20:55:10,0.04265700,0.24500000
2018-02-25 20:55:15,0.04265600,0.05900000
2018-02-25 20:55:15,0.04265700,0.76700000
2018-02-25 20:55:15,0.04257300,2.35100000
2018-02-25 20:55:15,0.04257100,0.44100000
2018-02-25 20:55:15,0.04257000,0.46900000
2018-02-25 20:55:15,0.04255500,0.07000000
2018-02-25 20:55:15,0.04254900,0.11700000
2018-02-25 20:55:15,0.04254800,0.05900000
2018-02-25 20:55:16,0.04254000,0.59800000
2018-02-25 20:55:17,0.04254000,5.11700000
2018-02-25 20:55:18,0.04254600,0.13600000
2018-02-25 20:55:25,0.04254600,2.21500000
2018-02-25 20:55:29,0.04254800,3.84200000
2018-02-25 20:55:29,0.04254800,0.30000000
2018-02-25 20:55:30,0.04254800,0.69200000
2018-02-25 20:55:36,0.04254600,0.13200000
2018-02-25 20:55:36,0.04254600,3.13900000
2018-02-25 20:55:36,0.04254600,0.16200000
2018-02-25 20:55:37,0.04254600,0.25600000
2018-02-25 20:55:43,0.04254600,0.42800000
2018-02-25 20:55:52,0.04254800,0.57000000
2018-02-25 20:55:52,0.04254800,1.95200000
2018-02-25 20:55:56,0.04254800,0.35200000
2018-02-25 20:55:57,0.04265400,0.04000000
2018-02-25 20:56:06,0.04264600,0.11700000
2018-02-25 20:56:06,0.04264700,0.46900000
2018-02-25 20:56:06,0.04264800,1.11000000
2018-02-25 20:56:06,0.04265400,0.06000000
2018-02-25 20:56:06,0.04265400,1.64900000
2018-02-25 20:56:06,0.04265400,3.98800000
2018-02-25 20:56:06,0.04259900,1.28000000
2018-02-25 20:56:09,0.04259900,0.09400000
2018-02-25 20:56:11,0.04259900,1.00000000
2018-02-25 20:56:12,0.04259900,1.00000000
2018-02-25 20:56:12,0.04259900,1.00000000
2018-02-25 20:56:13,0.04254800,0.40300000
2018-02-25 20:56:15,0.04254700,0.46900000
2018-02-25 20:56:19,0.04254800,8.64500000
2018-02-25 20:56:25,0.04259900,0.04900000
2018-02-25 20:56:29,0.04255600,2.34800000
2018-02-25 20:56:29,0.04255400,0.59900000
2018-02-25 20:56:29,0.04254800,4.55300000
2018-02-25 20:56:40,0.04254800,0.05700000
2018-02-25 20:56:42,0.04254800,1.34000000
2018-02-25 20:56:42,0.04254600,0.84700000
2018-02-25 20:56:54,0.04254000,0.50000000
2018-02-25 20:56:54,0.04254300,1.21000000
2018-02-25 20:56:58,0.04254000,0.29100000
2018-02-25 20:57:02,0.04254000,0.79800000
2018-02-25 20:57:02,0.04251300,0.20200000
2018-02-25 20:57:08,0.04250600,4.46800000
2018-02-25 20:57:12,0.04254000,0.12800000
2018-02-25 20:57:17,0.04251300,0.28000000
2018-02-25 20:57:18,0.04251300,0.42800000
2018-02-25 20:57:21,0.04254000,0.06800000
2018-02-25 20:57:21,0.04254100,0.60200000
2018-02-25 20:57:21,0.04254800,0.04800000
2018-02-25 20:57:21,0.04259900,1.73300000
2018-02-25 20:57:21,0.04260000,0.14500000
2018-02-25 20:57:21,0.04260000,21.04100000
2018-02-25 20:57:23,0.04252200,0.05500000
2018-02-25 20:57:23,0.04252400,2.35200000
2018-02-25 20:57:23,0.04252200,0.44500000
2018-02-25 20:57:23,0.04251900,0.26700000
2018-02-25 20:57:23,0.04251300,6.75800000
2018-02-25 20:57:29,0.04252700,0.05800000
2018-02-25 20:57:29,0.04252300,0.11700000
2018-02-25 20:57:29,0.04251300,0.39700000
2018-02-25 20:57:31,0.04251400,0.02700000
2018-02-25 20:57:31,0.04254000,0.18500000
2018-02-25 20:57:31,0.04251300,0.05400000
