DATE,PRICE,VOLUME
2018-02-24 19:00:00,0.04079800,0.42600000
2018-02-24 19:00:00,0.04079900,0.02500000
2018-02-24 19:00:00,0.04080000,25.58100000
2018-02-24 19:00:02,0.04079900,0.02300000
2018-02-24 19:00:02,0.04079900,2.82300000
2018-02-24 19:00:06,0.04079900,1.51700000
2018-02-24 19:00:06,0.04080000,0.49200000
2018-02-24 19:00:06,0.04080000,1.27800000
2018-02-24 19:00:07,0.04071400,0.49500000
2018-02-24 19:00:08,0.04080000,0.27500000
2018-02-24 19:00:10,0.04079900,1.10600000
2018-02-24 19:00:16,0.04079900,1.87000000
2018-02-24 19:00:22,0.04079900,1.98200000
2018-02-24 19:00:22,0.04079900,0.11200000
2018-02-24 19:00:22,0.04079900,0.28100000
2018-02-24 19:00:24,0.04080000,1.85000000
2018-02-24 19:00:26,0.04080000,4.79100000
2018-02-24 19:00:27,0.04080000,1.01100000
2018-02-24 19:00:28,0.04080000,3.63700000
2018-02-24 19:00:28,0.04079900,1.91000000
2018-02-24 19:00:28,0.04079900,0.35000000
2018-02-24 19:00:28,0.04079900,0.05200000
2018-02-24 19:00:28,0.04079900,0.38200000
2018-02-24 19:00:29,0.04079900,2.45100000
2018-02-24 19:00:29,0.04079900,2.22500000
2018-02-24 19:00:30,0.04080000,0.28000000
2018-02-24 19:00:30,0.04079900,2.45100000
2018-02-24 19:00:31,0.04079900,0.02800000
2018-02-24 19:00:31,0.04079900,0.69500000
2018-02-24 19:00:31,0.04072000,0.02600000
2018-02-24 19:00:32,0.04079900,0.26500000
2018-02-24 19:00:32,0.04080000,4.30200000
2018-02-24 19:00:33,0.04080000,2.75100000
2018-02-24 19:00:35,0.04072100,0.50000000
2018-02-24 19:00:35,0.04072000,1.22200000
2018-02-24 19:00:35,0.04072000,0.05200000
2018-02-24 19:00:36,0.04072000,0.11700000
2018-02-24 19:00:36,0.04072000,0.67900000
2018-02-24 19:00:41,0.04079800,0.07400000
2018-02-24 19:00:42,0.04072000,0.21700000
2018-02-24 19:00:49,0.04079800,0.57500000
2018-02-24 19:00:49,0.04079800,0.21000000
2018-02-24 19:00:50,0.04079800,0.21100000
2018-02-24 19:00:51,0.04079800,0.02500000
2018-02-24 19:00:51,0.04079800,2.39600000
2018-02-24 19:00:51,0.04072400,3.64000000
2018-02-24 19:00:51,0.04072000,1.76400000
2018-02-24 19:00:51,0.04071900,2.54800000
2018-02-24 19:00:51,0.04071800,2.83400000
2018-02-24 19:00:51,0.04071700,16.52400000
2018-02-24 19:00:51,0.04071600,0.66300000
2018-02-24 19:00:51,0.04071000,5.63100000
2018-02-24 19:00:52,0.04079900,0.50000000
2018-02-24 19:00:52,0.04080000,1.57600000
2018-02-24 19:00:55,0.04079900,0.12200000
2018-02-24 19:00:55,0.04080000,3.83300000
2018-02-24 19:00:56,0.04080000,48.33900000
2018-02-24 19:00:57,0.04080000,13.93800000
2018-02-24 19:00:58,0.04080000,0.37000000
2018-02-24 19:00:59,0.04080000,0.54600000
2018-02-24 19:00:59,0.04080000,6.00000000
2018-02-24 19:00:59,0.04080000,11.00000000
2018-02-24 19:00:59,0.04080000,4.23500000
2018-02-24 19:01:00,0.04080000,0.11000000
2018-02-24 19:01:00,0.04080000,3.49900000
2018-02-24 19:01:01,0.04080000,1.60700000
2018-02-24 19:01:02,0.04080000,0.96900000
2018-02-24 19:01:03,0.04080100,0.16700000
2018-02-24 19:01:03,0.04080100,0.33300000
2018-02-24 19:01:04,0.04080600,0.17800000
2018-02-24 19:01:04,0.04082000,0.44000000
2018-02-24 19:01:05,0.04080600,0.35300000
2018-02-24 19:01:05,0.04080600,0.00100000
2018-02-24 19:01:06,0.04082000,0.00100000
2018-02-24 19:01:13,0.04080600,0.64500000
2018-02-24 19:01:14,0.04080600,0.04100000
2018-02-24 19:01:14,0.04080600,0.54100000
2018-02-24 19:01:15,0.04080600,1.21900000
2018-02-24 19:01:15,0.04080600,0.80300000
2018-02-24 19:01:16,0.04080600,2.20500000
2018-02-24 19:01:16,0.04080600,0.21200000
2018-02-24 19:01:17,0.04080600,0.29100000
2018-02-24 19:01:17,0.04080600,0.98800000
2018-02-24 19:01:17,0.04080500,0.22500000
2018-02-24 19:01:18,0.04080500,0.05800000
2018-02-24 19:01:18,0.04080500,0.17100000
2018-02-24 19:01:24,0.04082000,0.34700000
2018-02-24 19:01:25,0.04082000,0.25100000
2018-02-24 19:01:25,0.04082000,1.26600000
2018-02-24 19:01:26,0.04080600,0.34300000
2018-02-24 19:01:26,0.04084400,0.49900000
2018-02-24 19:01:27,0.04084400,0.00100000
2018-02-24 19:01:27,0.04084500,0.00100000
2018-02-24 19:01:28,0.04084400,0.20700000
2018-02-24 19:01:29,0.04084400,1.29200000
2018-02-24 19:01:32,0.04084500,0.49400000
2018-02-24 19:01:32,0.04084900,0.05300000
2018-02-24 19:01:33,0.04084900,0.61000000
2018-02-24 19:01:33,0.04085000,3.03200000
2018-02-24 19:01:35,0.04084400,0.00100000
2018-02-24 19:01:35,0.04082000,1.66100000
2018-02-24 19:01:35,0.04082000,1.30300000
2018-02-24 19:01:36,0.04082000,2.44700000
2018-02-24 19:01:36,0.04082000,0.15900000
2018-02-24 19:01:37,0.04084400,0.15100000
2018-02-24 19:01:37,0.04085000,1.66200000
2018-02-24 19:01:37,0.04085100,0.16500000
2018-02-24 19:01:37,0.04085100,6.75000000
2018-02-24 19:01:37,0.04084400,0.00200000
2018-02-24 19:01:38,0.04084400,0.06100000
2018-02-24 19:01:38,0.04084400,0.92600000
2018-02-24 19:01:39,0.04084400,1.66300000
2018-02-24 19:01:39,0.04084400,0.32300000
2018-02-24 19:01:40,0.04082000,0.71800000
2018-02-24 19:01:42,0.04082000,1.28400000
2018-02-24 19:01:43,0.04082000,1.45200000
2018-02-24 19:01:43,0.04082000,2.49800000
2018-02-24 19:01:44,0.04082100,0.17500000
2018-02-24 19:01:48,0.04082100,0.00200000
2018-02-24 19:01:48,0.04080600,0.39700000
2018-02-24 19:01:49,0.04081000,0.08300000
2018-02-24 19:01:53,0.04082000,1.47400000
2018-02-24 19:01:56,0.04082000,0.52600000
2018-02-24 19:01:58,0.04082000,2.44700000
2018-02-24 19:01:58,0.04082000,6.62600000
2018-02-24 19:01:58,0.04085000,0.11200000
2018-02-24 19:01:58,0.04082000,3.43500000
2018-02-24 19:01:59,0.04082000,2.44700000
2018-02-24 19:01:59,0.04082000,1.16700000
2018-02-24 19:01:59,0.04082000,0.28000000
2018-02-24 19:01:59,0.04085000,0.28900000
2018-02-24 19:02:01,0.04082000,0.10100000
2018-02-24 19:02:01,0.04082000,0.72600000
2018-02-24 19:02:02,0.04082000,0.27400000
2018-02-24 19:02:02,0.04082000,0.41900000
2018-02-24 19:02:02,0.04082000,0.02600000
2018-02-24 19:02:03,0.04082000,2.44700000
2018-02-24 19:02:03,0.04082000,1.54000000
2018-02-24 19:02:05,0.04082100,0.66100000
2018-02-24 19:02:05,0.04082100,0.15900000
2018-02-24 19:02:05,0.04082100,2.95100000
2018-02-24 19:02:06,0.04082000,0.21800000
2018-02-24 19:02:06,0.04081000,1.02200000
2018-02-24 19:02:06,0.04080600,1.64900000
2018-02-24 19:02:06,0.04080500,1.65700000
2018-02-24 19:02:06,0.04080000,10.02900000
2018-02-24 19:02:06,0.04080000,2.18800000
2018-02-24 19:02:08,0.04080000,0.06900000
2018-02-24 19:02:08,0.04082000,0.17000000
2018-02-24 19:02:08,0.04076800,0.12200000
2018-02-24 19:02:09,0.04081000,0.89800000
2018-02-24 19:02:10,0.04073100,0.07500000
2018-02-24 19:02:11,0.04082000,0.17300000
2018-02-24 19:02:11,0.04085000,5.38900000
2018-02-24 19:02:11,0.04085200,0.96700000
2018-02-24 19:02:11,0.04085600,0.14600000
2018-02-24 19:02:11,0.04085900,0.03900000
2018-02-24 19:02:11,0.04086000,1.02000000
2018-02-24 19:02:11,0.04087600,0.06600000
2018-02-24 19:02:11,0.04088300,0.08400000
2018-02-24 19:02:11,0.04088800,0.10200000
2018-02-24 19:02:11,0.04089000,13.16500000
2018-02-24 19:02:14,0.04073100,0.17200000
2018-02-24 19:02:15,0.04073100,0.04900000
2018-02-24 19:02:16,0.04073100,0.07500000
2018-02-24 19:02:17,0.04073100,0.09800000
2018-02-24 19:02:19,0.04073100,1.48900000
2018-02-24 19:02:19,0.04081900,0.07600000
2018-02-24 19:02:19,0.04081900,0.04600000
2018-02-24 19:02:19,0.04082000,2.04600000
2018-02-24 19:02:19,0.04089000,3.18000000
2018-02-24 19:02:22,0.04081900,0.37600000
2018-02-24 19:02:24,0.04080000,1.05700000
2018-02-24 19:02:24,0.04088400,0.27600000
2018-02-24 19:02:25,0.04088400,0.22400000
2018-02-24 19:02:25,0.04088500,1.07900000
2018-02-24 19:02:27,0.04081900,1.27300000
2018-02-24 19:02:30,0.04088400,0.60000000
2018-02-24 19:02:32,0.04088400,0.32400000
2018-02-24 19:02:35,0.04082000,1.95000000
2018-02-24 19:02:35,0.04084300,0.14700000
2018-02-24 19:02:35,0.04080100,0.50000000
2018-02-24 19:02:35,0.04080000,0.64200000
2018-02-24 19:02:36,0.04080000,3.95500000
2018-02-24 19:02:37,0.04080000,0.09100000
2018-02-24 19:02:41,0.04082500,2.94800000
2018-02-24 19:02:41,0.04080000,18.72600000
2018-02-24 19:02:43,0.04080000,0.06600000
2018-02-24 19:02:43,0.04080000,3.18500000
2018-02-24 19:02:43,0.04080000,11.50300000
2018-02-24 19:02:44,0.04080000,2.14300000
2018-02-24 19:02:45,0.04086900,0.50000000
2018-02-24 19:02:45,0.04087000,1.28900000
2018-02-24 19:02:45,0.04088000,1.00000000
2018-02-24 19:02:45,0.04088300,0.91300000
2018-02-24 19:02:45,0.04088400,1.29800000
2018-02-24 19:02:45,0.04088400,0.10700000
2018-02-24 19:02:45,0.04074000,0.06200000
2018-02-24 19:02:48,0.04080000,3.87800000
2018-02-24 19:02:48,0.04084300,0.06100000
2018-02-24 19:02:51,0.04074100,0.12200000
2018-02-24 19:02:51,0.04074000,0.16700000
2018-02-24 19:02:55,0.04075100,0.06200000
2018-02-24 19:02:56,0.04075100,0.04900000
2018-02-24 19:03:07,0.04075300,0.72100000
2018-02-24 19:03:08,0.04075300,0.49000000
2018-02-24 19:03:08,0.04083800,0.27900000
2018-02-24 19:03:08,0.04083900,0.12200000
2018-02-24 19:03:08,0.04084000,0.62600000
2018-02-24 19:03:08,0.04084400,0.50000000
2018-02-24 19:03:09,0.04084400,3.57400000
2018-02-24 19:03:09,0.04075200,0.24600000
2018-02-24 19:03:09,0.04075000,0.79400000
2018-02-24 19:03:09,0.04074800,0.03200000
2018-02-24 19:03:09,0.04074000,0.11900000
2018-02-24 19:03:09,0.04074000,0.04100000
2018-02-24 19:03:12,0.04080000,0.14700000
2018-02-24 19:03:14,0.04080000,0.33800000
2018-02-24 19:03:15,0.04074100,0.77500000
2018-02-24 19:03:15,0.04074000,5.62600000
2018-02-24 19:03:15,0.04073100,1.18500000
2018-02-24 19:03:15,0.04071800,0.11400000
2018-02-24 19:03:19,0.04071800,0.00800000
2018-02-24 19:03:19,0.04071500,2.24200000
2018-02-24 19:03:19,0.04071000,2.08800000
2018-02-24 19:03:19,0.04070000,1.66000000
2018-02-24 19:03:20,0.04070000,0.06600000
2018-02-24 19:03:22,0.04070000,0.10000000
2018-02-24 19:03:22,0.04070000,0.06200000
2018-02-24 19:03:23,0.04074000,0.00100000
2018-02-24 19:03:23,0.04074000,0.49900000
2018-02-24 19:03:28,0.04074000,3.47500000
2018-02-24 19:03:28,0.04074000,0.31700000
2018-02-24 19:03:28,0.04074000,0.50400000
2018-02-24 19:03:29,0.04074000,0.09600000
2018-02-24 19:03:29,0.04073900,0.26800000
2018-02-24 19:03:30,0.04073900,0.05800000
2018-02-24 19:03:31,0.04070100,0.06200000
2018-02-24 19:03:32,0.04070000,0.07700000
2018-02-24 19:03:32,0.04069500,7.62300000
2018-02-24 19:03:35,0.04070500,0.19500000
2018-02-24 19:03:36,0.04073900,0.03300000
2018-02-24 19:03:37,0.04070600,0.05500000
2018-02-24 19:03:38,0.04070600,0.02700000
2018-02-24 19:03:38,0.04073900,1.13100000
2018-02-24 19:03:38,0.04070600,3.64200000
2018-02-24 19:03:39,0.04074000,0.83700000
2018-02-24 19:03:39,0.04074000,9.81800000
2018-02-24 19:03:40,0.04074000,0.31400000
2018-02-24 19:03:40,0.04074000,0.28500000
2018-02-24 19:03:40,0.04074000,0.72100000
2018-02-24 19:03:40,0.04074000,0.72100000
2018-02-24 19:03:40,0.04074000,0.72000000
2018-02-24 19:03:41,0.04074000,0.72000000
2018-02-24 19:03:41,0.04074000,2.19700000
2018-02-24 19:03:42,0.04074000,0.06400000
2018-02-24 19:03:45,0.04073900,0.98800000
2018-02-24 19:03:45,0.04073900,0.00200000
2018-02-24 19:03:45,0.04075300,0.35900000
2018-02-24 19:03:47,0.04075300,0.06200000
2018-02-24 19:03:47,0.04075300,0.34700000
2018-02-24 19:03:47,0.04075300,0.00200000
2018-02-24 19:03:52,0.04070800,0.39000000
2018-02-24 19:03:53,0.04073100,1.00800000
2018-02-24 19:03:53,0.04071000,10.38100000
2018-02-24 19:03:53,0.04071000,8.73300000
2018-02-24 19:03:53,0.04071000,1.39000000
2018-02-24 19:03:53,0.04070900,0.50000000
2018-02-24 19:03:53,0.04070600,1.23900000
2018-02-24 19:03:53,0.04070500,0.88800000
2018-02-24 19:03:53,0.04070200,2.61300000
2018-02-24 19:03:53,0.04070200,2.08800000
2018-02-24 19:03:54,0.04073100,0.83700000
2018-02-24 19:03:54,0.04073100,0.56200000
2018-02-24 19:03:55,0.04073000,0.50000000
2018-02-24 19:03:55,0.04073100,5.93200000
2018-02-24 19:03:55,0.04070100,2.61300000
2018-02-24 19:03:55,0.04069500,1.46200000
2018-02-24 19:03:55,0.04069500,1.10700000
2018-02-24 19:03:55,0.04069600,5.98100000
2018-02-24 19:03:56,0.04073100,0.22600000
2018-02-24 19:03:56,0.04073100,0.95400000
2018-02-24 19:03:57,0.04069600,18.02100000
2018-02-24 19:03:57,0.04069500,8.01100000
2018-02-24 19:03:58,0.04069500,2.25700000
2018-02-24 19:03:58,0.04069500,1.46200000
2018-02-24 19:03:59,0.04069500,10.98900000
2018-02-24 19:03:59,0.04069500,13.66000000
2018-02-24 19:04:00,0.04069500,10.94500000
2018-02-24 19:04:00,0.04069500,1.10500000
2018-02-24 19:04:00,0.04069500,0.66100000
2018-02-24 19:04:01,0.04069500,3.02800000
2018-02-24 19:04:02,0.04069500,0.19500000
2018-02-24 19:04:02,0.04069000,1.65300000
2018-02-24 19:04:04,0.04069500,0.12100000
2018-02-24 19:04:04,0.04069000,1.95300000
2018-02-24 19:04:07,0.04070100,0.68700000
2018-02-24 19:04:08,0.04069000,0.10700000
2018-02-24 19:04:10,0.04069500,1.23500000
2018-02-24 19:04:10,0.04069500,0.14700000
2018-02-24 19:04:11,0.04069500,0.50000000
2018-02-24 19:04:12,0.04069000,0.79000000
2018-02-24 19:04:12,0.04069000,1.37000000
2018-02-24 19:04:12,0.04068900,0.03900000
2018-02-24 19:04:16,0.04068800,0.28000000
2018-02-24 19:04:17,0.04068800,0.31100000
2018-02-24 19:04:18,0.04069000,1.95000000
2018-02-24 19:04:19,0.04069000,0.04200000
2018-02-24 19:04:21,0.04069000,0.11500000
2018-02-24 19:04:21,0.04066200,0.17200000
2018-02-24 19:04:21,0.04065700,0.03600000
2018-02-24 19:04:23,0.04065700,0.03800000
2018-02-24 19:04:23,0.04062100,0.23800000
2018-02-24 19:04:25,0.04062100,1.52400000
2018-02-24 19:04:25,0.04062000,0.08400000
2018-02-24 19:04:25,0.04061300,0.39100000
2018-02-24 19:04:25,0.04060000,0.30300000
2018-02-24 19:04:25,0.04058300,0.02700000
2018-02-24 19:04:25,0.04055400,0.17300000
2018-02-24 19:04:25,0.04055100,0.16700000
2018-02-24 19:04:25,0.04055000,0.94900000
2018-02-24 19:04:29,0.04057500,0.27500000
2018-02-24 19:04:29,0.04057100,0.10000000
2018-02-24 19:04:29,0.04055000,1.14700000
2018-02-24 19:04:29,0.04055000,1.93500000
2018-02-24 19:04:32,0.04068400,0.21800000
2018-02-24 19:04:32,0.04068400,0.05700000
2018-02-24 19:04:32,0.04068500,0.17200000
2018-02-24 19:04:32,0.04068500,0.05700000
2018-02-24 19:04:32,0.04068500,0.36300000
2018-02-24 19:04:32,0.04068600,0.12200000
2018-02-24 19:04:32,0.04068800,0.12000000
2018-02-24 19:04:32,0.04068800,0.37200000
2018-02-24 19:04:32,0.04068800,0.73600000
2018-02-24 19:04:33,0.04068800,0.03600000
2018-02-24 19:04:36,0.04062000,0.24600000
2018-02-24 19:04:36,0.04060800,0.24600000
2018-02-24 19:04:36,0.04060400,0.12200000
2018-02-24 19:04:36,0.04060000,0.10300000
2018-02-24 19:04:37,0.04060000,2.82300000
2018-02-24 19:04:47,0.04061900,0.12300000
2018-02-24 19:04:47,0.04061200,0.16100000
2018-02-24 19:04:47,0.04060000,0.04400000
2018-02-24 19:04:50,0.04067400,0.00300000
2018-02-24 19:04:53,0.04060000,0.25400000
2018-02-24 19:05:02,0.04060000,2.10800000
2018-02-24 19:05:07,0.04059900,2.74600000
2018-02-24 19:05:07,0.04060000,0.03700000
2018-02-24 19:05:09,0.04060000,0.80200000
2018-02-24 19:05:09,0.04055000,2.00700000
2018-02-24 19:05:23,0.04055500,5.93000000
2018-02-24 19:05:26,0.04055500,1.17200000
2018-02-24 19:05:26,0.04055000,8.33600000
2018-02-24 19:05:27,0.04055000,0.11200000
2018-02-24 19:05:30,0.04055500,0.06000000
2018-02-24 19:05:32,0.04055500,0.74400000
2018-02-24 19:05:32,0.04055000,3.13000000
2018-02-24 19:05:34,0.04055100,0.78200000
2018-02-24 19:05:34,0.04055000,2.37500000
2018-02-24 19:05:40,0.04066700,1.00000000
2018-02-24 19:05:40,0.04067100,0.65200000
2018-02-24 19:05:40,0.04067200,4.28900000
2018-02-24 19:05:40,0.04067300,1.11400000
2018-02-24 19:05:40,0.04068800,0.64500000
2018-02-24 19:05:45,0.04066600,0.28200000
2018-02-24 19:05:45,0.04068800,7.41800000
2018-02-24 19:05:52,0.04068800,0.38400000
2018-02-24 19:05:56,0.04068800,0.25300000
2018-02-24 19:06:04,0.04068800,1.45100000
2018-02-24 19:06:08,0.04056400,0.12300000
2018-02-24 19:06:08,0.04056300,1.28300000
2018-02-24 19:06:08,0.04056000,0.12500000
2018-02-24 19:06:08,0.04055600,5.95500000
2018-02-24 19:06:08,0.04055200,0.05600000
2018-02-24 19:06:08,0.04055100,0.12200000
2018-02-24 19:06:08,0.04055000,3.27700000
2018-02-24 19:06:09,0.04055000,1.88000000
2018-02-24 19:06:09,0.04054900,0.74600000
2018-02-24 19:06:09,0.04054200,0.02700000
2018-02-24 19:06:09,0.04052700,0.10300000
2018-02-24 19:06:09,0.04050400,2.23900000
2018-02-24 19:06:13,0.04056000,0.50000000
2018-02-24 19:06:13,0.04056100,1.07900000
2018-02-24 19:06:13,0.04057100,0.10000000
2018-02-24 19:06:20,0.04050500,0.50000000
2018-02-24 19:06:20,0.04050400,0.48700000
2018-02-24 19:06:21,0.04050400,3.94900000
2018-02-24 19:06:23,0.04060300,0.50000000
2018-02-24 19:06:23,0.04060400,0.12500000
2018-02-24 19:06:26,0.04050500,0.11000000
2018-02-24 19:06:29,0.04050500,0.12400000
2018-02-24 19:06:29,0.04050500,0.26600000
2018-02-24 19:06:29,0.04050400,0.33400000
2018-02-24 19:06:34,0.04057000,0.50000000
2018-02-24 19:06:34,0.04057100,1.09700000
2018-02-24 19:06:34,0.04061900,0.12300000
2018-02-24 19:06:35,0.04057000,0.28300000
2018-02-24 19:06:38,0.04067100,2.05500000
2018-02-24 19:06:38,0.04068500,0.12300000
2018-02-24 19:06:38,0.04068600,0.31100000
2018-02-24 19:06:38,0.04068700,0.10300000
2018-02-24 19:06:38,0.04068800,2.61100000
2018-02-24 19:06:38,0.04069000,0.49200000
2018-02-24 19:06:38,0.04069300,0.16100000
2018-02-24 19:06:38,0.04070000,0.14000000
2018-02-24 19:06:39,0.04066500,0.05000000
2018-02-24 19:06:44,0.04066500,2.40600000
2018-02-24 19:06:52,0.04068800,1.55500000
2018-02-24 19:06:52,0.04066500,2.82000000
2018-02-24 19:06:52,0.04060600,0.17300000
2018-02-24 19:06:52,0.04060400,0.03400000
2018-02-24 19:06:52,0.04057500,0.22700000
2018-02-24 19:07:12,0.04058900,0.06300000
2018-02-24 19:07:31,0.04071100,0.50000000
2018-02-24 19:07:35,0.04059300,0.16700000
2018-02-24 19:07:38,0.04070800,0.23000000
2018-02-24 19:07:38,0.04070900,0.12300000
2018-02-24 19:07:42,0.04071100,0.19900000
2018-02-24 19:07:44,0.04071100,0.57200000
2018-02-24 19:07:44,0.04072000,0.00900000
2018-02-24 19:07:47,0.04071800,0.73500000
2018-02-24 19:07:47,0.04071800,0.73600000
2018-02-24 19:07:47,0.04071800,1.14100000
2018-02-24 19:07:49,0.04072000,0.19400000
2018-02-24 19:07:52,0.04072000,0.34900000
2018-02-24 19:07:58,0.04072000,0.49900000
2018-02-24 19:07:58,0.04072400,0.17100000
2018-02-24 19:07:58,0.04072600,0.28000000
2018-02-24 19:07:58,0.04072700,2.05000000
2018-02-24 19:08:01,0.04071900,0.50000000
2018-02-24 19:08:03,0.04071800,0.36700000
2018-02-24 19:08:04,0.04072700,0.26100000
2018-02-24 19:08:04,0.04073000,0.61300000
2018-02-24 19:08:04,0.04073100,22.20100000
2018-02-24 19:08:04,0.04074500,0.05400000
2018-02-24 19:08:04,0.04075000,2.64000000
2018-02-24 19:08:04,0.04075300,0.04200000
2018-02-24 19:08:10,0.04079500,1.47000000
2018-02-24 19:08:11,0.04079500,0.12300000
2018-02-24 19:08:11,0.04079700,0.17300000
2018-02-24 19:08:11,0.04079700,0.80600000
2018-02-24 19:08:11,0.04072200,6.89400000
2018-02-24 19:08:11,0.04079800,0.12500000
2018-02-24 19:08:11,0.04080000,0.03300000
2018-02-24 19:08:14,0.04072300,0.77000000
2018-02-24 19:08:14,0.04072200,6.93000000
2018-02-24 19:08:15,0.04072200,0.10600000
2018-02-24 19:08:18,0.04072300,0.06400000
2018-02-24 19:08:19,0.04079500,0.04800000
2018-02-24 19:08:19,0.04080000,3.45200000
2018-02-24 19:08:19,0.04072300,0.07000000
2018-02-24 19:08:21,0.04079500,1.18700000
2018-02-24 19:08:21,0.04079500,0.29700000
2018-02-24 19:08:21,0.04079500,2.35700000
2018-02-24 19:08:21,0.04079500,0.23700000
2018-02-24 19:08:22,0.04079500,0.67800000
2018-02-24 19:08:22,0.04079500,0.47500000
2018-02-24 19:08:22,0.04080000,0.07800000
2018-02-24 19:08:26,0.04080000,2.41400000
2018-02-24 19:08:33,0.04080000,0.24400000
2018-02-24 19:08:35,0.04082000,0.02100000
2018-02-24 19:08:39,0.04080000,1.10000000
2018-02-24 19:08:44,0.04080000,2.55300000
2018-02-24 19:08:46,0.04080000,3.85800000
2018-02-24 19:08:48,0.04080000,0.01300000
2018-02-24 19:08:49,0.04080000,1.06600000
2018-02-24 19:08:49,0.04080000,0.09500000
2018-02-24 19:08:50,0.04080000,0.02800000
2018-02-24 19:08:50,0.04080000,0.16100000
2018-02-24 19:08:53,0.04080000,0.33300000
2018-02-24 19:08:53,0.04072300,0.05300000
2018-02-24 19:08:53,0.04072300,0.21200000
2018-02-24 19:08:53,0.04072200,0.00200000
2018-02-24 19:08:56,0.04072200,3.27100000
2018-02-24 19:08:56,0.04071800,10.22500000
2018-02-24 19:08:56,0.04071800,1.90000000
2018-02-24 19:08:59,0.04066000,0.77200000
2018-02-24 19:08:59,0.04065900,0.12200000
2018-02-24 19:08:59,0.04065800,2.41200000
2018-02-24 19:09:07,0.04071900,0.12500000
2018-02-24 19:09:09,0.04071700,1.16600000
2018-02-24 19:09:10,0.04067900,0.12200000
2018-02-24 19:09:10,0.04067500,0.22600000
2018-02-24 19:09:10,0.04067200,0.07500000
2018-02-24 19:09:10,0.04065700,0.17200000
2018-02-24 19:09:11,0.04062000,1.10100000
2018-02-24 19:09:12,0.04070000,0.30500000
2018-02-24 19:09:13,0.04062900,0.05000000
2018-02-24 19:09:13,0.04069900,1.89500000
2018-02-24 19:09:13,0.04070000,5.80500000
2018-02-24 19:09:13,0.04061900,0.20800000
2018-02-24 19:09:13,0.04061100,0.22100000
2018-02-24 19:09:13,0.04060900,1.39100000
2018-02-24 19:09:13,0.04060900,0.20800000
2018-02-24 19:09:15,0.04062100,1.85000000
2018-02-24 19:09:16,0.04059900,0.05800000
2018-02-24 19:09:18,0.04070000,7.70000000
2018-02-24 19:09:18,0.04059900,2.73100000
2018-02-24 19:09:18,0.04058900,0.68600000
2018-02-24 19:09:19,0.04058900,0.06700000
2018-02-24 19:09:26,0.04059000,0.27300000
2018-02-24 19:09:26,0.04058900,1.19500000
2018-02-24 19:09:26,0.04058900,3.03200000
2018-02-24 19:09:27,0.04069000,9.23900000
2018-02-24 19:09:29,0.04059000,0.25300000
2018-02-24 19:09:34,0.04068900,0.12200000
2018-02-24 19:09:34,0.04069000,0.27300000
2018-02-24 19:09:34,0.04069100,0.12300000
2018-02-24 19:09:34,0.04069400,0.52500000
2018-02-24 19:09:34,0.04069500,0.36800000
2018-02-24 19:09:35,0.04069500,14.16800000
2018-02-24 19:09:36,0.04069500,0.08800000
2018-02-24 19:09:38,0.04069500,0.23900000
2018-02-24 19:09:38,0.04069500,5.94900000
2018-02-24 19:09:38,0.04069500,0.49000000
2018-02-24 19:09:40,0.04069500,0.76900000
2018-02-24 19:09:41,0.04069600,0.58200000
2018-02-24 19:09:42,0.04069500,1.98500000
2018-02-24 19:09:49,0.04069500,6.58800000
2018-02-24 19:09:49,0.04059100,0.38000000
2018-02-24 19:09:49,0.04059000,0.73200000
2018-02-24 19:09:50,0.04069500,0.50000000
2018-02-24 19:09:50,0.04069600,1.01500000
2018-02-24 19:09:50,0.04070000,0.50000000
2018-02-24 19:09:53,0.04069600,0.76100000
2018-02-24 19:09:53,0.04059500,6.93900000
2018-02-24 19:09:54,0.04059600,0.27800000
2018-02-24 19:09:54,0.04059500,0.04200000
2018-02-24 19:09:55,0.04059500,0.37400000
2018-02-24 19:09:55,0.04059500,4.69100000
2018-02-24 19:10:08,0.04059900,0.50000000
2018-02-24 19:10:08,0.04059800,0.12300000
2018-02-24 19:10:08,0.04059600,0.77000000
2018-02-24 19:10:08,0.04059500,0.17100000
2018-02-24 19:10:10,0.04059500,4.34000000
2018-02-24 19:10:11,0.04069400,1.00000000
2018-02-24 19:10:11,0.04069500,0.40100000
2018-02-24 19:10:11,0.04070000,6.29900000
2018-02-24 19:10:20,0.04069700,0.03600000
2018-02-24 19:10:26,0.04069700,0.12200000
2018-02-24 19:10:28,0.04060000,1.06500000
2018-02-24 19:10:32,0.04069600,1.00000000
2018-02-24 19:10:32,0.04069700,0.61100000
2018-02-24 19:10:32,0.04069900,0.53600000
2018-02-24 19:10:32,0.04070000,5.55300000
2018-02-24 19:10:32,0.04070000,0.50000000
2018-02-24 19:10:37,0.04070000,0.06800000
2018-02-24 19:10:37,0.04070000,3.01500000
2018-02-24 19:10:38,0.04069700,7.30400000
2018-02-24 19:10:39,0.04060100,0.12300000
2018-02-24 19:10:39,0.04060000,0.80600000
2018-02-24 19:10:39,0.04069900,0.04300000
2018-02-24 19:10:47,0.04069400,0.12300000
2018-02-24 19:10:47,0.04069500,0.50000000
2018-02-24 19:10:47,0.04069700,0.52700000
2018-02-24 19:10:48,0.04069700,0.50000000
2018-02-24 19:10:53,0.04060400,1.00000000
2018-02-24 19:10:54,0.04060400,4.21900000
2018-02-24 19:10:57,0.04060400,0.06800000
2018-02-24 19:11:00,0.04060400,0.16000000
2018-02-24 19:11:01,0.04061800,0.50000000
2018-02-24 19:11:03,0.04061900,0.20800000
2018-02-24 19:11:07,0.04060400,2.23800000
2018-02-24 19:11:07,0.04060300,1.33700000
2018-02-24 19:11:12,0.04062900,0.05000000
2018-02-24 19:11:12,0.04065000,0.07400000
2018-02-24 19:11:14,0.04065000,2.78900000
2018-02-24 19:11:15,0.04065000,4.73700000
2018-02-24 19:11:15,0.04065000,2.91200000
2018-02-24 19:11:15,0.04061800,5.68100000
2018-02-24 19:11:15,0.04061800,0.53400000
2018-02-24 19:11:33,0.04065000,0.02700000
2018-02-24 19:11:33,0.04062900,0.12000000
2018-02-24 19:11:36,0.04062900,0.09700000
2018-02-24 19:11:45,0.04062900,1.01300000
2018-02-24 19:11:45,0.04061800,1.77300000
2018-02-24 19:11:46,0.04064900,0.19700000
2018-02-24 19:11:46,0.04065000,0.20000000
2018-02-24 19:11:57,0.04061800,0.00600000
2018-02-24 19:12:08,0.04062900,0.31500000
2018-02-24 19:12:17,0.04062900,0.80800000
2018-02-24 19:12:18,0.04062900,0.43000000
2018-02-24 19:12:28,0.04068900,0.32300000
2018-02-24 19:12:28,0.04069700,1.12300000
2018-02-24 19:12:28,0.04069800,0.11200000
2018-02-24 19:12:33,0.04069800,1.83200000
2018-02-24 19:12:39,0.04069800,1.22800000
2018-02-24 19:12:40,0.04069900,0.37500000
2018-02-24 19:12:40,0.04070000,0.72700000
2018-02-24 19:12:51,0.04070000,0.50000000
2018-02-24 19:12:56,0.04070000,0.09900000
2018-02-24 19:13:00,0.04069800,0.04000000
2018-02-24 19:13:01,0.04069800,0.12600000
2018-02-24 19:13:08,0.04069800,0.02500000
2018-02-24 19:13:22,0.04069800,0.08700000
2018-02-24 19:13:24,0.04069800,1.55000000
2018-02-24 19:13:27,0.04062000,0.02400000
2018-02-24 19:13:27,0.04069800,6.07600000
2018-02-24 19:13:29,0.04062000,1.28200000
2018-02-24 19:13:32,0.04069700,0.12600000
2018-02-24 19:13:32,0.04069800,1.81000000
2018-02-24 19:13:33,0.04069800,32.67100000
2018-02-24 19:13:35,0.04069800,4.11600000
2018-02-24 19:13:36,0.04062000,0.27100000
2018-02-24 19:13:40,0.04062000,0.02100000
2018-02-24 19:13:40,0.04061900,0.43800000
2018-02-24 19:13:40,0.04061800,0.61600000
2018-02-24 19:13:49,0.04069700,0.69700000
2018-02-24 19:13:52,0.04061800,0.77600000
2018-02-24 19:13:53,0.04069700,0.10200000
2018-02-24 19:14:08,0.04069700,0.03100000
2018-02-24 19:14:15,0.04069600,0.19800000
2018-02-24 19:14:28,0.04061800,0.61600000
2018-02-24 19:14:30,0.04061800,1.10100000
2018-02-24 19:14:32,0.04069700,0.05700000
2018-02-24 19:14:32,0.04069700,0.07200000
2018-02-24 19:14:34,0.04061800,0.33700000
2018-02-24 19:14:34,0.04060300,0.20700000
2018-02-24 19:14:42,0.04060000,0.55900000
2018-02-24 19:14:43,0.04060000,2.06600000
2018-02-24 19:14:47,0.04060000,4.28800000
2018-02-24 19:14:53,0.04060000,1.55600000
2018-02-24 19:15:02,0.04060000,11.07000000
2018-02-24 19:15:02,0.04059500,10.72000000
2018-02-24 19:15:02,0.04058900,3.61200000
2018-02-24 19:15:02,0.04057000,0.02700000
2018-02-24 19:15:02,0.04055000,3.57600000
2018-02-24 19:15:02,0.04054300,0.17200000
2018-02-24 19:15:02,0.04050000,11.51700000
2018-02-24 19:15:02,0.04049600,0.07600000
2018-02-24 19:15:02,0.04049300,0.02700000
2018-02-24 19:15:02,0.04043200,0.12200000
2018-02-24 19:15:02,0.04043100,8.00000000
2018-02-24 19:15:02,0.04043000,17.62400000
2018-02-24 19:15:02,0.04041700,0.17200000
2018-02-24 19:15:02,0.04041300,0.24700000
2018-02-24 19:15:02,0.04040900,23.67900000
2018-02-24 19:15:02,0.04040400,0.30800000
2018-02-24 19:15:02,0.04040000,2.83400000
2018-02-24 19:15:02,0.04040000,10.15100000
2018-02-24 19:15:02,0.04040000,0.03500000
2018-02-24 19:15:02,0.04040000,19.69800000
2018-02-24 19:15:02,0.04040000,0.73900000
2018-02-24 19:15:02,0.04040000,0.40500000
2018-02-24 19:15:02,0.04040000,8.82400000
2018-02-24 19:15:02,0.04040000,1.00000000
2018-02-24 19:15:02,0.04040000,8.00000000
2018-02-24 19:15:02,0.04039800,0.73900000
2018-02-24 19:15:02,0.04040000,0.46400000
2018-02-24 19:15:02,0.04040000,2.49700000
2018-02-24 19:15:03,0.04040000,0.45100000
2018-02-24 19:15:03,0.04040000,0.21800000
2018-02-24 19:15:05,0.04040000,0.06200000
2018-02-24 19:15:08,0.04039800,3.57100000
2018-02-24 19:15:08,0.04039200,0.74300000
2018-02-24 19:15:08,0.04039000,0.09900000
2018-02-24 19:15:08,0.04040000,0.07400000
2018-02-24 19:15:09,0.04036500,0.21500000
2018-02-24 19:15:09,0.04035800,1.24400000
2018-02-24 19:15:14,0.04037400,0.11200000
2018-02-24 19:15:14,0.04037200,0.24700000
2018-02-24 19:15:14,0.04037100,0.49400000
2018-02-24 19:15:14,0.04036800,0.12300000
2018-02-24 19:15:14,0.04036800,0.19800000
2018-02-24 19:15:14,0.04036800,0.20300000
2018-02-24 19:15:14,0.04036800,0.37100000
2018-02-24 19:15:15,0.04036600,0.24700000
2018-02-24 19:15:15,0.04036400,0.37100000
2018-02-24 19:15:15,0.04036000,0.06400000
2018-02-24 19:15:15,0.04035900,0.10300000
2018-02-24 19:15:15,0.04035800,1.06300000
2018-02-24 19:15:15,0.04036800,0.95500000
2018-02-24 19:15:17,0.04036800,0.42700000
2018-02-24 19:15:19,0.04036600,0.59000000
2018-02-24 19:15:19,0.04035800,8.17900000
2018-02-24 19:15:19,0.04035600,0.10400000
2018-02-24 19:15:19,0.04035300,0.07400000
2018-02-24 19:15:19,0.04035000,0.46800000
2018-02-24 19:15:19,0.04034500,0.24800000
2018-02-24 19:15:19,0.04034100,0.27300000
2018-02-24 19:15:19,0.04033500,1.24000000
2018-02-24 19:15:19,0.04033400,0.74400000
2018-02-24 19:15:19,0.04033300,0.71100000
2018-02-24 19:15:19,0.04033100,0.17400000
2018-02-24 19:15:19,0.04031500,1.24000000
2018-02-24 19:15:19,0.04030900,23.73800000
2018-02-24 19:15:19,0.04030000,6.71100000
2018-02-24 19:15:21,0.04030000,0.80300000
2018-02-24 19:15:21,0.04029200,1.16600000
2018-02-24 19:15:21,0.04029100,0.10800000
2018-02-24 19:15:21,0.04028400,2.73000000
2018-02-24 19:15:23,0.04030000,15.88700000
2018-02-24 19:15:23,0.04035800,2.82900000
2018-02-24 19:15:23,0.04036700,0.30800000
2018-02-24 19:15:23,0.04040000,0.09900000
2018-02-24 19:15:24,0.04035800,2.06600000
2018-02-24 19:15:25,0.04029800,5.13600000
2018-02-24 19:15:25,0.04029300,2.71000000
2018-02-24 19:15:25,0.04029200,0.19800000
2018-02-24 19:15:25,0.04028500,0.12400000
2018-02-24 19:15:25,0.04028400,13.84500000
2018-02-24 19:15:25,0.04028000,0.17200000
2018-02-24 19:15:25,0.04026600,0.02800000
2018-02-24 19:15:25,0.04026400,0.99300000
2018-02-24 19:15:25,0.04025500,0.22500000
2018-02-24 19:15:25,0.04025100,0.16500000
2018-02-24 19:15:25,0.04024900,11.44700000
2018-02-24 19:15:25,0.04024600,2.17000000
2018-02-24 19:15:25,0.04023800,0.75800000
2018-02-24 19:15:25,0.04020500,0.05000000
2018-02-24 19:15:25,0.04020200,4.31200000
2018-02-24 19:15:25,0.04020100,10.11800000
2018-02-24 19:15:25,0.04020000,3.03300000
2018-02-24 19:15:25,0.04018800,0.08500000
2018-02-24 19:15:25,0.04018800,0.10700000
2018-02-24 19:15:25,0.04018800,0.10700000
2018-02-24 19:15:25,0.04018800,0.10700000
2018-02-24 19:15:25,0.04018800,0.10700000
2018-02-24 19:15:25,0.04018800,0.74500000
2018-02-24 19:15:25,0.04018800,0.25000000
2018-02-24 19:15:25,0.04018800,0.20800000
2018-02-24 19:15:25,0.04018800,0.25100000
2018-02-24 19:15:25,0.04018800,0.20800000
2018-02-24 19:15:25,0.04018000,0.10700000
2018-02-24 19:15:25,0.04018800,0.74500000
2018-02-24 19:15:25,0.04018800,0.49500000
2018-02-24 19:15:25,0.04018000,0.23700000
2018-02-24 19:15:26,0.04018800,0.25500000
2018-02-24 19:15:26,0.04017500,0.12400000
2018-02-24 19:15:26,0.04016900,0.03000000
2018-02-24 19:15:26,0.04016800,0.05700000
2018-02-24 19:15:26,0.04016700,0.06600000
2018-02-24 19:15:26,0.04016500,0.05000000
2018-02-24 19:15:26,0.04015500,2.49000000
2018-02-24 19:15:27,0.04018700,0.15200000
2018-02-24 19:15:27,0.04013100,0.17200000
2018-02-24 19:15:27,0.04012200,0.79100000
2018-02-24 19:15:27,0.04011700,0.03700000
2018-02-24 19:15:27,0.04011500,0.09600000
2018-02-24 19:15:28,0.04011100,0.05000000
2018-02-24 19:15:29,0.04016900,0.13800000
2018-02-24 19:15:29,0.04010000,0.07000000
2018-02-24 19:15:29,0.04009600,0.37100000
2018-02-24 19:15:30,0.04016900,0.02100000
2018-02-24 19:15:32,0.04018600,0.02700000
2018-02-24 19:15:34,0.04008600,0.19900000
2018-02-24 19:15:36,0.04018300,0.14900000
2018-02-24 19:15:37,0.04018300,1.18200000
2018-02-24 19:15:37,0.04016900,1.00000000
2018-02-24 19:15:38,0.04009500,0.29900000
2018-02-24 19:15:39,0.04008600,0.12600000
2018-02-24 19:15:41,0.04008600,0.15200000
2018-02-24 19:15:41,0.04008600,0.42300000
2018-02-24 19:15:42,0.04008600,0.35300000
2018-02-24 19:15:42,0.04007500,0.02700000
2018-02-24 19:15:42,0.04006800,0.03800000
2018-02-24 19:15:42,0.04005900,1.12300000
2018-02-24 19:15:42,0.04005800,0.26900000
2018-02-24 19:15:42,0.04003400,0.06200000
2018-02-24 19:15:42,0.04001900,0.43300000
2018-02-24 19:15:42,0.04001500,0.09100000
2018-02-24 19:15:42,0.04001400,0.05200000
2018-02-24 19:15:42,0.04000900,0.30900000
2018-02-24 19:15:42,0.04000100,0.68300000
2018-02-24 19:15:42,0.04000000,15.67800000
2018-02-24 19:15:42,0.04000000,1.68400000
2018-02-24 19:15:42,0.04000000,1.67700000
2018-02-24 19:15:42,0.04000000,8.41800000
2018-02-24 19:15:42,0.04000000,5.00500000
2018-02-24 19:15:42,0.04000000,4.17100000
2018-02-24 19:15:42,0.04000000,4.17100000
2018-02-24 19:15:42,0.04000000,0.74600000
2018-02-24 19:15:42,0.04000000,2.00300000
2018-02-24 19:15:42,0.04000000,5.00500000
2018-02-24 19:15:43,0.03999400,0.06300000
2018-02-24 19:15:43,0.03998800,0.92900000
2018-02-24 19:15:43,0.03998600,0.12400000
2018-02-24 19:15:43,0.03998400,0.31200000
2018-02-24 19:15:43,0.03998100,0.25000000
2018-02-24 19:15:43,0.03997800,0.11000000
2018-02-24 19:15:43,0.03997700,1.00000000
2018-02-24 19:15:43,0.03997000,0.17200000
2018-02-24 19:15:43,0.03996600,0.05000000
2018-02-24 19:15:43,0.04000000,3.75000000
2018-02-24 19:15:43,0.04000000,0.36500000
2018-02-24 19:15:44,0.03994200,0.25100000
2018-02-24 19:15:44,0.03993000,0.85000000
2018-02-24 19:15:44,0.03992800,0.21700000
2018-02-24 19:15:44,0.03992100,0.85200000
2018-02-24 19:15:44,0.03992100,0.40000000
2018-02-24 19:15:44,0.03992000,0.14600000
2018-02-24 19:15:44,0.03991500,0.20600000
2018-02-24 19:15:44,0.04009700,0.02800000
2018-02-24 19:15:45,0.03990800,0.50000000
2018-02-24 19:15:45,0.03990700,0.08700000
2018-02-24 19:15:45,0.03990000,0.16400000
2018-02-24 19:15:46,0.03991600,0.12500000
2018-02-24 19:15:46,0.03990800,0.68900000
2018-02-24 19:15:46,0.03990700,0.67000000
2018-02-24 19:15:46,0.03990700,1.67300000
2018-02-24 19:15:46,0.03990700,0.58900000
2018-02-24 19:15:46,0.04010600,0.11600000
2018-02-24 19:15:48,0.04008400,0.38400000
2018-02-24 19:15:48,0.04008500,0.29000000
2018-02-24 19:15:48,0.04008500,0.02500000
2018-02-24 19:15:49,0.03990700,1.55200000
2018-02-24 19:15:49,0.04008500,0.17500000
2018-02-24 19:15:50,0.04008400,0.06500000
2018-02-24 19:15:50,0.04008400,0.07500000
2018-02-24 19:15:50,0.04008300,0.06200000
2018-02-24 19:15:50,0.04008300,0.18700000
2018-02-24 19:15:50,0.04008300,0.22400000
2018-02-24 19:15:50,0.04008300,0.26900000
2018-02-24 19:15:51,0.04008300,0.08700000
2018-02-24 19:15:51,0.04008300,0.07500000
2018-02-24 19:15:52,0.04008200,0.49400000
2018-02-24 19:15:52,0.04008200,0.09200000
2018-02-24 19:15:52,0.04008200,0.11200000
2018-02-24 19:15:52,0.04008200,0.17500000
2018-02-24 19:15:53,0.04008100,0.06200000
2018-02-24 19:15:55,0.04007900,0.18700000
2018-02-24 19:15:58,0.04007700,0.15600000
2018-02-24 19:15:58,0.04007700,5.01000000
2018-02-24 19:15:58,0.04007800,1.61700000
2018-02-24 19:16:00,0.04008600,0.35300000
2018-02-24 19:16:00,0.04010000,0.21700000
2018-02-24 19:16:00,0.04010700,0.08700000
2018-02-24 19:16:01,0.04007800,0.74800000
2018-02-24 19:16:01,0.04007800,0.28300000
2018-02-24 19:16:02,0.04007900,0.28500000
2018-02-24 19:16:02,0.04009700,5.62700000
2018-02-24 19:16:03,0.04009700,0.04200000
2018-02-24 19:16:03,0.04009700,1.96100000
2018-02-24 19:16:03,0.04019500,0.24900000
2018-02-24 19:16:03,0.04019500,0.03600000
2018-02-24 19:16:04,0.04009700,0.78900000
2018-02-24 19:16:04,0.04019700,0.08500000
2018-02-24 19:16:05,0.04019700,0.22700000
2018-02-24 19:16:05,0.04019800,0.50000000
2018-02-24 19:16:05,0.04020000,0.28900000
2018-02-24 19:16:05,0.04021200,0.62400000
2018-02-24 19:16:06,0.04010000,0.50000000
2018-02-24 19:16:11,0.04027900,0.06200000
2018-02-24 19:16:14,0.04027900,1.48200000
2018-02-24 19:16:14,0.04028000,0.49900000
2018-02-24 19:16:19,0.04030000,0.07000000
2018-02-24 19:16:19,0.04030100,0.07100000
2018-02-24 19:16:21,0.04030000,0.02700000
2018-02-24 19:16:21,0.04030000,0.12600000
2018-02-24 19:16:22,0.04030000,0.02100000
2018-02-24 19:16:22,0.04030100,0.19600000
2018-02-24 19:16:22,0.04031400,0.10300000
2018-02-24 19:16:23,0.04033800,0.02800000
2018-02-24 19:16:23,0.04031400,0.05800000
2018-02-24 19:16:23,0.04031400,1.91400000
2018-02-24 19:16:23,0.04031400,0.07000000
2018-02-24 19:16:29,0.04039000,0.33400000
2018-02-24 19:16:30,0.04033700,0.18100000
2018-02-24 19:16:33,0.04033700,2.60900000
2018-02-24 19:16:33,0.04031400,8.82400000
2018-02-24 19:16:33,0.04030000,6.07300000
2018-02-24 19:16:35,0.04021200,0.10300000
2018-02-24 19:16:35,0.04030000,0.08300000
2018-02-24 19:16:38,0.04021400,0.28000000
2018-02-24 19:16:38,0.04021300,0.12400000
2018-02-24 19:16:38,0.04021200,0.93500000
2018-02-24 19:16:43,0.04033700,0.44800000
2018-02-24 19:16:43,0.04021200,4.07500000
2018-02-24 19:16:43,0.04017600,0.08200000
2018-02-24 19:16:43,0.04017000,0.31100000
2018-02-24 19:16:43,0.04010000,30.62200000
2018-02-24 19:16:45,0.04036700,0.50000000
2018-02-24 19:16:45,0.04036900,0.05700000
2018-02-24 19:16:45,0.04039000,0.19800000
2018-02-24 19:16:47,0.04010300,0.20900000
2018-02-24 19:16:50,0.04010600,0.40000000
2018-02-24 19:16:50,0.04010500,0.79100000
2018-02-24 19:16:50,0.04010200,0.39900000
2018-02-24 19:16:50,0.04010200,0.39800000
2018-02-24 19:16:50,0.04010200,0.20700000
2018-02-24 19:16:50,0.04010200,0.20700000
2018-02-24 19:16:50,0.04010200,0.24800000
2018-02-24 19:16:50,0.04010200,0.24800000
2018-02-24 19:16:50,0.04010200,0.24600000
2018-02-24 19:16:50,0.04010200,0.24900000
2018-02-24 19:16:50,0.04010200,19.96600000
2018-02-24 19:16:50,0.04010000,0.39800000
2018-02-24 19:16:50,0.04010000,0.24800000
2018-02-24 19:16:51,0.04031400,0.04700000
2018-02-24 19:16:51,0.04031400,0.05300000
2018-02-24 19:16:52,0.04022200,0.03300000
2018-02-24 19:16:52,0.04022200,0.17800000
2018-02-24 19:16:52,0.04022200,0.50000000
2018-02-24 19:16:53,0.04022700,0.02700000
2018-02-24 19:16:54,0.04022700,0.37300000
2018-02-24 19:16:54,0.04022800,0.05300000
2018-02-24 19:16:54,0.04022200,0.05100000
2018-02-24 19:16:54,0.04022200,1.18100000
2018-02-24 19:16:54,0.04014000,0.07300000
2018-02-24 19:16:57,0.04014200,1.19400000
2018-02-24 19:16:57,0.04014100,0.19600000
2018-02-24 19:16:59,0.04022200,0.10200000
2018-02-24 19:17:00,0.04014100,0.35300000
2018-02-24 19:17:00,0.04014000,0.05600000
2018-02-24 19:17:00,0.04010000,0.12000000
2018-02-24 19:17:01,0.04020000,0.44800000
2018-02-24 19:17:14,0.04028300,0.06200000
2018-02-24 19:17:18,0.04028000,1.47400000
2018-02-24 19:17:18,0.04028300,0.43800000
2018-02-24 19:17:21,0.04028400,0.36300000
2018-02-24 19:17:21,0.04028600,0.84500000
2018-02-24 19:17:21,0.04028800,0.49600000
2018-02-24 19:17:21,0.04029700,0.04900000
2018-02-24 19:17:22,0.04030000,0.07900000
2018-02-24 19:17:28,0.04035800,0.03700000
2018-02-24 19:17:32,0.04035800,0.24700000
2018-02-24 19:17:32,0.04035800,0.22300000
2018-02-24 19:17:33,0.04035800,0.61700000
2018-02-24 19:17:35,0.04035800,0.62800000
2018-02-24 19:17:35,0.04035900,0.41900000
2018-02-24 19:17:36,0.04035900,0.87000000
2018-02-24 19:17:43,0.04030500,2.88300000
2018-02-24 19:17:48,0.04030600,0.00100000
2018-02-24 19:18:04,0.04035900,0.01500000
2018-02-24 19:18:09,0.04035900,0.29300000
2018-02-24 19:18:11,0.04031300,0.07700000
2018-02-24 19:18:12,0.04031300,0.05100000
2018-02-24 19:18:15,0.04036300,0.12900000
2018-02-24 19:18:15,0.04037200,0.50000000
2018-02-24 19:18:23,0.04038800,0.39000000
2018-02-24 19:18:23,0.04039000,0.12600000
2018-02-24 19:18:28,0.04039000,0.07800000
2018-02-24 19:18:28,0.04039000,0.03500000
2018-02-24 19:18:28,0.04039000,0.04200000
2018-02-24 19:18:30,0.04039000,0.58200000
2018-02-24 19:18:33,0.04034000,0.33700000
2018-02-24 19:18:34,0.04039800,0.03700000
2018-02-24 19:18:35,0.04040900,0.07500000
2018-02-24 19:18:36,0.04039900,0.37100000
2018-02-24 19:18:36,0.04039800,1.58700000
2018-02-24 19:18:36,0.04039800,0.04300000
2018-02-24 19:18:38,0.04039800,0.05600000
2018-02-24 19:18:39,0.04039800,2.17500000
2018-02-24 19:18:39,0.04039800,1.29800000
2018-02-24 19:18:44,0.04043500,0.02700000
2018-02-24 19:18:47,0.04043500,0.26300000
2018-02-24 19:18:51,0.04043500,0.14100000
2018-02-24 19:18:53,0.04044600,0.24900000
2018-02-24 19:18:54,0.04044600,3.17000000
2018-02-24 19:18:56,0.04044600,1.81400000
2018-02-24 19:19:00,0.04044900,0.10700000
2018-02-24 19:19:04,0.04044600,3.51600000
2018-02-24 19:19:04,0.04043500,0.43100000
2018-02-24 19:19:06,0.04043500,1.45700000
2018-02-24 19:19:08,0.04039000,0.40900000
2018-02-24 19:19:09,0.04039000,0.05800000
2018-02-24 19:19:09,0.04036500,0.12300000
2018-02-24 19:19:09,0.04033700,1.51400000
2018-02-24 19:19:09,0.04033600,8.76600000
2018-02-24 19:19:10,0.04033600,1.93500000
2018-02-24 19:19:10,0.04043500,1.12300000
2018-02-24 19:19:14,0.04031400,0.67000000
2018-02-24 19:19:19,0.04042800,1.00000000
2018-02-24 19:19:19,0.04042900,0.29300000
2018-02-24 19:19:23,0.04043500,0.05500000
2018-02-24 19:19:26,0.04043500,0.73600000
2018-02-24 19:19:26,0.04043500,1.09700000
2018-02-24 19:19:27,0.04044900,1.56500000
2018-02-24 19:19:27,0.04045000,0.66800000
2018-02-24 19:19:27,0.04045400,0.11300000
2018-02-24 19:19:31,0.04045100,0.50000000
2018-02-24 19:19:31,0.04045000,0.78000000
2018-02-24 19:19:31,0.04043500,1.00800000
2018-02-24 19:19:40,0.04043600,0.08400000
2018-02-24 19:19:46,0.04043700,0.38400000
2018-02-24 19:19:46,0.04043600,0.16700000
2018-02-24 19:19:46,0.04043500,0.68800000
2018-02-24 19:19:51,0.04043600,2.58000000
2018-02-24 19:19:55,0.04043600,0.15700000
2018-02-24 19:19:59,0.04043600,3.52000000
2018-02-24 19:19:59,0.04043600,6.55100000
2018-02-24 19:19:59,0.04043500,12.89400000
2018-02-24 19:19:59,0.04033900,0.95000000
2018-02-24 19:19:59,0.04031500,0.74500000
2018-02-24 19:19:59,0.04031000,0.07700000
2018-02-24 19:19:59,0.04030500,0.39700000
2018-02-24 19:19:59,0.04030000,4.18400000
2018-02-24 19:19:59,0.04028300,0.06000000
2018-02-24 19:19:59,0.04026800,0.31100000
2018-02-24 19:20:00,0.04026800,18.01200000
2018-02-24 19:20:19,0.04039500,0.50000000
2018-02-24 19:20:19,0.04039600,0.31000000
2018-02-24 19:20:23,0.04039800,0.12300000
2018-02-24 19:20:48,0.04039900,0.17600000
2018-02-24 19:20:52,0.04039900,0.01900000
2018-02-24 19:20:59,0.04039900,0.25300000
2018-02-24 19:21:01,0.04039900,1.55800000
2018-02-24 19:21:01,0.04040000,0.50000000
2018-02-24 19:21:02,0.04039900,1.28200000
2018-02-24 19:21:09,0.04031700,0.12400000
2018-02-24 19:21:09,0.04031600,0.25500000
2018-02-24 19:21:10,0.04031600,0.66800000
2018-02-24 19:21:11,0.04039900,0.03700000
2018-02-24 19:21:11,0.04039900,1.19000000
2018-02-24 19:21:14,0.04031800,0.25300000
2018-02-24 19:21:14,0.04030100,0.40100000
2018-02-24 19:21:14,0.04027000,1.85300000
2018-02-24 19:21:14,0.04026800,1.24100000
2018-02-24 19:21:14,0.04026200,0.05100000
2018-02-24 19:21:14,0.04023400,0.29800000
2018-02-24 19:21:14,0.04021100,0.07900000
2018-02-24 19:21:14,0.04020600,0.02700000
2018-02-24 19:21:14,0.04020100,3.40100000
2018-02-24 19:21:16,0.04020200,0.78500000
2018-02-24 19:21:16,0.04020100,2.95600000
2018-02-24 19:21:20,0.04020100,2.10800000
2018-02-24 19:21:25,0.04020100,2.85300000
2018-02-24 19:21:30,0.04020100,7.71500000
2018-02-24 19:21:30,0.04020000,2.78000000
2018-02-24 19:21:34,0.04038900,0.06100000
2018-02-24 19:21:35,0.04038900,0.44000000
2018-02-24 19:21:38,0.04038700,0.49900000
2018-02-24 19:21:38,0.04038800,0.12400000
2018-02-24 19:21:38,0.04038900,0.25300000
2018-02-24 19:21:39,0.04039000,0.50000000
2018-02-24 19:21:39,0.04038900,4.05600000
2018-02-24 19:21:40,0.04020300,0.33300000
2018-02-24 19:21:45,0.04020600,0.12400000
2018-02-24 19:21:45,0.04020500,0.35600000
2018-02-24 19:22:08,0.04020500,0.21800000
2018-02-24 19:22:15,0.04020500,5.24800000
2018-02-24 19:22:16,0.04034900,0.06100000
2018-02-24 19:22:19,0.04034900,0.06100000
2018-02-24 19:22:21,0.04034500,0.06100000
2018-02-24 19:22:23,0.04020600,0.06100000
2018-02-24 19:22:23,0.04020500,0.37600000
2018-02-24 19:22:23,0.04020400,1.95600000
2018-02-24 19:22:23,0.04020300,0.88500000
2018-02-24 19:22:23,0.04020200,0.12800000
2018-02-24 19:22:23,0.04020100,0.25300000
2018-02-24 19:22:23,0.04020000,5.83100000
2018-02-24 19:22:24,0.04034400,0.06100000
2018-02-24 19:22:25,0.04020100,0.06100000
2018-02-24 19:22:25,0.04020000,1.99100000
2018-02-24 19:22:26,0.04019900,0.11000000
2018-02-24 19:22:26,0.04019900,0.06200000
2018-02-24 19:22:27,0.04019900,0.07200000
2018-02-24 19:22:28,0.04019900,0.25600000
2018-02-24 19:22:29,0.04019900,0.06200000
2018-02-24 19:22:30,0.04019900,0.13700000
2018-02-24 19:22:30,0.04020000,0.23600000
2018-02-24 19:22:31,0.04014100,0.12400000
2018-02-24 19:22:32,0.04020000,0.06200000
2018-02-24 19:22:32,0.04020000,0.21900000
2018-02-24 19:22:34,0.04019900,0.06200000
2018-02-24 19:22:37,0.04019900,0.06200000
2018-02-24 19:22:39,0.04019900,0.02500000
2018-02-24 19:22:39,0.04019900,0.04000000
2018-02-24 19:22:39,0.04020000,0.02200000
2018-02-24 19:22:41,0.04020000,0.02900000
2018-02-24 19:22:42,0.04020000,11.02100000
2018-02-24 19:22:42,0.04020000,0.06100000
2018-02-24 19:22:42,0.04014100,1.17400000
2018-02-24 19:22:42,0.04014100,0.80100000
2018-02-24 19:22:42,0.04014100,0.33400000
2018-02-24 19:22:43,0.04032500,0.06100000
2018-02-24 19:22:44,0.04019900,0.10600000
2018-02-24 19:22:45,0.04019900,0.00200000
2018-02-24 19:22:45,0.04032400,0.05900000
2018-02-24 19:22:48,0.04032300,0.06100000
2018-02-24 19:22:51,0.04031900,0.06200000
2018-02-24 19:22:52,0.04031900,0.07400000
2018-02-24 19:22:54,0.04031900,0.06200000
2018-02-24 19:22:57,0.04031900,0.06200000
2018-02-24 19:22:59,0.04031700,0.06200000
2018-02-24 19:23:02,0.04030300,0.06200000
2018-02-24 19:23:02,0.04030300,0.05400000
2018-02-24 19:23:04,0.04030300,0.06200000
2018-02-24 19:23:07,0.04030100,0.15200000
2018-02-24 19:23:07,0.04030100,0.01300000
2018-02-24 19:23:07,0.04030200,0.04900000
2018-02-24 19:23:10,0.04030200,0.01400000
2018-02-24 19:23:10,0.04030400,0.04800000
2018-02-24 19:23:12,0.04030400,0.06200000
2018-02-24 19:23:15,0.04030400,0.06200000
2018-02-24 19:23:17,0.04030400,0.06200000
2018-02-24 19:23:20,0.04015500,1.00000000
2018-02-24 19:23:20,0.04015400,0.12400000
2018-02-24 19:23:20,0.04015000,3.69800000
2018-02-24 19:23:20,0.04014500,0.53100000
2018-02-24 19:23:20,0.04012000,2.34700000
2018-02-24 19:23:21,0.04030300,0.06200000
2018-02-24 19:23:22,0.04015600,0.06200000
2018-02-24 19:23:22,0.04012100,0.55400000
2018-02-24 19:23:22,0.04012000,0.42300000
2018-02-24 19:23:22,0.04011800,6.53000000
2018-02-24 19:23:22,0.04010900,0.13100000
2018-02-24 19:23:23,0.04030300,0.06200000
2018-02-24 19:23:25,0.04015800,0.06200000
2018-02-24 19:23:25,0.04015700,0.28600000
2018-02-24 19:23:25,0.04029900,0.06200000
2018-02-24 19:23:28,0.04029400,0.06200000
2018-02-24 19:23:28,0.04020000,1.89100000
2018-02-24 19:23:30,0.04029300,0.06200000
2018-02-24 19:23:32,0.04025400,0.06200000
2018-02-24 19:23:33,0.04025400,0.60000000
2018-02-24 19:23:33,0.04025500,1.64000000
2018-02-24 19:23:35,0.04025300,0.75000000
2018-02-24 19:23:36,0.04025300,0.06200000
2018-02-24 19:23:36,0.04020000,0.26600000
2018-02-24 19:23:38,0.04025300,0.05500000
2018-02-24 19:23:38,0.04025300,0.06200000
2018-02-24 19:23:41,0.04020000,0.10300000
2018-02-24 19:23:41,0.04014800,0.28600000
2018-02-24 19:23:41,0.04014500,1.67300000
2018-02-24 19:23:41,0.04014300,1.00000000
2018-02-24 19:23:41,0.04014200,5.14000000
2018-02-24 19:23:41,0.04010900,1.12400000
2018-02-24 19:23:41,0.04010900,0.77300000
2018-02-24 19:23:41,0.04025300,0.06200000
2018-02-24 19:23:43,0.04025200,0.06200000
2018-02-24 19:23:45,0.04020000,1.33100000
2018-02-24 19:23:45,0.04025200,0.06200000
2018-02-24 19:23:49,0.04025000,0.06200000
2018-02-24 19:23:49,0.04012400,0.12400000
2018-02-24 19:23:49,0.04012300,0.05000000
2018-02-24 19:23:49,0.04010800,0.82500000
2018-02-24 19:23:50,0.04013500,0.08900000
2018-02-24 19:23:50,0.04010900,0.06200000
2018-02-24 19:23:50,0.04010800,1.30600000
2018-02-24 19:23:51,0.04021100,0.06200000
2018-02-24 19:23:54,0.04020800,0.06200000
2018-02-24 19:23:56,0.04020600,0.06200000
2018-02-24 19:23:57,0.04020500,0.06200000
2018-02-24 19:23:57,0.04020500,0.06200000
2018-02-24 19:23:58,0.04020300,0.31400000
2018-02-24 19:23:58,0.04020400,0.28600000
2018-02-24 19:23:58,0.04020600,0.06200000
2018-02-24 19:23:58,0.04020800,0.33800000
2018-02-24 19:23:58,0.04020800,0.06200000
2018-02-24 19:23:59,0.04011400,0.23500000
2018-02-24 19:23:59,0.04010800,2.35100000
2018-02-24 19:23:59,0.04010300,28.08000000
2018-02-24 19:23:59,0.04010100,0.87400000
2018-02-24 19:23:59,0.04010000,0.95400000
2018-02-24 19:23:59,0.04006500,0.02700000
2018-02-24 19:23:59,0.04003200,0.10000000
2018-02-24 19:23:59,0.04003100,0.17500000
2018-02-24 19:23:59,0.04001000,13.90300000
2018-02-24 19:23:59,0.04000800,0.31000000
2018-02-24 19:23:59,0.04000100,9.60100000
2018-02-24 19:23:59,0.04000000,5.92000000
2018-02-24 19:24:01,0.04020700,0.06200000
2018-02-24 19:24:03,0.04004100,0.29600000
2018-02-24 19:24:03,0.04005600,0.06100000
2018-02-24 19:24:03,0.04004200,0.72500000
2018-02-24 19:24:03,0.04004100,0.61900000
2018-02-24 19:24:03,0.04004000,1.90500000
2018-02-24 19:24:03,0.04002000,0.11000000
2018-02-24 19:24:03,0.04000000,11.66600000
2018-02-24 19:24:04,0.04020700,0.06200000
2018-02-24 19:24:06,0.04004100,0.56200000
2018-02-24 19:24:06,0.04004000,3.75000000
2018-02-24 19:24:08,0.04004100,2.15600000
2018-02-24 19:24:08,0.04004100,1.59300000
2018-02-24 19:24:08,0.04020400,0.37800000
2018-02-24 19:24:08,0.04020400,0.06200000
2018-02-24 19:24:10,0.04020200,0.06200000
2018-02-24 19:24:13,0.04019900,0.06200000
2018-02-24 19:24:15,0.04019800,0.06200000
2018-02-24 19:24:17,0.04019700,0.06200000
2018-02-24 19:24:20,0.04019300,0.06200000
2018-02-24 19:24:21,0.04019200,1.06300000
2018-02-24 19:24:21,0.04019300,0.08300000
2018-02-24 19:24:23,0.04019300,0.06200000
2018-02-24 19:24:25,0.04019300,0.06200000
2018-02-24 19:24:27,0.04019300,0.20100000
2018-02-24 19:24:27,0.04019400,0.06200000
2018-02-24 19:24:27,0.04019500,0.27600000
2018-02-24 19:24:28,0.04019500,0.03500000
2018-02-24 19:24:28,0.04020100,0.02700000
2018-02-24 19:24:28,0.04002600,1.00000000
2018-02-24 19:24:28,0.04002500,0.55500000
2018-02-24 19:24:28,0.04002100,0.10700000
2018-02-24 19:24:28,0.04000100,0.25500000
2018-02-24 19:24:28,0.03999400,0.02800000
2018-02-24 19:24:28,0.03998100,0.37200000
2018-02-24 19:24:28,0.03997700,0.03100000
2018-02-24 19:24:28,0.03992500,0.08700000
2018-02-24 19:24:28,0.03992400,0.05800000
2018-02-24 19:24:28,0.03991300,0.10000000
2018-02-24 19:24:28,0.03991000,0.62600000
2018-02-24 19:24:28,0.03990000,0.26100000
2018-02-24 19:24:28,0.03988900,1.27400000
2018-02-24 19:24:28,0.03988800,0.07400000
2018-02-24 19:24:29,0.03999900,0.28300000
2018-02-24 19:24:29,0.03988800,0.02900000
2018-02-24 19:24:29,0.03986700,0.75300000
2018-02-24 19:24:29,0.03986300,0.02800000
2018-02-24 19:24:29,0.03986100,1.55900000
2018-02-24 19:24:29,0.03985900,0.54600000
2018-02-24 19:24:29,0.03985400,0.10400000
2018-02-24 19:24:29,0.03984800,0.03300000
2018-02-24 19:24:29,0.03983200,0.46400000
2018-02-24 19:24:29,0.03983100,0.77300000
2018-02-24 19:24:29,0.03983000,0.04800000
2018-02-24 19:24:29,0.03982200,0.12500000
2018-02-24 19:24:29,0.03981300,0.17700000
2018-02-24 19:24:29,0.03980600,0.03700000
2018-02-24 19:24:29,0.03980000,4.96800000
2018-02-24 19:24:29,0.03980000,3.45900000
2018-02-24 19:24:30,0.03983900,0.03100000
2018-02-24 19:24:31,0.04012400,0.06200000
2018-02-24 19:24:31,0.04012400,0.06200000
2018-02-24 19:24:33,0.04012400,0.66800000
2018-02-24 19:24:33,0.04012400,0.10000000
2018-02-24 19:24:33,0.03990500,0.02700000
2018-02-24 19:24:33,0.03984500,0.12500000
2018-02-24 19:24:33,0.03984400,0.06900000
2018-02-24 19:24:33,0.04012400,0.06200000
2018-02-24 19:24:35,0.03990500,0.09600000
2018-02-24 19:24:36,0.04012300,0.06200000
2018-02-24 19:24:36,0.03984700,0.40000000
2018-02-24 19:24:36,0.03984600,0.06200000
2018-02-24 19:24:36,0.03984500,0.55000000
2018-02-24 19:24:38,0.04012100,0.06200000
2018-02-24 19:24:40,0.03984900,0.76100000
2018-02-24 19:24:40,0.03984800,0.31300000
2018-02-24 19:24:40,0.03984700,0.03300000
2018-02-24 19:24:40,0.03984700,1.55100000
2018-02-24 19:24:41,0.04011700,0.06200000
2018-02-24 19:24:41,0.04001000,2.34000000
2018-02-24 19:24:41,0.03984400,0.09200000
2018-02-24 19:24:41,0.03980400,0.10400000
2018-02-24 19:24:41,0.03980100,4.73600000
2018-02-24 19:24:43,0.03994200,0.06200000
2018-02-24 19:24:43,0.03994200,0.06300000
2018-02-24 19:24:44,0.03994200,0.07500000
2018-02-24 19:24:44,0.03987500,0.10000000
2018-02-24 19:24:45,0.03994200,0.05500000
2018-02-24 19:24:45,0.03994100,0.07500000
2018-02-24 19:24:45,0.03987500,0.08900000
2018-02-24 19:24:45,0.03980100,0.42000000
2018-02-24 19:24:45,0.03980100,0.19900000
2018-02-24 19:24:45,0.03980100,0.04000000
2018-02-24 19:24:45,0.03994100,0.07500000
2018-02-24 19:24:45,0.03994000,0.06200000
2018-02-24 19:24:45,0.03994000,0.04500000
2018-02-24 19:24:45,0.03994000,0.07600000
2018-02-24 19:24:45,0.03994100,0.05400000
2018-02-24 19:24:47,0.03990200,0.06400000
2018-02-24 19:24:47,0.03998200,0.06100000
2018-02-24 19:24:48,0.03998100,0.06200000
2018-02-24 19:24:49,0.03998100,0.25000000
2018-02-24 19:24:51,0.03998100,0.09800000
2018-02-24 19:24:56,0.03998100,0.00900000
2018-02-24 19:24:57,0.03980300,0.71500000
2018-02-24 19:24:57,0.03980100,0.23900000
2018-02-24 19:24:57,0.03980000,1.26200000
2018-02-24 19:24:57,0.03979900,0.05000000
2018-02-24 19:24:57,0.03979800,0.17200000
2018-02-24 19:24:57,0.03979000,0.50000000
2018-02-24 19:24:57,0.03979000,1.19900000
2018-02-24 19:24:57,0.03979000,0.13800000
2018-02-24 19:24:57,0.03979000,0.13800000
2018-02-24 19:24:57,0.03979000,0.16500000
2018-02-24 19:24:58,0.03979000,0.21600000
2018-02-24 19:24:58,0.03979000,0.05100000
2018-02-24 19:24:58,0.03979000,0.18500000
2018-02-24 19:24:58,0.03979000,4.98400000
2018-02-24 19:24:58,0.03979700,1.05600000
2018-02-24 19:24:58,0.03978900,0.22500000
2018-02-24 19:24:58,0.03978900,0.12000000
2018-02-24 19:24:59,0.03978900,0.11900000
2018-02-24 19:24:59,0.03998200,0.06400000
2018-02-24 19:24:59,0.03998300,0.04200000
2018-02-24 19:24:59,0.03998300,0.09400000
2018-02-24 19:24:59,0.03998300,0.00600000
2018-02-24 19:25:00,0.03998300,0.01900000
2018-02-24 19:25:00,0.04011500,0.20900000
2018-02-24 19:25:02,0.04011400,0.29900000
2018-02-24 19:25:03,0.04011300,0.08000000
2018-02-24 19:25:03,0.04011400,0.04500000
2018-02-24 19:25:03,0.03979500,0.71700000
2018-02-24 19:25:03,0.04011400,0.46900000
2018-02-24 19:25:03,0.04011500,8.12200000
2018-02-24 19:25:03,0.04011600,4.73600000
2018-02-24 19:25:03,0.04012100,0.87400000
2018-02-24 19:25:03,0.04012400,10.69700000
2018-02-24 19:25:03,0.04012500,0.08700000
2018-02-24 19:25:03,0.04012500,0.10500000
2018-02-24 19:25:03,0.04012500,0.13800000
2018-02-24 19:25:03,0.04012500,8.00000000
2018-02-24 19:25:03,0.04012500,0.02600000
2018-02-24 19:25:03,0.04012500,0.41800000
2018-02-24 19:25:03,0.04014600,0.50000000
2018-02-24 19:25:03,0.04012500,0.10500000
2018-02-24 19:25:04,0.04012500,0.41000000
2018-02-24 19:25:06,0.04014500,0.07500000
2018-02-24 19:25:06,0.04012500,0.03100000
2018-02-24 19:25:07,0.04014500,0.12500000
2018-02-24 19:25:08,0.04014500,0.12400000
2018-02-24 19:25:08,0.04014500,0.18400000
2018-02-24 19:25:09,0.04012500,0.03500000
2018-02-24 19:25:10,0.04014500,0.20700000
2018-02-24 19:25:10,0.04014600,0.11300000
2018-02-24 19:25:11,0.04012500,0.71700000
2018-02-24 19:25:15,0.04012600,0.10400000
2018-02-24 19:25:17,0.04014600,0.14000000
2018-02-24 19:25:22,0.04013000,0.05000000
2018-02-24 19:25:24,0.04013000,0.00800000
2018-02-24 19:25:24,0.04012600,6.32900000
2018-02-24 19:25:24,0.04011400,2.34500000
2018-02-24 19:25:24,0.04010700,0.12400000
2018-02-24 19:25:24,0.04011400,0.32200000
2018-02-24 19:25:25,0.04011400,5.50600000
2018-02-24 19:25:25,0.04018800,0.49400000
2018-02-24 19:25:27,0.04000300,0.21100000
2018-02-24 19:25:28,0.04015000,0.21100000
2018-02-24 19:25:28,0.04015000,0.04300000
2018-02-24 19:25:28,0.04018200,0.50000000
2018-02-24 19:25:28,0.04018300,0.32300000
2018-02-24 19:25:30,0.04018800,0.27700000
2018-02-24 19:25:31,0.04018900,0.50000000
2018-02-24 19:25:31,0.04018800,2.23300000
2018-02-24 19:25:31,0.04018800,0.02800000
2018-02-24 19:25:31,0.04018800,0.36100000
2018-02-24 19:25:36,0.04018800,0.21900000
2018-02-24 19:25:37,0.04018900,0.05400000
2018-02-24 19:25:43,0.04018900,0.07200000
2018-02-24 19:25:48,0.04019900,0.75400000
2018-02-24 19:25:49,0.04024900,0.06700000
2018-02-24 19:25:51,0.04018900,0.10200000
2018-02-24 19:25:53,0.04020000,0.18800000
2018-02-24 19:25:55,0.04020000,4.66900000
2018-02-24 19:25:56,0.04019000,0.12700000
2018-02-24 19:25:57,0.04024900,0.14900000
2018-02-24 19:26:00,0.04024900,0.18600000
2018-02-24 19:26:03,0.04024900,2.36800000
2018-02-24 19:26:03,0.04025200,2.23500000
2018-02-24 19:26:03,0.04025300,0.00100000
2018-02-24 19:26:03,0.04026900,0.12400000
2018-02-24 19:26:03,0.04030000,0.41000000
2018-02-24 19:26:07,0.04018900,0.40000000
2018-02-24 19:26:08,0.04024800,0.03100000
2018-02-24 19:26:42,0.04020100,0.12400000
2018-02-24 19:26:42,0.04020000,0.63500000
2018-02-24 19:26:42,0.04019600,5.26800000
2018-02-24 19:26:42,0.04018900,1.81600000
2018-02-24 19:26:44,0.04018900,0.30300000
2018-02-24 19:26:47,0.04015000,0.05800000
2018-02-24 19:26:56,0.04018900,2.02800000
2018-02-24 19:27:06,0.04015000,3.84500000
2018-02-24 19:27:13,0.04015000,0.01800000
2018-02-24 19:27:13,0.04015000,0.34800000
2018-02-24 19:27:13,0.04013100,0.08600000
2018-02-24 19:27:13,0.04000900,0.06600000
2018-02-24 19:27:17,0.04018400,0.06600000
2018-02-24 19:27:17,0.04018500,0.12400000
2018-02-24 19:27:17,0.04018800,0.31900000
2018-02-24 19:27:20,0.04018800,1.49200000
2018-02-24 19:27:24,0.04018800,0.13600000
2018-02-24 19:27:27,0.04016000,1.00000000
2018-02-24 19:27:32,0.04016000,0.60000000
2018-02-24 19:27:35,0.04018800,0.43200000
2018-02-24 19:27:35,0.04018900,13.02400000
2018-02-24 19:27:35,0.04018900,1.95500000
2018-02-24 19:27:35,0.04020000,0.10800000
2018-02-24 19:27:38,0.04028800,0.18600000
2018-02-24 19:27:41,0.04028800,0.31400000
2018-02-24 19:27:43,0.04028900,0.52500000
2018-02-24 19:27:43,0.04028900,5.13400000
2018-02-24 19:27:47,0.04028800,0.34900000
2018-02-24 19:27:47,0.04028900,0.34300000
2018-02-24 19:27:48,0.04019300,0.08700000
2018-02-24 19:27:49,0.04028800,0.05500000
2018-02-24 19:27:58,0.04028800,0.03200000
2018-02-24 19:27:58,0.04028900,1.67800000
2018-02-24 19:27:59,0.04028800,2.23000000
2018-02-24 19:27:59,0.04028800,1.00000000
2018-02-24 19:27:59,0.04028800,3.29900000
2018-02-24 19:28:03,0.04028800,6.98400000
2018-02-24 19:28:03,0.04028900,8.59300000
2018-02-24 19:28:05,0.04020300,0.50000000
2018-02-24 19:28:05,0.04020200,0.00900000
2018-02-24 19:28:08,0.04019500,0.50000000
2018-02-24 19:28:08,0.04019400,0.11500000
2018-02-24 19:28:08,0.04019300,0.57100000
2018-02-24 19:28:08,0.04018900,0.56600000
2018-02-24 19:28:10,0.04016100,0.04900000
2018-02-24 19:28:10,0.04016100,2.94800000
2018-02-24 19:28:14,0.04009100,0.12000000
2018-02-24 19:28:28,0.04018600,0.50000000
2018-02-24 19:28:28,0.04018700,0.12400000
2018-02-24 19:28:28,0.04018900,0.39100000
2018-02-24 19:28:44,0.04028700,0.24800000
2018-02-24 19:28:46,0.04028500,0.25200000
2018-02-24 19:28:46,0.04028600,0.38900000
2018-02-24 19:28:46,0.04028800,9.75300000
2018-02-24 19:28:46,0.04028900,8.72700000
2018-02-24 19:28:46,0.04030000,10.71900000
2018-02-24 19:28:46,0.04031100,0.17500000
2018-02-24 19:28:46,0.04031200,0.10000000
2018-02-24 19:28:46,0.04031900,2.98400000
2018-02-24 19:28:46,0.04032000,1.50700000
2018-02-24 19:28:46,0.04032200,0.37900000
2018-02-24 19:28:46,0.04033100,0.29500000
2018-02-24 19:28:46,0.04033400,2.26600000
2018-02-24 19:28:46,0.04034800,1.06300000
2018-02-24 19:28:46,0.04034900,1.11600000
2018-02-24 19:28:46,0.04035400,0.02800000
2018-02-24 19:28:46,0.04038600,0.11300000
2018-02-24 19:28:46,0.04038900,1.20000000
2018-02-24 19:28:46,0.04040000,3.06000000
2018-02-24 19:28:46,0.04042500,2.07900000
2018-02-24 19:28:46,0.04043500,15.79500000
2018-02-24 19:28:51,0.04026000,0.57100000
2018-02-24 19:28:52,0.04019300,0.50000000
2018-02-24 19:28:52,0.04019200,0.02500000
2018-02-24 19:29:19,0.04020000,0.09100000
2018-02-24 19:29:20,0.04020000,0.71100000
2018-02-24 19:29:23,0.04020000,0.97500000
2018-02-24 19:29:24,0.04019300,0.82300000
2018-02-24 19:29:24,0.04019200,5.04300000
2018-02-24 19:29:29,0.04019500,0.00600000
2018-02-24 19:29:34,0.04019500,0.74900000
2018-02-24 19:29:47,0.04019200,0.12500000
2018-02-24 19:29:48,0.04020000,0.07000000
2018-02-24 19:29:49,0.04030000,0.18800000
2018-02-24 19:29:49,0.04040000,6.20500000
2018-02-24 19:29:49,0.04040000,0.16500000
2018-02-24 19:29:49,0.04040000,0.41900000
2018-02-24 19:30:03,0.04039900,2.20500000
2018-02-24 19:30:03,0.04040000,1.36300000
2018-02-24 19:30:04,0.04040000,0.03100000
2018-02-24 19:30:07,0.04040000,0.07400000
2018-02-24 19:30:14,0.04024200,0.42200000
2018-02-24 19:30:20,0.04039900,1.86600000
2018-02-24 19:30:30,0.04035000,0.60000000
2018-02-24 19:30:31,0.04035000,1.24700000
2018-02-24 19:30:33,0.04035000,1.76300000
2018-02-24 19:30:41,0.04030100,0.20800000
2018-02-24 19:30:57,0.04030100,0.00100000
2018-02-24 19:31:07,0.04030100,0.29100000
2018-02-24 19:31:07,0.04030000,0.02600000
2018-02-24 19:31:07,0.04025500,0.12400000
2018-02-24 19:31:07,0.04024200,0.37000000
2018-02-24 19:31:07,0.04024200,0.07400000
2018-02-24 19:31:07,0.04035000,0.12500000
2018-02-24 19:31:09,0.04035000,0.02500000
2018-02-24 19:31:10,0.04030100,0.04500000
2018-02-24 19:31:12,0.04030100,0.69300000
2018-02-24 19:31:16,0.04030100,0.07600000
2018-02-24 19:31:21,0.04024700,0.11900000
2018-02-24 19:31:33,0.04026600,0.01200000
2018-02-24 19:31:34,0.04034900,0.12400000
2018-02-24 19:31:34,0.04035000,2.24000000
2018-02-24 19:31:34,0.04039900,0.15400000
2018-02-24 19:31:38,0.04034900,3.56400000
2018-02-24 19:31:42,0.04034900,0.10200000
2018-02-24 19:31:43,0.04039800,0.10800000
2018-02-24 19:31:48,0.04039800,0.39200000
2018-02-24 19:31:48,0.04039900,0.85900000
2018-02-24 19:31:51,0.04039900,0.60000000
2018-02-24 19:31:51,0.04040000,9.70600000
2018-02-24 19:31:54,0.04039800,3.24800000
2018-02-24 19:31:54,0.04043400,0.07400000
2018-02-24 19:31:54,0.04043500,2.21800000
2018-02-24 19:31:54,0.04044000,0.21600000
2018-02-24 19:31:54,0.04045000,1.51300000
2018-02-24 19:31:54,0.04045000,3.24800000
2018-02-24 19:31:56,0.04047000,0.38900000
2018-02-24 19:31:56,0.04047300,2.02000000
2018-02-24 19:31:58,0.04048000,1.44800000
2018-02-24 19:31:58,0.04048000,0.06400000
2018-02-24 19:31:59,0.04048100,0.44200000
2018-02-24 19:31:59,0.04048300,1.88200000
2018-02-24 19:31:59,0.04048300,1.19600000
2018-02-24 19:31:59,0.04048300,0.62500000
2018-02-24 19:32:06,0.04048200,1.58000000
2018-02-24 19:32:07,0.04048200,0.62400000
2018-02-24 19:32:10,0.04040000,0.50000000
2018-02-24 19:32:17,0.04030200,4.90300000
2018-02-24 19:32:17,0.04030100,0.95000000
2018-02-24 19:32:17,0.04030000,0.10000000
2018-02-24 19:32:17,0.04027000,1.48800000
2018-02-24 19:32:20,0.04039900,0.12400000
2018-02-24 19:32:20,0.04040000,0.29900000
2018-02-24 19:32:20,0.04040000,0.06300000
2018-02-24 19:32:25,0.04040000,0.21300000
2018-02-24 19:32:37,0.04039900,3.55900000
2018-02-24 19:32:45,0.04039900,0.89000000
2018-02-24 19:32:52,0.04039800,0.33000000
2018-02-24 19:32:52,0.04039900,0.36200000
2018-02-24 19:32:59,0.04039900,4.72300000
2018-02-24 19:33:07,0.04035000,8.05500000
2018-02-24 19:33:14,0.04031900,0.07500000
2018-02-24 19:33:21,0.04031900,0.16700000
2018-02-24 19:33:21,0.04031800,0.12400000
2018-02-24 19:33:21,0.04027600,0.11900000
2018-02-24 19:33:22,0.04039900,5.04300000
2018-02-24 19:33:22,0.04040000,19.04200000
2018-02-24 19:33:22,0.04045700,0.95000000
2018-02-24 19:33:22,0.04048200,0.74500000
2018-02-24 19:33:22,0.04048300,5.47200000
2018-02-24 19:33:22,0.04049400,0.05200000
2018-02-24 19:33:22,0.04049800,1.20400000
2018-02-24 19:33:22,0.04049900,2.34000000
2018-02-24 19:33:22,0.04050000,3.65800000
2018-02-24 19:33:23,0.04039800,0.11900000
2018-02-24 19:33:23,0.04050000,9.17900000
2018-02-24 19:33:23,0.04050200,3.37100000
2018-02-24 19:33:26,0.04028200,0.05500000
2018-02-24 19:33:26,0.04028300,0.22500000
2018-02-24 19:33:33,0.04049600,0.24600000
2018-02-24 19:33:40,0.04029700,1.48100000
2018-02-24 19:33:40,0.04029400,5.12500000
2018-02-24 19:33:40,0.04029300,3.45700000
2018-02-24 19:33:40,0.04029300,0.10300000
2018-02-24 19:33:40,0.04029300,0.12300000
2018-02-24 19:33:40,0.04029200,0.50000000
2018-02-24 19:33:40,0.04029300,2.24900000
2018-02-24 19:34:15,0.04042900,0.50000000
2018-02-24 19:34:15,0.04043000,0.12400000
2018-02-24 19:34:15,0.04043200,3.45700000
2018-02-24 19:34:15,0.04043500,4.44500000
2018-02-24 19:34:15,0.04043600,0.36600000
2018-02-24 19:34:15,0.04043700,1.20700000
2018-02-24 19:34:16,0.04035400,0.05000000
2018-02-24 19:34:37,0.04035200,0.10300000
2018-02-24 19:34:37,0.04035300,0.13500000
2018-02-24 19:34:37,0.04035400,0.32800000
2018-02-24 19:35:06,0.04035300,0.50000000
2018-02-24 19:35:06,0.04035300,0.02900000
2018-02-24 19:35:10,0.04035300,0.07400000
2018-02-24 19:35:17,0.04035000,0.11200000
2018-02-24 19:35:23,0.04035000,0.03700000
2018-02-24 19:35:28,0.04033200,1.43700000
2018-02-24 19:35:40,0.04033200,0.50400000
2018-02-24 19:35:43,0.04033200,0.07400000
2018-02-24 19:35:45,0.04033200,0.39100000
2018-02-24 19:35:45,0.04033200,2.40700000
2018-02-24 19:35:45,0.04035000,3.85500000
2018-02-24 19:35:49,0.04035300,0.98700000
2018-02-24 19:35:49,0.04035400,0.03900000
2018-02-24 19:35:49,0.04043500,1.77100000
2018-02-24 19:35:49,0.04043700,1.97800000
2018-02-24 19:35:49,0.04049000,0.33300000
2018-02-24 19:35:52,0.04049000,0.05400000
2018-02-24 19:35:54,0.04049000,5.61300000
2018-02-24 19:35:54,0.04049000,0.10400000
2018-02-24 19:35:54,0.04049000,0.10400000
2018-02-24 19:35:54,0.04049000,0.56600000
2018-02-24 19:36:06,0.04046500,0.10400000
2018-02-24 19:36:06,0.04050100,0.24500000
2018-02-24 19:36:06,0.04050200,2.43700000
2018-02-24 19:36:10,0.04050200,1.68700000
2018-02-24 19:36:25,0.04050100,0.18800000
2018-02-24 19:36:32,0.04038000,0.12300000
2018-02-24 19:36:32,0.04037700,0.04800000
2018-02-24 19:36:33,0.04038100,0.27900000
2018-02-24 19:36:35,0.04049800,0.12100000
2018-02-24 19:36:51,0.04038000,1.12200000
2018-02-24 19:36:51,0.04038000,0.07900000
2018-02-24 19:37:08,0.04039000,1.25000000
2018-02-24 19:37:25,0.04046900,0.12300000
2018-02-24 19:37:25,0.04049000,0.39700000
2018-02-24 19:37:25,0.04049800,0.50800000
2018-02-24 19:37:25,0.04050100,0.07200000
2018-02-24 19:37:25,0.04050000,1.76500000
2018-02-24 19:37:25,0.04050000,0.52400000
2018-02-24 19:37:35,0.04040000,0.05000000
2018-02-24 19:37:57,0.04039000,0.21100000
2018-02-24 19:37:58,0.04039000,0.10200000
2018-02-24 19:38:03,0.04039000,0.09700000
2018-02-24 19:38:03,0.04040000,4.76300000
2018-02-24 19:38:06,0.04040000,0.85400000
2018-02-24 19:38:09,0.04039000,0.11000000
2018-02-24 19:38:09,0.04040000,9.68800000
2018-02-24 19:38:09,0.04040000,0.23200000
2018-02-24 19:38:10,0.04040000,1.29400000
2018-02-24 19:38:10,0.04040000,0.64500000
2018-02-24 19:38:13,0.04039000,0.02500000
2018-02-24 19:38:18,0.04040000,0.10100000
2018-02-24 19:38:20,0.04039000,0.29200000
2018-02-24 19:38:21,0.04040000,0.03000000
2018-02-24 19:38:32,0.04039000,0.02700000
2018-02-24 19:38:45,0.04039900,0.15800000
2018-02-24 19:38:45,0.04040000,2.36300000
2018-02-24 19:38:48,0.04039000,0.24900000
2018-02-24 19:38:48,0.04039800,0.03000000
2018-02-24 19:38:50,0.04039800,0.01800000
2018-02-24 19:38:50,0.04040000,0.25400000
2018-02-24 19:39:10,0.04040000,0.08800000
2018-02-24 19:39:13,0.04045000,12.50300000
2018-02-24 19:39:13,0.04045000,0.04200000
2018-02-24 19:39:14,0.04045000,0.06400000
2018-02-24 19:39:14,0.04045000,0.73600000
2018-02-24 19:39:14,0.04045000,0.28400000
2018-02-24 19:39:14,0.04045000,1.40000000
2018-02-24 19:39:15,0.04045000,2.39500000
2018-02-24 19:39:15,0.04045000,0.40300000
2018-02-24 19:39:33,0.04045000,0.33200000
2018-02-24 19:39:34,0.04045000,0.17500000
2018-02-24 19:39:34,0.04045000,1.63900000
2018-02-24 19:39:35,0.04045000,0.22000000
2018-02-24 19:39:36,0.04049900,0.09800000
2018-02-24 19:39:36,0.04045000,0.95600000
2018-02-24 19:39:36,0.04045000,1.31800000
2018-02-24 19:39:43,0.04049900,0.00800000
2018-02-24 19:39:43,0.04040100,0.12300000
2018-02-24 19:39:43,0.04040000,0.79500000
2018-02-24 19:39:44,0.04040000,2.32900000
2018-02-24 19:39:46,0.04038200,0.18700000
2018-02-24 19:39:50,0.04049600,0.12300000
2018-02-24 19:39:50,0.04049700,0.18700000
2018-02-24 19:39:50,0.04049800,0.82300000
2018-02-24 19:39:50,0.04049800,0.00200000
2018-02-24 19:39:56,0.04049000,0.04200000
2018-02-24 19:39:56,0.04049800,0.02900000
2018-02-24 19:39:56,0.04049900,0.00500000
2018-02-24 19:39:56,0.04050100,1.41200000
2018-02-24 19:39:56,0.04050200,0.64400000
2018-02-24 19:39:57,0.04050200,0.03100000
2018-02-24 19:40:01,0.04050200,6.11800000
2018-02-24 19:40:02,0.04050200,0.27100000
2018-02-24 19:40:06,0.04049000,0.03300000
2018-02-24 19:40:08,0.04039700,0.27200000
2018-02-24 19:40:09,0.04039700,0.56200000
2018-02-24 19:40:09,0.04039700,0.24200000
2018-02-24 19:40:11,0.04039600,0.12300000
2018-02-24 19:40:11,0.04039500,0.24600000
2018-02-24 19:40:19,0.04049700,0.27200000
2018-02-24 19:40:19,0.04049800,0.12300000
2018-02-24 19:40:19,0.04050000,0.20500000
2018-02-24 19:40:19,0.04040000,0.03700000
2018-02-24 19:40:45,0.04040100,0.12300000
2018-02-24 19:40:45,0.04040000,9.18400000
2018-02-24 19:40:48,0.04040000,0.10000000
2018-02-24 19:40:50,0.04040000,2.78600000
2018-02-24 19:40:50,0.04040000,0.37000000
2018-02-24 19:40:59,0.04040200,3.74400000
2018-02-24 19:40:59,0.04040000,3.55200000
2018-02-24 19:41:16,0.04045000,0.99400000
2018-02-24 19:41:29,0.04040000,8.74300000
2018-02-24 19:41:29,0.04040000,5.99100000
2018-02-24 19:41:29,0.04039000,0.07900000
2018-02-24 19:41:29,0.04038100,0.36100000
2018-02-24 19:41:57,0.04039000,2.81600000
2018-02-24 19:41:57,0.04038100,1.14500000
2018-02-24 19:42:04,0.04038100,0.10300000
2018-02-24 19:42:14,0.04038100,0.00200000
2018-02-24 19:42:14,0.04044900,0.05900000
2018-02-24 19:42:19,0.04044900,0.06400000
2018-02-24 19:42:20,0.04044900,0.27200000
2018-02-24 19:42:23,0.04044900,0.59000000
2018-02-24 19:42:30,0.04045000,0.51800000
2018-02-24 19:42:48,0.04038100,0.31700000
2018-02-24 19:42:49,0.04040000,0.04000000
2018-02-24 19:42:51,0.04040000,0.06300000
2018-02-24 19:42:51,0.04040000,0.14600000
2018-02-24 19:42:52,0.04040000,0.07400000
2018-02-24 19:42:53,0.04040000,0.08400000
2018-02-24 19:43:00,0.04040000,0.08700000
2018-02-24 19:43:02,0.04040000,0.04200000
2018-02-24 19:43:07,0.04040000,2.47500000
2018-02-24 19:43:07,0.04040000,0.32700000
2018-02-24 19:43:09,0.04040000,2.28000000
2018-02-24 19:43:12,0.04040000,0.02600000
2018-02-24 19:43:20,0.04043000,2.13000000
2018-02-24 19:43:20,0.04045000,0.74600000
2018-02-24 19:43:24,0.04046500,1.26900000
2018-02-24 19:43:24,0.04049500,0.09300000
2018-02-24 19:43:24,0.04049700,1.56300000
2018-02-24 19:43:24,0.04049900,3.58200000
2018-02-24 19:43:24,0.04050000,4.12800000
2018-02-24 19:43:25,0.04050000,4.93800000
2018-02-24 19:43:25,0.04050000,8.09800000
2018-02-24 19:43:25,0.04050000,0.31800000
2018-02-24 19:43:28,0.04046500,0.35300000
2018-02-24 19:43:32,0.04046800,0.13700000
2018-02-24 19:43:32,0.04046500,0.16900000
2018-02-24 19:43:35,0.04046500,0.47800000
2018-02-24 19:43:56,0.04046500,0.01900000
2018-02-24 19:43:59,0.04046500,1.00000000
2018-02-24 19:44:07,0.04046500,0.75000000
2018-02-24 19:44:07,0.04049800,6.53000000
2018-02-24 19:44:07,0.04050000,1.23300000
2018-02-24 19:44:21,0.04049900,4.76500000
2018-02-24 19:44:21,0.04050000,2.44000000
2018-02-24 19:44:21,0.04050200,1.71400000
2018-02-24 19:44:21,0.04050900,1.00000000
2018-02-24 19:44:21,0.04051000,3.89700000
2018-02-24 19:44:21,0.04051100,0.07900000
2018-02-24 19:44:21,0.04052800,1.26400000
2018-02-24 19:44:21,0.04052900,0.08400000
2018-02-24 19:44:21,0.04054600,2.51200000
2018-02-24 19:44:21,0.04055000,2.79100000
2018-02-24 19:44:21,0.04058100,0.26700000
2018-02-24 19:44:21,0.04058200,1.56100000
2018-02-24 19:44:21,0.04058500,2.00000000
2018-02-24 19:44:21,0.04058600,1.45000000
2018-02-24 19:44:21,0.04058700,0.10400000
2018-02-24 19:44:21,0.04059000,1.48200000
2018-02-24 19:44:26,0.04059000,0.38500000
2018-02-24 19:44:34,0.04050000,0.03700000
2018-02-24 19:44:35,0.04050000,3.20100000
2018-02-24 19:44:47,0.04046500,1.34000000
2018-02-24 19:44:54,0.04046300,0.28000000
2018-02-24 19:44:54,0.04046200,0.12300000
2018-02-24 19:44:54,0.04046100,0.37000000
2018-02-24 19:45:01,0.04044200,0.02600000
2018-02-24 19:45:04,0.04058000,0.09300000
2018-02-24 19:45:10,0.04045100,0.04900000
2018-02-24 19:45:10,0.04045000,6.40900000
2018-02-24 19:45:10,0.04044100,1.13600000
2018-02-24 19:45:10,0.04044000,0.52100000
2018-02-24 19:45:10,0.04040000,0.95000000
2018-02-24 19:45:10,0.04038100,0.11700000
2018-02-24 19:45:10,0.04037900,0.31000000
2018-02-24 19:45:10,0.04035100,0.09200000
2018-02-24 19:45:10,0.04033000,0.10200000
2018-02-24 19:45:10,0.04030100,0.12200000
2018-02-24 19:45:10,0.04030000,3.99200000
2018-02-24 19:45:16,0.04046000,0.21100000
2018-02-24 19:45:19,0.04045900,0.18700000
2018-02-24 19:45:19,0.04046000,0.01100000
2018-02-24 19:45:43,0.04045500,0.19600000
2018-02-24 19:45:43,0.04045500,0.07300000
2018-02-24 19:45:43,0.04045500,0.00200000
2018-02-24 19:45:43,0.04045600,0.13700000
2018-02-24 19:45:43,0.04045700,0.31000000
2018-02-24 19:45:43,0.04045800,0.03000000
2018-02-24 19:45:44,0.04046000,2.26600000
2018-02-24 19:45:46,0.04046100,1.23100000
2018-02-24 19:45:46,0.04050000,1.15800000
2018-02-24 19:45:46,0.04057700,0.12200000
2018-02-24 19:45:46,0.04058000,0.05300000
2018-02-24 19:45:47,0.04046000,0.03100000
2018-02-24 19:45:48,0.04046000,0.84300000
2018-02-24 19:46:03,0.04046100,0.02800000
2018-02-24 19:46:03,0.04046000,1.47200000
2018-02-24 19:46:12,0.04052900,0.22300000
2018-02-24 19:46:12,0.04057900,0.04600000
2018-02-24 19:46:12,0.04058000,0.02300000
2018-02-24 19:46:12,0.04058100,0.03000000
2018-02-24 19:46:12,0.04058300,0.03000000
2018-02-24 19:46:12,0.04058400,0.03000000
2018-02-24 19:46:12,0.04058500,0.03000000
2018-02-24 19:46:12,0.04058600,0.03000000
2018-02-24 19:46:12,0.04058700,0.03000000
2018-02-24 19:46:12,0.04058800,0.05000000
2018-02-24 19:46:12,0.04059000,7.07800000
2018-02-24 19:46:18,0.04052800,0.32500000
2018-02-24 19:46:18,0.04058900,0.04600000
2018-02-24 19:46:18,0.04059000,7.04500000
2018-02-24 19:46:18,0.04059900,0.18400000
2018-02-24 19:46:19,0.04046400,0.30400000
2018-02-24 19:46:20,0.04046500,0.28300000
2018-02-24 19:46:20,0.04046400,0.56600000
2018-02-24 19:46:20,0.04046300,3.07600000
2018-02-24 19:46:28,0.04046600,0.18000000
2018-02-24 19:46:29,0.04046300,0.08800000
2018-02-24 19:46:29,0.04046300,0.73200000
2018-02-24 19:46:36,0.04058900,0.18200000
2018-02-24 19:46:37,0.04050000,0.56500000
2018-02-24 19:46:37,0.04046300,0.05700000
2018-02-24 19:46:41,0.04046400,0.12300000
2018-02-24 19:46:41,0.04046300,1.70700000
2018-02-24 19:46:52,0.04057400,0.63900000
2018-02-24 19:46:52,0.04057500,0.12300000
2018-02-24 19:46:52,0.04057600,0.26400000
2018-02-24 19:46:58,0.04057100,2.83700000
2018-02-24 19:46:58,0.04057200,0.28300000
2018-02-24 19:47:00,0.04057600,0.03000000
2018-02-24 19:47:00,0.04057600,0.07600000
2018-02-24 19:47:06,0.04059800,0.04900000
2018-02-24 19:47:06,0.04059900,2.30300000
2018-02-24 19:47:06,0.04060000,1.58100000
2018-02-24 19:47:06,0.04060400,1.25700000
2018-02-24 19:47:06,0.04062000,3.04100000
2018-02-24 19:47:07,0.04057600,2.73800000
2018-02-24 19:47:07,0.04057300,1.54000000
2018-02-24 19:47:08,0.04057300,0.06300000
2018-02-24 19:47:08,0.04057300,1.47700000
2018-02-24 19:47:09,0.04057600,3.22900000
2018-02-24 19:47:10,0.04057600,0.22200000
2018-02-24 19:47:10,0.04057600,0.06200000
2018-02-24 19:47:10,0.04062000,0.03000000
2018-02-24 19:47:12,0.04057600,8.76900000
2018-02-24 19:47:12,0.04057600,4.56900000
2018-02-24 19:47:12,0.04057300,1.54000000
2018-02-24 19:47:13,0.04057300,1.54000000
2018-02-24 19:47:14,0.04057300,0.00100000
2018-02-24 19:47:16,0.04046600,0.02500000
2018-02-24 19:47:16,0.04046600,0.06200000
2018-02-24 19:47:16,0.04046600,0.67400000
2018-02-24 19:47:17,0.04046600,0.18700000
2018-02-24 19:47:18,0.04046700,0.12300000
2018-02-24 19:47:18,0.04046600,0.14600000
2018-02-24 19:47:18,0.04046600,0.07500000
2018-02-24 19:47:18,0.04046600,0.25000000
2018-02-24 19:47:19,0.04046600,0.03300000
2018-02-24 19:47:23,0.04046400,0.21200000
2018-02-24 19:47:26,0.04043500,0.10000000
2018-02-24 19:47:29,0.04039700,0.13000000
2018-02-24 19:47:30,0.04059100,0.23300000
2018-02-24 19:47:30,0.04039600,0.07800000
2018-02-24 19:47:37,0.04040100,0.02500000
2018-02-24 19:47:42,0.04040100,0.04200000
2018-02-24 19:47:44,0.04040100,0.13400000
2018-02-24 19:48:08,0.04042400,0.13900000
2018-02-24 19:48:15,0.04042400,3.17800000
2018-02-24 19:48:15,0.04040400,0.32000000
2018-02-24 19:48:15,0.04040100,0.12500000
2018-02-24 19:48:15,0.04038700,1.26800000
2018-02-24 19:48:15,0.04038700,0.27900000
2018-02-24 19:48:15,0.04038700,0.26900000
2018-02-24 19:48:16,0.04050400,0.05000000
2018-02-24 19:48:16,0.04050500,0.12300000
2018-02-24 19:48:16,0.04050600,0.93400000
2018-02-24 19:48:23,0.04050100,0.23500000
2018-02-24 19:48:23,0.04050400,0.17400000
2018-02-24 19:48:23,0.04050700,0.19400000
2018-02-24 19:48:34,0.04037600,0.12300000
2018-02-24 19:48:34,0.04037500,0.17400000
2018-02-24 19:48:34,0.04036900,0.25800000
2018-02-24 19:48:34,0.04035100,0.13400000
2018-02-24 19:48:34,0.04035000,0.04900000
2018-02-24 19:48:34,0.04032200,0.17400000
2018-02-24 19:48:34,0.04030500,0.30900000
2018-02-24 19:48:34,0.04030000,1.28000000
2018-02-24 19:48:36,0.04036300,0.02700000
2018-02-24 19:48:37,0.04036300,0.08600000
2018-02-24 19:48:43,0.04045600,0.03000000
2018-02-24 19:48:47,0.04045100,0.50000000
2018-02-24 19:48:47,0.04045200,0.10000000
2018-02-24 19:48:47,0.04045400,0.12300000
2018-02-24 19:48:47,0.04046100,0.29800000
2018-02-24 19:48:47,0.04046200,0.18000000
2018-02-24 19:48:47,0.04046300,2.71600000
2018-02-24 19:49:05,0.04046100,0.13100000
2018-02-24 19:49:05,0.04046100,0.79300000
2018-02-24 19:49:15,0.04045900,0.38700000
2018-02-24 19:49:15,0.04046000,0.57300000
2018-02-24 19:49:18,0.04033300,0.24700000
2018-02-24 19:49:18,0.04033200,0.85900000
2018-02-24 19:49:32,0.04044500,0.35900000
2018-02-24 19:49:32,0.04044600,0.01100000
2018-02-24 19:49:33,0.04035500,0.25200000
2018-02-24 19:49:39,0.04035600,0.19900000
2018-02-24 19:49:40,0.04036000,0.05100000
2018-02-24 19:49:50,0.04036000,0.12400000
2018-02-24 19:49:58,0.04044600,0.08200000
2018-02-24 19:50:21,0.04045300,0.23600000
2018-02-24 19:50:26,0.04045400,1.38600000
2018-02-24 19:50:29,0.04045400,0.60000000
2018-02-24 19:50:31,0.04045400,0.32400000
2018-02-24 19:50:51,0.04046100,0.39700000
2018-02-24 19:50:54,0.04045400,0.84500000
2018-02-24 19:50:58,0.04046100,1.35500000
2018-02-24 19:51:02,0.04045400,0.80900000
2018-02-24 19:51:02,0.04045300,1.89600000
2018-02-24 19:51:02,0.04044600,1.03100000
2018-02-24 19:51:04,0.04046200,0.83400000
2018-02-24 19:51:04,0.04046300,0.27000000
2018-02-24 19:51:24,0.04046300,0.83300000
2018-02-24 19:51:29,0.04046300,0.51600000
2018-02-24 19:51:47,0.04037400,0.24700000
2018-02-24 19:51:47,0.04037300,0.24900000
2018-02-24 19:51:59,0.04046000,1.00000000
2018-02-24 19:52:05,0.04046000,0.10500000
2018-02-24 19:52:10,0.04046000,0.83300000
2018-02-24 19:52:20,0.04040000,0.56500000
2018-02-24 19:52:27,0.04040000,2.52300000
2018-02-24 19:52:32,0.04040000,0.37100000
2018-02-24 19:52:42,0.04040000,0.36100000
2018-02-24 19:53:02,0.04040100,0.03100000
2018-02-24 19:53:02,0.04040000,5.41200000
2018-02-24 19:53:11,0.04040000,0.92900000
2018-02-24 19:53:13,0.04040000,2.07300000
2018-02-24 19:53:26,0.04045700,0.04200000
2018-02-24 19:53:27,0.04045700,0.16900000
2018-02-24 19:53:27,0.04045700,0.04200000
2018-02-24 19:53:29,0.04040500,0.00200000
2018-02-24 19:53:34,0.04045700,0.74700000
2018-02-24 19:53:35,0.04045700,0.05700000
2018-02-24 19:53:36,0.04045900,4.53500000
2018-02-24 19:53:36,0.04046000,13.28800000
2018-02-24 19:53:39,0.04045700,0.53900000
2018-02-24 19:53:40,0.04045700,0.03500000
2018-02-24 19:53:41,0.04045700,0.35600000
2018-02-24 19:53:43,0.04045700,5.15700000
2018-02-24 19:53:44,0.04045700,17.20100000
2018-02-24 19:53:49,0.04045700,0.20700000
2018-02-24 19:53:51,0.04045700,0.20700000
2018-02-24 19:53:51,0.04045700,0.20900000
2018-02-24 19:53:51,0.04045700,1.85900000
2018-02-24 19:53:51,0.04045700,2.35100000
2018-02-24 19:53:52,0.04045700,0.77100000
2018-02-24 19:53:52,0.04045700,0.75800000
2018-02-24 19:53:53,0.04045700,0.03300000
2018-02-24 19:53:53,0.04045700,0.04200000
2018-02-24 19:53:54,0.04045700,0.04200000
2018-02-24 19:53:54,0.04045700,0.16900000
2018-02-24 19:53:55,0.04045700,0.04200000
2018-02-24 19:53:55,0.04045700,0.07600000
2018-02-24 19:53:55,0.04045700,2.30000000
2018-02-24 19:53:56,0.04045700,0.46000000
2018-02-24 19:54:00,0.04045700,0.22700000
2018-02-24 19:54:03,0.04045700,0.07800000
2018-02-24 19:54:09,0.04045700,0.94200000
2018-02-24 19:54:09,0.04046000,27.05500000
2018-02-24 19:54:09,0.04046200,11.71900000
2018-02-24 19:54:09,0.04046300,2.14000000
2018-02-24 19:54:12,0.04045700,0.10500000
2018-02-24 19:54:12,0.04046300,28.81700000
2018-02-24 19:54:21,0.04045700,0.41500000
2018-02-24 19:54:26,0.04046300,0.02400000
2018-02-24 19:54:30,0.04046300,52.84100000
2018-02-24 19:54:30,0.04049900,0.10000000
2018-02-24 19:54:30,0.04050000,17.46300000
2018-02-24 19:54:30,0.04052600,0.10300000
2018-02-24 19:54:30,0.04053600,1.26600000
2018-02-24 19:54:30,0.04054900,4.30700000
2018-02-24 19:54:30,0.04056400,0.17400000
2018-02-24 19:54:30,0.04058800,0.18500000
2018-02-24 19:54:30,0.04059900,0.11200000
2018-02-24 19:54:30,0.04060000,16.06500000
2018-02-24 19:54:30,0.04062000,0.57000000
2018-02-24 19:54:30,0.04062500,2.07900000
2018-02-24 19:54:30,0.04063700,0.04800000
2018-02-24 19:54:30,0.04063900,0.10000000
2018-02-24 19:54:30,0.04065000,0.11600000
2018-02-24 19:54:30,0.04065700,0.46400000
2018-02-24 19:54:30,0.04066400,0.32400000
2018-02-24 19:54:30,0.04066500,0.05700000
2018-02-24 19:54:30,0.04067100,9.32400000
2018-02-24 19:54:30,0.04069000,0.74500000
2018-02-24 19:54:30,0.04069700,6.44300000
2018-02-24 19:54:30,0.04069800,0.57800000
2018-02-24 19:54:30,0.04069900,2.34100000
2018-02-24 19:54:30,0.04070000,3.52700000
2018-02-24 19:54:30,0.04070400,0.02700000
2018-02-24 19:54:30,0.04072000,0.74200000
2018-02-24 19:54:30,0.04072400,0.02800000
2018-02-24 19:54:30,0.04072500,0.25400000
2018-02-24 19:54:30,0.04073000,0.50100000
2018-02-24 19:54:30,0.04073400,1.53400000
2018-02-24 19:54:30,0.04075000,6.06400000
2018-02-24 19:54:30,0.04075900,1.32900000
2018-02-24 19:54:30,0.04077000,0.97100000
2018-02-24 19:54:30,0.04077600,0.11300000
2018-02-24 19:54:30,0.04077700,0.05000000
2018-02-24 19:54:30,0.04077800,0.55000000
2018-02-24 19:54:30,0.04078000,20.35800000
2018-02-24 19:54:30,0.04078300,0.02700000
2018-02-24 19:54:30,0.04079500,1.59800000
2018-02-24 19:54:30,0.04079600,17.62400000
2018-02-24 19:54:30,0.04079700,0.29100000
2018-02-24 19:54:30,0.04079800,2.50000000
2018-02-24 19:54:30,0.04079900,1.04700000
2018-02-24 19:54:30,0.04080000,72.25700000
2018-02-24 19:54:34,0.04065000,1.86300000
2018-02-24 19:54:40,0.04079900,0.50000000
2018-02-24 19:54:40,0.04080000,0.19700000
2018-02-24 19:54:44,0.04048500,0.39400000
2018-02-24 19:54:46,0.04076700,0.39400000
2018-02-24 19:54:46,0.04076800,0.12300000
2018-02-24 19:54:46,0.04077000,1.79800000
2018-02-24 19:54:47,0.04076800,0.12600000
2018-02-24 19:54:47,0.04076800,0.80500000
2018-02-24 19:54:47,0.04077000,0.50000000
2018-02-24 19:54:47,0.04076800,1.20500000
2018-02-24 19:54:54,0.04053900,1.98200000
2018-02-24 19:54:54,0.04053800,0.24600000
2018-02-24 19:54:54,0.04053500,1.68500000
2018-02-24 19:54:58,0.04056200,0.69200000
2018-02-24 19:55:01,0.04056200,0.65600000
2018-02-24 19:55:08,0.04056400,3.68500000
2018-02-24 19:55:08,0.04056300,6.16300000
2018-02-24 19:55:08,0.04056200,17.56200000
2018-02-24 19:55:13,0.04060000,2.13300000
2018-02-24 19:55:30,0.04061000,0.10900000
2018-02-24 19:55:31,0.04061000,0.01400000
2018-02-24 19:55:31,0.04060500,3.41700000
2018-02-24 19:55:31,0.04060100,1.47700000
2018-02-24 19:55:38,0.04070200,0.24600000
2018-02-24 19:55:38,0.04070300,3.35900000
2018-02-24 19:55:48,0.04069200,1.51300000
2018-02-24 19:55:49,0.04069200,0.39700000
2018-02-24 19:55:49,0.04069300,1.48200000
2018-02-24 19:55:49,0.04069400,1.68500000
2018-02-24 19:55:50,0.04070000,0.13900000
2018-02-24 19:55:52,0.04070000,0.00100000
2018-02-24 19:55:52,0.04070000,0.00700000
2018-02-24 19:55:52,0.04070300,0.06000000
2018-02-24 19:55:54,0.04070500,0.12300000
2018-02-24 19:56:01,0.04074400,0.07400000
2018-02-24 19:56:02,0.04079900,0.12300000
2018-02-24 19:56:02,0.04080000,0.11900000
2018-02-24 19:56:05,0.04076000,0.11700000
2018-02-24 19:56:05,0.04076000,0.61700000
2018-02-24 19:56:06,0.04079000,0.21200000
2018-02-24 19:56:09,0.04076000,4.77300000
2018-02-24 19:56:09,0.04070800,0.16900000
2018-02-24 19:56:09,0.04070700,0.24500000
2018-02-24 19:56:09,0.04070600,1.98400000
2018-02-24 19:56:12,0.04070600,3.81700000
2018-02-24 19:56:13,0.04070500,0.54100000
2018-02-24 19:56:19,0.04070300,0.02500000
2018-02-24 19:56:21,0.04070600,1.67200000
2018-02-24 19:56:21,0.04070600,1.58900000
2018-02-24 19:56:21,0.04070600,1.43600000
2018-02-24 19:56:21,0.04070600,0.99200000
2018-02-24 19:56:22,0.04070600,0.53300000
2018-02-24 19:56:22,0.04070500,0.03300000
2018-02-24 19:56:22,0.04070300,0.38100000
2018-02-24 19:56:26,0.04070300,0.64100000
2018-02-24 19:56:27,0.04070300,0.17500000
2018-02-24 19:56:27,0.04078900,0.24500000
2018-02-24 19:56:27,0.04079000,10.75500000
2018-02-24 19:56:27,0.04070300,1.17200000
2018-02-24 19:56:29,0.04070000,0.44800000
2018-02-24 19:56:29,0.04070000,0.36800000
2018-02-24 19:56:30,0.04069800,0.12500000
2018-02-24 19:56:31,0.04071000,0.06200000
2018-02-24 19:56:31,0.04079900,0.12400000
2018-02-24 19:56:31,0.04079900,3.09200000
2018-02-24 19:56:32,0.04079800,0.03100000
2018-02-24 19:56:33,0.04071100,0.12000000
2018-02-24 19:56:33,0.04071000,0.37400000
2018-02-24 19:56:37,0.04079700,0.12000000
2018-02-24 19:56:37,0.04079800,0.07300000
2018-02-24 19:56:38,0.04079700,0.12200000
2018-02-24 19:56:40,0.04071400,0.07500000
2018-02-24 19:56:45,0.04071400,0.07200000
2018-02-24 19:56:45,0.04071400,0.05600000
2018-02-24 19:56:45,0.04071300,0.06200000
2018-02-24 19:56:45,0.04069700,0.06100000
2018-02-24 19:56:45,0.04069600,1.16300000
2018-02-24 19:56:47,0.04079300,0.22400000
2018-02-24 19:56:47,0.04079400,0.20000000
2018-02-24 19:56:47,0.04079400,0.37800000
2018-02-24 19:56:49,0.04079400,0.16400000
2018-02-24 19:56:49,0.04079400,4.90800000
2018-02-24 19:56:50,0.04079400,0.19600000
2018-02-24 19:56:53,0.04079400,0.10400000
2018-02-24 19:56:53,0.04079400,0.23900000
2018-02-24 19:56:55,0.04079400,0.24700000
2018-02-24 19:56:55,0.04079800,0.24600000
2018-02-24 19:56:55,0.04079900,4.60700000
2018-02-24 19:56:56,0.04079900,0.03300000
2018-02-24 19:56:58,0.04079900,0.05800000
2018-02-24 19:56:59,0.04079900,0.12400000
2018-02-24 19:56:59,0.04079600,8.36300000
2018-02-24 19:56:59,0.04080000,4.35600000
2018-02-24 19:57:01,0.04080000,3.06900000
2018-02-24 19:57:04,0.04080000,3.83900000
2018-02-24 19:57:05,0.04079800,0.02900000
2018-02-24 19:57:05,0.04080000,0.08100000
2018-02-24 19:57:06,0.04080000,0.32600000
2018-02-24 19:57:07,0.04080000,3.75000000
2018-02-24 19:57:08,0.04080000,0.34200000
2018-02-24 19:57:09,0.04081900,0.02900000
2018-02-24 19:57:09,0.04081900,0.18200000
2018-02-24 19:57:15,0.04080000,0.76500000
2018-02-24 19:57:16,0.04081900,1.13500000
2018-02-24 19:57:16,0.04082000,0.00900000
2018-02-24 19:57:16,0.04083300,1.51500000
2018-02-24 19:57:16,0.04084000,0.80600000
2018-02-24 19:57:18,0.04084000,2.14200000
2018-02-24 19:57:18,0.04084000,0.23300000
2018-02-24 19:57:19,0.04084500,0.17900000
2018-02-24 19:57:22,0.04085000,7.83100000
2018-02-24 19:57:22,0.04085500,0.05000000
2018-02-24 19:57:22,0.04086800,4.32500000
2018-02-24 19:57:22,0.04084000,1.01000000
2018-02-24 19:57:23,0.04085000,0.19900000
2018-02-24 19:57:24,0.04085000,0.00100000
2018-02-24 19:57:24,0.04086800,0.00100000
2018-02-24 19:57:27,0.04085000,0.74800000
2018-02-24 19:57:27,0.04085000,1.15400000
2018-02-24 19:57:27,0.04081900,6.43800000
2018-02-24 19:57:29,0.04081900,0.19600000
2018-02-24 19:57:30,0.04086800,0.60000000
2018-02-24 19:57:30,0.04081900,2.66600000
2018-02-24 19:57:30,0.04080000,0.27600000
2018-02-24 19:57:30,0.04079600,0.03700000
2018-02-24 19:57:30,0.04079500,0.02700000
2018-02-24 19:57:30,0.04072000,0.90000000
2018-02-24 19:57:30,0.04071800,0.24500000
2018-02-24 19:57:30,0.04071300,0.08400000
2018-02-24 19:57:30,0.04070800,0.17700000
2018-02-24 19:57:30,0.04069600,1.10100000
2018-02-24 19:57:30,0.04069000,0.26000000
2018-02-24 19:57:30,0.04067900,0.07400000
2018-02-24 19:57:30,0.04067100,0.07600000
2018-02-24 19:57:30,0.04060100,1.67000000
2018-02-24 19:57:32,0.04060700,0.10000000
2018-02-24 19:57:33,0.04060700,0.21400000
2018-02-24 19:57:33,0.04060800,0.11200000
2018-02-24 19:57:34,0.04060900,0.15200000
2018-02-24 19:57:34,0.04060900,0.05000000
2018-02-24 19:57:34,0.04060900,0.66800000
2018-02-24 19:57:34,0.04061100,5.11000000
2018-02-24 19:57:34,0.04061000,0.38000000
2018-02-24 19:57:34,0.04060400,0.92500000
2018-02-24 19:57:34,0.04061200,0.06500000
2018-02-24 19:57:37,0.04060600,0.06200000
2018-02-24 19:57:37,0.04078300,0.50000000
2018-02-24 19:57:37,0.04078400,0.92500000
2018-02-24 19:57:37,0.04078600,0.24500000
2018-02-24 19:57:37,0.04078700,0.12500000
2018-02-24 19:57:38,0.04078700,0.24900000
2018-02-24 19:57:38,0.04078700,0.14900000
2018-02-24 19:57:39,0.04078700,0.08500000
2018-02-24 19:57:39,0.04078700,0.09200000
2018-02-24 19:57:42,0.04079300,1.55600000
2018-02-24 19:57:42,0.04079400,0.15000000
2018-02-24 19:57:47,0.04080100,0.50000000
2018-02-24 19:57:47,0.04068600,1.09800000
2018-02-24 19:57:49,0.04068700,0.06200000
2018-02-24 19:57:49,0.04079300,0.00500000
2018-02-24 19:57:49,0.04079300,0.46100000
2018-02-24 19:57:49,0.04079300,0.81700000
2018-02-24 19:57:50,0.04068700,0.06200000
2018-02-24 19:57:50,0.04068700,0.07500000
2018-02-24 19:57:50,0.04068800,0.07500000
2018-02-24 19:57:50,0.04068700,0.04600000
2018-02-24 19:57:50,0.04068600,0.06500000
2018-02-24 19:57:50,0.04068600,0.07500000
2018-02-24 19:57:53,0.04068600,0.17500000
2018-02-24 19:57:54,0.04068600,0.29900000
2018-02-24 19:57:55,0.04068600,0.24900000
2018-02-24 19:57:55,0.04079100,0.19600000
2018-02-24 19:57:55,0.04079200,0.12400000
2018-02-24 19:57:55,0.04079300,0.61500000
2018-02-24 19:57:56,0.04079300,0.29000000
2018-02-24 19:57:57,0.04068700,0.08700000
2018-02-24 19:58:01,0.04079000,0.50000000
2018-02-24 19:58:01,0.04079100,0.08700000
2018-02-24 19:58:01,0.04079200,0.14800000
2018-02-24 19:58:01,0.04079300,0.33000000
2018-02-24 19:58:01,0.04080100,0.07400000
2018-02-24 19:58:01,0.04084400,0.73400000
2018-02-24 19:58:01,0.04084500,2.12700000
2018-02-24 19:58:06,0.04079300,0.10600000
2018-02-24 19:58:12,0.04082200,0.26800000
2018-02-24 19:58:14,0.04084500,7.60000000
2018-02-24 19:58:14,0.04084500,0.12800000
2018-02-24 19:58:15,0.04082300,0.00200000
2018-02-24 19:58:17,0.04082300,0.49800000
2018-02-24 19:58:17,0.04082200,0.00600000
2018-02-24 19:58:17,0.04084500,0.70000000
2018-02-24 19:58:19,0.04084500,7.60000000
2018-02-24 19:58:28,0.04080000,1.25000000
2018-02-24 19:58:30,0.04070200,0.18400000
2018-02-24 19:58:36,0.04070800,0.03700000
2018-02-24 19:58:37,0.04071100,0.14900000
2018-02-24 19:58:41,0.04083800,0.14900000
2018-02-24 19:58:41,0.04083900,0.35100000
2018-02-24 19:58:47,0.04080000,1.85300000
2018-02-24 19:58:57,0.04079900,0.05500000
2018-02-24 19:59:00,0.04079900,0.12400000
2018-02-24 19:59:01,0.04079900,1.77400000
2018-02-24 19:59:04,0.04079900,0.30500000
2018-02-24 19:59:10,0.04079800,0.08900000
2018-02-24 19:59:11,0.04072900,0.13000000
2018-02-24 19:59:11,0.04072800,0.12200000
2018-02-24 19:59:11,0.04072100,0.17700000
2018-02-24 19:59:11,0.04072000,0.02500000
2018-02-24 19:59:11,0.04071800,0.24500000
2018-02-24 19:59:11,0.04071000,0.03000000
2018-02-24 19:59:11,0.04070000,5.80100000
2018-02-24 19:59:11,0.04068600,1.06200000
2018-02-24 19:59:11,0.04079800,0.03100000
2018-02-24 19:59:11,0.04079900,1.82600000
2018-02-24 19:59:12,0.04073500,0.08400000
2018-02-24 19:59:12,0.04070100,0.04700000
2018-02-24 19:59:12,0.04068700,0.24500000
2018-02-24 19:59:12,0.04068600,0.75900000
2018-02-24 19:59:14,0.04072000,0.26800000
2018-02-24 19:59:14,0.04068600,6.39100000
2018-02-24 19:59:14,0.04061200,0.93400000
2018-02-24 19:59:14,0.04076900,0.02200000
2018-02-24 19:59:16,0.04068600,0.03300000
2018-02-24 19:59:17,0.04076800,0.24700000
2018-02-24 19:59:27,0.04070000,0.99000000
2018-02-24 19:59:29,0.04070000,0.10000000
2018-02-24 19:59:34,0.04063800,0.24700000
2018-02-24 19:59:34,0.04063700,0.08000000
2018-02-24 19:59:34,0.04063000,0.13300000
2018-02-24 19:59:34,0.04061600,0.10000000
2018-02-24 19:59:34,0.04061300,7.85800000
2018-02-24 19:59:34,0.04061200,2.57100000
2018-02-24 19:59:35,0.04070000,2.88600000
2018-02-24 19:59:35,0.04070000,3.46200000
2018-02-24 19:59:35,0.04070000,3.46300000
2018-02-24 19:59:35,0.04070000,0.09900000
2018-02-24 19:59:40,0.04069100,0.04100000
2018-02-24 19:59:40,0.04062700,0.03100000
2018-02-24 19:59:44,0.04062700,0.09000000
2018-02-24 19:59:44,0.04062000,0.12500000
2018-02-24 19:59:44,0.04061200,0.71300000
2018-02-24 19:59:44,0.04061000,0.17600000
2018-02-24 19:59:45,0.04069100,0.32800000
2018-02-24 19:59:45,0.04069400,0.12300000
2018-02-24 19:59:45,0.04070000,13.08600000
2018-02-24 19:59:52,0.04063800,0.12300000
2018-02-24 19:59:58,0.04063800,2.00000000
