DATE,PRICE,VOLUME
2018-02-23 18:00:05,0.02034600,0.87000000
2018-02-23 18:00:05,0.02034900,4.03000000
2018-02-23 18:00:10,0.02034600,2.00000000
2018-02-23 18:00:12,0.02034900,0.12000000
2018-02-23 18:00:14,0.02034600,1.11000000
2018-02-23 18:00:22,0.02034600,0.09000000
2018-02-23 18:00:22,0.02034900,0.50000000
2018-02-23 18:00:22,0.02034600,0.46000000
2018-02-23 18:00:25,0.02034600,1.05000000
2018-02-23 18:00:26,0.02034600,1.47000000
2018-02-23 18:00:29,0.02035000,5.05000000
2018-02-23 18:00:33,0.02035000,0.01000000
2018-02-23 18:00:43,0.02034600,0.59000000
2018-02-23 18:00:44,0.02034600,10.11000000
2018-02-23 18:00:47,0.02034600,0.01000000
2018-02-23 18:00:52,0.02034500,2.87000000
2018-02-23 18:00:54,0.02034600,0.08000000
2018-02-23 18:00:54,0.02034600,0.08000000
2018-02-23 18:00:58,0.02034500,0.01000000
2018-02-23 18:00:58,0.02034400,6.91000000
2018-02-23 18:01:01,0.02034400,0.05000000
2018-02-23 18:01:02,0.02034600,0.03000000
2018-02-23 18:01:02,0.02034900,0.46000000
2018-02-23 18:01:06,0.02034900,3.99000000
2018-02-23 18:01:10,0.02034400,0.66000000
2018-02-23 18:01:12,0.02034800,0.16000000
2018-02-23 18:01:12,0.02034900,1.96000000
2018-02-23 18:01:18,0.02034900,2.04000000
2018-02-23 18:01:18,0.02035000,6.20000000
2018-02-23 18:01:18,0.02035800,23.55000000
2018-02-23 18:01:26,0.02034600,2.00000000
2018-02-23 18:01:29,0.02034600,0.73000000
2018-02-23 18:01:29,0.02034600,0.75000000
2018-02-23 18:01:29,0.02035800,0.13000000
2018-02-23 18:01:29,0.02036900,0.10000000
2018-02-23 18:01:29,0.02037600,0.10000000
2018-02-23 18:01:29,0.02038000,0.29000000
2018-02-23 18:01:35,0.02034900,0.10000000
2018-02-23 18:01:36,0.02034500,0.71000000
2018-02-23 18:01:38,0.02036700,3.48000000
2018-02-23 18:01:38,0.02036800,1.52000000
2018-02-23 18:01:46,0.02035300,0.06000000
2018-02-23 18:01:53,0.02035000,0.44000000
2018-02-23 18:01:53,0.02035000,0.04000000
2018-02-23 18:01:53,0.02034500,0.39000000
2018-02-23 18:01:58,0.02035300,0.58000000
2018-02-23 18:02:02,0.02035300,1.50000000
2018-02-23 18:02:04,0.02034600,1.00000000
2018-02-23 18:02:06,0.02035300,0.12000000
2018-02-23 18:02:12,0.02034600,0.50000000
2018-02-23 18:02:13,0.02035300,1.20000000
2018-02-23 18:02:16,0.02034600,20.13000000
2018-02-23 18:02:16,0.02034500,7.02000000
2018-02-23 18:02:16,0.02034500,0.57000000
2018-02-23 18:02:17,0.02034500,0.34000000
2018-02-23 18:02:29,0.02035300,3.03000000
2018-02-23 18:02:45,0.02035300,0.32000000
2018-02-23 18:02:47,0.02034500,0.08000000
2018-02-23 18:02:49,0.02035300,2.72000000
2018-02-23 18:02:52,0.02035800,1.74000000
2018-02-23 18:02:52,0.02036700,0.06000000
2018-02-23 18:02:54,0.02034600,7.00000000
2018-02-23 18:02:54,0.02034500,3.00000000
2018-02-23 18:02:55,0.02034400,3.00000000
2018-02-23 18:03:10,0.02035800,0.10000000
2018-02-23 18:03:10,0.02036700,3.08000000
2018-02-23 18:03:10,0.02036800,6.18000000
2018-02-23 18:03:10,0.02036900,0.08000000
2018-02-23 18:03:17,0.02034500,4.92000000
2018-02-23 18:03:17,0.02034500,1.07000000
2018-02-23 18:03:17,0.02034400,1.01000000
2018-02-23 18:03:20,0.02034400,0.75000000
2018-02-23 18:03:22,0.02034400,0.10000000
2018-02-23 18:03:25,0.02034400,37.01000000
2018-02-23 18:03:26,0.02034400,0.26000000
2018-02-23 18:03:26,0.02034400,38.10000000
2018-02-23 18:03:27,0.02034300,6.64000000
2018-02-23 18:03:28,0.02034300,0.80000000
2018-02-23 18:03:28,0.02034300,1.16000000
2018-02-23 18:03:29,0.02034300,1.47000000
2018-02-23 18:03:29,0.02034300,1.19000000
2018-02-23 18:03:29,0.02033000,1.19000000
2018-02-23 18:03:29,0.02034300,0.31000000
2018-02-23 18:03:29,0.02034300,0.22000000
2018-02-23 18:03:31,0.02034300,0.57000000
2018-02-23 18:03:31,0.02034400,12.20000000
2018-02-23 18:03:32,0.02034400,8.35000000
2018-02-23 18:03:34,0.02034400,7.59000000
2018-02-23 18:03:34,0.02034400,1.67000000
2018-02-23 18:03:35,0.02034400,26.70000000
2018-02-23 18:03:35,0.02034400,0.08000000
2018-02-23 18:03:35,0.02034400,3.02000000
2018-02-23 18:03:43,0.02034400,0.01000000
2018-02-23 18:03:44,0.02035300,3.03000000
2018-02-23 18:03:45,0.02035700,1.59000000
2018-02-23 18:03:46,0.02035700,0.80000000
2018-02-23 18:04:00,0.02035700,0.60000000
2018-02-23 18:04:00,0.02035700,0.72000000
2018-02-23 18:04:00,0.02035700,0.73000000
2018-02-23 18:04:00,0.02035700,0.73000000
2018-02-23 18:04:07,0.02035700,0.29000000
2018-02-23 18:04:07,0.02035700,0.46000000
2018-02-23 18:04:07,0.02035800,0.49000000
2018-02-23 18:04:08,0.02035700,0.10000000
2018-02-23 18:04:08,0.02035700,0.10000000
2018-02-23 18:04:09,0.02035800,0.49000000
2018-02-23 18:04:09,0.02035700,0.09000000
2018-02-23 18:04:11,0.02035700,0.10000000
2018-02-23 18:04:11,0.02035800,0.39000000
2018-02-23 18:04:11,0.02035800,0.45000000
2018-02-23 18:04:12,0.02036300,0.10000000
2018-02-23 18:04:12,0.02036400,0.10000000
2018-02-23 18:04:12,0.02036400,0.10000000
2018-02-23 18:04:26,0.02036500,0.27000000
2018-02-23 18:04:26,0.02036500,0.10000000
2018-02-23 18:04:28,0.02036400,0.98000000
2018-02-23 18:04:29,0.02036400,0.10000000
2018-02-23 18:04:34,0.02036400,0.43000000
2018-02-23 18:04:35,0.02036400,0.31000000
2018-02-23 18:04:35,0.02035800,4.37000000
2018-02-23 18:04:35,0.02035700,3.16000000
2018-02-23 18:04:35,0.02035600,14.50000000
2018-02-23 18:04:35,0.02035300,1.26000000
2018-02-23 18:04:35,0.02035000,7.36000000
2018-02-23 18:04:35,0.02034400,1.07000000
2018-02-23 18:04:35,0.02033800,2.97000000
2018-02-23 18:04:42,0.02035700,0.79000000
2018-02-23 18:04:42,0.02036300,0.07000000
2018-02-23 18:04:45,0.02035700,2.93000000
2018-02-23 18:04:52,0.02036300,1.06000000
2018-02-23 18:04:52,0.02036300,1.46000000
2018-02-23 18:04:53,0.02036300,1.46000000
2018-02-23 18:04:53,0.02036300,0.43000000
2018-02-23 18:04:53,0.02036300,3.04000000
2018-02-23 18:04:53,0.02036300,1.47000000
2018-02-23 18:04:53,0.02036300,1.47000000
2018-02-23 18:04:53,0.02036300,1.47000000
2018-02-23 18:04:54,0.02036300,1.10000000
2018-02-23 18:04:55,0.02036300,0.97000000
2018-02-23 18:04:55,0.02036300,0.01000000
2018-02-23 18:05:05,0.02035000,0.51000000
2018-02-23 18:05:08,0.02036300,0.06000000
2018-02-23 18:05:08,0.02035000,0.80000000
2018-02-23 18:05:08,0.02035000,1.47000000
2018-02-23 18:05:08,0.02036000,0.59000000
2018-02-23 18:05:08,0.02035000,0.49000000
2018-02-23 18:05:10,0.02035000,0.68000000
2018-02-23 18:05:19,0.02035000,0.87000000
2018-02-23 18:05:22,0.02035000,6.77000000
2018-02-23 18:05:27,0.02035000,1.00000000
2018-02-23 18:05:28,0.02036000,0.40000000
2018-02-23 18:05:28,0.02036000,0.01000000
2018-02-23 18:05:28,0.02036600,0.17000000
2018-02-23 18:05:32,0.02036600,0.10000000
2018-02-23 18:05:32,0.02036900,0.12000000
2018-02-23 18:05:32,0.02037600,0.27000000
2018-02-23 18:05:32,0.02037600,0.10000000
2018-02-23 18:05:32,0.02036900,0.10000000
2018-02-23 18:05:32,0.02037700,0.30000000
2018-02-23 18:05:32,0.02037600,0.10000000
2018-02-23 18:05:32,0.02037700,0.51000000
2018-02-23 18:05:32,0.02036900,0.10000000
2018-02-23 18:05:32,0.02037700,6.55000000
2018-02-23 18:05:32,0.02037800,0.10000000
2018-02-23 18:05:32,0.02037800,0.10000000
2018-02-23 18:05:33,0.02037800,0.10000000
2018-02-23 18:05:33,0.02037800,0.10000000
2018-02-23 18:05:33,0.02037800,0.01000000
2018-02-23 18:05:36,0.02037700,0.08000000
2018-02-23 18:05:38,0.02036100,0.94000000
2018-02-23 18:05:44,0.02035100,0.54000000
2018-02-23 18:05:44,0.02035000,14.50000000
2018-02-23 18:05:44,0.02034900,0.10000000
2018-02-23 18:05:44,0.02034500,0.30000000
2018-02-23 18:05:44,0.02034400,0.10000000
2018-02-23 18:05:44,0.02034100,4.46000000
2018-02-23 18:05:44,0.02034000,4.59000000
2018-02-23 18:05:45,0.02036900,0.10000000
2018-02-23 18:05:45,0.02037600,0.27000000
2018-02-23 18:05:46,0.02034300,0.32000000
2018-02-23 18:05:47,0.02036900,0.10000000
2018-02-23 18:05:47,0.02037500,0.94000000
2018-02-23 18:05:47,0.02037600,0.13000000
2018-02-23 18:05:47,0.02037700,0.11000000
2018-02-23 18:05:47,0.02037800,0.10000000
2018-02-23 18:05:47,0.02037800,0.54000000
2018-02-23 18:05:47,0.02037800,0.10000000
2018-02-23 18:05:47,0.02037800,0.10000000
2018-02-23 18:05:48,0.02037800,0.10000000
2018-02-23 18:05:48,0.02037800,0.10000000
2018-02-23 18:05:48,0.02035000,1.61000000
2018-02-23 18:05:49,0.02037800,0.10000000
2018-02-23 18:05:50,0.02038000,4.00000000
2018-02-23 18:05:50,0.02038000,1.05000000
2018-02-23 18:05:50,0.02038900,0.10000000
2018-02-23 18:05:50,0.02039800,0.94000000
2018-02-23 18:05:53,0.02037800,0.17000000
2018-02-23 18:05:53,0.02037800,0.80000000
2018-02-23 18:05:53,0.02037800,0.20000000
2018-02-23 18:05:54,0.02038900,0.10000000
2018-02-23 18:05:57,0.02039700,1.61000000
2018-02-23 18:05:57,0.02039800,8.95000000
2018-02-23 18:05:57,0.02039900,9.19000000
2018-02-23 18:05:57,0.02040000,8.22000000
2018-02-23 18:05:59,0.02040000,2.54000000
2018-02-23 18:06:00,0.02040000,9.31000000
2018-02-23 18:06:00,0.02040000,1.00000000
2018-02-23 18:06:01,0.02040000,0.66000000
2018-02-23 18:06:02,0.02040000,3.72000000
2018-02-23 18:06:02,0.02040000,9.04000000
2018-02-23 18:06:02,0.02040000,2.55000000
2018-02-23 18:06:03,0.02040000,2.19000000
2018-02-23 18:06:03,0.02040000,2.45000000
2018-02-23 18:06:03,0.02039900,4.22000000
2018-02-23 18:06:04,0.02039900,1.78000000
2018-02-23 18:06:04,0.02040000,9.47000000
2018-02-23 18:06:04,0.02040000,0.23000000
2018-02-23 18:06:04,0.02038900,5.77000000
2018-02-23 18:06:04,0.02040000,1.42000000
2018-02-23 18:06:04,0.02040100,1.35000000
2018-02-23 18:06:04,0.02040100,0.80000000
2018-02-23 18:06:05,0.02040100,3.83000000
2018-02-23 18:06:05,0.02040100,2.91000000
2018-02-23 18:06:05,0.02040100,0.39000000
2018-02-23 18:06:06,0.02040100,0.39000000
2018-02-23 18:06:07,0.02040900,0.10000000
2018-02-23 18:06:07,0.02041700,0.49000000
2018-02-23 18:06:07,0.02042400,2.57000000
2018-02-23 18:06:07,0.02040300,0.75000000
2018-02-23 18:06:08,0.02040300,0.81000000
2018-02-23 18:06:10,0.02042400,0.40000000
2018-02-23 18:06:11,0.02041100,1.20000000
2018-02-23 18:06:11,0.02041100,0.08000000
2018-02-23 18:06:11,0.02043000,1.09000000
2018-02-23 18:06:13,0.02041000,0.10000000
2018-02-23 18:06:13,0.02040300,1.06000000
2018-02-23 18:06:14,0.02040400,0.54000000
2018-02-23 18:06:14,0.02040300,0.60000000
2018-02-23 18:06:14,0.02040100,0.12000000
2018-02-23 18:06:16,0.02041100,0.59000000
2018-02-23 18:06:17,0.02042700,0.80000000
2018-02-23 18:06:17,0.02042700,0.47000000
2018-02-23 18:06:18,0.02042600,0.54000000
2018-02-23 18:06:18,0.02043000,0.10000000
2018-02-23 18:06:18,0.02043200,1.06000000
2018-02-23 18:06:18,0.02043900,0.15000000
2018-02-23 18:06:18,0.02042700,0.30000000
2018-02-23 18:06:19,0.02042700,0.12000000
2018-02-23 18:06:19,0.02042600,0.47000000
2018-02-23 18:06:20,0.02044200,2.80000000
2018-02-23 18:06:20,0.02044200,0.01000000
2018-02-23 18:06:20,0.02044600,0.65000000
2018-02-23 18:06:20,0.02044800,0.41000000
2018-02-23 18:06:20,0.02045000,1.32000000
2018-02-23 18:06:20,0.02045000,1.60000000
2018-02-23 18:06:20,0.02045000,0.01000000
2018-02-23 18:06:20,0.02045400,1.45000000
2018-02-23 18:06:20,0.02045400,1.81000000
2018-02-23 18:06:20,0.02044500,0.20000000
2018-02-23 18:06:20,0.02044500,1.46000000
2018-02-23 18:06:20,0.02045400,1.19000000
2018-02-23 18:06:21,0.02044500,0.20000000
2018-02-23 18:06:21,0.02044500,0.39000000
2018-02-23 18:06:23,0.02045400,1.46000000
2018-02-23 18:06:23,0.02045400,0.79000000
2018-02-23 18:06:23,0.02045400,1.46000000
2018-02-23 18:06:23,0.02045400,1.46000000
2018-02-23 18:06:23,0.02045400,0.87000000
2018-02-23 18:06:23,0.02044200,0.66000000
2018-02-23 18:06:23,0.02043000,0.10000000
2018-02-23 18:06:24,0.02043000,1.46000000
2018-02-23 18:06:24,0.02043000,1.46000000
2018-02-23 18:06:24,0.02043000,2.87000000
2018-02-23 18:06:24,0.02043000,1.41000000
2018-02-23 18:06:24,0.02043000,1.11000000
2018-02-23 18:06:24,0.02043000,0.83000000
2018-02-23 18:06:25,0.02045000,0.10000000
2018-02-23 18:06:25,0.02045400,9.63000000
2018-02-23 18:06:26,0.02042800,1.00000000
2018-02-23 18:06:27,0.02043000,0.10000000
2018-02-23 18:06:27,0.02042800,4.76000000
2018-02-23 18:06:27,0.02042700,5.04000000
2018-02-23 18:06:27,0.02042900,0.48000000
2018-02-23 18:06:27,0.02042800,0.01000000
2018-02-23 18:06:28,0.02043000,0.20000000
2018-02-23 18:06:28,0.02043000,0.33000000
2018-02-23 18:06:28,0.02042700,2.32000000
2018-02-23 18:06:28,0.02042600,0.07000000
2018-02-23 18:06:28,0.02042100,0.43000000
2018-02-23 18:06:28,0.02042900,0.97000000
2018-02-23 18:06:28,0.02042100,5.35000000
2018-02-23 18:06:29,0.02042800,0.16000000
2018-02-23 18:06:30,0.02042100,0.22000000
2018-02-23 18:06:30,0.02042000,0.37000000
2018-02-23 18:06:33,0.02042000,0.19000000
2018-02-23 18:06:33,0.02042500,0.54000000
2018-02-23 18:06:33,0.02042500,0.54000000
2018-02-23 18:06:33,0.02042500,0.36000000
2018-02-23 18:06:33,0.02044400,1.29000000
2018-02-23 18:06:33,0.02044400,0.62000000
2018-02-23 18:06:33,0.02042500,1.29000000
2018-02-23 18:06:34,0.02042500,0.09000000
2018-02-23 18:06:34,0.02042500,0.06000000
2018-02-23 18:06:34,0.02042200,0.24000000
2018-02-23 18:06:36,0.02042300,0.05000000
2018-02-23 18:06:39,0.02041400,0.22000000
2018-02-23 18:06:40,0.02042700,0.05000000
2018-02-23 18:06:41,0.02042700,0.10000000
2018-02-23 18:06:41,0.02042800,3.84000000
2018-02-23 18:06:42,0.02042800,1.16000000
2018-02-23 18:06:42,0.02042700,0.29000000
2018-02-23 18:06:43,0.02042700,0.30000000
2018-02-23 18:06:43,0.02044100,1.01000000
2018-02-23 18:06:43,0.02044100,1.46000000
2018-02-23 18:06:43,0.02042700,1.46000000
2018-02-23 18:06:44,0.02044100,1.41000000
2018-02-23 18:06:44,0.02044100,1.41000000
2018-02-23 18:06:44,0.02042800,0.12000000
2018-02-23 18:06:44,0.02042700,0.34000000
2018-02-23 18:06:44,0.02044100,0.47000000
2018-02-23 18:06:45,0.02044200,1.15000000
2018-02-23 18:06:45,0.02044200,1.46000000
2018-02-23 18:06:45,0.02044200,0.54000000
2018-02-23 18:06:45,0.02044200,2.39000000
2018-02-23 18:06:46,0.02044200,1.13000000
2018-02-23 18:06:46,0.02044200,0.69000000
2018-02-23 18:06:46,0.02044400,0.22000000
2018-02-23 18:06:46,0.02044500,0.09000000
2018-02-23 18:06:46,0.02045000,0.66000000
2018-02-23 18:06:46,0.02045300,2.05000000
2018-02-23 18:06:46,0.02043200,0.48000000
2018-02-23 18:06:46,0.02043100,0.78000000
2018-02-23 18:06:47,0.02045300,2.40000000
2018-02-23 18:06:47,0.02045300,0.01000000
2018-02-23 18:06:47,0.02045400,1.46000000
2018-02-23 18:06:47,0.02045400,0.78000000
2018-02-23 18:06:48,0.02043100,7.77000000
2018-02-23 18:06:48,0.02045300,5.00000000
2018-02-23 18:06:48,0.02045400,15.53000000
2018-02-23 18:06:49,0.02043200,0.53000000
2018-02-23 18:06:49,0.02043100,2.22000000
2018-02-23 18:06:49,0.02043000,7.20000000
2018-02-23 18:06:55,0.02044900,1.01000000
2018-02-23 18:06:55,0.02044900,2.98000000
2018-02-23 18:06:55,0.02044900,1.46000000
2018-02-23 18:06:55,0.02044900,0.32000000
2018-02-23 18:06:57,0.02043200,2.50000000
2018-02-23 18:06:59,0.02043100,1.26000000
2018-02-23 18:07:04,0.02043100,0.05000000
2018-02-23 18:07:07,0.02043100,7.11000000
2018-02-23 18:07:07,0.02043100,0.11000000
2018-02-23 18:07:07,0.02043100,1.69000000
2018-02-23 18:07:07,0.02043100,1.69000000
2018-02-23 18:07:11,0.02043100,0.20000000
2018-02-23 18:07:11,0.02043100,1.26000000
2018-02-23 18:07:12,0.02044200,0.53000000
2018-02-23 18:07:21,0.02043200,1.13000000
2018-02-23 18:07:23,0.02043300,1.00000000
2018-02-23 18:07:23,0.02043200,1.26000000
2018-02-23 18:07:26,0.02045300,0.48000000
2018-02-23 18:07:31,0.02045300,5.60000000
2018-02-23 18:07:31,0.02045300,2.42000000
2018-02-23 18:07:31,0.02045400,17.58000000
2018-02-23 18:07:32,0.02045400,1.33000000
2018-02-23 18:07:32,0.02045400,0.19000000
2018-02-23 18:07:35,0.02045400,2.00000000
2018-02-23 18:07:36,0.02045400,0.38000000
2018-02-23 18:07:36,0.02045400,5.04000000
2018-02-23 18:07:36,0.02043700,4.41000000
2018-02-23 18:07:36,0.02043600,0.59000000
2018-02-23 18:07:36,0.02045400,2.25000000
2018-02-23 18:07:36,0.02045400,1.76000000
2018-02-23 18:07:36,0.02045400,0.27000000
2018-02-23 18:07:37,0.02045400,18.56000000
2018-02-23 18:07:37,0.02045400,3.65000000
2018-02-23 18:07:37,0.02045400,7.21000000
2018-02-23 18:07:37,0.02045400,1.23000000
2018-02-23 18:07:37,0.02045400,2.20000000
2018-02-23 18:07:37,0.02045400,3.59000000
2018-02-23 18:07:37,0.02045400,4.83000000
2018-02-23 18:07:37,0.02045400,0.01000000
2018-02-23 18:07:37,0.02045500,0.05000000
2018-02-23 18:07:37,0.02046400,0.06000000
2018-02-23 18:07:38,0.02046400,0.11000000
2018-02-23 18:07:41,0.02044000,13.65000000
2018-02-23 18:07:41,0.02044000,0.75000000
2018-02-23 18:07:41,0.02043900,7.57000000
2018-02-23 18:07:41,0.02043900,0.32000000
2018-02-23 18:07:41,0.02043800,5.76000000
2018-02-23 18:07:43,0.02045400,0.34000000
2018-02-23 18:07:43,0.02045400,1.39000000
2018-02-23 18:07:43,0.02045400,2.87000000
2018-02-23 18:07:43,0.02045400,0.34000000
2018-02-23 18:07:43,0.02045400,22.06000000
2018-02-23 18:07:43,0.02043400,0.70000000
2018-02-23 18:07:44,0.02043200,1.46000000
2018-02-23 18:07:45,0.02043300,0.80000000
2018-02-23 18:07:46,0.02043300,0.17000000
2018-02-23 18:07:46,0.02043200,1.08000000
2018-02-23 18:07:48,0.02044400,0.51000000
2018-02-23 18:07:48,0.02044400,0.19000000
2018-02-23 18:07:49,0.02044500,0.51000000
2018-02-23 18:07:49,0.02044300,0.08000000
2018-02-23 18:07:49,0.02044600,5.76000000
2018-02-23 18:07:49,0.02046300,3.62000000
2018-02-23 18:07:49,0.02046400,0.02000000
2018-02-23 18:07:49,0.02046700,0.35000000
2018-02-23 18:07:49,0.02047000,4.00000000
2018-02-23 18:07:49,0.02047100,0.10000000
2018-02-23 18:07:49,0.02047400,0.27000000
2018-02-23 18:07:49,0.02048000,8.15000000
2018-02-23 18:07:49,0.02048200,7.57000000
2018-02-23 18:07:50,0.02044100,2.40000000
2018-02-23 18:07:50,0.02044000,0.49000000
2018-02-23 18:07:50,0.02043900,6.94000000
2018-02-23 18:07:50,0.02044300,0.10000000
2018-02-23 18:07:51,0.02043800,0.11000000
2018-02-23 18:07:52,0.02044100,0.37000000
2018-02-23 18:07:52,0.02044000,0.40000000
2018-02-23 18:07:53,0.02044000,2.00000000
2018-02-23 18:07:53,0.02044100,0.89000000
2018-02-23 18:07:53,0.02043800,0.37000000
2018-02-23 18:07:54,0.02043300,0.80000000
2018-02-23 18:07:57,0.02043300,0.80000000
2018-02-23 18:07:57,0.02043300,0.13000000
2018-02-23 18:07:58,0.02043900,0.14000000
2018-02-23 18:07:58,0.02043300,0.42000000
2018-02-23 18:07:59,0.02043300,1.25000000
2018-02-23 18:08:01,0.02043300,1.46000000
2018-02-23 18:08:01,0.02043300,1.06000000
2018-02-23 18:08:01,0.02043300,1.02000000
2018-02-23 18:08:01,0.02043900,0.66000000
2018-02-23 18:08:01,0.02044000,0.84000000
2018-02-23 18:08:01,0.02043200,1.46000000
2018-02-23 18:08:01,0.02043200,0.46000000
2018-02-23 18:08:02,0.02043200,1.46000000
2018-02-23 18:08:02,0.02043200,1.46000000
2018-02-23 18:08:03,0.02043800,1.46000000
2018-02-23 18:08:03,0.02043800,1.36000000
2018-02-23 18:08:03,0.02043800,0.38000000
2018-02-23 18:08:03,0.02043800,0.94000000
2018-02-23 18:08:03,0.02043900,5.68000000
2018-02-23 18:08:03,0.02044000,17.63000000
2018-02-23 18:08:03,0.02043800,0.80000000
2018-02-23 18:08:04,0.02043800,0.84000000
2018-02-23 18:08:05,0.02044000,17.22000000
2018-02-23 18:08:06,0.02043800,1.46000000
2018-02-23 18:08:06,0.02043800,0.99000000
2018-02-23 18:08:07,0.02043200,1.46000000
2018-02-23 18:08:07,0.02043200,0.72000000
2018-02-23 18:08:10,0.02043200,0.27000000
2018-02-23 18:08:10,0.02043200,2.54000000
2018-02-23 18:08:10,0.02043300,0.79000000
2018-02-23 18:08:10,0.02043300,1.30000000
2018-02-23 18:08:10,0.02044100,0.80000000
2018-02-23 18:08:11,0.02044200,0.54000000
2018-02-23 18:08:11,0.02044100,0.11000000
2018-02-23 18:08:12,0.02044100,2.08000000
2018-02-23 18:08:13,0.02043600,0.95000000
2018-02-23 18:08:13,0.02043700,2.49000000
2018-02-23 18:08:14,0.02043700,3.02000000
2018-02-23 18:08:14,0.02043800,5.78000000
2018-02-23 18:08:14,0.02043700,1.42000000
2018-02-23 18:08:14,0.02043700,8.51000000
2018-02-23 18:08:14,0.02043700,4.90000000
2018-02-23 18:08:15,0.02043700,0.53000000
2018-02-23 18:08:15,0.02043800,1.55000000
2018-02-23 18:08:16,0.02043800,3.20000000
2018-02-23 18:08:16,0.02044000,0.78000000
2018-02-23 18:08:17,0.02044000,0.78000000
2018-02-23 18:08:17,0.02044000,0.53000000
2018-02-23 18:08:17,0.02044000,2.97000000
2018-02-23 18:08:17,0.02044000,0.39000000
2018-02-23 18:08:18,0.02044000,7.62000000
2018-02-23 18:08:18,0.02043900,1.67000000
2018-02-23 18:08:18,0.02043900,0.39000000
2018-02-23 18:08:20,0.02043900,0.80000000
2018-02-23 18:08:21,0.02044600,0.95000000
2018-02-23 18:08:22,0.02043900,0.46000000
2018-02-23 18:08:23,0.02044100,0.78000000
2018-02-23 18:08:23,0.02044100,0.46000000
2018-02-23 18:08:24,0.02044100,0.86000000
2018-02-23 18:08:24,0.02044100,0.95000000
2018-02-23 18:08:25,0.02044100,0.35000000
2018-02-23 18:08:25,0.02044100,1.78000000
2018-02-23 18:08:25,0.02044100,0.51000000
2018-02-23 18:08:25,0.02044100,0.26000000
2018-02-23 18:08:26,0.02044100,2.04000000
2018-02-23 18:08:29,0.02044100,0.01000000
2018-02-23 18:08:32,0.02043900,0.78000000
2018-02-23 18:08:32,0.02043900,0.80000000
2018-02-23 18:08:32,0.02043900,3.26000000
2018-02-23 18:08:33,0.02043800,1.25000000
2018-02-23 18:08:33,0.02043300,0.12000000
2018-02-23 18:08:34,0.02043300,0.41000000
2018-02-23 18:08:34,0.02044000,0.54000000
2018-02-23 18:08:36,0.02043300,0.80000000
2018-02-23 18:08:41,0.02043300,4.30000000
2018-02-23 18:08:42,0.02043300,11.33000000
2018-02-23 18:08:43,0.02044000,1.70000000
2018-02-23 18:08:43,0.02044100,7.24000000
2018-02-23 18:08:43,0.02044200,15.45000000
2018-02-23 18:08:43,0.02044200,4.31000000
2018-02-23 18:08:45,0.02043300,35.84000000
2018-02-23 18:08:46,0.02044500,5.78000000
2018-02-23 18:08:46,0.02044600,0.49000000
2018-02-23 18:08:46,0.02045500,19.87000000
2018-02-23 18:08:46,0.02043300,2.42000000
2018-02-23 18:08:47,0.02043400,0.15000000
2018-02-23 18:08:49,0.02046900,1.20000000
2018-02-23 18:08:49,0.02047000,1.88000000
2018-02-23 18:08:54,0.02046900,0.12000000
2018-02-23 18:08:54,0.02044400,1.00000000
2018-02-23 18:08:54,0.02043800,1.45000000
2018-02-23 18:08:54,0.02044200,0.54000000
2018-02-23 18:08:54,0.02044200,1.46000000
2018-02-23 18:08:55,0.02044200,1.46000000
2018-02-23 18:08:55,0.02044200,3.30000000
2018-02-23 18:08:57,0.02044300,2.00000000
2018-02-23 18:09:01,0.02044300,1.00000000
2018-02-23 18:09:05,0.02044300,1.76000000
2018-02-23 18:09:05,0.02044200,2.46000000
2018-02-23 18:09:05,0.02044100,5.76000000
2018-02-23 18:09:05,0.02043600,1.46000000
2018-02-23 18:09:05,0.02043200,4.74000000
2018-02-23 18:09:07,0.02045100,0.52000000
2018-02-23 18:09:07,0.02045100,1.46000000
2018-02-23 18:09:08,0.02045100,1.46000000
2018-02-23 18:09:08,0.02045100,1.46000000
2018-02-23 18:09:08,0.02045100,0.86000000
2018-02-23 18:09:08,0.02045300,4.08000000
2018-02-23 18:09:08,0.02045300,0.55000000
2018-02-23 18:09:08,0.02045300,9.76000000
2018-02-23 18:09:08,0.02045200,0.54000000
2018-02-23 18:09:09,0.02045200,0.92000000
2018-02-23 18:09:09,0.02043400,0.45000000
2018-02-23 18:09:09,0.02043300,3.96000000
2018-02-23 18:09:12,0.02045400,0.10000000
2018-02-23 18:09:12,0.02045400,5.66000000
2018-02-23 18:09:12,0.02045100,1.20000000
2018-02-23 18:09:13,0.02045100,1.20000000
2018-02-23 18:09:13,0.02045100,0.17000000
2018-02-23 18:09:13,0.02046800,0.63000000
2018-02-23 18:09:14,0.02045100,0.10000000
2018-02-23 18:09:15,0.02046600,5.75000000
2018-02-23 18:09:15,0.02046700,4.45000000
2018-02-23 18:09:16,0.02047100,2.04000000
2018-02-23 18:09:16,0.02047200,3.39000000
2018-02-23 18:09:16,0.02045100,0.07000000
2018-02-23 18:09:16,0.02043500,0.03000000
2018-02-23 18:09:17,0.02045100,0.10000000
2018-02-23 18:09:19,0.02046800,3.97000000
2018-02-23 18:09:19,0.02046900,1.00000000
2018-02-23 18:09:19,0.02047000,2.28000000
2018-02-23 18:09:19,0.02048200,5.43000000
2018-02-23 18:09:19,0.02048400,2.15000000
2018-02-23 18:09:19,0.02048600,1.60000000
2018-02-23 18:09:19,0.02048700,1.52000000
2018-02-23 18:09:19,0.02048800,0.25000000
2018-02-23 18:09:19,0.02049100,0.10000000
2018-02-23 18:09:19,0.02049400,0.07000000
2018-02-23 18:09:19,0.02049500,6.00000000
2018-02-23 18:09:19,0.02049600,19.90000000
2018-02-23 18:09:19,0.02049800,22.99000000
2018-02-23 18:09:19,0.02049800,1.29000000
2018-02-23 18:09:19,0.02049800,0.01000000
2018-02-23 18:09:20,0.02047100,0.10000000
2018-02-23 18:09:20,0.02044700,0.39000000
2018-02-23 18:09:20,0.02047100,0.10000000
2018-02-23 18:09:24,0.02045600,0.09000000
2018-02-23 18:09:25,0.02045600,1.15000000
2018-02-23 18:09:26,0.02045700,0.12000000
2018-02-23 18:09:26,0.02047700,0.42000000
2018-02-23 18:09:26,0.02048200,5.54000000
2018-02-23 18:09:26,0.02049100,0.10000000
2018-02-23 18:09:26,0.02049800,2.56000000
2018-02-23 18:09:26,0.02049900,12.93000000
2018-02-23 18:09:26,0.02050000,1.32000000
2018-02-23 18:09:26,0.02045700,0.88000000
2018-02-23 18:09:26,0.02045600,0.67000000
2018-02-23 18:09:27,0.02048000,0.10000000
2018-02-23 18:09:27,0.02046000,0.10000000
2018-02-23 18:09:27,0.02046100,0.27000000
2018-02-23 18:09:28,0.02049900,0.48000000
2018-02-23 18:09:28,0.02047100,0.10000000
2018-02-23 18:09:28,0.02046700,1.48000000
2018-02-23 18:09:28,0.02046600,0.44000000
2018-02-23 18:09:28,0.02046600,1.46000000
2018-02-23 18:09:29,0.02046400,1.46000000
2018-02-23 18:09:29,0.02046800,0.17000000
2018-02-23 18:09:29,0.02046100,1.00000000
2018-02-23 18:09:30,0.02046700,0.53000000
2018-02-23 18:09:30,0.02046100,6.09000000
2018-02-23 18:09:30,0.02045100,0.10000000
2018-02-23 18:09:30,0.02045000,5.00000000
2018-02-23 18:09:30,0.02044700,10.88000000
2018-02-23 18:09:30,0.02044000,14.40000000
2018-02-23 18:09:30,0.02043300,8.75000000
2018-02-23 18:09:31,0.02043600,0.34000000
2018-02-23 18:09:31,0.02046500,0.16000000
2018-02-23 18:09:33,0.02044800,1.67000000
2018-02-23 18:09:35,0.02044900,0.87000000
2018-02-23 18:09:35,0.02045000,0.46000000
2018-02-23 18:09:35,0.02043500,0.08000000
2018-02-23 18:09:36,0.02046000,0.15000000
2018-02-23 18:09:37,0.02043400,0.12000000
2018-02-23 18:09:37,0.02043400,0.09000000
2018-02-23 18:09:37,0.02043400,0.13000000
2018-02-23 18:09:38,0.02044000,14.40000000
2018-02-23 18:09:39,0.02043300,0.12000000
2018-02-23 18:09:43,0.02043300,0.30000000
2018-02-23 18:09:44,0.02043300,11.39000000
2018-02-23 18:09:44,0.02043200,12.82000000
2018-02-23 18:09:44,0.02043100,6.78000000
2018-02-23 18:09:44,0.02043000,0.10000000
2018-02-23 18:09:44,0.02041100,0.33000000
2018-02-23 18:09:44,0.02041000,1.01000000
2018-02-23 18:09:44,0.02040200,0.98000000
2018-02-23 18:09:44,0.02040100,2.79000000
2018-02-23 18:09:44,0.02040000,1.47000000
2018-02-23 18:09:44,0.02039000,4.21000000
2018-02-23 18:09:44,0.02038900,0.92000000
2018-02-23 18:09:44,0.02038800,0.14000000
2018-02-23 18:09:44,0.02038000,3.04000000
2018-02-23 18:09:44,0.02037900,0.08000000
2018-02-23 18:09:44,0.02037500,0.65000000
2018-02-23 18:09:44,0.02037100,5.65000000
2018-02-23 18:09:45,0.02037300,4.80000000
2018-02-23 18:09:45,0.02044800,1.97000000
2018-02-23 18:09:45,0.02040900,0.10000000
2018-02-23 18:09:46,0.02040600,0.71000000
2018-02-23 18:09:46,0.02040300,1.00000000
2018-02-23 18:09:47,0.02042800,0.07000000
2018-02-23 18:09:47,0.02040700,0.09000000
2018-02-23 18:09:47,0.02040700,0.89000000
2018-02-23 18:09:48,0.02040000,2.76000000
2018-02-23 18:09:49,0.02042200,2.66000000
2018-02-23 18:09:49,0.02040400,0.10000000
2018-02-23 18:09:49,0.02040400,0.15000000
2018-02-23 18:09:50,0.02041900,2.07000000
2018-02-23 18:09:50,0.02042100,0.16000000
2018-02-23 18:09:50,0.02040400,0.06000000
2018-02-23 18:09:50,0.02042100,0.54000000
2018-02-23 18:09:50,0.02040500,0.05000000
2018-02-23 18:09:50,0.02040500,0.21000000
2018-02-23 18:09:50,0.02040500,0.23000000
2018-02-23 18:09:50,0.02040400,3.77000000
2018-02-23 18:09:50,0.02040400,0.05000000
2018-02-23 18:09:51,0.02040400,0.25000000
2018-02-23 18:09:51,0.02040400,0.11000000
2018-02-23 18:09:51,0.02040400,0.05000000
2018-02-23 18:09:51,0.02042100,1.08000000
2018-02-23 18:09:51,0.02040400,0.12000000
2018-02-23 18:09:51,0.02040500,0.33000000
2018-02-23 18:09:51,0.02040400,3.43000000
2018-02-23 18:09:52,0.02040200,0.74000000
2018-02-23 18:09:53,0.02041900,0.11000000
2018-02-23 18:09:53,0.02039200,0.05000000
2018-02-23 18:09:53,0.02038900,0.07000000
2018-02-23 18:09:53,0.02041900,0.69000000
2018-02-23 18:09:53,0.02042000,7.36000000
2018-02-23 18:09:53,0.02042800,5.76000000
2018-02-23 18:09:53,0.02042800,1.37000000
2018-02-23 18:09:58,0.02042000,5.00000000
2018-02-23 18:10:00,0.02042000,0.46000000
2018-02-23 18:10:00,0.02042100,0.80000000
2018-02-23 18:10:01,0.02042100,3.85000000
2018-02-23 18:10:01,0.02042900,0.92000000
2018-02-23 18:10:01,0.02043000,0.10000000
2018-02-23 18:10:01,0.02044700,0.14000000
2018-02-23 18:10:01,0.02045000,0.35000000
2018-02-23 18:10:01,0.02042100,2.71000000
2018-02-23 18:10:01,0.02042000,2.16000000
2018-02-23 18:10:01,0.02041900,0.78000000
2018-02-23 18:10:03,0.02043000,0.10000000
2018-02-23 18:10:05,0.02044700,0.17000000
2018-02-23 18:10:05,0.02044800,0.10000000
2018-02-23 18:10:05,0.02045000,1.26000000
2018-02-23 18:10:06,0.02042200,0.38000000
2018-02-23 18:10:09,0.02041800,1.00000000
2018-02-23 18:10:11,0.02041100,0.08000000
2018-02-23 18:10:11,0.02043300,1.52000000
2018-02-23 18:10:12,0.02041000,0.48000000
2018-02-23 18:10:13,0.02041100,0.08000000
2018-02-23 18:10:13,0.02041100,0.08000000
2018-02-23 18:10:14,0.02041100,0.38000000
2018-02-23 18:10:15,0.02041200,0.70000000
2018-02-23 18:10:16,0.02041100,0.11000000
2018-02-23 18:10:16,0.02041100,2.22000000
2018-02-23 18:10:19,0.02041100,0.26000000
2018-02-23 18:10:20,0.02041100,3.13000000
2018-02-23 18:10:22,0.02041100,0.67000000
2018-02-23 18:10:22,0.02041100,2.00000000
2018-02-23 18:10:22,0.02041100,1.46000000
2018-02-23 18:10:23,0.02041100,0.29000000
2018-02-23 18:10:23,0.02041000,6.24000000
2018-02-23 18:10:23,0.02040000,0.71000000
2018-02-23 18:10:24,0.02040100,17.02000000
2018-02-23 18:10:24,0.02041100,0.71000000
2018-02-23 18:10:24,0.02041200,0.06000000
2018-02-23 18:10:24,0.02040000,1.51000000
2018-02-23 18:10:25,0.02043000,0.10000000
2018-02-23 18:10:25,0.02043300,0.05000000
2018-02-23 18:10:25,0.02043900,2.30000000
2018-02-23 18:10:29,0.02041600,0.52000000
2018-02-23 18:10:29,0.02043800,5.77000000
2018-02-23 18:10:29,0.02043900,10.93000000
2018-02-23 18:10:29,0.02044100,1.46000000
2018-02-23 18:10:30,0.02043700,0.98000000
2018-02-23 18:10:30,0.02044600,0.46000000
2018-02-23 18:10:30,0.02045000,0.10000000
2018-02-23 18:10:31,0.02043000,0.10000000
2018-02-23 18:10:31,0.02042200,1.36000000
2018-02-23 18:10:32,0.02042400,5.77000000
2018-02-23 18:10:32,0.02042300,0.71000000
2018-02-23 18:10:32,0.02042000,10.63000000
2018-02-23 18:10:34,0.02044500,0.18000000
2018-02-23 18:10:36,0.02043300,2.97000000
2018-02-23 18:10:36,0.02041700,7.36000000
2018-02-23 18:10:36,0.02041500,0.24000000
2018-02-23 18:10:38,0.02043700,1.36000000
2018-02-23 18:10:40,0.02043000,3.20000000
2018-02-23 18:10:41,0.02043000,2.71000000
2018-02-23 18:10:42,0.02042900,2.09000000
2018-02-23 18:10:43,0.02042200,7.88000000
2018-02-23 18:10:43,0.02043000,8.49000000
2018-02-23 18:10:43,0.02043600,1.53000000
2018-02-23 18:10:46,0.02043600,0.73000000
2018-02-23 18:10:46,0.02043600,0.73000000
2018-02-23 18:10:46,0.02043600,0.74000000
2018-02-23 18:10:46,0.02043600,0.74000000
2018-02-23 18:10:49,0.02043600,1.46000000
2018-02-23 18:10:49,0.02043600,1.46000000
2018-02-23 18:10:49,0.02043600,0.39000000
2018-02-23 18:10:49,0.02043700,0.80000000
2018-02-23 18:10:50,0.02043600,0.80000000
2018-02-23 18:10:50,0.02043700,1.46000000
2018-02-23 18:10:50,0.02043700,1.45000000
2018-02-23 18:10:50,0.02043700,3.65000000
2018-02-23 18:10:50,0.02043800,1.46000000
2018-02-23 18:10:50,0.02043800,1.45000000
2018-02-23 18:10:50,0.02043900,5.00000000
2018-02-23 18:10:50,0.02043800,2.19000000
2018-02-23 18:10:50,0.02044300,0.17000000
2018-02-23 18:10:51,0.02044500,3.99000000
2018-02-23 18:10:53,0.02044500,0.64000000
2018-02-23 18:10:53,0.02045000,0.15000000
2018-02-23 18:10:53,0.02045300,2.44000000
2018-02-23 18:10:53,0.02045600,0.15000000
2018-02-23 18:10:54,0.02047000,0.32000000
2018-02-23 18:10:56,0.02044100,0.53000000
2018-02-23 18:10:56,0.02044000,0.77000000
2018-02-23 18:10:59,0.02044300,0.24000000
2018-02-23 18:10:59,0.02044300,0.08000000
2018-02-23 18:10:59,0.02044200,0.11000000
2018-02-23 18:11:01,0.02046900,4.51000000
2018-02-23 18:11:08,0.02045100,0.28000000
2018-02-23 18:11:09,0.02045100,0.74000000
2018-02-23 18:11:11,0.02045100,1.21000000
2018-02-23 18:11:11,0.02045100,1.33000000
2018-02-23 18:11:12,0.02045100,0.44000000
2018-02-23 18:11:15,0.02045200,1.50000000
2018-02-23 18:11:15,0.02045200,1.59000000
2018-02-23 18:11:15,0.02045200,0.88000000
2018-02-23 18:11:15,0.02045100,0.58000000
2018-02-23 18:11:21,0.02045100,0.93000000
2018-02-23 18:11:22,0.02045100,0.16000000
2018-02-23 18:11:23,0.02045300,1.46000000
2018-02-23 18:11:24,0.02045300,0.12000000
2018-02-23 18:11:24,0.02045200,0.82000000
2018-02-23 18:11:24,0.02045200,0.84000000
2018-02-23 18:11:25,0.02045200,0.75000000
2018-02-23 18:11:25,0.02045200,0.31000000
2018-02-23 18:11:25,0.02045200,0.67000000
2018-02-23 18:11:26,0.02045200,0.58000000
2018-02-23 18:11:26,0.02045100,0.01000000
2018-02-23 18:11:26,0.02045100,0.53000000
2018-02-23 18:11:27,0.02045100,0.57000000
2018-02-23 18:11:30,0.02045100,3.00000000
2018-02-23 18:11:33,0.02045200,0.30000000
2018-02-23 18:11:40,0.02045200,0.27000000
2018-02-23 18:11:43,0.02046900,1.34000000
2018-02-23 18:11:48,0.02046700,0.12000000
2018-02-23 18:11:48,0.02046700,1.29000000
2018-02-23 18:11:48,0.02046900,1.94000000
2018-02-23 18:11:50,0.02046900,0.07000000
2018-02-23 18:11:51,0.02045600,7.19000000
2018-02-23 18:11:51,0.02045600,2.52000000
2018-02-23 18:11:55,0.02045600,1.46000000
2018-02-23 18:11:56,0.02045600,0.11000000
2018-02-23 18:12:12,0.02045900,1.46000000
2018-02-23 18:12:12,0.02045900,1.46000000
2018-02-23 18:12:12,0.02045900,1.61000000
2018-02-23 18:12:12,0.02045500,0.01000000
2018-02-23 18:12:13,0.02046600,0.03000000
2018-02-23 18:12:13,0.02045500,0.41000000
2018-02-23 18:12:14,0.02045900,0.10000000
2018-02-23 18:12:17,0.02046600,0.92000000
2018-02-23 18:12:18,0.02046800,3.02000000
2018-02-23 18:12:19,0.02046700,0.13000000
2018-02-23 18:12:20,0.02046800,0.60000000
2018-02-23 18:12:21,0.02046800,2.10000000
2018-02-23 18:12:21,0.02046700,0.46000000
2018-02-23 18:12:21,0.02046600,0.59000000
2018-02-23 18:12:22,0.02046800,1.42000000
2018-02-23 18:12:22,0.02045900,0.48000000
2018-02-23 18:12:23,0.02045900,4.52000000
2018-02-23 18:12:23,0.02045500,1.40000000
2018-02-23 18:12:23,0.02045300,1.95000000
2018-02-23 18:12:23,0.02045200,3.76000000
2018-02-23 18:12:23,0.02044300,7.16000000
2018-02-23 18:12:23,0.02044000,13.94000000
2018-02-23 18:12:23,0.02046800,2.33000000
2018-02-23 18:12:24,0.02046800,0.16000000
2018-02-23 18:12:25,0.02046800,0.81000000
2018-02-23 18:12:27,0.02046800,8.22000000
2018-02-23 18:12:30,0.02046900,1.46000000
2018-02-23 18:12:30,0.02046900,1.46000000
2018-02-23 18:12:30,0.02046800,1.46000000
2018-02-23 18:12:31,0.02046900,1.46000000
2018-02-23 18:12:31,0.02046900,0.36000000
2018-02-23 18:12:32,0.02046900,0.36000000
2018-02-23 18:12:32,0.02046800,0.36000000
2018-02-23 18:12:32,0.02046900,3.19000000
2018-02-23 18:12:33,0.02046900,1.65000000
2018-02-23 18:12:33,0.02046900,5.00000000
2018-02-23 18:12:33,0.02046900,1.54000000
2018-02-23 18:12:33,0.02047100,0.10000000
2018-02-23 18:12:36,0.02048000,0.02000000
2018-02-23 18:12:39,0.02048000,2.49000000
2018-02-23 18:12:40,0.02047100,0.16000000
2018-02-23 18:12:40,0.02047100,0.15000000
2018-02-23 18:12:41,0.02048000,0.70000000
2018-02-23 18:12:42,0.02049000,2.06000000
2018-02-23 18:12:46,0.02048000,0.97000000
2018-02-23 18:12:50,0.02048300,0.20000000
2018-02-23 18:12:51,0.02049000,1.09000000
2018-02-23 18:12:51,0.02049000,0.93000000
2018-02-23 18:12:51,0.02049000,3.12000000
2018-02-23 18:12:54,0.02048300,0.01000000
2018-02-23 18:12:54,0.02048100,0.25000000
2018-02-23 18:12:55,0.02048300,0.16000000
2018-02-23 18:12:55,0.02048100,0.07000000
2018-02-23 18:12:56,0.02049000,0.20000000
2018-02-23 18:12:56,0.02048100,4.85000000
2018-02-23 18:12:57,0.02048100,0.06000000
2018-02-23 18:13:03,0.02048300,1.25000000
2018-02-23 18:13:03,0.02048200,0.58000000
2018-02-23 18:13:03,0.02048900,0.82000000
2018-02-23 18:13:03,0.02049000,0.98000000
2018-02-23 18:13:04,0.02048400,0.42000000
2018-02-23 18:13:06,0.02048400,0.41000000
2018-02-23 18:13:06,0.02048300,0.61000000
2018-02-23 18:13:08,0.02048300,4.06000000
2018-02-23 18:13:10,0.02048400,0.16000000
2018-02-23 18:13:11,0.02049100,0.10000000
2018-02-23 18:13:17,0.02049700,1.46000000
2018-02-23 18:13:17,0.02049700,0.71000000
2018-02-23 18:13:17,0.02049900,6.00000000
2018-02-23 18:13:18,0.02050000,15.21000000
2018-02-23 18:13:19,0.02048500,1.38000000
2018-02-23 18:13:19,0.02048400,0.38000000
2018-02-23 18:13:19,0.02048300,2.88000000
2018-02-23 18:13:20,0.02048300,1.16000000
2018-02-23 18:13:20,0.02048300,0.01000000
2018-02-23 18:13:20,0.02048100,4.12000000
2018-02-23 18:13:20,0.02048100,3.23000000
2018-02-23 18:13:22,0.02048400,1.69000000
2018-02-23 18:13:22,0.02048100,0.01000000
2018-02-23 18:13:22,0.02048000,0.87000000
2018-02-23 18:13:24,0.02048300,0.92000000
2018-02-23 18:13:27,0.02048000,0.07000000
2018-02-23 18:13:27,0.02048100,0.16000000
2018-02-23 18:13:31,0.02048200,5.00000000
2018-02-23 18:13:33,0.02048200,1.27000000
2018-02-23 18:13:37,0.02049200,0.16000000
2018-02-23 18:13:37,0.02049300,0.51000000
2018-02-23 18:13:39,0.02048300,0.24000000
2018-02-23 18:13:39,0.02048300,1.00000000
2018-02-23 18:13:40,0.02048300,0.16000000
2018-02-23 18:13:42,0.02048300,16.14000000
2018-02-23 18:13:42,0.02048300,16.16000000
2018-02-23 18:13:42,0.02048300,0.11000000
2018-02-23 18:13:43,0.02048200,0.48000000
2018-02-23 18:13:43,0.02048100,1.34000000
2018-02-23 18:13:45,0.02048100,0.66000000
2018-02-23 18:13:45,0.02048000,1.86000000
2018-02-23 18:13:45,0.02048000,0.54000000
2018-02-23 18:13:45,0.02048300,0.11000000
2018-02-23 18:13:46,0.02048300,0.08000000
2018-02-23 18:13:50,0.02048100,0.24000000
2018-02-23 18:13:51,0.02048100,5.66000000
2018-02-23 18:13:51,0.02048100,7.96000000
2018-02-23 18:13:51,0.02048000,9.80000000
2018-02-23 18:13:52,0.02047100,0.27000000
2018-02-23 18:13:52,0.02047000,0.05000000
2018-02-23 18:13:52,0.02046900,5.54000000
2018-02-23 18:13:52,0.02046900,0.46000000
2018-02-23 18:13:53,0.02046800,1.46000000
2018-02-23 18:13:53,0.02046800,5.24000000
2018-02-23 18:13:54,0.02046800,0.42000000
2018-02-23 18:13:54,0.02046800,0.22000000
2018-02-23 18:13:54,0.02046800,2.10000000
2018-02-23 18:13:57,0.02046800,15.91000000
2018-02-23 18:13:57,0.02046600,1.46000000
2018-02-23 18:13:59,0.02046100,0.24000000
2018-02-23 18:13:59,0.02046800,0.42000000
2018-02-23 18:14:01,0.02045600,0.15000000
2018-02-23 18:14:04,0.02045100,0.05000000
2018-02-23 18:14:04,0.02045100,0.05000000
2018-02-23 18:14:06,0.02045200,0.25000000
2018-02-23 18:14:07,0.02045000,0.12000000
2018-02-23 18:14:07,0.02045000,0.05000000
2018-02-23 18:14:08,0.02045000,0.74000000
2018-02-23 18:14:09,0.02045000,0.11000000
2018-02-23 18:14:12,0.02045100,0.15000000
2018-02-23 18:14:13,0.02045100,0.07000000
2018-02-23 18:14:14,0.02045100,0.03000000
2018-02-23 18:14:14,0.02045000,0.20000000
2018-02-23 18:14:17,0.02045100,0.06000000
2018-02-23 18:14:17,0.02045100,0.05000000
2018-02-23 18:14:17,0.02045100,0.12000000
2018-02-23 18:14:18,0.02045200,0.08000000
2018-02-23 18:14:19,0.02045200,0.12000000
2018-02-23 18:14:19,0.02045200,0.05000000
2018-02-23 18:14:19,0.02045100,0.15000000
2018-02-23 18:14:21,0.02046500,0.30000000
2018-02-23 18:14:23,0.02045100,1.46000000
2018-02-23 18:14:23,0.02045100,1.03000000
2018-02-23 18:14:23,0.02044100,1.46000000
2018-02-23 18:14:24,0.02044100,0.14000000
2018-02-23 18:14:25,0.02043700,1.45000000
2018-02-23 18:14:26,0.02043000,8.92000000
2018-02-23 18:14:26,0.02043000,4.73000000
2018-02-23 18:14:26,0.02043000,0.85000000
2018-02-23 18:14:27,0.02044700,0.46000000
2018-02-23 18:14:28,0.02041600,1.83000000
2018-02-23 18:14:29,0.02044700,0.27000000
2018-02-23 18:14:30,0.02044500,0.48000000
2018-02-23 18:14:31,0.02041700,0.27000000
2018-02-23 18:14:33,0.02041300,0.08000000
2018-02-23 18:14:33,0.02041000,0.10000000
2018-02-23 18:14:33,0.02040000,0.75000000
2018-02-23 18:14:35,0.02042800,1.35000000
2018-02-23 18:14:35,0.02043000,0.10000000
2018-02-23 18:14:35,0.02044400,4.30000000
2018-02-23 18:14:36,0.02042900,0.27000000
2018-02-23 18:14:37,0.02041800,0.94000000
2018-02-23 18:14:38,0.02042000,0.90000000
2018-02-23 18:14:39,0.02042000,2.06000000
2018-02-23 18:14:39,0.02042000,0.01000000
2018-02-23 18:14:42,0.02042100,0.09000000
2018-02-23 18:14:42,0.02042100,0.17000000
2018-02-23 18:14:42,0.02042100,0.15000000
2018-02-23 18:14:42,0.02042100,0.01000000
2018-02-23 18:14:43,0.02043900,1.21000000
2018-02-23 18:14:43,0.02044000,3.89000000
2018-02-23 18:14:43,0.02044000,0.89000000
2018-02-23 18:14:43,0.02044400,0.31000000
2018-02-23 18:14:43,0.02044400,2.00000000
2018-02-23 18:14:44,0.02044400,0.02000000
2018-02-23 18:14:44,0.02044800,0.78000000
2018-02-23 18:14:44,0.02044000,0.07000000
2018-02-23 18:14:44,0.02044800,0.68000000
2018-02-23 18:14:44,0.02045000,0.10000000
2018-02-23 18:14:44,0.02046800,0.01000000
2018-02-23 18:14:44,0.02046900,1.46000000
2018-02-23 18:14:44,0.02047000,1.32000000
2018-02-23 18:14:45,0.02044000,0.80000000
2018-02-23 18:14:45,0.02047000,2.44000000
2018-02-23 18:14:50,0.02047100,0.02000000
2018-02-23 18:14:50,0.02045200,0.48000000
2018-02-23 18:14:51,0.02045000,1.46000000
2018-02-23 18:14:51,0.02045000,1.46000000
2018-02-23 18:14:51,0.02045000,9.12000000
2018-02-23 18:14:51,0.02044000,1.46000000
2018-02-23 18:14:58,0.02045200,0.48000000
2018-02-23 18:14:58,0.02046000,0.58000000
2018-02-23 18:15:01,0.02045000,1.79000000
2018-02-23 18:15:01,0.02046000,7.38000000
2018-02-23 18:15:03,0.02044300,0.53000000
2018-02-23 18:15:04,0.02044200,0.07000000
2018-02-23 18:15:04,0.02045900,0.80000000
2018-02-23 18:15:04,0.02045900,0.80000000
2018-02-23 18:15:04,0.02045900,1.00000000
2018-02-23 18:15:05,0.02045900,0.20000000
2018-02-23 18:15:05,0.02045900,1.98000000
2018-02-23 18:15:05,0.02045900,1.39000000
2018-02-23 18:15:05,0.02045900,2.50000000
2018-02-23 18:15:06,0.02045900,2.19000000
2018-02-23 18:15:06,0.02045900,1.46000000
2018-02-23 18:15:06,0.02046400,0.13000000
2018-02-23 18:15:06,0.02045900,1.61000000
2018-02-23 18:15:07,0.02046300,1.46000000
2018-02-23 18:15:07,0.02046300,0.11000000
2018-02-23 18:15:08,0.02046200,0.40000000
2018-02-23 18:15:08,0.02046300,0.76000000
2018-02-23 18:15:09,0.02046300,1.33000000
2018-02-23 18:15:09,0.02046300,0.81000000
2018-02-23 18:15:09,0.02046300,0.33000000
2018-02-23 18:15:11,0.02046900,0.97000000
2018-02-23 18:15:12,0.02047000,1.06000000
2018-02-23 18:15:12,0.02045100,0.48000000
2018-02-23 18:15:13,0.02047000,0.67000000
2018-02-23 18:15:13,0.02047000,0.28000000
2018-02-23 18:15:13,0.02046900,2.06000000
2018-02-23 18:15:14,0.02046900,3.94000000
2018-02-23 18:15:15,0.02047000,10.08000000
2018-02-23 18:15:15,0.02047100,0.08000000
2018-02-23 18:15:16,0.02045300,0.97000000
2018-02-23 18:15:16,0.02045000,1.19000000
2018-02-23 18:15:19,0.02048100,0.16000000
2018-02-23 18:15:19,0.02048300,4.40000000
2018-02-23 18:15:20,0.02047000,0.33000000
2018-02-23 18:15:20,0.02047000,5.00000000
2018-02-23 18:15:20,0.02047000,4.25000000
2018-02-23 18:15:22,0.02047000,2.16000000
2018-02-23 18:15:23,0.02047000,2.84000000
2018-02-23 18:15:23,0.02046000,14.40000000
2018-02-23 18:15:23,0.02046000,5.00000000
2018-02-23 18:15:27,0.02045100,0.10000000
2018-02-23 18:15:27,0.02044400,7.29000000
2018-02-23 18:15:27,0.02044300,5.10000000
2018-02-23 18:15:28,0.02044300,3.12000000
2018-02-23 18:15:28,0.02044300,0.01000000
2018-02-23 18:15:28,0.02044000,2.07000000
2018-02-23 18:15:29,0.02044000,1.26000000
2018-02-23 18:15:29,0.02044000,1.26000000
2018-02-23 18:15:29,0.02044000,7.22000000
2018-02-23 18:15:29,0.02044000,1.09000000
2018-02-23 18:15:29,0.02043900,0.80000000
2018-02-23 18:15:29,0.02043000,0.10000000
2018-02-23 18:15:29,0.02042900,1.46000000
2018-02-23 18:15:29,0.02042200,3.77000000
2018-02-23 18:15:30,0.02044300,0.47000000
2018-02-23 18:15:30,0.02046000,5.69000000
2018-02-23 18:15:30,0.02045100,1.46000000
2018-02-23 18:15:30,0.02045100,1.46000000
2018-02-23 18:15:30,0.02045100,1.28000000
2018-02-23 18:15:30,0.02041400,1.03000000
2018-02-23 18:15:31,0.02041400,1.46000000
2018-02-23 18:15:35,0.02041400,0.08000000
2018-02-23 18:15:36,0.02041500,0.40000000
2018-02-23 18:15:40,0.02041700,2.93000000
2018-02-23 18:15:40,0.02041600,0.48000000
2018-02-23 18:15:43,0.02041000,0.10000000
2018-02-23 18:15:47,0.02041600,2.17000000
2018-02-23 18:15:49,0.02041100,0.10000000
2018-02-23 18:15:53,0.02041100,0.02000000
2018-02-23 18:15:53,0.02040100,0.80000000
2018-02-23 18:15:53,0.02040100,2.12000000
2018-02-23 18:15:58,0.02040900,1.16000000
2018-02-23 18:15:59,0.02040000,1.47000000
2018-02-23 18:15:59,0.02040000,1.47000000
2018-02-23 18:16:00,0.02040000,1.47000000
2018-02-23 18:16:02,0.02040500,0.21000000
2018-02-23 18:16:02,0.02040500,0.18000000
2018-02-23 18:16:03,0.02040500,2.13000000
2018-02-23 18:16:04,0.02040000,0.59000000
2018-02-23 18:16:04,0.02038900,0.14000000
2018-02-23 18:16:04,0.02040600,0.48000000
2018-02-23 18:16:04,0.02040700,0.63000000
2018-02-23 18:16:06,0.02040600,0.81000000
2018-02-23 18:16:06,0.02038900,1.47000000
2018-02-23 18:16:06,0.02038900,1.47000000
2018-02-23 18:16:06,0.02038900,3.20000000
2018-02-23 18:16:06,0.02040600,0.14000000
2018-02-23 18:16:06,0.02040700,0.80000000
2018-02-23 18:16:07,0.02040700,1.46000000
2018-02-23 18:16:07,0.02040700,1.46000000
2018-02-23 18:16:07,0.02040700,0.05000000
2018-02-23 18:16:07,0.02040600,0.67000000
2018-02-23 18:16:07,0.02040600,2.29000000
2018-02-23 18:16:07,0.02040600,1.46000000
2018-02-23 18:16:08,0.02040600,1.50000000
2018-02-23 18:16:11,0.02040600,1.46000000
2018-02-23 18:16:11,0.02040600,1.46000000
2018-02-23 18:16:11,0.02040600,1.46000000
2018-02-23 18:16:11,0.02040600,0.18000000
2018-02-23 18:16:11,0.02040700,0.17000000
2018-02-23 18:16:11,0.02040700,0.81000000
2018-02-23 18:16:11,0.02040700,0.81000000
2018-02-23 18:16:11,0.02040700,0.82000000
2018-02-23 18:16:11,0.02040700,0.82000000
2018-02-23 18:16:12,0.02040700,0.79000000
2018-02-23 18:16:12,0.02040700,1.15000000
2018-02-23 18:16:12,0.02039000,0.79000000
2018-02-23 18:16:12,0.02040700,0.53000000
2018-02-23 18:16:12,0.02040600,0.27000000
2018-02-23 18:16:12,0.02040700,0.26000000
2018-02-23 18:16:12,0.02040700,0.53000000
2018-02-23 18:16:12,0.02040700,1.90000000
2018-02-23 18:16:12,0.02040700,0.58000000
2018-02-23 18:16:12,0.02040900,0.10000000
2018-02-23 18:16:12,0.02041000,0.60000000
2018-02-23 18:16:12,0.02041100,4.10000000
2018-02-23 18:16:12,0.02041100,0.90000000
2018-02-23 18:16:13,0.02040600,0.41000000
2018-02-23 18:16:13,0.02040600,1.09000000
2018-02-23 18:16:13,0.02041900,1.45000000
2018-02-23 18:16:13,0.02041900,0.01000000
2018-02-23 18:16:14,0.02040700,0.75000000
2018-02-23 18:16:14,0.02041800,0.78000000
2018-02-23 18:16:14,0.02040700,0.34000000
2018-02-23 18:16:14,0.02039300,0.34000000
2018-02-23 18:16:14,0.02039300,1.47000000
2018-02-23 18:16:16,0.02039300,0.78000000
2018-02-23 18:16:17,0.02041600,1.71000000
2018-02-23 18:16:17,0.02041700,4.39000000
2018-02-23 18:16:18,0.02042000,2.45000000
2018-02-23 18:16:19,0.02041000,2.55000000
2018-02-23 18:16:19,0.02043000,0.10000000
2018-02-23 18:16:20,0.02042900,0.41000000
2018-02-23 18:16:24,0.02044000,1.16000000
2018-02-23 18:16:25,0.02044000,2.36000000
2018-02-23 18:16:26,0.02044000,3.18000000
2018-02-23 18:16:26,0.02044000,8.86000000
2018-02-23 18:16:28,0.02044000,0.07000000
2018-02-23 18:16:31,0.02045000,0.10000000
2018-02-23 18:16:31,0.02045100,0.38000000
2018-02-23 18:16:33,0.02044000,0.10000000
2018-02-23 18:16:33,0.02045100,0.90000000
2018-02-23 18:16:36,0.02045000,0.12000000
2018-02-23 18:16:38,0.02045900,1.46000000
2018-02-23 18:16:38,0.02045900,1.46000000
2018-02-23 18:16:38,0.02045900,2.29000000
2018-02-23 18:16:38,0.02046000,14.30000000
2018-02-23 18:16:38,0.02047000,4.67000000
2018-02-23 18:16:38,0.02047100,0.10000000
2018-02-23 18:16:38,0.02047500,0.10000000
2018-02-23 18:16:39,0.02048300,0.48000000
2018-02-23 18:16:39,0.02048800,0.24000000
2018-02-23 18:16:39,0.02049100,5.01000000
2018-02-23 18:16:41,0.02046200,0.40000000
2018-02-23 18:16:41,0.02049700,0.17000000
2018-02-23 18:16:41,0.02049900,1.99000000
2018-02-23 18:16:41,0.02050000,3.10000000
2018-02-23 18:16:42,0.02050000,2.87000000
2018-02-23 18:16:43,0.02047100,1.19000000
2018-02-23 18:16:43,0.02047100,0.01000000
2018-02-23 18:16:44,0.02047100,0.50000000
2018-02-23 18:16:44,0.02047100,0.06000000
2018-02-23 18:16:44,0.02049100,0.10000000
2018-02-23 18:16:45,0.02046700,0.10000000
2018-02-23 18:16:46,0.02048800,2.06000000
2018-02-23 18:16:46,0.02049000,3.50000000
2018-02-23 18:16:46,0.02049000,2.36000000
2018-02-23 18:16:48,0.02048900,0.10000000
2018-02-23 18:16:53,0.02049000,0.38000000
2018-02-23 18:16:53,0.02049000,0.79000000
2018-02-23 18:16:53,0.02049000,0.24000000
2018-02-23 18:16:53,0.02049000,0.79000000
2018-02-23 18:16:53,0.02049000,0.53000000
2018-02-23 18:16:53,0.02047100,0.48000000
2018-02-23 18:16:53,0.02047300,0.79000000
2018-02-23 18:16:53,0.02049000,0.53000000
2018-02-23 18:16:53,0.02049000,0.53000000
2018-02-23 18:16:53,0.02049000,3.20000000
2018-02-23 18:16:53,0.02049000,1.46000000
2018-02-23 18:16:53,0.02047300,0.53000000
2018-02-23 18:16:53,0.02049000,0.08000000
2018-02-23 18:16:54,0.02049000,0.01000000
2018-02-23 18:16:55,0.02047400,0.16000000
2018-02-23 18:17:00,0.02048900,0.25000000
2018-02-23 18:17:00,0.02049100,0.10000000
2018-02-23 18:17:01,0.02049100,0.64000000
2018-02-23 18:17:04,0.02049700,0.03000000
2018-02-23 18:17:05,0.02049700,0.11000000
2018-02-23 18:17:06,0.02047500,4.00000000
2018-02-23 18:17:06,0.02047400,3.90000000
2018-02-23 18:17:06,0.02049100,0.69000000
2018-02-23 18:17:08,0.02049100,1.84000000
2018-02-23 18:17:11,0.02047500,0.16000000
2018-02-23 18:17:13,0.02047400,0.16000000
2018-02-23 18:17:16,0.02047800,1.94000000
2018-02-23 18:17:22,0.02047800,0.05000000
2018-02-23 18:17:22,0.02048800,1.18000000
2018-02-23 18:17:23,0.02047800,0.01000000
2018-02-23 18:17:23,0.02047500,1.71000000
2018-02-23 18:17:23,0.02047500,0.97000000
2018-02-23 18:17:23,0.02047400,0.21000000
2018-02-23 18:17:23,0.02049000,1.26000000
2018-02-23 18:17:24,0.02047500,0.55000000
2018-02-23 18:17:26,0.02047800,0.16000000
2018-02-23 18:17:26,0.02048400,1.26000000
2018-02-23 18:17:28,0.02048500,0.48000000
2018-02-23 18:17:29,0.02047400,2.08000000
2018-02-23 18:17:29,0.02047400,2.10000000
2018-02-23 18:17:29,0.02047400,1.77000000
2018-02-23 18:17:31,0.02048400,0.10000000
2018-02-23 18:17:32,0.02047400,1.46000000
2018-02-23 18:17:32,0.02047400,3.08000000
2018-02-23 18:17:32,0.02047400,1.46000000
2018-02-23 18:17:32,0.02047400,1.89000000
2018-02-23 18:17:32,0.02047100,0.70000000
2018-02-23 18:17:32,0.02046100,1.46000000
2018-02-23 18:17:33,0.02046100,0.55000000
2018-02-23 18:17:33,0.02048400,0.84000000
2018-02-23 18:17:35,0.02046100,2.99000000
2018-02-23 18:17:35,0.02046000,6.17000000
2018-02-23 18:17:37,0.02045900,0.30000000
2018-02-23 18:17:37,0.02045900,0.50000000
2018-02-23 18:17:37,0.02045700,1.46000000
2018-02-23 18:17:38,0.02047000,4.00000000
2018-02-23 18:17:40,0.02045100,0.10000000
2018-02-23 18:17:42,0.02046000,0.59000000
2018-02-23 18:17:42,0.02046100,0.86000000
2018-02-23 18:17:44,0.02043400,0.21000000
2018-02-23 18:17:44,0.02043500,0.53000000
2018-02-23 18:17:44,0.02043400,0.03000000
2018-02-23 18:17:44,0.02043100,1.43000000
2018-02-23 18:17:48,0.02043300,0.24000000
2018-02-23 18:17:48,0.02043000,0.10000000
2018-02-23 18:17:50,0.02045000,0.10000000
2018-02-23 18:17:50,0.02045300,0.53000000
2018-02-23 18:17:50,0.02042100,0.23000000
2018-02-23 18:17:51,0.02045200,1.42000000
2018-02-23 18:17:52,0.02045400,0.58000000
2018-02-23 18:17:56,0.02043100,0.49000000
2018-02-23 18:17:56,0.02043000,0.10000000
2018-02-23 18:17:56,0.02042800,0.12000000
2018-02-23 18:17:56,0.02042800,0.13000000
2018-02-23 18:17:56,0.02042800,4.87000000
2018-02-23 18:17:56,0.02042800,2.24000000
2018-02-23 18:17:56,0.02042900,0.13000000
2018-02-23 18:17:56,0.02043100,1.77000000
2018-02-23 18:17:56,0.02043100,0.06000000
2018-02-23 18:17:56,0.02043100,0.09000000
2018-02-23 18:17:57,0.02043100,7.13000000
2018-02-23 18:17:58,0.02043100,0.17000000
2018-02-23 18:18:01,0.02043100,0.16000000
2018-02-23 18:18:08,0.02044800,1.20000000
2018-02-23 18:18:09,0.02044800,0.81000000
2018-02-23 18:18:17,0.02044800,0.21000000
2018-02-23 18:18:17,0.02045000,0.24000000
2018-02-23 18:18:20,0.02044800,0.23000000
2018-02-23 18:18:22,0.02043500,0.68000000
2018-02-23 18:18:25,0.02044800,0.50000000
2018-02-23 18:18:25,0.02045000,5.11000000
2018-02-23 18:18:25,0.02045000,0.50000000
2018-02-23 18:18:25,0.02045000,0.49000000
2018-02-23 18:18:25,0.02045000,0.50000000
2018-02-23 18:18:26,0.02045000,0.50000000
2018-02-23 18:18:26,0.02043500,0.74000000
2018-02-23 18:18:27,0.02045000,0.48000000
2018-02-23 18:18:33,0.02045000,0.20000000
2018-02-23 18:18:39,0.02044900,5.31000000
2018-02-23 18:18:39,0.02045000,2.46000000
2018-02-23 18:18:39,0.02045000,0.25000000
2018-02-23 18:18:41,0.02045000,0.18000000
2018-02-23 18:18:43,0.02045000,11.41000000
2018-02-23 18:18:44,0.02045000,3.25000000
2018-02-23 18:18:49,0.02044900,2.35000000
2018-02-23 18:18:52,0.02044900,0.06000000
2018-02-23 18:19:02,0.02043800,0.10000000
2018-02-23 18:19:04,0.02045400,0.06000000
2018-02-23 18:19:04,0.02045800,0.94000000
2018-02-23 18:19:20,0.02045800,0.20000000
2018-02-23 18:19:21,0.02043700,0.09000000
2018-02-23 18:19:24,0.02045800,1.24000000
2018-02-23 18:19:24,0.02045900,6.00000000
2018-02-23 18:19:24,0.02046000,0.11000000
2018-02-23 18:19:26,0.02046500,0.10000000
2018-02-23 18:19:26,0.02046700,0.38000000
2018-02-23 18:19:27,0.02046600,0.54000000
2018-02-23 18:19:27,0.02043800,0.40000000
2018-02-23 18:19:34,0.02046400,0.40000000
2018-02-23 18:19:34,0.02046700,0.08000000
2018-02-23 18:19:50,0.02043700,7.47000000
2018-02-23 18:19:50,0.02043100,0.33000000
2018-02-23 18:19:50,0.02043000,0.10000000
2018-02-23 18:19:50,0.02042300,0.58000000
2018-02-23 18:19:50,0.02041000,0.10000000
2018-02-23 18:19:50,0.02040700,2.24000000
2018-02-23 18:19:51,0.02043000,0.10000000
2018-02-23 18:19:53,0.02044900,0.70000000
2018-02-23 18:19:56,0.02044900,0.30000000
2018-02-23 18:19:56,0.02045000,0.03000000
2018-02-23 18:20:02,0.02045000,0.07000000
2018-02-23 18:20:02,0.02045000,0.55000000
2018-02-23 18:20:02,0.02045000,0.14000000
2018-02-23 18:20:02,0.02045000,0.24000000
2018-02-23 18:20:02,0.02043900,0.69000000
2018-02-23 18:20:02,0.02044900,0.14000000
2018-02-23 18:20:02,0.02045700,0.86000000
2018-02-23 18:20:15,0.02045000,11.57000000
2018-02-23 18:20:27,0.02044900,1.42000000
2018-02-23 18:20:27,0.02044800,1.75000000
2018-02-23 18:20:29,0.02045500,0.50000000
2018-02-23 18:20:30,0.02045500,0.50000000
2018-02-23 18:20:30,0.02044500,1.46000000
2018-02-23 18:20:30,0.02044500,1.46000000
2018-02-23 18:20:31,0.02044500,1.46000000
2018-02-23 18:20:38,0.02044700,0.74000000
2018-02-23 18:20:38,0.02044600,0.31000000
2018-02-23 18:20:38,0.02044300,1.46000000
2018-02-23 18:20:47,0.02044900,0.25000000
2018-02-23 18:20:50,0.02044500,0.25000000
2018-02-23 18:20:50,0.02044400,3.76000000
2018-02-23 18:20:50,0.02044300,10.97000000
2018-02-23 18:20:50,0.02044300,0.40000000
2018-02-23 18:20:50,0.02044300,6.84000000
2018-02-23 18:20:50,0.02043000,14.40000000
2018-02-23 18:20:51,0.02042600,1.18000000
2018-02-23 18:20:53,0.02044100,0.10000000
2018-02-23 18:20:59,0.02044200,3.42000000
2018-02-23 18:21:02,0.02042600,0.17000000
2018-02-23 18:21:03,0.02041700,0.09000000
2018-02-23 18:21:03,0.02041300,0.08000000
2018-02-23 18:21:03,0.02041000,14.90000000
2018-02-23 18:21:03,0.02040000,4.98000000
2018-02-23 18:21:03,0.02039900,2.39000000
2018-02-23 18:21:03,0.02038900,0.10000000
2018-02-23 18:21:03,0.02038000,5.08000000
2018-02-23 18:21:03,0.02037800,3.38000000
2018-02-23 18:21:04,0.02041700,0.10000000
2018-02-23 18:21:04,0.02042500,2.45000000
2018-02-23 18:21:04,0.02041700,0.07000000
2018-02-23 18:21:05,0.02042500,1.00000000
2018-02-23 18:21:05,0.02042500,0.48000000
2018-02-23 18:21:07,0.02039600,2.94000000
2018-02-23 18:21:07,0.02039400,1.58000000
2018-02-23 18:21:10,0.02042500,0.01000000
2018-02-23 18:21:10,0.02042500,0.40000000
2018-02-23 18:21:11,0.02042600,0.39000000
2018-02-23 18:21:11,0.02042900,0.10000000
2018-02-23 18:21:12,0.02042900,0.37000000
2018-02-23 18:21:13,0.02042900,0.08000000
2018-02-23 18:21:13,0.02042900,0.41000000
2018-02-23 18:21:14,0.02041800,0.18000000
2018-02-23 18:21:14,0.02041700,0.46000000
2018-02-23 18:21:14,0.02042900,0.33000000
2018-02-23 18:21:19,0.02042800,0.38000000
2018-02-23 18:21:19,0.02042900,0.46000000
2018-02-23 18:21:19,0.02043000,5.10000000
2018-02-23 18:21:24,0.02044200,0.44000000
2018-02-23 18:21:27,0.02044200,0.48000000
2018-02-23 18:21:27,0.02043000,0.11000000
2018-02-23 18:21:47,0.02044100,0.48000000
2018-02-23 18:21:57,0.02044100,0.01000000
2018-02-23 18:21:57,0.02044200,4.50000000
2018-02-23 18:21:57,0.02044300,3.50000000
2018-02-23 18:21:57,0.02044300,0.20000000
2018-02-23 18:21:58,0.02043300,0.92000000
2018-02-23 18:21:58,0.02043200,1.59000000
2018-02-23 18:22:04,0.02044200,1.06000000
2018-02-23 18:22:07,0.02043200,0.09000000
2018-02-23 18:22:09,0.02043200,1.46000000
2018-02-23 18:22:09,0.02043200,8.22000000
2018-02-23 18:22:09,0.02043100,1.46000000
2018-02-23 18:22:18,0.02044000,0.10000000
2018-02-23 18:22:21,0.02044100,0.97000000
2018-02-23 18:22:23,0.02044000,0.30000000
2018-02-23 18:22:24,0.02043300,1.06000000
2018-02-23 18:22:25,0.02043100,0.98000000
2018-02-23 18:22:26,0.02044100,0.57000000
2018-02-23 18:22:26,0.02044300,10.60000000
2018-02-23 18:22:28,0.02044300,0.67000000
2018-02-23 18:22:35,0.02044300,1.92000000
2018-02-23 18:22:52,0.02044900,1.00000000
2018-02-23 18:22:52,0.02045000,0.10000000
2018-02-23 18:22:55,0.02045000,0.82000000
2018-02-23 18:23:05,0.02045000,0.47000000
2018-02-23 18:23:08,0.02045000,0.11000000
2018-02-23 18:23:08,0.02045000,0.49000000
2018-02-23 18:23:09,0.02045700,0.30000000
2018-02-23 18:23:12,0.02045000,4.88000000
2018-02-23 18:23:14,0.02045000,3.91000000
2018-02-23 18:23:14,0.02045700,0.47000000
2018-02-23 18:23:19,0.02044900,0.38000000
2018-02-23 18:23:20,0.02044900,0.20000000
2018-02-23 18:23:23,0.02045000,0.17000000
2018-02-23 18:23:24,0.02045000,0.10000000
2018-02-23 18:23:25,0.02045000,0.02000000
2018-02-23 18:23:25,0.02044900,0.28000000
2018-02-23 18:23:25,0.02045500,4.88000000
2018-02-23 18:23:25,0.02045600,8.43000000
2018-02-23 18:23:25,0.02045700,3.48000000
2018-02-23 18:23:28,0.02045700,0.39000000
2018-02-23 18:23:28,0.02045900,0.09000000
2018-02-23 18:23:29,0.02044900,0.44000000
2018-02-23 18:23:33,0.02044400,0.25000000
2018-02-23 18:23:33,0.02045000,0.48000000
2018-02-23 18:23:34,0.02044400,0.35000000
2018-02-23 18:23:34,0.02044300,0.08000000
2018-02-23 18:23:34,0.02044100,0.13000000
2018-02-23 18:23:35,0.02045000,1.17000000
2018-02-23 18:23:37,0.02044400,0.17000000
2018-02-23 18:23:37,0.02044900,0.83000000
2018-02-23 18:23:38,0.02044900,5.49000000
2018-02-23 18:23:38,0.02045000,1.74000000
2018-02-23 18:23:38,0.02045900,0.19000000
2018-02-23 18:23:38,0.02046000,0.50000000
2018-02-23 18:23:38,0.02046900,5.77000000
2018-02-23 18:23:38,0.02047000,4.31000000
2018-02-23 18:23:41,0.02044700,1.46000000
2018-02-23 18:23:41,0.02044700,1.13000000
2018-02-23 18:23:41,0.02044700,1.14000000
2018-02-23 18:23:42,0.02045200,0.41000000
2018-02-23 18:23:42,0.02045200,0.08000000
2018-02-23 18:23:42,0.02045200,0.09000000
2018-02-23 18:23:42,0.02045200,1.46000000
2018-02-23 18:23:42,0.02045000,9.20000000
2018-02-23 18:23:44,0.02047000,0.93000000
2018-02-23 18:23:47,0.02044100,0.40000000
2018-02-23 18:23:51,0.02044900,0.10000000
2018-02-23 18:23:53,0.02044100,0.60000000
2018-02-23 18:23:54,0.02044900,9.38000000
2018-02-23 18:23:54,0.02044900,3.20000000
2018-02-23 18:23:54,0.02044900,3.20000000
2018-02-23 18:23:54,0.02044900,5.23000000
2018-02-23 18:23:54,0.02044900,0.11000000
2018-02-23 18:23:55,0.02044900,0.07000000
2018-02-23 18:23:55,0.02044900,2.22000000
2018-02-23 18:23:55,0.02044900,2.24000000
2018-02-23 18:23:56,0.02044900,0.11000000
2018-02-23 18:23:57,0.02044900,3.24000000
2018-02-23 18:23:57,0.02044900,3.24000000
2018-02-23 18:23:57,0.02044900,0.18000000
2018-02-23 18:23:57,0.02044900,7.04000000
2018-02-23 18:23:57,0.02044900,1.52000000
2018-02-23 18:24:03,0.02044100,1.83000000
2018-02-23 18:24:03,0.02044100,0.35000000
2018-02-23 18:24:03,0.02044100,0.79000000
2018-02-23 18:24:03,0.02044100,0.20000000
2018-02-23 18:24:04,0.02043900,0.14000000
2018-02-23 18:24:04,0.02044000,0.49000000
2018-02-23 18:24:04,0.02043800,2.02000000
2018-02-23 18:24:05,0.02043400,0.10000000
2018-02-23 18:24:05,0.02043100,4.91000000
2018-02-23 18:24:06,0.02044000,0.31000000
2018-02-23 18:24:06,0.02044100,0.16000000
2018-02-23 18:24:12,0.02043100,0.80000000
2018-02-23 18:24:12,0.02043100,1.71000000
2018-02-23 18:24:13,0.02043200,0.25000000
2018-02-23 18:24:16,0.02044000,4.81000000
2018-02-23 18:24:16,0.02044000,1.45000000
2018-02-23 18:24:16,0.02044000,0.73000000
2018-02-23 18:24:18,0.02044000,0.49000000
2018-02-23 18:24:21,0.02044000,0.23000000
2018-02-23 18:24:21,0.02044100,0.26000000
2018-02-23 18:24:22,0.02044100,0.18000000
2018-02-23 18:24:22,0.02044400,0.40000000
2018-02-23 18:24:23,0.02043100,0.01000000
2018-02-23 18:24:23,0.02043000,0.42000000
2018-02-23 18:24:23,0.02044400,2.44000000
2018-02-23 18:24:24,0.02043900,2.45000000
2018-02-23 18:24:24,0.02043000,1.68000000
2018-02-23 18:24:24,0.02042100,0.01000000
2018-02-23 18:24:24,0.02042100,1.68000000
2018-02-23 18:24:25,0.02042000,1.45000000
2018-02-23 18:24:27,0.02042200,2.84000000
2018-02-23 18:24:29,0.02043800,1.69000000
2018-02-23 18:24:29,0.02043900,0.76000000
2018-02-23 18:24:29,0.02043900,0.97000000
2018-02-23 18:24:30,0.02043900,5.31000000
2018-02-23 18:24:31,0.02044200,0.96000000
2018-02-23 18:24:31,0.02044200,0.55000000
2018-02-23 18:24:31,0.02044200,10.33000000
2018-02-23 18:24:32,0.02044200,0.34000000
2018-02-23 18:24:32,0.02044200,0.55000000
2018-02-23 18:24:33,0.02044200,0.40000000
2018-02-23 18:24:34,0.02044200,2.45000000
2018-02-23 18:24:35,0.02044200,1.46000000
2018-02-23 18:24:36,0.02044200,0.49000000
2018-02-23 18:24:38,0.02044200,0.49000000
2018-02-23 18:24:40,0.02044200,0.49000000
2018-02-23 18:24:40,0.02044200,1.85000000
2018-02-23 18:24:40,0.02044300,7.36000000
2018-02-23 18:24:40,0.02044600,0.10000000
2018-02-23 18:24:40,0.02044600,1.90000000
2018-02-23 18:24:40,0.02044600,1.90000000
2018-02-23 18:24:40,0.02044800,0.32000000
2018-02-23 18:24:41,0.02044600,0.41000000
2018-02-23 18:24:42,0.02044600,0.80000000
2018-02-23 18:24:42,0.02044600,1.50000000
2018-02-23 18:24:44,0.02044600,0.80000000
2018-02-23 18:24:47,0.02044800,0.07000000
2018-02-23 18:24:47,0.02044800,5.85000000
2018-02-23 18:24:48,0.02044800,0.13000000
2018-02-23 18:24:50,0.02044600,0.80000000
2018-02-23 18:24:50,0.02044600,3.04000000
2018-02-23 18:24:51,0.02044600,0.01000000
2018-02-23 18:24:51,0.02043200,0.86000000
2018-02-23 18:24:58,0.02043200,1.77000000
2018-02-23 18:25:02,0.02043200,1.00000000
2018-02-23 18:25:03,0.02044700,0.80000000
2018-02-23 18:25:19,0.02043200,0.63000000
2018-02-23 18:25:20,0.02043200,1.51000000
2018-02-23 18:25:20,0.02042000,3.70000000
2018-02-23 18:25:20,0.02044400,0.14000000
2018-02-23 18:25:20,0.02044700,2.31000000
2018-02-23 18:25:22,0.02044600,2.06000000
2018-02-23 18:25:26,0.02044600,0.63000000
2018-02-23 18:25:31,0.02044300,2.45000000
2018-02-23 18:25:31,0.02044300,2.35000000
2018-02-23 18:25:31,0.02044600,1.23000000
2018-02-23 18:25:32,0.02044600,0.40000000
2018-02-23 18:25:32,0.02044600,0.08000000
2018-02-23 18:25:33,0.02044600,2.49000000
2018-02-23 18:25:36,0.02044700,0.10000000
2018-02-23 18:25:41,0.02044600,0.14000000
2018-02-23 18:25:43,0.02044600,1.15000000
2018-02-23 18:25:44,0.02044600,2.29000000
2018-02-23 18:25:46,0.02044600,0.27000000
2018-02-23 18:25:47,0.02044700,2.52000000
2018-02-23 18:25:49,0.02044600,0.60000000
2018-02-23 18:25:50,0.02043900,2.08000000
2018-02-23 18:25:53,0.02043900,0.60000000
2018-02-23 18:25:55,0.02044600,3.79000000
2018-02-23 18:25:58,0.02043200,0.11000000
2018-02-23 18:25:58,0.02043200,0.14000000
2018-02-23 18:26:01,0.02043900,0.10000000
2018-02-23 18:26:02,0.02043900,0.02000000
2018-02-23 18:26:02,0.02043800,0.41000000
2018-02-23 18:26:02,0.02043800,0.58000000
2018-02-23 18:26:03,0.02043800,0.01000000
2018-02-23 18:26:03,0.02044700,0.48000000
2018-02-23 18:26:04,0.02043900,1.00000000
2018-02-23 18:26:06,0.02043900,8.06000000
2018-02-23 18:26:06,0.02044100,0.37000000
2018-02-23 18:26:10,0.02044100,0.46000000
2018-02-23 18:26:10,0.02044700,0.49000000
2018-02-23 18:26:11,0.02044100,0.14000000
2018-02-23 18:26:11,0.02044700,2.00000000
2018-02-23 18:26:20,0.02044600,3.79000000
2018-02-23 18:26:20,0.02044700,1.00000000
2018-02-23 18:26:36,0.02044700,0.54000000
2018-02-23 18:26:39,0.02044700,2.90000000
2018-02-23 18:26:40,0.02044700,2.30000000
2018-02-23 18:26:40,0.02043900,0.01000000
2018-02-23 18:26:40,0.02043400,0.09000000
2018-02-23 18:26:40,0.02043200,2.12000000
2018-02-23 18:26:43,0.02043200,0.12000000
2018-02-23 18:26:43,0.02043100,0.81000000
2018-02-23 18:26:53,0.02043200,1.00000000
2018-02-23 18:27:01,0.02044200,0.08000000
2018-02-23 18:27:02,0.02044200,1.02000000
2018-02-23 18:27:03,0.02044200,0.31000000
2018-02-23 18:27:04,0.02044200,0.09000000
2018-02-23 18:27:04,0.02043200,0.10000000
2018-02-23 18:27:08,0.02044600,1.00000000
2018-02-23 18:27:10,0.02043300,5.19000000
2018-02-23 18:27:10,0.02043200,9.25000000
2018-02-23 18:27:11,0.02043000,0.68000000
2018-02-23 18:27:11,0.02043000,12.24000000
2018-02-23 18:27:11,0.02043000,0.60000000
2018-02-23 18:27:13,0.02042900,5.77000000
2018-02-23 18:27:13,0.02043000,6.47000000
2018-02-23 18:27:13,0.02042600,0.10000000
2018-02-23 18:27:13,0.02043000,3.34000000
2018-02-23 18:27:14,0.02043000,2.45000000
2018-02-23 18:27:16,0.02043000,12.23000000
2018-02-23 18:27:18,0.02042200,0.14000000
2018-02-23 18:27:18,0.02043000,2.45000000
2018-02-23 18:27:21,0.02042200,2.49000000
2018-02-23 18:27:21,0.02043000,0.85000000
2018-02-23 18:27:21,0.02044700,1.35000000
2018-02-23 18:27:21,0.02044800,1.46000000
2018-02-23 18:27:21,0.02044800,4.57000000
2018-02-23 18:27:21,0.02044800,1.46000000
2018-02-23 18:27:21,0.02044800,1.46000000
2018-02-23 18:27:22,0.02044700,1.46000000
2018-02-23 18:27:22,0.02044700,0.49000000
2018-02-23 18:27:25,0.02044700,0.14000000
2018-02-23 18:27:27,0.02044800,0.01000000
2018-02-23 18:27:33,0.02043000,8.00000000
2018-02-23 18:27:34,0.02044700,2.51000000
2018-02-23 18:27:36,0.02044600,0.93000000
2018-02-23 18:27:39,0.02043100,0.25000000
2018-02-23 18:27:39,0.02042200,0.14000000
2018-02-23 18:27:40,0.02043100,0.25000000
2018-02-23 18:27:43,0.02043000,0.52000000
2018-02-23 18:27:44,0.02043000,13.88000000
2018-02-23 18:27:46,0.02043100,0.20000000
2018-02-23 18:27:50,0.02043100,0.05000000
2018-02-23 18:27:53,0.02044000,2.45000000
2018-02-23 18:27:56,0.02044000,0.05000000
2018-02-23 18:27:57,0.02043100,0.08000000
2018-02-23 18:27:59,0.02043100,1.20000000
2018-02-23 18:28:00,0.02043100,0.17000000
2018-02-23 18:28:01,0.02043200,0.05000000
2018-02-23 18:28:02,0.02043200,0.22000000
2018-02-23 18:28:02,0.02043100,0.15000000
2018-02-23 18:28:02,0.02043000,14.54000000
2018-02-23 18:28:03,0.02043000,1.46000000
2018-02-23 18:28:03,0.02043000,1.46000000
2018-02-23 18:28:03,0.02043000,1.34000000
2018-02-23 18:28:03,0.02043000,1.34000000
2018-02-23 18:28:08,0.02043000,0.42000000
2018-02-23 18:28:08,0.02043000,0.30000000
2018-02-23 18:28:08,0.02043800,0.88000000
2018-02-23 18:28:08,0.02044600,0.44000000
2018-02-23 18:28:08,0.02044700,0.83000000
2018-02-23 18:28:10,0.02044600,1.62000000
2018-02-23 18:28:10,0.02044700,0.83000000
2018-02-23 18:28:12,0.02044700,2.39000000
2018-02-23 18:28:12,0.02044800,0.06000000
2018-02-23 18:28:13,0.02044700,0.25000000
2018-02-23 18:28:20,0.02043000,8.11000000
2018-02-23 18:28:24,0.02042400,4.89000000
2018-02-23 18:28:24,0.02042300,0.07000000
2018-02-23 18:28:24,0.02042200,3.00000000
2018-02-23 18:28:24,0.02042100,4.82000000
2018-02-23 18:28:25,0.02042100,0.34000000
2018-02-23 18:28:25,0.02041600,0.34000000
2018-02-23 18:28:26,0.02043000,2.56000000
2018-02-23 18:28:26,0.02043000,1.46000000
2018-02-23 18:28:27,0.02043000,0.92000000
2018-02-23 18:28:27,0.02043000,1.46000000
2018-02-23 18:28:27,0.02043000,1.30000000
2018-02-23 18:28:28,0.02043000,0.14000000
2018-02-23 18:28:29,0.02041600,1.01000000
2018-02-23 18:28:41,0.02042500,0.04000000
2018-02-23 18:28:42,0.02042000,0.68000000
2018-02-23 18:28:44,0.02043000,2.82000000
2018-02-23 18:28:45,0.02043000,0.19000000
2018-02-23 18:28:45,0.02043000,3.39000000
2018-02-23 18:28:46,0.02043000,8.65000000
2018-02-23 18:28:47,0.02043100,0.69000000
2018-02-23 18:28:48,0.02044600,0.34000000
2018-02-23 18:28:48,0.02044700,27.98000000
2018-02-23 18:28:48,0.02044800,16.68000000
2018-02-23 18:28:48,0.02043100,0.20000000
2018-02-23 18:28:53,0.02043100,0.01000000
2018-02-23 18:28:54,0.02043100,0.85000000
2018-02-23 18:28:55,0.02043300,0.80000000
2018-02-23 18:28:55,0.02043300,4.12000000
2018-02-23 18:28:55,0.02043000,14.30000000
2018-02-23 18:28:56,0.02043100,0.56000000
2018-02-23 18:28:57,0.02043100,2.79000000
2018-02-23 18:29:02,0.02043100,1.65000000
2018-02-23 18:29:05,0.02043000,3.38000000
2018-02-23 18:29:05,0.02041900,1.00000000
2018-02-23 18:29:10,0.02042900,0.49000000
2018-02-23 18:29:10,0.02043000,2.39000000
2018-02-23 18:29:10,0.02043000,2.06000000
2018-02-23 18:29:10,0.02043100,2.45000000
2018-02-23 18:29:11,0.02043000,6.44000000
2018-02-23 18:29:11,0.02043000,2.71000000
2018-02-23 18:29:14,0.02043100,3.91000000
2018-02-23 18:29:14,0.02043100,2.45000000
2018-02-23 18:29:15,0.02043000,5.34000000
2018-02-23 18:29:15,0.02043000,4.32000000
2018-02-23 18:29:17,0.02042900,1.02000000
2018-02-23 18:29:18,0.02043100,0.18000000
2018-02-23 18:29:26,0.02043100,1.79000000
2018-02-23 18:29:27,0.02044500,1.01000000
2018-02-23 18:29:27,0.02044600,1.63000000
2018-02-23 18:29:30,0.02043000,1.00000000
2018-02-23 18:29:32,0.02044600,2.37000000
2018-02-23 18:29:32,0.02044800,1.22000000
2018-02-23 18:29:32,0.02044800,2.38000000
2018-02-23 18:29:34,0.02044800,2.53000000
2018-02-23 18:29:34,0.02043000,0.52000000
2018-02-23 18:29:35,0.02044600,1.40000000
2018-02-23 18:29:35,0.02044600,1.46000000
2018-02-23 18:29:36,0.02044600,1.46000000
2018-02-23 18:29:36,0.02044600,1.46000000
2018-02-23 18:29:36,0.02044600,1.46000000
2018-02-23 18:29:36,0.02042500,1.46000000
2018-02-23 18:29:37,0.02044600,4.51000000
2018-02-23 18:29:45,0.02044600,7.79000000
2018-02-23 18:30:06,0.02042500,1.05000000
2018-02-23 18:30:22,0.02044500,0.47000000
2018-02-23 18:30:23,0.02044500,0.53000000
2018-02-23 18:30:23,0.02044600,1.40000000
2018-02-23 18:30:24,0.02044600,0.28000000
2018-02-23 18:30:35,0.02044500,0.48000000
2018-02-23 18:30:38,0.02042600,1.00000000
2018-02-23 18:30:38,0.02042500,0.10000000
2018-02-23 18:30:38,0.02042200,0.24000000
2018-02-23 18:30:43,0.02044500,2.85000000
2018-02-23 18:30:43,0.02044500,1.95000000
2018-02-23 18:30:43,0.02044500,1.96000000
2018-02-23 18:30:47,0.02044500,11.01000000
2018-02-23 18:30:53,0.02043000,3.19000000
2018-02-23 18:31:01,0.02044500,0.47000000
2018-02-23 18:31:01,0.02043000,0.67000000
2018-02-23 18:31:07,0.02044500,0.78000000
2018-02-23 18:31:08,0.02044500,0.49000000
2018-02-23 18:31:10,0.02044500,0.80000000
2018-02-23 18:31:12,0.02044500,1.14000000
2018-02-23 18:31:13,0.02043300,1.14000000
2018-02-23 18:31:28,0.02044500,0.48000000
2018-02-23 18:31:31,0.02044500,0.48000000
2018-02-23 18:31:32,0.02043100,2.12000000
2018-02-23 18:31:43,0.02044500,5.86000000
2018-02-23 18:31:47,0.02044100,1.46000000
2018-02-23 18:31:47,0.02044100,2.06000000
2018-02-23 18:31:47,0.02044100,0.49000000
2018-02-23 18:31:47,0.02044100,2.06000000
2018-02-23 18:31:49,0.02044100,0.49000000
2018-02-23 18:31:49,0.02044100,0.86000000
2018-02-23 18:31:50,0.02043100,2.34000000
2018-02-23 18:31:51,0.02044100,0.49000000
2018-02-23 18:31:55,0.02044100,1.50000000
2018-02-23 18:31:58,0.02043100,1.05000000
2018-02-23 18:31:59,0.02044500,0.80000000
2018-02-23 18:31:59,0.02044500,0.80000000
2018-02-23 18:31:59,0.02044500,1.46000000
2018-02-23 18:31:59,0.02043100,0.80000000
2018-02-23 18:31:59,0.02044500,1.46000000
2018-02-23 18:31:59,0.02044500,0.60000000
2018-02-23 18:31:59,0.02044500,0.62000000
2018-02-23 18:31:59,0.02044500,0.52000000
2018-02-23 18:31:59,0.02043100,0.52000000
2018-02-23 18:32:00,0.02044600,0.14000000
2018-02-23 18:32:10,0.02044500,1.13000000
2018-02-23 18:32:12,0.02044500,0.36000000
2018-02-23 18:32:12,0.02043400,2.19000000
2018-02-23 18:32:13,0.02044500,0.01000000
2018-02-23 18:32:13,0.02044600,4.74000000
2018-02-23 18:32:13,0.02044700,8.00000000
2018-02-23 18:32:13,0.02044800,11.07000000
2018-02-23 18:32:13,0.02044800,2.72000000
2018-02-23 18:32:13,0.02044900,0.91000000
2018-02-23 18:32:13,0.02044900,0.90000000
2018-02-23 18:32:13,0.02044900,0.23000000
2018-02-23 18:32:13,0.02044900,1.12000000
2018-02-23 18:32:14,0.02044900,1.13000000
2018-02-23 18:32:14,0.02044900,0.32000000
2018-02-23 18:32:14,0.02043500,0.35000000
2018-02-23 18:32:14,0.02044900,0.92000000
2018-02-23 18:32:15,0.02045000,0.10000000
2018-02-23 18:32:15,0.02045700,0.12000000
2018-02-23 18:32:15,0.02045900,0.25000000
2018-02-23 18:32:16,0.02044000,0.86000000
2018-02-23 18:32:27,0.02044500,1.46000000
2018-02-23 18:32:28,0.02044500,1.46000000
2018-02-23 18:32:28,0.02044500,0.54000000
2018-02-23 18:32:28,0.02044500,0.53000000
2018-02-23 18:32:28,0.02044500,2.00000000
2018-02-23 18:32:28,0.02044000,1.46000000
2018-02-23 18:32:28,0.02044500,1.46000000
2018-02-23 18:32:28,0.02044000,0.53000000
2018-02-23 18:32:28,0.02044500,4.31000000
2018-02-23 18:32:28,0.02044500,1.46000000
2018-02-23 18:32:28,0.02044000,1.46000000
2018-02-23 18:32:29,0.02044000,10.29000000
2018-02-23 18:32:30,0.02043500,0.10000000
2018-02-23 18:32:30,0.02044500,7.84000000
2018-02-23 18:32:32,0.02043500,2.32000000
2018-02-23 18:32:32,0.02044000,0.10000000
2018-02-23 18:32:33,0.02044500,0.69000000
2018-02-23 18:32:35,0.02044400,4.63000000
2018-02-23 18:32:38,0.02043500,5.34000000
2018-02-23 18:32:39,0.02043100,0.53000000
2018-02-23 18:32:39,0.02043000,7.84000000
2018-02-23 18:32:39,0.02043000,6.56000000
2018-02-23 18:32:48,0.02043000,1.92000000
2018-02-23 18:32:50,0.02044300,1.47000000
2018-02-23 18:32:50,0.02044400,1.12000000
2018-02-23 18:32:50,0.02044500,5.08000000
2018-02-23 18:32:50,0.02043000,0.40000000
2018-02-23 18:32:52,0.02043000,0.55000000
2018-02-23 18:32:53,0.02043100,3.00000000
2018-02-23 18:32:59,0.02044300,0.47000000
2018-02-23 18:33:06,0.02043100,6.00000000
2018-02-23 18:33:09,0.02043100,0.50000000
2018-02-23 18:33:13,0.02043100,0.50000000
2018-02-23 18:33:13,0.02044400,0.25000000
2018-02-23 18:33:14,0.02044400,0.41000000
2018-02-23 18:33:14,0.02044400,0.31000000
2018-02-23 18:33:14,0.02043200,0.25000000
2018-02-23 18:33:14,0.02043100,0.40000000
2018-02-23 18:33:15,0.02043100,13.81000000
2018-02-23 18:33:17,0.02043100,4.89000000
2018-02-23 18:33:19,0.02043000,1.50000000
2018-02-23 18:33:28,0.02043000,10.15000000
2018-02-23 18:33:28,0.02043000,4.89000000
2018-02-23 18:33:28,0.02043000,1.46000000
2018-02-23 18:33:28,0.02043000,0.42000000
2018-02-23 18:33:29,0.02043100,0.29000000
2018-02-23 18:33:29,0.02043100,1.34000000
2018-02-23 18:33:38,0.02043000,0.01000000
2018-02-23 18:33:38,0.02042700,0.62000000
2018-02-23 18:33:41,0.02043100,0.05000000
2018-02-23 18:33:41,0.02043100,0.06000000
2018-02-23 18:33:43,0.02043100,1.36000000
2018-02-23 18:33:48,0.02042700,3.31000000
2018-02-23 18:33:50,0.02042900,2.00000000
2018-02-23 18:33:51,0.02043100,1.70000000
2018-02-23 18:33:53,0.02043100,7.16000000
2018-02-23 18:33:54,0.02043100,0.11000000
2018-02-23 18:33:54,0.02042900,0.94000000
2018-02-23 18:33:56,0.02042900,0.20000000
2018-02-23 18:33:56,0.02042900,1.62000000
2018-02-23 18:33:56,0.02042800,0.25000000
2018-02-23 18:33:56,0.02042700,0.22000000
2018-02-23 18:33:56,0.02042700,0.85000000
2018-02-23 18:33:56,0.02042400,3.30000000
2018-02-23 18:33:56,0.02042400,0.77000000
2018-02-23 18:33:56,0.02042200,0.30000000
2018-02-23 18:33:57,0.02042200,1.46000000
2018-02-23 18:33:57,0.02042200,0.21000000
2018-02-23 18:33:59,0.02042100,0.55000000
2018-02-23 18:34:03,0.02042700,0.97000000
2018-02-23 18:34:03,0.02042100,1.61000000
2018-02-23 18:34:14,0.02042000,3.33000000
2018-02-23 18:34:14,0.02041900,0.52000000
2018-02-23 18:34:15,0.02041900,1.81000000
2018-02-23 18:34:21,0.02042100,0.25000000
2018-02-23 18:34:34,0.02042100,0.33000000
2018-02-23 18:34:39,0.02042100,0.10000000
2018-02-23 18:34:42,0.02042900,1.90000000
2018-02-23 18:34:45,0.02042900,1.29000000
2018-02-23 18:34:45,0.02043100,1.46000000
2018-02-23 18:34:45,0.02043100,0.99000000
2018-02-23 18:34:45,0.02044400,0.06000000
2018-02-23 18:34:46,0.02041900,1.07000000
2018-02-23 18:34:46,0.02042100,1.46000000
2018-02-23 18:34:46,0.02042100,8.29000000
2018-02-23 18:34:46,0.02042100,1.46000000
2018-02-23 18:34:46,0.02042100,0.14000000
2018-02-23 18:34:47,0.02042100,1.46000000
2018-02-23 18:34:47,0.02042100,0.05000000
2018-02-23 18:34:47,0.02042100,1.12000000
2018-02-23 18:34:48,0.02042100,1.00000000
2018-02-23 18:34:50,0.02042100,2.00000000
2018-02-23 18:34:56,0.02042100,0.16000000
2018-02-23 18:35:01,0.02042100,0.05000000
2018-02-23 18:35:03,0.02042100,0.54000000
2018-02-23 18:35:04,0.02042100,3.92000000
2018-02-23 18:35:04,0.02043200,0.47000000
2018-02-23 18:35:04,0.02044400,0.61000000
2018-02-23 18:35:12,0.02042100,0.17000000
2018-02-23 18:35:13,0.02044200,0.11000000
2018-02-23 18:35:19,0.02042100,0.95000000
2018-02-23 18:35:20,0.02042000,0.15000000
2018-02-23 18:35:22,0.02043900,0.19000000
2018-02-23 18:35:22,0.02042100,2.37000000
2018-02-23 18:35:22,0.02042100,2.37000000
2018-02-23 18:35:27,0.02042100,2.64000000
2018-02-23 18:35:28,0.02042100,2.58000000
2018-02-23 18:35:34,0.02043900,0.48000000
2018-02-23 18:35:45,0.02043700,0.13000000
2018-02-23 18:35:45,0.02044100,0.23000000
2018-02-23 18:35:45,0.02044200,2.17000000
2018-02-23 18:35:45,0.02042100,2.00000000
2018-02-23 18:35:53,0.02042200,1.39000000
2018-02-23 18:35:53,0.02042200,0.77000000
2018-02-23 18:35:54,0.02043900,2.45000000
2018-02-23 18:35:54,0.02042100,1.04000000
2018-02-23 18:35:55,0.02042000,0.14000000
2018-02-23 18:35:58,0.02042000,2.30000000
2018-02-23 18:35:58,0.02042000,1.46000000
2018-02-23 18:35:59,0.02042200,0.20000000
2018-02-23 18:36:00,0.02042000,0.05000000
2018-02-23 18:36:04,0.02041700,0.08000000
2018-02-23 18:36:09,0.02042100,4.80000000
2018-02-23 18:36:09,0.02042200,0.20000000
2018-02-23 18:36:13,0.02042000,0.45000000
2018-02-23 18:36:15,0.02042200,0.10000000
2018-02-23 18:36:15,0.02042900,1.72000000
2018-02-23 18:36:20,0.02042900,1.07000000
2018-02-23 18:36:23,0.02042000,0.11000000
2018-02-23 18:36:24,0.02042000,4.70000000
2018-02-23 18:36:25,0.02042000,0.67000000
2018-02-23 18:36:26,0.02041700,0.11000000
2018-02-23 18:36:27,0.02041900,0.23000000
2018-02-23 18:36:28,0.02041900,0.73000000
2018-02-23 18:36:29,0.02042800,1.63000000
2018-02-23 18:36:31,0.02041900,0.01000000
2018-02-23 18:36:31,0.02041800,8.27000000
2018-02-23 18:36:31,0.02041800,4.71000000
2018-02-23 18:36:39,0.02042700,0.97000000
2018-02-23 18:36:39,0.02041000,8.92000000
2018-02-23 18:36:39,0.02041000,7.23000000
2018-02-23 18:36:39,0.02040800,1.31000000
2018-02-23 18:36:40,0.02040800,2.45000000
2018-02-23 18:36:42,0.02040800,1.05000000
2018-02-23 18:36:42,0.02040900,1.40000000
2018-02-23 18:36:46,0.02040900,5.89000000
2018-02-23 18:36:46,0.02042700,0.99000000
2018-02-23 18:36:46,0.02042800,0.61000000
2018-02-23 18:36:46,0.02042900,4.96000000
2018-02-23 18:36:46,0.02043000,0.10000000
2018-02-23 18:36:49,0.02043700,0.67000000
2018-02-23 18:36:49,0.02043800,0.13000000
2018-02-23 18:36:55,0.02043800,2.41000000
2018-02-23 18:37:00,0.02042000,0.34000000
2018-02-23 18:37:06,0.02041100,0.35000000
2018-02-23 18:37:06,0.02041100,0.18000000
2018-02-23 18:37:07,0.02041000,7.22000000
2018-02-23 18:37:07,0.02040400,1.00000000
2018-02-23 18:37:10,0.02040300,0.31000000
2018-02-23 18:37:19,0.02042900,0.10000000
2018-02-23 18:37:20,0.02041000,2.09000000
2018-02-23 18:37:21,0.02041000,0.11000000
2018-02-23 18:37:21,0.02040300,0.01000000
2018-02-23 18:37:23,0.02040900,0.22000000
2018-02-23 18:37:24,0.02040900,0.31000000
2018-02-23 18:37:24,0.02041000,2.78000000
2018-02-23 18:37:24,0.02041800,0.06000000
2018-02-23 18:37:24,0.02042900,1.85000000
2018-02-23 18:37:25,0.02040600,1.48000000
2018-02-23 18:37:25,0.02040500,0.40000000
2018-02-23 18:37:29,0.02041000,0.16000000
2018-02-23 18:37:36,0.02040300,0.20000000
2018-02-23 18:37:37,0.02040300,0.95000000
2018-02-23 18:37:37,0.02040200,0.13000000
2018-02-23 18:37:37,0.02040100,0.18000000
2018-02-23 18:37:37,0.02040000,2.70000000
2018-02-23 18:37:37,0.02040000,1.67000000
2018-02-23 18:37:41,0.02041900,0.16000000
2018-02-23 18:37:45,0.02040400,1.84000000
2018-02-23 18:37:45,0.02040300,0.33000000
2018-02-23 18:37:45,0.02040300,6.47000000
2018-02-23 18:37:46,0.02040300,6.48000000
2018-02-23 18:37:46,0.02041700,0.37000000
2018-02-23 18:37:46,0.02041800,0.49000000
2018-02-23 18:37:46,0.02042200,0.61000000
2018-02-23 18:37:46,0.02042800,0.98000000
2018-02-23 18:37:47,0.02042800,0.92000000
2018-02-23 18:37:48,0.02041900,0.57000000
2018-02-23 18:37:48,0.02040500,0.53000000
2018-02-23 18:37:48,0.02040400,0.98000000
2018-02-23 18:37:48,0.02040300,3.52000000
2018-02-23 18:37:48,0.02040000,2.40000000
2018-02-23 18:37:53,0.02040000,0.97000000
2018-02-23 18:38:01,0.02042700,0.38000000
2018-02-23 18:38:02,0.02042700,0.15000000
2018-02-23 18:38:02,0.02042800,1.65000000
2018-02-23 18:38:02,0.02042800,1.46000000
2018-02-23 18:38:03,0.02042800,2.35000000
2018-02-23 18:38:03,0.02043000,0.31000000
2018-02-23 18:38:03,0.02043300,2.77000000
2018-02-23 18:38:03,0.02043400,0.02000000
2018-02-23 18:38:03,0.02041000,1.46000000
2018-02-23 18:38:03,0.02041000,1.46000000
2018-02-23 18:38:03,0.02041000,1.46000000
2018-02-23 18:38:03,0.02041000,0.10000000
2018-02-23 18:38:03,0.02041000,1.46000000
2018-02-23 18:38:04,0.02041100,0.53000000
2018-02-23 18:38:04,0.02041000,0.93000000
2018-02-23 18:38:04,0.02041000,1.46000000
2018-02-23 18:38:04,0.02043400,0.31000000
2018-02-23 18:38:04,0.02041000,3.56000000
2018-02-23 18:38:04,0.02041000,2.61000000
2018-02-23 18:38:04,0.02040200,0.01000000
2018-02-23 18:38:04,0.02040200,0.91000000
2018-02-23 18:38:04,0.02040000,0.18000000
2018-02-23 18:38:04,0.02039400,0.07000000
2018-02-23 18:38:04,0.02038900,0.10000000
2018-02-23 18:38:04,0.02038800,0.64000000
2018-02-23 18:38:04,0.02038000,0.71000000
2018-02-23 18:38:06,0.02039000,1.47000000
2018-02-23 18:38:06,0.02040000,20.54000000
2018-02-23 18:38:07,0.02040000,41.53000000
2018-02-23 18:38:07,0.02040900,0.10000000
2018-02-23 18:38:07,0.02043000,0.81000000
2018-02-23 18:38:07,0.02043300,1.90000000
2018-02-23 18:38:07,0.02043400,8.85000000
2018-02-23 18:38:07,0.02043800,0.65000000
2018-02-23 18:38:07,0.02043900,7.13000000
2018-02-23 18:38:07,0.02044000,5.56000000
2018-02-23 18:38:09,0.02040500,7.25000000
2018-02-23 18:38:09,0.02043900,0.12000000
2018-02-23 18:38:12,0.02043400,0.95000000
2018-02-23 18:38:13,0.02041000,0.10000000
2018-02-23 18:38:13,0.02040900,0.10000000
2018-02-23 18:38:14,0.02040900,0.06000000
2018-02-23 18:38:14,0.02040700,3.16000000
2018-02-23 18:38:15,0.02040700,2.93000000
2018-02-23 18:38:15,0.02040600,0.81000000
2018-02-23 18:38:15,0.02040600,0.02000000
2018-02-23 18:38:17,0.02040300,0.15000000
2018-02-23 18:38:17,0.02040100,0.21000000
2018-02-23 18:38:17,0.02040100,1.47000000
2018-02-23 18:38:18,0.02040100,1.13000000
2018-02-23 18:38:18,0.02040200,4.59000000
2018-02-23 18:38:18,0.02040200,0.24000000
2018-02-23 18:38:18,0.02040100,0.80000000
2018-02-23 18:38:18,0.02040100,0.49000000
2018-02-23 18:38:19,0.02040500,0.38000000
2018-02-23 18:38:19,0.02040600,0.11000000
2018-02-23 18:38:19,0.02040200,0.17000000
2018-02-23 18:38:19,0.02040100,3.26000000
2018-02-23 18:38:20,0.02040000,0.14000000
2018-02-23 18:38:20,0.02040100,0.74000000
2018-02-23 18:38:20,0.02040100,1.68000000
2018-02-23 18:38:22,0.02040100,0.79000000
2018-02-23 18:38:22,0.02040000,0.32000000
2018-02-23 18:38:22,0.02040000,1.47000000
2018-02-23 18:38:22,0.02040000,1.47000000
2018-02-23 18:38:22,0.02040000,1.64000000
2018-02-23 18:38:22,0.02039000,1.39000000
2018-02-23 18:38:22,0.02039000,1.47000000
2018-02-23 18:38:22,0.02039000,6.14000000
2018-02-23 18:38:23,0.02039000,0.80000000
2018-02-23 18:38:23,0.02038900,0.10000000
2018-02-23 18:38:23,0.02037400,0.01000000
2018-02-23 18:38:23,0.02037400,0.05000000
2018-02-23 18:38:24,0.02039000,0.22000000
2018-02-23 18:38:24,0.02038800,0.40000000
2018-02-23 18:38:24,0.02038800,0.09000000
2018-02-23 18:38:24,0.02039000,0.11000000
2018-02-23 18:38:25,0.02039000,0.40000000
2018-02-23 18:38:25,0.02040600,0.47000000
2018-02-23 18:38:25,0.02038000,1.47000000
2018-02-23 18:38:25,0.02038000,0.56000000
2018-02-23 18:38:26,0.02040000,0.80000000
2018-02-23 18:38:26,0.02040000,0.21000000
2018-02-23 18:38:26,0.02039000,0.30000000
2018-02-23 18:38:26,0.02038100,0.53000000
2018-02-23 18:38:26,0.02038000,0.18000000
2018-02-23 18:38:26,0.02038000,1.01000000
2018-02-23 18:38:26,0.02038000,1.09000000
2018-02-23 18:38:26,0.02039000,0.12000000
2018-02-23 18:38:26,0.02039000,0.16000000
2018-02-23 18:38:26,0.02038000,1.43000000
2018-02-23 18:38:27,0.02038000,0.30000000
2018-02-23 18:38:27,0.02038000,2.95000000
2018-02-23 18:38:28,0.02038900,0.53000000
2018-02-23 18:38:28,0.02039000,0.02000000
2018-02-23 18:38:29,0.02037400,0.02000000
2018-02-23 18:38:29,0.02037300,2.55000000
2018-02-23 18:38:29,0.02038200,0.43000000
2018-02-23 18:38:29,0.02037100,5.73000000
2018-02-23 18:38:29,0.02037000,9.00000000
2018-02-23 18:38:29,0.02036900,0.20000000
2018-02-23 18:38:29,0.02035600,0.24000000
2018-02-23 18:38:29,0.02035500,46.00000000
2018-02-23 18:38:29,0.02035400,1.20000000
2018-02-23 18:38:29,0.02038200,0.43000000
2018-02-23 18:38:29,0.02039000,0.12000000
2018-02-23 18:38:30,0.02038000,1.26000000
2018-02-23 18:38:30,0.02038000,1.17000000
2018-02-23 18:38:30,0.02040400,0.04000000
2018-02-23 18:38:30,0.02038900,0.10000000
2018-02-23 18:38:30,0.02040000,0.45000000
2018-02-23 18:38:32,0.02038000,2.43000000
2018-02-23 18:38:32,0.02036900,0.10000000
2018-02-23 18:38:32,0.02035600,0.20000000
2018-02-23 18:38:32,0.02035200,4.21000000
2018-02-23 18:38:32,0.02037900,7.36000000
2018-02-23 18:38:32,0.02038000,10.33000000
2018-02-23 18:38:33,0.02037900,6.00000000
2018-02-23 18:38:33,0.02039200,11.69000000
2018-02-23 18:38:34,0.02037000,0.98000000
2018-02-23 18:38:34,0.02037000,0.80000000
2018-02-23 18:38:35,0.02038900,0.10000000
2018-02-23 18:38:35,0.02039200,0.19000000
2018-02-23 18:38:35,0.02040000,0.45000000
2018-02-23 18:38:35,0.02040300,7.16000000
2018-02-23 18:38:36,0.02040300,2.86000000
2018-02-23 18:38:37,0.02038000,9.49000000
2018-02-23 18:38:37,0.02038000,0.45000000
2018-02-23 18:38:37,0.02038000,1.59000000
2018-02-23 18:38:38,0.02040300,1.43000000
2018-02-23 18:38:38,0.02040600,0.23000000
2018-02-23 18:38:38,0.02040900,0.20000000
2018-02-23 18:38:38,0.02043000,0.10000000
2018-02-23 18:38:38,0.02043700,2.62000000
2018-02-23 18:38:39,0.02037900,0.24000000
2018-02-23 18:38:40,0.02037600,0.51000000
2018-02-23 18:38:40,0.02037600,0.51000000
2018-02-23 18:38:40,0.02037600,0.50000000
2018-02-23 18:38:40,0.02037600,1.47000000
2018-02-23 18:38:40,0.02037600,5.80000000
2018-02-23 18:38:40,0.02037600,4.86000000
2018-02-23 18:38:40,0.02037600,5.64000000
2018-02-23 18:38:40,0.02041000,0.10000000
2018-02-23 18:38:40,0.02037600,9.58000000
2018-02-23 18:38:40,0.02037700,1.47000000
2018-02-23 18:38:41,0.02038900,0.10000000
2018-02-23 18:38:41,0.02037800,1.43000000
2018-02-23 18:38:41,0.02037800,12.49000000
2018-02-23 18:38:42,0.02037800,2.17000000
2018-02-23 18:38:42,0.02037900,0.08000000
2018-02-23 18:38:42,0.02037900,0.59000000
2018-02-23 18:38:42,0.02038000,0.49000000
2018-02-23 18:38:43,0.02037800,0.59000000
2018-02-23 18:38:43,0.02037800,0.29000000
2018-02-23 18:38:43,0.02037700,0.57000000
2018-02-23 18:38:43,0.02037700,1.00000000
2018-02-23 18:38:43,0.02037800,2.14000000
2018-02-23 18:38:43,0.02037900,0.10000000
2018-02-23 18:38:44,0.02037900,0.43000000
2018-02-23 18:38:44,0.02037900,0.43000000
2018-02-23 18:38:45,0.02037800,1.38000000
2018-02-23 18:38:45,0.02037700,0.43000000
2018-02-23 18:38:48,0.02037500,1.30000000
2018-02-23 18:38:48,0.02037600,1.31000000
2018-02-23 18:38:49,0.02037400,2.00000000
2018-02-23 18:38:49,0.02037600,1.31000000
2018-02-23 18:38:50,0.02037500,1.32000000
2018-02-23 18:38:50,0.02037500,6.04000000
2018-02-23 18:38:50,0.02037600,3.54000000
2018-02-23 18:38:51,0.02037600,0.90000000
2018-02-23 18:38:52,0.02037600,3.54000000
2018-02-23 18:38:54,0.02037600,17.07000000
2018-02-23 18:38:56,0.02036900,0.10000000
2018-02-23 18:38:59,0.02037700,0.43000000
2018-02-23 18:39:07,0.02038800,0.32000000
2018-02-23 18:39:08,0.02038800,0.17000000
2018-02-23 18:39:08,0.02038900,0.10000000
2018-02-23 18:39:08,0.02039900,0.42000000
2018-02-23 18:39:11,0.02038800,0.12000000
2018-02-23 18:39:11,0.02038000,1.45000000
2018-02-23 18:39:11,0.02038000,4.72000000
2018-02-23 18:39:13,0.02038000,1.18000000
2018-02-23 18:39:15,0.02038000,0.01000000
2018-02-23 18:39:15,0.02037600,4.22000000
2018-02-23 18:39:15,0.02037600,0.08000000
2018-02-23 18:39:15,0.02036900,0.10000000
2018-02-23 18:39:15,0.02036600,2.01000000
2018-02-23 18:39:15,0.02036600,0.62000000
2018-02-23 18:39:15,0.02036600,0.80000000
2018-02-23 18:39:15,0.02036700,4.89000000
2018-02-23 18:39:15,0.02036600,0.01000000
2018-02-23 18:39:15,0.02036600,0.20000000
2018-02-23 18:39:16,0.02036600,0.51000000
2018-02-23 18:39:17,0.02036700,4.88000000
2018-02-23 18:39:17,0.02036600,1.47000000
2018-02-23 18:39:17,0.02036600,1.52000000
2018-02-23 18:39:17,0.02037600,0.08000000
2018-02-23 18:39:18,0.02036600,0.22000000
2018-02-23 18:39:18,0.02035300,0.22000000
2018-02-23 18:39:19,0.02036700,0.40000000
2018-02-23 18:39:23,0.02036600,9.27000000
2018-02-23 18:39:24,0.02036600,5.87000000
2018-02-23 18:39:24,0.02036700,3.40000000
2018-02-23 18:39:25,0.02036700,5.87000000
2018-02-23 18:39:27,0.02036700,0.16000000
2018-02-23 18:39:31,0.02036700,0.25000000
2018-02-23 18:39:31,0.02037600,0.92000000
2018-02-23 18:39:31,0.02036100,0.14000000
2018-02-23 18:39:31,0.02036100,4.75000000
2018-02-23 18:39:32,0.02036100,0.01000000
2018-02-23 18:39:37,0.02038100,0.13000000
2018-02-23 18:39:41,0.02038000,0.27000000
2018-02-23 18:39:41,0.02038100,1.69000000
2018-02-23 18:39:53,0.02038100,0.46000000
2018-02-23 18:39:54,0.02038100,0.04000000
2018-02-23 18:39:54,0.02038200,0.76000000
2018-02-23 18:39:54,0.02038200,0.80000000
2018-02-23 18:39:54,0.02038200,0.80000000
2018-02-23 18:39:54,0.02038200,0.55000000
2018-02-23 18:39:55,0.02038200,1.36000000
2018-02-23 18:39:55,0.02038200,1.47000000
2018-02-23 18:39:55,0.02038200,1.61000000
2018-02-23 18:39:55,0.02038200,0.01000000
2018-02-23 18:39:55,0.02038900,0.10000000
2018-02-23 18:39:55,0.02039900,1.00000000
2018-02-23 18:39:55,0.02040900,0.10000000
2018-02-23 18:39:55,0.02041500,0.41000000
2018-02-23 18:39:55,0.02041500,0.98000000
2018-02-23 18:40:03,0.02039200,0.55000000
2018-02-23 18:40:03,0.02039100,0.25000000
2018-02-23 18:40:03,0.02039100,1.47000000
2018-02-23 18:40:03,0.02039100,1.47000000
2018-02-23 18:40:05,0.02039100,1.32000000
2018-02-23 18:40:07,0.02041200,0.24000000
2018-02-23 18:40:08,0.02039100,2.85000000
2018-02-23 18:40:09,0.02039200,0.80000000
2018-02-23 18:40:09,0.02039200,3.37000000
2018-02-23 18:40:09,0.02040800,0.24000000
2018-02-23 18:40:09,0.02039200,1.75000000
2018-02-23 18:40:10,0.02038900,0.10000000
2018-02-23 18:40:12,0.02040800,0.31000000
2018-02-23 18:40:12,0.02040900,0.10000000
2018-02-23 18:40:12,0.02041100,4.51000000
2018-02-23 18:40:12,0.02041300,0.73000000
2018-02-23 18:40:12,0.02041400,8.24000000
2018-02-23 18:40:12,0.02041500,0.61000000
2018-02-23 18:40:12,0.02041800,2.00000000
2018-02-23 18:40:12,0.02043000,14.50000000
2018-02-23 18:40:12,0.02043400,0.08000000
2018-02-23 18:40:12,0.02043900,0.24000000
2018-02-23 18:40:12,0.02044500,0.68000000
2018-02-23 18:40:13,0.02039000,0.80000000
2018-02-23 18:40:13,0.02041000,0.10000000
2018-02-23 18:40:13,0.02039100,0.10000000
2018-02-23 18:40:14,0.02039300,0.90000000
2018-02-23 18:40:14,0.02039300,2.48000000
2018-02-23 18:40:15,0.02039600,1.66000000
2018-02-23 18:40:17,0.02043000,0.02000000
2018-02-23 18:40:23,0.02040200,0.80000000
2018-02-23 18:40:24,0.02040300,0.13000000
2018-02-23 18:40:26,0.02040200,2.52000000
2018-02-23 18:40:28,0.02041900,1.50000000
2018-02-23 18:40:28,0.02041800,0.13000000
2018-02-23 18:40:28,0.02042100,4.84000000
2018-02-23 18:40:28,0.02042500,4.34000000
2018-02-23 18:40:29,0.02042500,0.80000000
2018-02-23 18:40:29,0.02042500,2.75000000
2018-02-23 18:40:29,0.02042500,14.82000000
2018-02-23 18:40:34,0.02042300,0.12000000
2018-02-23 18:40:40,0.02042200,0.20000000
2018-02-23 18:40:43,0.02040400,0.20000000
2018-02-23 18:40:45,0.02042000,0.10000000
2018-02-23 18:40:49,0.02040400,0.98000000
2018-02-23 18:40:49,0.02040400,0.01000000
2018-02-23 18:40:50,0.02040300,0.05000000
2018-02-23 18:40:51,0.02040100,0.59000000
2018-02-23 18:40:51,0.02040000,4.54000000
2018-02-23 18:40:56,0.02040000,0.40000000
2018-02-23 18:40:56,0.02040000,20.24000000
2018-02-23 18:40:56,0.02039700,1.47000000
2018-02-23 18:40:56,0.02039600,0.38000000
2018-02-23 18:40:57,0.02039300,0.80000000
2018-02-23 18:40:59,0.02039300,0.60000000
2018-02-23 18:40:59,0.02041700,0.72000000
2018-02-23 18:41:04,0.02041700,1.50000000
2018-02-23 18:41:09,0.02041400,1.29000000
2018-02-23 18:41:09,0.02041700,1.07000000
2018-02-23 18:41:09,0.02041700,1.46000000
2018-02-23 18:41:09,0.02041400,1.07000000
2018-02-23 18:41:09,0.02040300,1.46000000
2018-02-23 18:41:09,0.02040300,3.20000000
2018-02-23 18:41:10,0.02040300,1.46000000
2018-02-23 18:41:10,0.02040300,1.99000000
2018-02-23 18:41:19,0.02040300,0.10000000
2018-02-23 18:41:23,0.02040300,1.00000000
2018-02-23 18:41:23,0.02040300,0.70000000
2018-02-23 18:41:26,0.02040300,5.20000000
2018-02-23 18:41:26,0.02041200,2.49000000
2018-02-23 18:41:26,0.02041300,5.23000000
2018-02-23 18:41:26,0.02041300,0.68000000
2018-02-23 18:41:27,0.02041900,0.07000000
2018-02-23 18:41:28,0.02041700,2.32000000
2018-02-23 18:41:28,0.02041400,0.68000000
2018-02-23 18:41:28,0.02041300,0.68000000
2018-02-23 18:41:28,0.02040200,0.41000000
2018-02-23 18:41:32,0.02040200,1.72000000
2018-02-23 18:41:35,0.02040200,0.10000000
2018-02-23 18:41:35,0.02040300,0.24000000
2018-02-23 18:41:36,0.02040300,5.76000000
2018-02-23 18:41:36,0.02041900,1.40000000
2018-02-23 18:41:36,0.02042000,2.69000000
2018-02-23 18:41:36,0.02039100,0.27000000
2018-02-23 18:41:40,0.02040200,0.99000000
2018-02-23 18:41:40,0.02041900,0.27000000
2018-02-23 18:41:40,0.02042000,0.10000000
2018-02-23 18:41:43,0.02040200,1.02000000
2018-02-23 18:41:43,0.02042000,0.02000000
2018-02-23 18:41:44,0.02039100,3.65000000
2018-02-23 18:41:45,0.02042000,0.05000000
2018-02-23 18:41:51,0.02039200,0.53000000
2018-02-23 18:41:53,0.02040500,0.53000000
2018-02-23 18:41:53,0.02040600,0.42000000
2018-02-23 18:41:56,0.02039100,3.35000000
2018-02-23 18:41:56,0.02040600,0.45000000
2018-02-23 18:41:57,0.02040600,0.13000000
2018-02-23 18:41:57,0.02041000,0.57000000
2018-02-23 18:41:57,0.02041100,3.23000000
2018-02-23 18:41:57,0.02041200,4.05000000
2018-02-23 18:42:00,0.02039100,0.75000000
2018-02-23 18:42:04,0.02039200,9.55000000
2018-02-23 18:42:05,0.02040200,0.35000000
2018-02-23 18:42:05,0.02038900,0.10000000
2018-02-23 18:42:06,0.02038400,0.74000000
2018-02-23 18:42:07,0.02038400,4.66000000
2018-02-23 18:42:07,0.02038400,1.38000000
2018-02-23 18:42:11,0.02039200,0.10000000
2018-02-23 18:42:24,0.02038500,3.60000000
2018-02-23 18:42:24,0.02040100,0.17000000
2018-02-23 18:42:31,0.02038500,2.27000000
2018-02-23 18:42:34,0.02039900,6.61000000
2018-02-23 18:42:34,0.02040000,2.89000000
2018-02-23 18:42:38,0.02038500,0.01000000
2018-02-23 18:42:38,0.02038400,0.35000000
2018-02-23 18:42:43,0.02039800,0.49000000
2018-02-23 18:42:43,0.02040000,0.35000000
2018-02-23 18:42:43,0.02040000,10.00000000
2018-02-23 18:42:45,0.02039000,0.39000000
2018-02-23 18:42:49,0.02039000,1.90000000
2018-02-23 18:42:50,0.02039000,1.42000000
2018-02-23 18:42:50,0.02040000,1.46000000
2018-02-23 18:42:50,0.02040000,1.46000000
2018-02-23 18:42:51,0.02040000,0.80000000
2018-02-23 18:42:51,0.02040000,1.46000000
2018-02-23 18:42:51,0.02039100,1.46000000
2018-02-23 18:42:51,0.02040000,0.52000000
2018-02-23 18:42:51,0.02040000,0.52000000
2018-02-23 18:42:51,0.02040000,0.80000000
2018-02-23 18:42:51,0.02040000,0.50000000
2018-02-23 18:42:51,0.02039100,0.80000000
2018-02-23 18:42:51,0.02040000,0.23000000
2018-02-23 18:42:52,0.02040000,0.80000000
2018-02-23 18:42:52,0.02040000,1.17000000
2018-02-23 18:42:57,0.02039300,4.53000000
2018-02-23 18:42:57,0.02039200,0.27000000
2018-02-23 18:42:57,0.02039200,1.47000000
2018-02-23 18:42:58,0.02040000,0.80000000
2018-02-23 18:42:58,0.02040000,0.80000000
2018-02-23 18:42:58,0.02039200,0.80000000
2018-02-23 18:42:58,0.02040000,0.50000000
2018-02-23 18:42:58,0.02040000,0.50000000
2018-02-23 18:42:58,0.02039200,0.50000000
2018-02-23 18:42:58,0.02040000,1.82000000
2018-02-23 18:42:58,0.02040200,0.25000000
2018-02-23 18:42:59,0.02040900,0.10000000
2018-02-23 18:42:59,0.02041200,0.83000000
2018-02-23 18:43:04,0.02039300,0.10000000
2018-02-23 18:43:08,0.02041200,0.49000000
2018-02-23 18:43:11,0.02041200,0.83000000
2018-02-23 18:43:17,0.02041200,0.37000000
2018-02-23 18:43:17,0.02039600,0.03000000
2018-02-23 18:43:19,0.02041100,0.53000000
2018-02-23 18:43:19,0.02041200,0.68000000
2018-02-23 18:43:20,0.02041900,1.42000000
2018-02-23 18:43:23,0.02039600,1.42000000
2018-02-23 18:43:23,0.02041000,3.75000000
2018-02-23 18:43:25,0.02041800,0.48000000
2018-02-23 18:43:26,0.02041800,0.41000000
2018-02-23 18:43:26,0.02041900,0.47000000
2018-02-23 18:43:49,0.02041900,5.46000000
2018-02-23 18:43:51,0.02039700,0.53000000
2018-02-23 18:43:51,0.02039600,1.45000000
2018-02-23 18:43:52,0.02040500,0.25000000
2018-02-23 18:43:53,0.02040400,0.24000000
2018-02-23 18:43:55,0.02040400,0.08000000
2018-02-23 18:44:02,0.02039600,0.53000000
2018-02-23 18:44:04,0.02040200,0.21000000
2018-02-23 18:44:04,0.02040300,0.20000000
2018-02-23 18:44:05,0.02040300,0.19000000
2018-02-23 18:44:12,0.02039000,0.29000000
2018-02-23 18:44:14,0.02040300,7.84000000
2018-02-23 18:44:19,0.02040300,0.11000000
2018-02-23 18:44:22,0.02040200,0.83000000
2018-02-23 18:44:26,0.02040200,1.17000000
2018-02-23 18:44:26,0.02040200,1.17000000
2018-02-23 18:44:28,0.02040200,0.50000000
2018-02-23 18:44:28,0.02040200,0.92000000
2018-02-23 18:44:29,0.02040200,0.16000000
2018-02-23 18:44:30,0.02040400,0.52000000
2018-02-23 18:44:31,0.02040400,0.03000000
2018-02-23 18:44:32,0.02040400,2.49000000
2018-02-23 18:44:32,0.02040400,0.69000000
2018-02-23 18:44:34,0.02040300,0.93000000
2018-02-23 18:44:35,0.02040300,2.29000000
2018-02-23 18:44:39,0.02040300,1.53000000
2018-02-23 18:44:39,0.02040400,0.01000000
2018-02-23 18:44:39,0.02040500,0.46000000
2018-02-23 18:44:45,0.02040500,0.42000000
2018-02-23 18:44:45,0.02040500,0.49000000
2018-02-23 18:44:46,0.02040500,0.11000000
2018-02-23 18:44:46,0.02040500,6.02000000
2018-02-23 18:44:46,0.02040500,3.55000000
2018-02-23 18:44:46,0.02039600,0.49000000
2018-02-23 18:44:46,0.02039500,7.35000000
2018-02-23 18:44:46,0.02039000,0.19000000
2018-02-23 18:44:46,0.02038900,0.10000000
2018-02-23 18:44:46,0.02038700,6.00000000
2018-02-23 18:44:46,0.02038600,0.21000000
2018-02-23 18:44:51,0.02040900,0.10000000
2018-02-23 18:44:52,0.02038800,0.40000000
2018-02-23 18:44:52,0.02041600,0.20000000
2018-02-23 18:44:56,0.02038900,0.10000000
2018-02-23 18:44:56,0.02038800,1.09000000
2018-02-23 18:44:57,0.02038600,0.48000000
2018-02-23 18:44:57,0.02038600,7.26000000
2018-02-23 18:44:57,0.02038600,16.39000000
2018-02-23 18:44:57,0.02038500,0.62000000
2018-02-23 18:45:02,0.02038600,0.12000000
2018-02-23 18:45:02,0.02038500,0.21000000
2018-02-23 18:45:14,0.02038500,0.20000000
2018-02-23 18:45:15,0.02039500,4.50000000
2018-02-23 18:45:18,0.02038700,0.48000000
2018-02-23 18:45:18,0.02038700,0.49000000
2018-02-23 18:45:18,0.02038700,0.49000000
2018-02-23 18:45:20,0.02038700,3.43000000
2018-02-23 18:45:22,0.02038800,6.44000000
2018-02-23 18:45:25,0.02039400,0.95000000
2018-02-23 18:45:25,0.02038500,1.91000000
2018-02-23 18:45:28,0.02038500,0.33000000
2018-02-23 18:45:28,0.02039000,0.70000000
2018-02-23 18:45:28,0.02038500,1.03000000
2018-02-23 18:45:28,0.02039000,0.50000000
2018-02-23 18:45:28,0.02038200,0.33000000
2018-02-23 18:45:28,0.02038200,0.08000000
2018-02-23 18:45:29,0.02038200,1.20000000
2018-02-23 18:45:33,0.02038200,0.01000000
2018-02-23 18:45:33,0.02037000,0.48000000
2018-02-23 18:45:33,0.02036900,0.10000000
