DATE,PRICE,VOLUME
2018-02-27 03:00:00,0.02100200,0.12000000
2018-02-27 03:00:00,0.02100400,5.11000000
2018-02-27 03:00:01,0.02100400,0.14000000
2018-02-27 03:00:02,0.02097100,0.06000000
2018-02-27 03:00:03,0.02100400,0.12000000
2018-02-27 03:00:05,0.02100400,0.11000000
2018-02-27 03:00:10,0.02100300,8.21000000
2018-02-27 03:00:11,0.02097100,0.06000000
2018-02-27 03:00:11,0.02097000,0.74000000
2018-02-27 03:00:11,0.02096700,0.10000000
2018-02-27 03:00:11,0.02096400,1.39000000
2018-02-27 03:00:11,0.02096700,0.10000000
2018-02-27 03:00:11,0.02096400,0.19000000
2018-02-27 03:00:13,0.02100100,0.24000000
2018-02-27 03:00:16,0.02100000,3.77000000
2018-02-27 03:00:21,0.02096800,0.12000000
2018-02-27 03:00:21,0.02096700,0.10000000
2018-02-27 03:00:21,0.02096400,0.10000000
2018-02-27 03:00:21,0.02096100,0.18000000
2018-02-27 03:00:45,0.02097000,0.13000000
2018-02-27 03:00:45,0.02096700,0.10000000
2018-02-27 03:00:45,0.02096400,0.10000000
2018-02-27 03:00:45,0.02096100,0.10000000
2018-02-27 03:00:45,0.02096100,0.10000000
2018-02-27 03:00:49,0.02096400,0.10000000
2018-02-27 03:00:49,0.02096100,0.10000000
2018-02-27 03:00:49,0.02096100,0.10000000
2018-02-27 03:00:50,0.02096100,0.02000000
2018-02-27 03:01:09,0.02096600,1.64000000
2018-02-27 03:01:11,0.02097700,1.95000000
2018-02-27 03:01:13,0.02097700,2.74000000
2018-02-27 03:01:13,0.02097900,1.70000000
2018-02-27 03:01:19,0.02097100,0.07000000
2018-02-27 03:01:19,0.02097900,0.14000000
2018-02-27 03:01:21,0.02097900,2.10000000
2018-02-27 03:01:21,0.02097900,10.01000000
2018-02-27 03:01:23,0.02097900,0.74000000
2018-02-27 03:01:23,0.02096600,4.86000000
2018-02-27 03:01:23,0.02096400,0.74000000
2018-02-27 03:01:23,0.02096300,3.77000000
2018-02-27 03:01:24,0.02097900,0.47000000
2018-02-27 03:01:24,0.02097900,4.69000000
2018-02-27 03:01:25,0.02097900,2.21000000
2018-02-27 03:01:25,0.02097900,1.00000000
2018-02-27 03:01:25,0.02097900,1.44000000
2018-02-27 03:01:25,0.02096400,0.10000000
2018-02-27 03:01:25,0.02096300,1.44000000
2018-02-27 03:01:25,0.02096200,10.00000000
2018-02-27 03:01:25,0.02096100,0.81000000
2018-02-27 03:01:25,0.02093300,7.21000000
2018-02-27 03:01:25,0.02093100,0.50000000
2018-02-27 03:01:30,0.02098100,0.46000000
2018-02-27 03:01:30,0.02098100,5.90000000
2018-02-27 03:01:31,0.02099800,2.42000000
2018-02-27 03:01:31,0.02098100,0.56000000
2018-02-27 03:01:37,0.02096400,0.10000000
2018-02-27 03:01:37,0.02096300,0.10000000
2018-02-27 03:01:37,0.02096300,0.10000000
2018-02-27 03:01:37,0.02096300,1.01000000
2018-02-27 03:01:40,0.02097900,0.28000000
2018-02-27 03:01:45,0.02096400,1.09000000
2018-02-27 03:01:46,0.02097900,9.10000000
2018-02-27 03:01:50,0.02096400,0.23000000
2018-02-27 03:01:50,0.02096400,0.09000000
2018-02-27 03:01:58,0.02096500,1.00000000
2018-02-27 03:01:59,0.02097900,0.01000000
2018-02-27 03:01:59,0.02097900,0.19000000
2018-02-27 03:02:00,0.02097900,0.59000000
2018-02-27 03:02:01,0.02097900,0.05000000
2018-02-27 03:02:01,0.02097900,0.54000000
2018-02-27 03:02:01,0.02099800,4.23000000
2018-02-27 03:02:02,0.02096500,0.59000000
2018-02-27 03:02:05,0.02099800,0.07000000
2018-02-27 03:02:05,0.02098000,0.05000000
2018-02-27 03:02:07,0.02098000,0.01000000
2018-02-27 03:02:13,0.02098000,0.23000000
2018-02-27 03:02:13,0.02096600,1.44000000
2018-02-27 03:02:15,0.02098000,0.33000000
2018-02-27 03:02:16,0.02096600,2.12000000
2018-02-27 03:02:17,0.02098000,4.50000000
2018-02-27 03:02:17,0.02096600,1.00000000
2018-02-27 03:02:26,0.02098000,0.17000000
2018-02-27 03:02:30,0.02096700,3.33000000
2018-02-27 03:02:37,0.02096900,4.76000000
2018-02-27 03:02:37,0.02096700,17.54000000
2018-02-27 03:02:37,0.02096700,1.50000000
2018-02-27 03:02:37,0.02096700,0.45000000
2018-02-27 03:02:38,0.02096700,0.53000000
2018-02-27 03:02:41,0.02096600,5.87000000
2018-02-27 03:02:41,0.02096500,0.10000000
2018-02-27 03:02:41,0.02096400,13.34000000
2018-02-27 03:02:42,0.02096700,8.59000000
2018-02-27 03:02:42,0.02096700,0.10000000
2018-02-27 03:02:43,0.02096600,0.10000000
2018-02-27 03:02:43,0.02096600,0.10000000
2018-02-27 03:02:46,0.02096600,4.01000000
2018-02-27 03:02:48,0.02096700,9.49000000
2018-02-27 03:02:48,0.02096700,0.10000000
2018-02-27 03:02:48,0.02096700,3.85000000
2018-02-27 03:02:50,0.02096700,0.01000000
2018-02-27 03:02:50,0.02098000,0.01000000
2018-02-27 03:02:50,0.02099000,0.22000000
2018-02-27 03:02:52,0.02096700,3.85000000
2018-02-27 03:02:54,0.02096700,0.14000000
2018-02-27 03:02:54,0.02098900,1.50000000
2018-02-27 03:02:55,0.02099000,0.20000000
2018-02-27 03:02:55,0.02099000,0.46000000
2018-02-27 03:02:56,0.02096800,0.14000000
2018-02-27 03:02:56,0.02096700,0.05000000
2018-02-27 03:02:56,0.02096600,0.73000000
2018-02-27 03:02:58,0.02099000,0.83000000
2018-02-27 03:03:06,0.02097200,0.21000000
2018-02-27 03:03:06,0.02097200,0.02000000
2018-02-27 03:03:06,0.02097000,0.19000000
2018-02-27 03:03:06,0.02097000,0.04000000
2018-02-27 03:03:06,0.02096600,0.09000000
2018-02-27 03:03:08,0.02099800,0.11000000
2018-02-27 03:03:09,0.02099800,0.05000000
2018-02-27 03:03:09,0.02099800,0.05000000
2018-02-27 03:03:16,0.02099000,0.05000000
2018-02-27 03:03:16,0.02096900,0.59000000
2018-02-27 03:03:24,0.02099000,0.01000000
2018-02-27 03:03:24,0.02099800,0.43000000
2018-02-27 03:03:26,0.02099800,0.47000000
2018-02-27 03:03:28,0.02099000,0.05000000
2018-02-27 03:03:29,0.02099800,0.11000000
2018-02-27 03:03:32,0.02099800,0.11000000
2018-02-27 03:03:36,0.02099800,0.10000000
2018-02-27 03:03:37,0.02099000,0.12000000
2018-02-27 03:03:37,0.02097100,0.02000000
2018-02-27 03:03:39,0.02099700,0.20000000
2018-02-27 03:03:39,0.02099800,0.09000000
2018-02-27 03:03:39,0.02099800,0.09000000
2018-02-27 03:03:40,0.02099800,1.56000000
2018-02-27 03:03:45,0.02099700,0.57000000
2018-02-27 03:03:45,0.02099800,0.32000000
2018-02-27 03:03:47,0.02099900,0.12000000
2018-02-27 03:03:47,0.02100000,0.03000000
2018-02-27 03:03:49,0.02100000,0.53000000
2018-02-27 03:03:49,0.02100200,0.12000000
2018-02-27 03:03:49,0.02100400,0.09000000
2018-02-27 03:03:55,0.02101000,0.01000000
2018-02-27 03:03:55,0.02099800,0.12000000
2018-02-27 03:03:58,0.02101200,0.05000000
2018-02-27 03:03:59,0.02101000,0.05000000
2018-02-27 03:03:59,0.02101000,1.90000000
2018-02-27 03:04:01,0.02100400,0.19000000
2018-02-27 03:04:02,0.02101000,0.11000000
2018-02-27 03:04:05,0.02101000,0.29000000
2018-02-27 03:04:05,0.02101000,0.73000000
2018-02-27 03:04:07,0.02103500,0.11000000
2018-02-27 03:04:08,0.02103500,0.10000000
2018-02-27 03:04:09,0.02102600,0.28000000
2018-02-27 03:04:11,0.02101000,0.05000000
2018-02-27 03:04:11,0.02101000,0.05000000
2018-02-27 03:04:12,0.02101000,2.14000000
2018-02-27 03:04:13,0.02101000,0.17000000
2018-02-27 03:04:14,0.02100600,1.51000000
2018-02-27 03:04:16,0.02101000,0.01000000
2018-02-27 03:04:16,0.02099200,0.24000000
2018-02-27 03:04:17,0.02104400,0.24000000
2018-02-27 03:04:19,0.02101000,1.00000000
2018-02-27 03:04:24,0.02104200,1.16000000
2018-02-27 03:04:25,0.02101000,4.68000000
2018-02-27 03:04:25,0.02101000,3.72000000
2018-02-27 03:04:27,0.02104400,0.17000000
2018-02-27 03:04:27,0.02101100,1.82000000
2018-02-27 03:04:29,0.02101100,1.20000000
2018-02-27 03:04:29,0.02101100,0.40000000
2018-02-27 03:04:29,0.02101000,0.42000000
2018-02-27 03:04:30,0.02101000,0.05000000
2018-02-27 03:04:31,0.02101000,0.13000000
2018-02-27 03:04:32,0.02100700,1.78000000
2018-02-27 03:04:33,0.02100600,0.61000000
2018-02-27 03:04:35,0.02100200,2.00000000
2018-02-27 03:04:36,0.02104300,1.54000000
2018-02-27 03:04:40,0.02100800,0.71000000
2018-02-27 03:04:41,0.02100800,0.47000000
2018-02-27 03:04:44,0.02100200,0.08000000
2018-02-27 03:04:44,0.02100200,0.30000000
2018-02-27 03:04:47,0.02099900,0.05000000
2018-02-27 03:04:47,0.02099900,0.39000000
2018-02-27 03:04:48,0.02100100,0.23000000
2018-02-27 03:04:50,0.02100100,0.01000000
2018-02-27 03:04:58,0.02100200,0.04000000
2018-02-27 03:05:08,0.02100700,1.32000000
2018-02-27 03:05:09,0.02100700,2.28000000
2018-02-27 03:05:09,0.02100500,5.52000000
2018-02-27 03:05:09,0.02100200,0.04000000
2018-02-27 03:05:09,0.02099700,0.22000000
2018-02-27 03:05:09,0.02099700,0.47000000
2018-02-27 03:05:09,0.02099700,2.15000000
2018-02-27 03:05:10,0.02099700,1.00000000
2018-02-27 03:05:12,0.02099200,1.94000000
2018-02-27 03:05:12,0.02099200,2.82000000
2018-02-27 03:05:12,0.02099000,1.05000000
2018-02-27 03:05:12,0.02099000,0.95000000
2018-02-27 03:05:12,0.02096900,2.17000000
2018-02-27 03:05:13,0.02099700,0.33000000
2018-02-27 03:05:16,0.02099700,24.53000000
2018-02-27 03:05:21,0.02101000,1.18000000
2018-02-27 03:05:21,0.02099700,1.40000000
2018-02-27 03:05:21,0.02097100,2.34000000
2018-02-27 03:05:21,0.02097000,10.33000000
2018-02-27 03:05:21,0.02096900,1.31000000
2018-02-27 03:05:21,0.02096300,0.23000000
2018-02-27 03:05:21,0.02095700,1.71000000
2018-02-27 03:05:21,0.02095600,0.09000000
2018-02-27 03:05:21,0.02094700,0.45000000
2018-02-27 03:05:21,0.02093100,9.33000000
2018-02-27 03:05:21,0.02092700,0.90000000
2018-02-27 03:05:21,0.02092600,2.81000000
2018-02-27 03:05:21,0.02091600,0.08000000
2018-02-27 03:05:21,0.02091400,1.87000000
2018-02-27 03:05:21,0.02091100,1.01000000
2018-02-27 03:05:21,0.02090900,0.60000000
2018-02-27 03:05:21,0.02090800,0.13000000
2018-02-27 03:05:21,0.02090700,1.09000000
2018-02-27 03:05:21,0.02090500,0.06000000
2018-02-27 03:05:21,0.02090400,0.90000000
2018-02-27 03:05:21,0.02090300,0.50000000
2018-02-27 03:05:21,0.02090100,5.00000000
2018-02-27 03:05:21,0.02090000,28.68000000
2018-02-27 03:05:21,0.02090000,0.17000000
2018-02-27 03:05:21,0.02090000,3.34000000
2018-02-27 03:05:21,0.02090000,2.00000000
2018-02-27 03:05:21,0.02092000,0.50000000
2018-02-27 03:05:22,0.02100100,0.23000000
2018-02-27 03:05:22,0.02100000,2.33000000
2018-02-27 03:05:24,0.02100000,1.15000000
2018-02-27 03:05:27,0.02100000,0.06000000
2018-02-27 03:05:29,0.02096800,0.24000000
2018-02-27 03:05:29,0.02096700,3.41000000
2018-02-27 03:05:32,0.02099800,0.10000000
2018-02-27 03:05:32,0.02099800,0.13000000
2018-02-27 03:05:32,0.02099900,0.24000000
2018-02-27 03:05:32,0.02100000,7.97000000
2018-02-27 03:05:37,0.02100000,0.14000000
2018-02-27 03:05:42,0.02096900,0.45000000
2018-02-27 03:05:42,0.02096700,0.10000000
2018-02-27 03:05:42,0.02096500,3.18000000
2018-02-27 03:05:48,0.02100000,0.78000000
2018-02-27 03:05:48,0.02100100,1.86000000
2018-02-27 03:05:48,0.02100600,0.95000000
2018-02-27 03:05:54,0.02100500,0.71000000
2018-02-27 03:06:04,0.02097600,0.29000000
2018-02-27 03:06:05,0.02099500,0.22000000
2018-02-27 03:06:05,0.02097700,1.83000000
2018-02-27 03:06:15,0.02097200,0.11000000
2018-02-27 03:06:15,0.02097100,1.85000000
2018-02-27 03:06:15,0.02096900,0.11000000
2018-02-27 03:06:15,0.02096900,0.18000000
2018-02-27 03:06:15,0.02097100,0.11000000
2018-02-27 03:06:15,0.02097100,2.13000000
2018-02-27 03:06:16,0.02097100,0.05000000
2018-02-27 03:06:17,0.02097100,0.22000000
2018-02-27 03:06:18,0.02097100,0.78000000
2018-02-27 03:06:22,0.02097700,0.12000000
2018-02-27 03:06:22,0.02097100,0.17000000
2018-02-27 03:06:22,0.02096700,1.50000000
2018-02-27 03:06:22,0.02096500,0.80000000
2018-02-27 03:06:22,0.02096300,0.09000000
2018-02-27 03:06:23,0.02097100,1.15000000
2018-02-27 03:06:24,0.02097000,1.84000000
2018-02-27 03:06:24,0.02097100,1.15000000
2018-02-27 03:06:24,0.02097100,12.91000000
2018-02-27 03:06:29,0.02099500,0.93000000
2018-02-27 03:06:33,0.02096500,1.99000000
2018-02-27 03:06:48,0.02096700,0.20000000
2018-02-27 03:06:48,0.02096700,1.90000000
2018-02-27 03:06:50,0.02099500,1.75000000
2018-02-27 03:06:50,0.02099600,0.17000000
2018-02-27 03:06:54,0.02096500,0.08000000
2018-02-27 03:06:57,0.02096500,0.01000000
2018-02-27 03:06:57,0.02099600,0.90000000
2018-02-27 03:07:00,0.02098600,0.09000000
2018-02-27 03:07:01,0.02098600,0.40000000
2018-02-27 03:07:01,0.02096700,2.70000000
2018-02-27 03:07:03,0.02099600,0.05000000
2018-02-27 03:07:05,0.02096500,0.51000000
2018-02-27 03:07:12,0.02099600,0.27000000
2018-02-27 03:07:18,0.02099000,1.00000000
2018-02-27 03:07:24,0.02098600,0.45000000
2018-02-27 03:07:24,0.02099000,3.34000000
2018-02-27 03:07:24,0.02099600,0.70000000
2018-02-27 03:07:24,0.02099900,0.49000000
2018-02-27 03:07:24,0.02100300,0.71000000
2018-02-27 03:07:24,0.02100600,1.06000000
2018-02-27 03:07:24,0.02101800,0.92000000
2018-02-27 03:07:26,0.02101600,0.33000000
2018-02-27 03:07:30,0.02101600,0.37000000
2018-02-27 03:07:36,0.02098000,0.01000000
2018-02-27 03:07:49,0.02098400,0.33000000
2018-02-27 03:07:57,0.02098400,0.95000000
2018-02-27 03:07:57,0.02098000,1.79000000
2018-02-27 03:07:59,0.02098000,0.22000000
2018-02-27 03:07:59,0.02098000,2.38000000
2018-02-27 03:08:00,0.02098000,0.26000000
2018-02-27 03:08:00,0.02098000,0.92000000
2018-02-27 03:08:01,0.02098000,1.50000000
2018-02-27 03:08:01,0.02098000,0.23000000
2018-02-27 03:08:02,0.02096400,2.01000000
2018-02-27 03:08:02,0.02095700,0.07000000
2018-02-27 03:08:02,0.02095000,0.30000000
2018-02-27 03:08:02,0.02098000,4.77000000
2018-02-27 03:08:03,0.02098000,0.29000000
2018-02-27 03:08:08,0.02098000,10.98000000
2018-02-27 03:08:08,0.02100600,1.51000000
2018-02-27 03:08:09,0.02100600,0.29000000
2018-02-27 03:08:19,0.02100600,0.09000000
2018-02-27 03:08:19,0.02101600,0.01000000
2018-02-27 03:08:20,0.02101600,0.10000000
2018-02-27 03:08:35,0.02101700,0.47000000
2018-02-27 03:08:42,0.02099200,0.11000000
2018-02-27 03:08:42,0.02099000,1.90000000
2018-02-27 03:08:44,0.02101500,0.20000000
2018-02-27 03:08:44,0.02101600,0.14000000
2018-02-27 03:08:51,0.02098000,0.47000000
2018-02-27 03:08:57,0.02098800,0.41000000
2018-02-27 03:08:57,0.02098600,0.06000000
2018-02-27 03:08:58,0.02098600,3.54000000
2018-02-27 03:08:58,0.02098500,4.76000000
2018-02-27 03:08:58,0.02098300,0.80000000
2018-02-27 03:08:58,0.02098000,4.53000000
2018-02-27 03:08:58,0.02097100,2.14000000
2018-02-27 03:08:58,0.02096400,1.81000000
2018-02-27 03:08:58,0.02096300,0.23000000
2018-02-27 03:08:58,0.02095000,1.28000000
2018-02-27 03:08:58,0.02094000,10.10000000
2018-02-27 03:08:58,0.02093400,0.45000000
2018-02-27 03:08:58,0.02092100,0.48000000
2018-02-27 03:08:58,0.02092000,0.24000000
2018-02-27 03:09:00,0.02100500,0.22000000
2018-02-27 03:09:05,0.02100500,2.86000000
2018-02-27 03:09:06,0.02096700,0.43000000
2018-02-27 03:09:07,0.02096800,1.00000000
2018-02-27 03:09:07,0.02096700,1.00000000
2018-02-27 03:09:07,0.02100400,0.71000000
2018-02-27 03:09:08,0.02100300,1.01000000
2018-02-27 03:09:09,0.02100000,2.74000000
2018-02-27 03:09:11,0.02100600,2.02000000
2018-02-27 03:09:11,0.02101000,7.36000000
2018-02-27 03:09:11,0.02101600,11.33000000
2018-02-27 03:09:11,0.02101700,3.11000000
2018-02-27 03:09:11,0.02101800,0.45000000
2018-02-27 03:09:11,0.02102000,2.02000000
2018-02-27 03:09:17,0.02102000,0.09000000
2018-02-27 03:09:38,0.02101600,1.59000000
2018-02-27 03:09:41,0.02102000,0.91000000
2018-02-27 03:09:49,0.02101600,2.60000000
2018-02-27 03:09:49,0.02101600,0.24000000
2018-02-27 03:09:55,0.02101600,0.11000000
2018-02-27 03:10:05,0.02101600,9.49000000
2018-02-27 03:10:10,0.02101600,0.51000000
2018-02-27 03:10:12,0.02101800,0.09000000
2018-02-27 03:10:12,0.02101800,0.81000000
2018-02-27 03:10:13,0.02101800,0.11000000
2018-02-27 03:10:13,0.02101600,22.34000000
2018-02-27 03:10:16,0.02101800,0.51000000
2018-02-27 03:10:22,0.02101900,0.08000000
2018-02-27 03:10:22,0.02102000,1.77000000
2018-02-27 03:10:22,0.02104300,2.66000000
2018-02-27 03:10:27,0.02104300,2.38000000
2018-02-27 03:10:30,0.02101700,0.05000000
2018-02-27 03:10:37,0.02104400,0.01000000
2018-02-27 03:10:37,0.02104400,0.16000000
2018-02-27 03:10:43,0.02101900,0.99000000
2018-02-27 03:10:44,0.02104500,0.06000000
2018-02-27 03:10:47,0.02104500,0.47000000
2018-02-27 03:10:53,0.02104400,0.99000000
2018-02-27 03:10:53,0.02104500,3.10000000
2018-02-27 03:10:53,0.02105100,3.06000000
2018-02-27 03:10:53,0.02105600,0.95000000
2018-02-27 03:10:53,0.02106500,0.08000000
2018-02-27 03:10:53,0.02107100,0.71000000
2018-02-27 03:10:55,0.02102600,1.96000000
2018-02-27 03:10:56,0.02106900,0.14000000
2018-02-27 03:10:58,0.02102900,0.38000000
2018-02-27 03:10:58,0.02102300,0.27000000
2018-02-27 03:10:59,0.02102500,0.68000000
2018-02-27 03:11:00,0.02106800,2.34000000
2018-02-27 03:11:00,0.02107000,1.27000000
2018-02-27 03:11:00,0.02107100,0.09000000
2018-02-27 03:11:00,0.02108400,3.98000000
2018-02-27 03:11:00,0.02109000,4.80000000
2018-02-27 03:11:00,0.02109900,0.43000000
2018-02-27 03:11:00,0.02110000,4.50000000
2018-02-27 03:11:00,0.02110600,0.98000000
2018-02-27 03:11:00,0.02110700,3.12000000
2018-02-27 03:11:00,0.02111100,0.71000000
2018-02-27 03:11:00,0.02111200,3.33000000
2018-02-27 03:11:00,0.02111800,12.00000000
2018-02-27 03:11:00,0.02111900,16.45000000
2018-02-27 03:11:04,0.02104800,0.08000000
2018-02-27 03:11:05,0.02105100,0.23000000
2018-02-27 03:11:05,0.02111600,5.42000000
2018-02-27 03:11:06,0.02105300,3.49000000
2018-02-27 03:11:06,0.02111600,1.78000000
2018-02-27 03:11:07,0.02105600,2.95000000
2018-02-27 03:11:07,0.02105400,2.14000000
2018-02-27 03:11:07,0.02105100,0.29000000
2018-02-27 03:11:07,0.02105100,0.08000000
2018-02-27 03:11:07,0.02111600,32.02000000
2018-02-27 03:11:07,0.02105700,2.27000000
2018-02-27 03:11:09,0.02106200,0.14000000
2018-02-27 03:11:09,0.02105700,0.07000000
2018-02-27 03:11:09,0.02105100,1.22000000
2018-02-27 03:11:10,0.02105700,0.98000000
2018-02-27 03:11:11,0.02105100,0.01000000
2018-02-27 03:11:11,0.02104800,1.93000000
2018-02-27 03:11:11,0.02104200,0.29000000
2018-02-27 03:11:11,0.02104200,0.66000000
2018-02-27 03:11:11,0.02104200,1.95000000
2018-02-27 03:11:11,0.02104200,1.30000000
2018-02-27 03:11:11,0.02104100,0.80000000
2018-02-27 03:11:11,0.02104000,7.24000000
2018-02-27 03:11:12,0.02104000,2.25000000
2018-02-27 03:11:12,0.02104200,5.67000000
2018-02-27 03:11:18,0.02102700,0.05000000
2018-02-27 03:11:18,0.02102600,2.34000000
2018-02-27 03:11:18,0.02102600,0.54000000
2018-02-27 03:11:21,0.02102600,1.88000000
2018-02-27 03:11:22,0.02102600,0.23000000
2018-02-27 03:11:24,0.02102600,4.67000000
2018-02-27 03:11:26,0.02102700,1.40000000
2018-02-27 03:11:27,0.02102800,0.91000000
2018-02-27 03:11:32,0.02104300,0.24000000
2018-02-27 03:11:32,0.02103000,0.63000000
2018-02-27 03:11:36,0.02103100,0.70000000
2018-02-27 03:11:41,0.02103100,3.65000000
2018-02-27 03:11:41,0.02103100,0.25000000
2018-02-27 03:11:42,0.02104200,0.20000000
2018-02-27 03:11:44,0.02104200,0.27000000
2018-02-27 03:11:44,0.02104300,0.24000000
2018-02-27 03:11:44,0.02104400,0.93000000
2018-02-27 03:11:44,0.02105200,4.20000000
2018-02-27 03:11:48,0.02104300,3.37000000
2018-02-27 03:11:51,0.02108600,2.04000000
2018-02-27 03:12:00,0.02107800,0.14000000
2018-02-27 03:12:03,0.02105600,19.92000000
2018-02-27 03:12:05,0.02105600,3.59000000
2018-02-27 03:12:19,0.02105600,2.08000000
2018-02-27 03:12:19,0.02105500,2.92000000
2018-02-27 03:12:19,0.02105300,6.62000000
2018-02-27 03:12:19,0.02105300,1.56000000
2018-02-27 03:12:19,0.02105200,4.77000000
2018-02-27 03:12:21,0.02104400,1.19000000
2018-02-27 03:12:21,0.02104600,5.67000000
2018-02-27 03:12:28,0.02105600,2.70000000
2018-02-27 03:12:28,0.02105600,0.19000000
2018-02-27 03:12:30,0.02105900,0.47000000
2018-02-27 03:12:31,0.02105600,0.50000000
2018-02-27 03:12:31,0.02105600,0.50000000
2018-02-27 03:12:34,0.02105600,10.00000000
2018-02-27 03:12:36,0.02105600,5.28000000
2018-02-27 03:12:37,0.02105600,0.16000000
2018-02-27 03:12:38,0.02105800,0.09000000
2018-02-27 03:12:42,0.02105600,6.10000000
2018-02-27 03:12:44,0.02105700,2.12000000
2018-02-27 03:12:48,0.02105600,4.46000000
2018-02-27 03:12:51,0.02105700,0.92000000
2018-02-27 03:12:54,0.02105800,1.19000000
2018-02-27 03:12:54,0.02105900,0.75000000
2018-02-27 03:12:54,0.02105600,3.00000000
2018-02-27 03:12:55,0.02105600,0.34000000
2018-02-27 03:12:56,0.02105600,0.05000000
2018-02-27 03:12:57,0.02105600,1.10000000
2018-02-27 03:13:00,0.02105800,1.20000000
2018-02-27 03:13:01,0.02105800,3.54000000
2018-02-27 03:13:03,0.02105900,2.68000000
2018-02-27 03:13:05,0.02105800,2.00000000
2018-02-27 03:13:06,0.02105900,4.20000000
2018-02-27 03:13:06,0.02105800,0.40000000
2018-02-27 03:13:07,0.02105800,0.50000000
2018-02-27 03:13:07,0.02105800,0.10000000
2018-02-27 03:13:09,0.02105800,0.10000000
2018-02-27 03:13:11,0.02105800,0.10000000
2018-02-27 03:13:17,0.02105900,0.84000000
2018-02-27 03:13:18,0.02105900,4.10000000
2018-02-27 03:13:19,0.02105800,4.20000000
2018-02-27 03:13:20,0.02105600,12.00000000
2018-02-27 03:13:20,0.02105900,2.00000000
2018-02-27 03:13:22,0.02105600,0.07000000
2018-02-27 03:13:24,0.02105600,10.00000000
2018-02-27 03:13:26,0.02105600,8.28000000
2018-02-27 03:13:26,0.02107000,4.20000000
2018-02-27 03:13:26,0.02107100,7.90000000
2018-02-27 03:13:35,0.02107100,0.27000000
2018-02-27 03:13:36,0.02105700,4.20000000
2018-02-27 03:13:36,0.02105600,12.50000000
2018-02-27 03:13:36,0.02107100,0.05000000
2018-02-27 03:13:39,0.02107000,3.74000000
2018-02-27 03:13:41,0.02105800,4.74000000
2018-02-27 03:13:47,0.02105800,2.42000000
2018-02-27 03:13:50,0.02105600,2.00000000
2018-02-27 03:13:52,0.02105900,6.13000000
2018-02-27 03:13:53,0.02105600,4.01000000
2018-02-27 03:13:54,0.02106200,0.24000000
2018-02-27 03:13:59,0.02105800,0.17000000
2018-02-27 03:13:59,0.02105800,1.87000000
2018-02-27 03:14:00,0.02105800,0.45000000
2018-02-27 03:14:00,0.02105800,1.47000000
2018-02-27 03:14:00,0.02105600,23.29000000
2018-02-27 03:14:02,0.02105600,1.57000000
2018-02-27 03:14:02,0.02105000,0.29000000
2018-02-27 03:14:03,0.02105700,4.74000000
2018-02-27 03:14:03,0.02105800,1.47000000
2018-02-27 03:14:08,0.02105800,0.56000000
2018-02-27 03:14:09,0.02105800,0.58000000
2018-02-27 03:14:10,0.02105800,0.58000000
2018-02-27 03:14:10,0.02106200,1.01000000
2018-02-27 03:14:10,0.02106200,1.32000000
2018-02-27 03:14:10,0.02106200,1.74000000
2018-02-27 03:14:10,0.02106200,2.28000000
2018-02-27 03:14:10,0.02106200,2.82000000
2018-02-27 03:14:11,0.02105800,0.58000000
2018-02-27 03:14:12,0.02106900,4.20000000
2018-02-27 03:14:12,0.02107000,9.49000000
2018-02-27 03:14:12,0.02108600,8.00000000
2018-02-27 03:14:12,0.02108900,4.99000000
2018-02-27 03:14:12,0.02109000,5.77000000
2018-02-27 03:14:12,0.02111800,0.60000000
2018-02-27 03:14:12,0.02111900,14.32000000
2018-02-27 03:14:12,0.02112000,0.45000000
2018-02-27 03:14:12,0.02112500,1.60000000
2018-02-27 03:14:12,0.02112900,0.45000000
2018-02-27 03:14:12,0.02113300,0.11000000
2018-02-27 03:14:12,0.02114300,0.59000000
2018-02-27 03:14:12,0.02115000,0.61000000
2018-02-27 03:14:12,0.02115700,1.82000000
2018-02-27 03:14:14,0.02107300,0.58000000
2018-02-27 03:14:15,0.02107700,0.28000000
2018-02-27 03:14:15,0.02107900,0.16000000
2018-02-27 03:14:16,0.02114600,0.97000000
2018-02-27 03:14:17,0.02108500,0.58000000
2018-02-27 03:14:19,0.02109100,2.26000000
2018-02-27 03:14:19,0.02109100,0.58000000
2018-02-27 03:14:19,0.02109100,0.10000000
2018-02-27 03:14:20,0.02109100,0.56000000
2018-02-27 03:14:20,0.02109400,2.37000000
2018-02-27 03:14:20,0.02109400,0.13000000
2018-02-27 03:14:21,0.02109400,1.06000000
2018-02-27 03:14:22,0.02109200,2.34000000
2018-02-27 03:14:22,0.02108600,0.10000000
2018-02-27 03:14:23,0.02108600,0.13000000
2018-02-27 03:14:24,0.02107400,0.80000000
2018-02-27 03:14:24,0.02107200,0.15000000
2018-02-27 03:14:24,0.02108200,8.38000000
2018-02-27 03:14:24,0.02108400,0.15000000
2018-02-27 03:14:24,0.02108400,2.19000000
2018-02-27 03:14:24,0.02109000,2.25000000
2018-02-27 03:14:24,0.02109000,2.22000000
2018-02-27 03:14:24,0.02109000,0.49000000
2018-02-27 03:14:24,0.02107200,0.65000000
2018-02-27 03:14:24,0.02106800,0.30000000
2018-02-27 03:14:27,0.02107700,7.07000000
2018-02-27 03:14:28,0.02107500,0.72000000
2018-02-27 03:14:29,0.02107500,0.29000000
2018-02-27 03:14:32,0.02107500,2.33000000
2018-02-27 03:14:33,0.02107000,0.27000000
2018-02-27 03:14:38,0.02106900,0.05000000
2018-02-27 03:14:39,0.02106900,0.10000000
2018-02-27 03:14:42,0.02106900,0.65000000
2018-02-27 03:14:42,0.02106800,0.82000000
2018-02-27 03:14:47,0.02106800,0.48000000
2018-02-27 03:14:49,0.02106600,0.80000000
2018-02-27 03:14:49,0.02106300,0.56000000
2018-02-27 03:14:51,0.02106300,0.24000000
2018-02-27 03:14:52,0.02105800,0.08000000
2018-02-27 03:14:52,0.02105800,0.24000000
2018-02-27 03:14:52,0.02106100,2.20000000
2018-02-27 03:14:52,0.02106100,2.57000000
2018-02-27 03:14:52,0.02106100,1.82000000
2018-02-27 03:14:53,0.02105800,0.23000000
2018-02-27 03:14:53,0.02106300,0.10000000
2018-02-27 03:14:59,0.02105800,11.36000000
2018-02-27 03:14:59,0.02105800,7.56000000
2018-02-27 03:14:59,0.02105800,1.17000000
2018-02-27 03:15:00,0.02105800,6.31000000
2018-02-27 03:15:02,0.02105900,0.23000000
2018-02-27 03:15:02,0.02106000,2.33000000
2018-02-27 03:15:02,0.02106300,1.55000000
2018-02-27 03:15:02,0.02106900,1.69000000
2018-02-27 03:15:04,0.02106000,0.10000000
2018-02-27 03:15:05,0.02106000,0.08000000
2018-02-27 03:15:06,0.02106000,0.92000000
2018-02-27 03:15:06,0.02107000,0.15000000
2018-02-27 03:15:07,0.02108000,4.70000000
2018-02-27 03:15:07,0.02108300,1.01000000
2018-02-27 03:15:07,0.02108600,0.42000000
2018-02-27 03:15:09,0.02107000,2.49000000
2018-02-27 03:15:09,0.02110000,0.27000000
2018-02-27 03:15:10,0.02106700,1.75000000
2018-02-27 03:15:11,0.02106800,0.46000000
2018-02-27 03:15:11,0.02106800,0.52000000
2018-02-27 03:15:14,0.02106800,3.21000000
2018-02-27 03:15:14,0.02106500,1.10000000
2018-02-27 03:15:14,0.02106600,1.75000000
2018-02-27 03:15:14,0.02106800,0.89000000
2018-02-27 03:15:19,0.02106500,0.38000000
2018-02-27 03:15:25,0.02109800,3.56000000
2018-02-27 03:15:25,0.02110200,4.19000000
2018-02-27 03:15:25,0.02110900,0.40000000
2018-02-27 03:15:25,0.02111000,0.78000000
2018-02-27 03:15:27,0.02107600,7.08000000
2018-02-27 03:15:27,0.02107500,0.85000000
2018-02-27 03:15:28,0.02107700,1.64000000
2018-02-27 03:15:31,0.02107400,0.24000000
2018-02-27 03:15:31,0.02107200,2.76000000
2018-02-27 03:15:32,0.02108800,5.67000000
2018-02-27 03:15:32,0.02108800,1.41000000
2018-02-27 03:15:32,0.02109000,1.64000000
2018-02-27 03:15:33,0.02108700,2.76000000
2018-02-27 03:15:34,0.02109900,0.85000000
2018-02-27 03:15:34,0.02110600,0.24000000
2018-02-27 03:15:35,0.02111900,0.99000000
2018-02-27 03:15:51,0.02111900,0.13000000
2018-02-27 03:15:51,0.02111900,1.62000000
2018-02-27 03:15:51,0.02111900,1.62000000
2018-02-27 03:15:52,0.02111900,0.36000000
2018-02-27 03:15:52,0.02108300,0.24000000
2018-02-27 03:15:52,0.02108200,1.20000000
2018-02-27 03:15:52,0.02108200,0.10000000
2018-02-27 03:15:52,0.02108200,0.20000000
2018-02-27 03:15:55,0.02107400,0.76000000
2018-02-27 03:16:24,0.02108000,0.76000000
2018-02-27 03:16:25,0.02108000,0.20000000
2018-02-27 03:16:27,0.02111500,0.06000000
2018-02-27 03:16:35,0.02108100,0.12000000
2018-02-27 03:16:35,0.02108000,0.12000000
2018-02-27 03:16:35,0.02107500,0.12000000
2018-02-27 03:16:43,0.02111300,0.31000000
2018-02-27 03:16:47,0.02107600,0.46000000
2018-02-27 03:16:52,0.02107600,8.05000000
2018-02-27 03:17:00,0.02107600,2.55000000
2018-02-27 03:17:10,0.02109000,0.12000000
2018-02-27 03:17:10,0.02109100,4.66000000
2018-02-27 03:17:10,0.02109300,4.19000000
2018-02-27 03:17:10,0.02109300,13.26000000
2018-02-27 03:17:11,0.02109300,0.01000000
2018-02-27 03:17:11,0.02107700,0.46000000
2018-02-27 03:17:12,0.02109300,0.13000000
2018-02-27 03:17:19,0.02107700,9.21000000
2018-02-27 03:17:20,0.02107700,1.99000000
2018-02-27 03:17:23,0.02108100,0.08000000
2018-02-27 03:17:24,0.02109200,0.15000000
2018-02-27 03:17:36,0.02109200,0.24000000
2018-02-27 03:17:42,0.02109200,0.11000000
2018-02-27 03:17:42,0.02109300,7.86000000
2018-02-27 03:17:42,0.02110000,34.11000000
2018-02-27 03:17:42,0.02108100,0.01000000
2018-02-27 03:17:42,0.02107800,0.22000000
2018-02-27 03:17:47,0.02107900,0.06000000
2018-02-27 03:17:47,0.02107900,0.39000000
2018-02-27 03:17:56,0.02109100,0.45000000
2018-02-27 03:17:56,0.02109200,0.49000000
2018-02-27 03:17:59,0.02107800,2.23000000
2018-02-27 03:18:00,0.02109200,0.28000000
2018-02-27 03:18:04,0.02108000,0.32000000
2018-02-27 03:18:04,0.02107800,9.67000000
2018-02-27 03:18:08,0.02107800,8.00000000
2018-02-27 03:18:08,0.02107800,0.36000000
2018-02-27 03:18:20,0.02107800,6.11000000
2018-02-27 03:18:24,0.02109200,0.05000000
2018-02-27 03:18:26,0.02107800,2.00000000
2018-02-27 03:18:28,0.02107800,2.99000000
2018-02-27 03:18:30,0.02107800,1.00000000
2018-02-27 03:18:33,0.02109200,0.21000000
2018-02-27 03:18:36,0.02107800,1.10000000
2018-02-27 03:18:36,0.02107800,1.11000000
2018-02-27 03:18:36,0.02107800,0.05000000
2018-02-27 03:18:36,0.02107800,0.05000000
2018-02-27 03:18:37,0.02107800,0.11000000
2018-02-27 03:18:37,0.02107800,4.20000000
2018-02-27 03:18:39,0.02109000,0.25000000
2018-02-27 03:18:39,0.02107800,0.81000000
2018-02-27 03:18:40,0.02107800,0.45000000
2018-02-27 03:18:41,0.02107800,0.11000000
2018-02-27 03:18:41,0.02107800,0.05000000
2018-02-27 03:18:42,0.02107800,5.70000000
2018-02-27 03:18:43,0.02107800,0.17000000
2018-02-27 03:18:44,0.02107800,0.46000000
2018-02-27 03:18:45,0.02107800,0.46000000
2018-02-27 03:18:46,0.02107800,3.79000000
2018-02-27 03:18:46,0.02108900,0.54000000
2018-02-27 03:18:46,0.02107800,0.80000000
2018-02-27 03:18:46,0.02107800,3.66000000
2018-02-27 03:18:46,0.02107800,0.40000000
2018-02-27 03:18:47,0.02107800,0.46000000
2018-02-27 03:18:49,0.02107800,0.46000000
2018-02-27 03:18:49,0.02107800,2.02000000
2018-02-27 03:18:51,0.02107800,0.01000000
2018-02-27 03:18:53,0.02107700,0.17000000
2018-02-27 03:18:54,0.02107700,0.55000000
2018-02-27 03:18:55,0.02107600,0.16000000
2018-02-27 03:18:55,0.02107600,0.20000000
2018-02-27 03:18:56,0.02107600,1.15000000
2018-02-27 03:18:56,0.02107600,0.19000000
2018-02-27 03:18:56,0.02107500,0.28000000
2018-02-27 03:18:58,0.02107500,2.00000000
2018-02-27 03:19:01,0.02107500,0.01000000
2018-02-27 03:19:01,0.02107400,1.86000000
2018-02-27 03:19:02,0.02107400,0.08000000
2018-02-27 03:19:02,0.02107400,6.42000000
2018-02-27 03:19:03,0.02107400,0.01000000
2018-02-27 03:19:04,0.02107000,1.50000000
2018-02-27 03:19:05,0.02106500,0.59000000
2018-02-27 03:19:17,0.02106500,0.01000000
2018-02-27 03:19:17,0.02105000,2.14000000
2018-02-27 03:19:21,0.02105000,0.59000000
2018-02-27 03:19:28,0.02107100,0.47000000
2018-02-27 03:19:28,0.02105000,1.07000000
2018-02-27 03:19:32,0.02105100,4.95000000
2018-02-27 03:19:35,0.02105200,4.75000000
2018-02-27 03:19:35,0.02105100,0.01000000
2018-02-27 03:19:35,0.02105000,6.43000000
2018-02-27 03:19:35,0.02103000,0.30000000
2018-02-27 03:19:35,0.02102900,0.05000000
2018-02-27 03:19:35,0.02102700,0.08000000
2018-02-27 03:19:35,0.02102600,0.80000000
2018-02-27 03:19:35,0.02101800,0.68000000
2018-02-27 03:19:35,0.02101600,0.23000000
2018-02-27 03:19:35,0.02100800,4.00000000
2018-02-27 03:19:35,0.02100700,4.19000000
2018-02-27 03:19:35,0.02100600,2.02000000
2018-02-27 03:19:35,0.02100100,0.21000000
2018-02-27 03:19:35,0.02100000,10.18000000
2018-02-27 03:19:35,0.02098800,0.08000000
2018-02-27 03:19:35,0.02098600,10.11000000
2018-02-27 03:19:35,0.02098500,0.10000000
2018-02-27 03:19:35,0.02098000,0.25000000
2018-02-27 03:19:35,0.02097100,5.30000000
2018-02-27 03:19:35,0.02097000,4.18000000
2018-02-27 03:19:39,0.02105100,4.13000000
2018-02-27 03:19:40,0.02104900,0.05000000
2018-02-27 03:19:41,0.02105000,0.05000000
2018-02-27 03:19:42,0.02104900,4.14000000
2018-02-27 03:19:42,0.02105000,3.37000000
2018-02-27 03:19:43,0.02105000,2.55000000
2018-02-27 03:19:50,0.02105100,0.57000000
2018-02-27 03:19:51,0.02105100,0.12000000
2018-02-27 03:19:57,0.02106300,0.23000000
2018-02-27 03:19:57,0.02106400,0.89000000
2018-02-27 03:19:58,0.02105100,2.02000000
2018-02-27 03:19:59,0.02106600,0.14000000
2018-02-27 03:19:59,0.02106000,0.57000000
2018-02-27 03:19:59,0.02106000,6.44000000
2018-02-27 03:20:01,0.02106000,0.17000000
2018-02-27 03:20:02,0.02107400,3.49000000
2018-02-27 03:20:08,0.02106000,0.05000000
2018-02-27 03:20:09,0.02105500,1.84000000
2018-02-27 03:20:19,0.02106000,0.04000000
2018-02-27 03:20:19,0.02107700,4.38000000
2018-02-27 03:20:22,0.02105900,1.42000000
2018-02-27 03:20:32,0.02105900,0.01000000
2018-02-27 03:20:33,0.02105900,1.00000000
2018-02-27 03:20:35,0.02105900,1.67000000
2018-02-27 03:20:35,0.02105800,0.24000000
2018-02-27 03:20:35,0.02105500,4.74000000
2018-02-27 03:20:35,0.02105300,1.04000000
2018-02-27 03:20:36,0.02105800,0.68000000
2018-02-27 03:20:36,0.02105300,0.61000000
2018-02-27 03:20:36,0.02105100,0.31000000
2018-02-27 03:20:54,0.02105500,0.25000000
2018-02-27 03:20:54,0.02105400,4.49000000
2018-02-27 03:20:55,0.02105800,0.01000000
2018-02-27 03:20:55,0.02105900,0.64000000
2018-02-27 03:20:55,0.02105900,0.20000000
2018-02-27 03:20:55,0.02105900,0.01000000
2018-02-27 03:20:55,0.02107600,0.19000000
2018-02-27 03:20:55,0.02107600,2.49000000
2018-02-27 03:20:55,0.02105500,0.10000000
2018-02-27 03:20:56,0.02107700,0.61000000
2018-02-27 03:20:56,0.02105500,1.05000000
2018-02-27 03:20:56,0.02105400,0.25000000
2018-02-27 03:20:56,0.02105100,1.80000000
2018-02-27 03:20:56,0.02105400,0.94000000
2018-02-27 03:20:56,0.02105100,2.17000000
2018-02-27 03:20:56,0.02105100,0.10000000
2018-02-27 03:20:58,0.02107700,4.52000000
2018-02-27 03:20:58,0.02107800,1.94000000
2018-02-27 03:20:58,0.02105100,0.10000000
2018-02-27 03:20:58,0.02107800,4.62000000
2018-02-27 03:20:59,0.02105400,0.10000000
2018-02-27 03:21:00,0.02110300,0.10000000
2018-02-27 03:21:00,0.02110300,0.90000000
2018-02-27 03:21:01,0.02106000,0.10000000
2018-02-27 03:21:02,0.02106000,0.10000000
2018-02-27 03:21:04,0.02105900,1.33000000
2018-02-27 03:21:04,0.02105900,8.67000000
2018-02-27 03:21:04,0.02105800,0.20000000
2018-02-27 03:21:04,0.02109900,0.10000000
2018-02-27 03:21:08,0.02110200,0.10000000
2018-02-27 03:21:10,0.02109900,1.42000000
2018-02-27 03:21:11,0.02109800,0.10000000
2018-02-27 03:21:12,0.02107500,5.00000000
2018-02-27 03:21:12,0.02109900,0.01000000
2018-02-27 03:21:12,0.02110100,4.19000000
2018-02-27 03:21:12,0.02110200,1.44000000
2018-02-27 03:21:12,0.02110300,2.68000000
2018-02-27 03:21:12,0.02110500,8.37000000
2018-02-27 03:21:12,0.02110600,0.06000000
2018-02-27 03:21:12,0.02110800,2.07000000
2018-02-27 03:21:12,0.02111400,5.70000000
2018-02-27 03:21:13,0.02105900,0.10000000
2018-02-27 03:21:14,0.02106500,0.10000000
2018-02-27 03:21:15,0.02106900,0.10000000
2018-02-27 03:21:15,0.02106900,1.25000000
2018-02-27 03:21:16,0.02107100,0.27000000
2018-02-27 03:21:16,0.02107100,0.10000000
2018-02-27 03:21:17,0.02107100,0.10000000
2018-02-27 03:21:18,0.02110400,0.10000000
2018-02-27 03:21:19,0.02106200,0.10000000
2018-02-27 03:21:20,0.02110100,0.14000000
2018-02-27 03:21:20,0.02106200,0.10000000
2018-02-27 03:21:21,0.02106200,0.10000000
2018-02-27 03:21:22,0.02109500,1.31000000
2018-02-27 03:21:22,0.02109700,0.30000000
2018-02-27 03:21:22,0.02110100,0.10000000
2018-02-27 03:21:23,0.02110100,0.23000000
2018-02-27 03:21:23,0.02110100,0.34000000
2018-02-27 03:21:24,0.02106500,0.10000000
2018-02-27 03:21:25,0.02106600,0.10000000
2018-02-27 03:21:26,0.02106600,0.02000000
2018-02-27 03:21:26,0.02106200,0.08000000
2018-02-27 03:21:27,0.02106200,0.10000000
2018-02-27 03:21:29,0.02106700,0.10000000
2018-02-27 03:21:30,0.02106700,0.10000000
2018-02-27 03:21:31,0.02106700,0.10000000
2018-02-27 03:21:33,0.02106700,0.10000000
2018-02-27 03:21:34,0.02106600,2.74000000
2018-02-27 03:21:34,0.02106600,1.88000000
2018-02-27 03:21:34,0.02106500,0.10000000
2018-02-27 03:21:35,0.02106500,0.10000000
2018-02-27 03:21:36,0.02106600,0.38000000
2018-02-27 03:21:36,0.02106500,0.10000000
2018-02-27 03:21:37,0.02106500,0.10000000
2018-02-27 03:21:39,0.02106500,0.10000000
2018-02-27 03:21:40,0.02106500,0.10000000
2018-02-27 03:21:41,0.02106500,2.31000000
2018-02-27 03:21:41,0.02106600,0.10000000
2018-02-27 03:21:42,0.02106600,0.10000000
2018-02-27 03:21:42,0.02106600,3.45000000
2018-02-27 03:21:43,0.02109700,0.24000000
2018-02-27 03:21:43,0.02106600,0.10000000
2018-02-27 03:21:45,0.02106600,0.10000000
2018-02-27 03:21:46,0.02106700,0.10000000
2018-02-27 03:21:47,0.02106700,0.10000000
2018-02-27 03:21:51,0.02106800,4.74000000
2018-02-27 03:21:51,0.02106700,1.77000000
2018-02-27 03:21:55,0.02106700,1.83000000
2018-02-27 03:21:55,0.02109700,2.44000000
2018-02-27 03:21:55,0.02109800,0.12000000
2018-02-27 03:21:55,0.02110000,39.79000000
2018-02-27 03:21:56,0.02110000,11.34000000
2018-02-27 03:21:56,0.02110000,0.60000000
2018-02-27 03:21:56,0.02106600,1.16000000
2018-02-27 03:21:56,0.02106500,0.61000000
2018-02-27 03:21:56,0.02106700,6.16000000
2018-02-27 03:21:57,0.02107200,5.48000000
2018-02-27 03:22:14,0.02107200,0.10000000
2018-02-27 03:22:15,0.02107200,0.10000000
2018-02-27 03:22:20,0.02107200,0.55000000
2018-02-27 03:22:20,0.02106600,1.55000000
2018-02-27 03:22:20,0.02106600,0.42000000
2018-02-27 03:22:21,0.02107000,0.20000000
2018-02-27 03:22:21,0.02107000,0.56000000
2018-02-27 03:22:22,0.02106600,0.42000000
2018-02-27 03:22:26,0.02107000,0.11000000
2018-02-27 03:22:26,0.02107000,5.29000000
2018-02-27 03:22:27,0.02107200,0.08000000
2018-02-27 03:22:30,0.02107000,0.24000000
2018-02-27 03:22:30,0.02107100,0.05000000
2018-02-27 03:22:31,0.02107100,0.05000000
2018-02-27 03:22:31,0.02107100,0.47000000
2018-02-27 03:22:31,0.02107000,0.14000000
2018-02-27 03:22:35,0.02107000,0.07000000
2018-02-27 03:22:35,0.02107000,0.11000000
2018-02-27 03:22:35,0.02107000,3.12000000
2018-02-27 03:22:36,0.02107000,0.61000000
2018-02-27 03:22:40,0.02107000,1.06000000
2018-02-27 03:22:43,0.02106800,0.18000000
2018-02-27 03:22:43,0.02106600,4.76000000
2018-02-27 03:22:44,0.02106600,5.23000000
2018-02-27 03:22:44,0.02106500,1.00000000
2018-02-27 03:22:48,0.02107000,0.72000000
2018-02-27 03:22:48,0.02107200,0.01000000
2018-02-27 03:22:49,0.02107300,3.45000000
2018-02-27 03:22:49,0.02107300,2.06000000
2018-02-27 03:22:50,0.02107200,0.10000000
2018-02-27 03:22:50,0.02106500,5.90000000
2018-02-27 03:22:53,0.02106000,1.28000000
2018-02-27 03:22:54,0.02106000,1.97000000
2018-02-27 03:22:54,0.02106000,0.28000000
2018-02-27 03:22:57,0.02106000,0.36000000
2018-02-27 03:22:58,0.02106500,0.23000000
2018-02-27 03:22:59,0.02106500,1.06000000
2018-02-27 03:23:00,0.02105100,8.02000000
2018-02-27 03:23:00,0.02105000,3.87000000
2018-02-27 03:23:01,0.02106000,0.11000000
2018-02-27 03:23:01,0.02105000,10.00000000
2018-02-27 03:23:02,0.02105000,0.48000000
2018-02-27 03:23:03,0.02105100,2.12000000
2018-02-27 03:23:04,0.02106000,4.34000000
2018-02-27 03:23:14,0.02105000,0.69000000
2018-02-27 03:23:18,0.02105000,0.13000000
2018-02-27 03:23:20,0.02106000,0.46000000
2018-02-27 03:23:20,0.02106000,0.14000000
2018-02-27 03:23:26,0.02105000,9.20000000
2018-02-27 03:23:28,0.02104900,4.19000000
2018-02-27 03:23:28,0.02105000,6.25000000
2018-02-27 03:23:29,0.02105000,0.20000000
2018-02-27 03:23:38,0.02102300,3.36000000
2018-02-27 03:23:40,0.02101700,0.27000000
2018-02-27 03:23:40,0.02101700,0.20000000
2018-02-27 03:23:41,0.02102300,2.27000000
2018-02-27 03:23:41,0.02102300,0.47000000
2018-02-27 03:23:42,0.02102300,2.08000000
2018-02-27 03:23:42,0.02102300,0.01000000
2018-02-27 03:23:42,0.02104900,0.46000000
2018-02-27 03:23:52,0.02104900,0.19000000
2018-02-27 03:23:52,0.02105000,4.40000000
2018-02-27 03:24:00,0.02104900,0.81000000
2018-02-27 03:24:00,0.02104900,0.17000000
2018-02-27 03:24:04,0.02105000,7.11000000
2018-02-27 03:24:04,0.02104900,0.40000000
2018-02-27 03:24:08,0.02105000,2.51000000
2018-02-27 03:24:19,0.02104900,0.25000000
2018-02-27 03:24:25,0.02104900,2.00000000
2018-02-27 03:24:32,0.02101600,0.45000000
2018-02-27 03:24:34,0.02104700,0.40000000
2018-02-27 03:24:34,0.02104700,0.07000000
2018-02-27 03:24:34,0.02104800,0.36000000
2018-02-27 03:24:35,0.02104800,0.36000000
2018-02-27 03:24:38,0.02104600,0.47000000
2018-02-27 03:24:39,0.02104600,0.18000000
2018-02-27 03:24:39,0.02104800,33.00000000
2018-02-27 03:24:41,0.02104800,0.47000000
2018-02-27 03:24:45,0.02104500,0.47000000
2018-02-27 03:24:46,0.02104500,0.03000000
2018-02-27 03:24:46,0.02104600,0.11000000
2018-02-27 03:24:47,0.02104600,0.11000000
2018-02-27 03:24:47,0.02104600,0.63000000
2018-02-27 03:24:47,0.02104600,0.35000000
2018-02-27 03:24:47,0.02104600,0.35000000
2018-02-27 03:24:47,0.02104600,0.11000000
2018-02-27 03:24:47,0.02104600,2.91000000
2018-02-27 03:24:49,0.02101200,0.11000000
2018-02-27 03:24:56,0.02101200,0.01000000
2018-02-27 03:24:56,0.02101200,0.14000000
2018-02-27 03:24:57,0.02101600,0.46000000
2018-02-27 03:24:59,0.02104000,0.47000000
2018-02-27 03:25:04,0.02101800,1.29000000
2018-02-27 03:25:04,0.02101600,5.76000000
2018-02-27 03:25:11,0.02104000,0.98000000
2018-02-27 03:25:12,0.02104000,1.67000000
2018-02-27 03:25:12,0.02104400,0.12000000
2018-02-27 03:25:12,0.02104500,0.86000000
2018-02-27 03:25:12,0.02100500,1.02000000
2018-02-27 03:25:13,0.02100600,1.73000000
2018-02-27 03:25:17,0.02103600,0.10000000
2018-02-27 03:25:20,0.02103000,0.05000000
2018-02-27 03:25:22,0.02102400,0.06000000
2018-02-27 03:25:22,0.02102400,0.81000000
2018-02-27 03:25:22,0.02102600,0.06000000
2018-02-27 03:25:22,0.02102600,0.06000000
2018-02-27 03:25:22,0.02102600,0.50000000
2018-02-27 03:25:23,0.02102600,1.20000000
2018-02-27 03:25:29,0.02102600,0.01000000
2018-02-27 03:25:29,0.02104400,0.46000000
2018-02-27 03:25:31,0.02102000,5.00000000
2018-02-27 03:25:31,0.02101500,0.24000000
2018-02-27 03:25:31,0.02101200,0.86000000
2018-02-27 03:25:31,0.02101100,9.00000000
2018-02-27 03:25:31,0.02100100,3.00000000
2018-02-27 03:25:31,0.02099100,0.71000000
2018-02-27 03:25:45,0.02100400,0.09000000
2018-02-27 03:25:50,0.02101300,0.05000000
2018-02-27 03:25:56,0.02100500,1.99000000
2018-02-27 03:25:56,0.02104700,0.42000000
2018-02-27 03:25:57,0.02101100,0.28000000
2018-02-27 03:25:57,0.02101100,0.26000000
2018-02-27 03:25:57,0.02101100,0.29000000
2018-02-27 03:25:57,0.02101100,1.16000000
2018-02-27 03:25:57,0.02101300,0.29000000
2018-02-27 03:25:57,0.02104700,1.45000000
2018-02-27 03:25:57,0.02104800,0.40000000
2018-02-27 03:25:58,0.02104800,40.88000000
2018-02-27 03:26:11,0.02104100,1.00000000
2018-02-27 03:26:11,0.02104800,0.25000000
2018-02-27 03:26:12,0.02104700,0.18000000
2018-02-27 03:26:16,0.02101500,1.51000000
2018-02-27 03:26:16,0.02101300,1.77000000
2018-02-27 03:26:20,0.02101300,0.08000000
2018-02-27 03:26:20,0.02104600,0.05000000
2018-02-27 03:26:27,0.02101600,0.57000000
2018-02-27 03:26:27,0.02101300,5.19000000
2018-02-27 03:26:27,0.02101300,39.82000000
2018-02-27 03:26:27,0.02101300,5.55000000
2018-02-27 03:26:27,0.02101300,2.50000000
2018-02-27 03:26:28,0.02101300,2.24000000
2018-02-27 03:26:28,0.02101300,0.02000000
2018-02-27 03:26:28,0.02101100,1.16000000
2018-02-27 03:26:28,0.02100600,0.34000000
2018-02-27 03:26:28,0.02101300,0.10000000
2018-02-27 03:26:28,0.02101300,14.21000000
2018-02-27 03:26:29,0.02101300,2.92000000
2018-02-27 03:26:29,0.02104400,4.19000000
2018-02-27 03:26:29,0.02104500,0.02000000
2018-02-27 03:26:29,0.02104500,0.78000000
2018-02-27 03:26:29,0.02104600,1.47000000
2018-02-27 03:26:32,0.02104600,2.14000000
2018-02-27 03:26:38,0.02104600,1.38000000
2018-02-27 03:26:38,0.02104600,0.01000000
2018-02-27 03:26:38,0.02104600,4.03000000
2018-02-27 03:26:38,0.02104700,0.75000000
2018-02-27 03:26:39,0.02104600,2.00000000
2018-02-27 03:26:40,0.02104600,0.54000000
2018-02-27 03:26:41,0.02104600,2.38000000
2018-02-27 03:26:41,0.02104600,1.67000000
2018-02-27 03:26:41,0.02104600,3.33000000
2018-02-27 03:26:45,0.02104600,0.14000000
2018-02-27 03:26:48,0.02104700,0.47000000
2018-02-27 03:26:53,0.02104700,0.47000000
2018-02-27 03:27:00,0.02104700,2.26000000
2018-02-27 03:27:00,0.02104800,12.95000000
2018-02-27 03:27:00,0.02105000,34.64000000
2018-02-27 03:27:00,0.02105000,3.63000000
2018-02-27 03:27:00,0.02105000,0.80000000
2018-02-27 03:27:00,0.02105000,0.80000000
2018-02-27 03:27:01,0.02105000,0.08000000
2018-02-27 03:27:02,0.02105000,0.02000000
2018-02-27 03:27:03,0.02105000,0.57000000
2018-02-27 03:27:04,0.02105000,1.61000000
2018-02-27 03:27:05,0.02105000,2.46000000
2018-02-27 03:27:06,0.02105000,10.34000000
2018-02-27 03:27:09,0.02104700,0.47000000
2018-02-27 03:27:11,0.02104700,0.47000000
2018-02-27 03:27:18,0.02104700,0.47000000
2018-02-27 03:27:18,0.02104600,0.01000000
2018-02-27 03:27:18,0.02104600,0.23000000
2018-02-27 03:27:18,0.02104700,0.24000000
2018-02-27 03:27:24,0.02104700,3.65000000
2018-02-27 03:27:25,0.02104700,0.47000000
2018-02-27 03:27:32,0.02104600,0.46000000
2018-02-27 03:27:32,0.02104600,0.77000000
2018-02-27 03:27:32,0.02104700,15.34000000
2018-02-27 03:27:32,0.02104700,6.43000000
2018-02-27 03:27:32,0.02104700,2.37000000
2018-02-27 03:27:32,0.02104600,0.09000000
2018-02-27 03:27:32,0.02104600,1.15000000
2018-02-27 03:27:34,0.02104600,0.23000000
2018-02-27 03:27:35,0.02104700,0.47000000
2018-02-27 03:27:37,0.02104700,0.62000000
2018-02-27 03:27:40,0.02104700,2.49000000
2018-02-27 03:27:44,0.02106000,0.47000000
2018-02-27 03:27:46,0.02106000,0.47000000
2018-02-27 03:27:47,0.02106000,0.57000000
2018-02-27 03:27:52,0.02104700,0.43000000
2018-02-27 03:27:54,0.02105900,0.33000000
2018-02-27 03:27:54,0.02106000,0.14000000
2018-02-27 03:27:54,0.02104700,0.20000000
2018-02-27 03:27:55,0.02104700,1.93000000
2018-02-27 03:27:58,0.02104700,0.47000000
2018-02-27 03:27:59,0.02104600,0.43000000
2018-02-27 03:28:02,0.02104700,0.12000000
2018-02-27 03:28:02,0.02104600,0.02000000
2018-02-27 03:28:05,0.02104600,0.93000000
2018-02-27 03:28:05,0.02104600,3.59000000
2018-02-27 03:28:05,0.02104700,0.45000000
2018-02-27 03:28:06,0.02104700,0.47000000
2018-02-27 03:28:12,0.02104600,0.53000000
2018-02-27 03:28:15,0.02104700,0.47000000
2018-02-27 03:28:20,0.02104700,0.47000000
2018-02-27 03:28:25,0.02104600,0.11000000
2018-02-27 03:28:25,0.02104700,0.13000000
2018-02-27 03:28:25,0.02106000,0.34000000
2018-02-27 03:28:35,0.02104600,0.52000000
2018-02-27 03:28:36,0.02104600,13.34000000
2018-02-27 03:28:39,0.02104600,1.07000000
2018-02-27 03:28:41,0.02104600,0.16000000
2018-02-27 03:28:44,0.02104600,0.02000000
2018-02-27 03:28:45,0.02104600,13.21000000
2018-02-27 03:28:49,0.02104600,0.71000000
2018-02-27 03:28:49,0.02104600,6.25000000
2018-02-27 03:28:49,0.02104600,0.26000000
2018-02-27 03:28:50,0.02104600,1.01000000
2018-02-27 03:28:51,0.02104600,3.50000000
2018-02-27 03:28:52,0.02104600,166.15000000
2018-02-27 03:28:52,0.02104600,0.08000000
2018-02-27 03:28:54,0.02104600,3.18000000
2018-02-27 03:28:59,0.02104600,11.50000000
2018-02-27 03:29:02,0.02104600,0.06000000
2018-02-27 03:29:03,0.02104600,4.76000000
2018-02-27 03:29:03,0.02104600,1.20000000
2018-02-27 03:29:04,0.02104600,1.56000000
2018-02-27 03:29:05,0.02105900,0.51000000
2018-02-27 03:29:13,0.02104600,10.35000000
2018-02-27 03:29:17,0.02104600,0.13000000
2018-02-27 03:29:21,0.02104600,0.91000000
2018-02-27 03:29:27,0.02104600,7.84000000
2018-02-27 03:29:29,0.02104600,0.11000000
2018-02-27 03:29:32,0.02104600,0.60000000
2018-02-27 03:29:32,0.02104600,0.32000000
2018-02-27 03:29:37,0.02105700,0.37000000
2018-02-27 03:29:37,0.02105900,0.10000000
2018-02-27 03:29:41,0.02104600,9.50000000
2018-02-27 03:29:41,0.02104600,2.24000000
2018-02-27 03:29:41,0.02105900,0.47000000
2018-02-27 03:29:42,0.02104600,1.05000000
2018-02-27 03:29:44,0.02104600,11.91000000
2018-02-27 03:29:45,0.02104600,1.16000000
2018-02-27 03:29:46,0.02104600,1.34000000
2018-02-27 03:29:47,0.02104600,1.00000000
2018-02-27 03:29:48,0.02106000,1.07000000
2018-02-27 03:29:50,0.02104600,12.76000000
2018-02-27 03:29:54,0.02104600,0.23000000
2018-02-27 03:29:55,0.02106000,0.09000000
2018-02-27 03:29:56,0.02106000,0.47000000
2018-02-27 03:30:00,0.02106000,0.09000000
2018-02-27 03:30:04,0.02106000,0.33000000
2018-02-27 03:30:04,0.02106700,0.06000000
2018-02-27 03:30:04,0.02108800,0.08000000
2018-02-27 03:30:08,0.02108700,0.24000000
2018-02-27 03:30:08,0.02108800,0.23000000
2018-02-27 03:30:10,0.02106000,1.27000000
2018-02-27 03:30:11,0.02109100,0.47000000
2018-02-27 03:30:14,0.02109000,0.24000000
2018-02-27 03:30:14,0.02109100,0.23000000
2018-02-27 03:30:16,0.02109100,0.12000000
2018-02-27 03:30:21,0.02106000,0.71000000
2018-02-27 03:30:21,0.02106000,0.44000000
2018-02-27 03:30:21,0.02106000,0.07000000
2018-02-27 03:30:21,0.02109000,0.24000000
2018-02-27 03:30:21,0.02109100,0.23000000
2018-02-27 03:30:22,0.02106200,3.27000000
2018-02-27 03:30:22,0.02109100,3.42000000
2018-02-27 03:30:22,0.02106200,0.92000000
2018-02-27 03:30:23,0.02106000,0.11000000
2018-02-27 03:30:23,0.02106000,3.83000000
2018-02-27 03:30:24,0.02106000,0.11000000
2018-02-27 03:30:25,0.02106000,0.68000000
2018-02-27 03:30:26,0.02105900,1.39000000
2018-02-27 03:30:31,0.02105900,0.01000000
2018-02-27 03:30:31,0.02105000,2.32000000
2018-02-27 03:30:31,0.02104900,2.42000000
2018-02-27 03:30:32,0.02104900,1.75000000
2018-02-27 03:30:36,0.02108500,2.32000000
2018-02-27 03:30:36,0.02108600,1.05000000
2018-02-27 03:30:37,0.02108400,0.47000000
2018-02-27 03:30:45,0.02105200,0.11000000
2018-02-27 03:30:46,0.02107600,0.11000000
2018-02-27 03:30:46,0.02108900,0.36000000
2018-02-27 03:30:49,0.02108000,1.54000000
2018-02-27 03:30:49,0.02105200,0.01000000
2018-02-27 03:30:49,0.02105100,1.51000000
2018-02-27 03:30:50,0.02105100,2.24000000
2018-02-27 03:30:51,0.02108400,0.12000000
2018-02-27 03:30:51,0.02108700,0.21000000
2018-02-27 03:30:57,0.02108300,0.24000000
2018-02-27 03:31:10,0.02108300,0.47000000
2018-02-27 03:31:11,0.02108300,1.73000000
2018-02-27 03:31:11,0.02108300,0.40000000
2018-02-27 03:31:11,0.02108300,0.48000000
2018-02-27 03:31:12,0.02105500,0.25000000
2018-02-27 03:31:12,0.02104600,0.63000000
2018-02-27 03:31:12,0.02104600,0.90000000
2018-02-27 03:31:13,0.02108300,5.24000000
2018-02-27 03:31:13,0.02104700,4.16000000
2018-02-27 03:31:13,0.02104600,0.59000000
2018-02-27 03:31:13,0.02108400,1.60000000
2018-02-27 03:31:14,0.02104800,3.77000000
2018-02-27 03:31:14,0.02104900,2.44000000
2018-02-27 03:31:14,0.02104600,2.31000000
2018-02-27 03:31:14,0.02104600,3.49000000
2018-02-27 03:31:15,0.02104700,0.84000000
2018-02-27 03:31:15,0.02104700,0.11000000
2018-02-27 03:31:15,0.02104700,1.37000000
2018-02-27 03:31:15,0.02104600,2.63000000
2018-02-27 03:31:17,0.02107300,0.47000000
2018-02-27 03:31:20,0.02106400,0.05000000
2018-02-27 03:31:20,0.02106400,0.47000000
2018-02-27 03:31:20,0.02106400,0.05000000
2018-02-27 03:31:21,0.02106300,3.68000000
2018-02-27 03:31:21,0.02105100,0.03000000
2018-02-27 03:31:22,0.02105700,0.95000000
2018-02-27 03:31:23,0.02105600,0.47000000
2018-02-27 03:31:24,0.02105400,1.78000000
2018-02-27 03:31:24,0.02105600,3.56000000
2018-02-27 03:31:24,0.02105100,0.75000000
2018-02-27 03:31:25,0.02105100,1.22000000
2018-02-27 03:31:25,0.02104600,15.48000000
2018-02-27 03:31:25,0.02102200,0.30000000
2018-02-27 03:31:25,0.02105600,0.20000000
2018-02-27 03:31:25,0.02105600,0.83000000
2018-02-27 03:31:26,0.02105500,0.09000000
2018-02-27 03:31:28,0.02105600,0.05000000
2018-02-27 03:31:28,0.02105900,0.07000000
2018-02-27 03:31:30,0.02105100,0.20000000
2018-02-27 03:31:32,0.02106000,0.93000000
2018-02-27 03:31:35,0.02108100,0.12000000
2018-02-27 03:31:44,0.02105200,0.08000000
2018-02-27 03:31:44,0.02105000,3.52000000
2018-02-27 03:31:44,0.02103100,3.10000000
2018-02-27 03:31:47,0.02107900,0.81000000
2018-02-27 03:31:50,0.02107900,0.76000000
2018-02-27 03:32:00,0.02107900,0.82000000
2018-02-27 03:32:03,0.02105000,4.75000000
2018-02-27 03:32:03,0.02104800,1.00000000
2018-02-27 03:32:03,0.02104800,1.37000000
2018-02-27 03:32:13,0.02104900,4.50000000
2018-02-27 03:32:13,0.02104900,0.50000000
2018-02-27 03:32:13,0.02103600,0.01000000
2018-02-27 03:32:13,0.02103600,0.94000000
2018-02-27 03:32:13,0.02103100,0.95000000
2018-02-27 03:32:13,0.02102800,2.09000000
2018-02-27 03:32:13,0.02102800,0.22000000
2018-02-27 03:32:13,0.02102700,1.67000000
2018-02-27 03:32:15,0.02104900,0.70000000
2018-02-27 03:32:16,0.02104800,1.23000000
2018-02-27 03:32:16,0.02104800,0.48000000
2018-02-27 03:32:19,0.02102900,0.55000000
2018-02-27 03:32:19,0.02102700,2.96000000
2018-02-27 03:32:19,0.02104500,0.22000000
2018-02-27 03:32:19,0.02102700,0.50000000
2018-02-27 03:32:20,0.02104400,0.60000000
2018-02-27 03:32:21,0.02104300,1.63000000
2018-02-27 03:32:21,0.02104300,0.01000000
2018-02-27 03:32:21,0.02104900,0.01000000
2018-02-27 03:32:21,0.02107800,0.32000000
2018-02-27 03:32:21,0.02104900,3.99000000
2018-02-27 03:32:22,0.02102700,0.05000000
2018-02-27 03:32:22,0.02102300,0.06000000
2018-02-27 03:32:22,0.02102100,1.00000000
2018-02-27 03:32:22,0.02100600,0.06000000
2018-02-27 03:32:23,0.02104800,0.34000000
2018-02-27 03:32:28,0.02104700,4.16000000
2018-02-27 03:32:28,0.02104800,0.28000000
2018-02-27 03:32:28,0.02104900,4.71000000
2018-02-27 03:32:31,0.02101300,0.12000000
2018-02-27 03:32:31,0.02101200,1.96000000
2018-02-27 03:32:32,0.02101200,0.45000000
2018-02-27 03:32:32,0.02104500,0.11000000
2018-02-27 03:32:38,0.02104500,0.01000000
2018-02-27 03:32:38,0.02104900,0.23000000
2018-02-27 03:32:40,0.02104900,11.88000000
2018-02-27 03:32:48,0.02102400,0.03000000
2018-02-27 03:32:50,0.02104900,5.00000000
2018-02-27 03:32:54,0.02104500,3.20000000
2018-02-27 03:32:54,0.02104500,0.01000000
2018-02-27 03:32:54,0.02104900,16.74000000
2018-02-27 03:32:58,0.02104900,6.34000000
2018-02-27 03:32:59,0.02104900,7.87000000
2018-02-27 03:32:59,0.02104900,23.58000000
2018-02-27 03:32:59,0.02104900,0.47000000
2018-02-27 03:32:59,0.02104900,0.07000000
2018-02-27 03:33:00,0.02104600,0.19000000
2018-02-27 03:33:00,0.02104600,2.88000000
2018-02-27 03:33:02,0.02107800,0.48000000
2018-02-27 03:33:03,0.02107800,0.30000000
2018-02-27 03:33:03,0.02107800,0.30000000
2018-02-27 03:33:03,0.02107800,2.37000000
2018-02-27 03:33:03,0.02107800,3.95000000
2018-02-27 03:33:07,0.02104700,0.12000000
2018-02-27 03:33:07,0.02104600,0.14000000
2018-02-27 03:33:11,0.02104600,0.11000000
2018-02-27 03:33:20,0.02104900,0.17000000
2018-02-27 03:33:21,0.02107800,2.30000000
2018-02-27 03:33:21,0.02107900,0.12000000
2018-02-27 03:33:26,0.02104600,0.26000000
2018-02-27 03:33:31,0.02104600,1.04000000
2018-02-27 03:33:33,0.02104600,1.00000000
2018-02-27 03:33:33,0.02108000,0.47000000
2018-02-27 03:33:33,0.02108000,0.47000000
2018-02-27 03:33:35,0.02108000,0.47000000
2018-02-27 03:33:40,0.02108000,0.12000000
2018-02-27 03:33:40,0.02108000,0.47000000
2018-02-27 03:33:48,0.02108000,0.47000000
2018-02-27 03:33:58,0.02107900,0.12000000
2018-02-27 03:34:02,0.02107900,0.47000000
2018-02-27 03:34:02,0.02104600,0.23000000
2018-02-27 03:34:04,0.02104500,0.98000000
2018-02-27 03:34:05,0.02104500,2.01000000
2018-02-27 03:34:05,0.02104600,0.01000000
2018-02-27 03:34:10,0.02107900,0.24000000
2018-02-27 03:34:11,0.02104600,1.50000000
2018-02-27 03:34:12,0.02107900,0.02000000
2018-02-27 03:34:12,0.02107900,4.15000000
2018-02-27 03:34:12,0.02108000,9.14000000
2018-02-27 03:34:12,0.02108600,2.25000000
2018-02-27 03:34:12,0.02108900,3.15000000
2018-02-27 03:34:14,0.02104700,0.12000000
2018-02-27 03:34:14,0.02104600,0.30000000
2018-02-27 03:34:15,0.02107900,0.11000000
2018-02-27 03:34:17,0.02107600,0.23000000
2018-02-27 03:34:22,0.02104600,0.27000000
2018-02-27 03:34:23,0.02104600,0.16000000
2018-02-27 03:34:23,0.02104600,0.34000000
2018-02-27 03:34:23,0.02104100,0.07000000
2018-02-27 03:34:30,0.02104100,0.30000000
2018-02-27 03:34:30,0.02104100,0.30000000
2018-02-27 03:34:33,0.02104100,2.61000000
2018-02-27 03:34:44,0.02104100,0.10000000
2018-02-27 03:34:46,0.02104100,1.36000000
2018-02-27 03:34:58,0.02104100,0.04000000
2018-02-27 03:34:59,0.02104100,2.00000000
2018-02-27 03:35:02,0.02104500,0.47000000
2018-02-27 03:35:03,0.02104100,2.84000000
2018-02-27 03:35:04,0.02104500,0.47000000
2018-02-27 03:35:10,0.02104400,0.11000000
2018-02-27 03:35:10,0.02104500,0.05000000
2018-02-27 03:35:11,0.02104100,9.41000000
2018-02-27 03:35:11,0.02104100,0.35000000
2018-02-27 03:35:13,0.02104100,4.43000000
2018-02-27 03:35:15,0.02104800,0.47000000
2018-02-27 03:35:16,0.02104500,0.30000000
2018-02-27 03:35:17,0.02104500,0.15000000
2018-02-27 03:35:19,0.02104500,0.60000000
2018-02-27 03:35:19,0.02104500,0.18000000
2018-02-27 03:35:24,0.02104500,0.11000000
2018-02-27 03:35:25,0.02104800,0.02000000
2018-02-27 03:35:25,0.02107700,0.45000000
2018-02-27 03:35:25,0.02104500,1.70000000
2018-02-27 03:35:25,0.02104100,0.11000000
2018-02-27 03:35:27,0.02104400,0.13000000
2018-02-27 03:35:34,0.02104400,0.17000000
2018-02-27 03:35:35,0.02104100,2.24000000
2018-02-27 03:35:38,0.02101000,0.99000000
2018-02-27 03:35:38,0.02100900,0.31000000
2018-02-27 03:35:38,0.02100700,1.75000000
2018-02-27 03:35:38,0.02100600,1.92000000
2018-02-27 03:35:38,0.02100200,0.60000000
2018-02-27 03:35:38,0.02100100,1.28000000
2018-02-27 03:35:38,0.02100000,0.34000000
2018-02-27 03:35:46,0.02104400,0.06000000
2018-02-27 03:35:51,0.02100500,0.12000000
2018-02-27 03:35:51,0.02100400,1.66000000
2018-02-27 03:35:52,0.02100200,1.69000000
2018-02-27 03:35:52,0.02100000,56.50000000
2018-02-27 03:35:53,0.02100000,0.52000000
2018-02-27 03:35:53,0.02100000,0.11000000
2018-02-27 03:35:54,0.02100000,5.04000000
2018-02-27 03:35:55,0.02100000,1.02000000
2018-02-27 03:35:59,0.02099400,0.39000000
2018-02-27 03:35:59,0.02099200,0.06000000
2018-02-27 03:35:59,0.02099000,0.46000000
2018-02-27 03:35:59,0.02098500,0.80000000
2018-02-27 03:35:59,0.02097600,0.08000000
2018-02-27 03:35:59,0.02097200,0.22000000
2018-02-27 03:35:59,0.02097000,3.62000000
2018-02-27 03:36:00,0.02099800,2.51000000
2018-02-27 03:36:00,0.02099800,2.51000000
2018-02-27 03:36:00,0.02099800,2.37000000
2018-02-27 03:36:00,0.02099900,2.68000000
2018-02-27 03:36:00,0.02099900,1.48000000
2018-02-27 03:36:00,0.02100000,46.11000000
2018-02-27 03:36:03,0.02100000,47.59000000
2018-02-27 03:36:04,0.02100000,1.11000000
2018-02-27 03:36:04,0.02100000,5.16000000
2018-02-27 03:36:05,0.02100000,12.79000000
2018-02-27 03:36:05,0.02100600,1.98000000
2018-02-27 03:36:05,0.02103700,0.12000000
2018-02-27 03:36:05,0.02104400,2.50000000
2018-02-27 03:36:09,0.02104300,0.35000000
2018-02-27 03:36:10,0.02100400,4.01000000
2018-02-27 03:36:11,0.02104400,0.08000000
2018-02-27 03:36:12,0.02104200,0.31000000
2018-02-27 03:36:15,0.02100600,0.12000000
2018-02-27 03:36:16,0.02100400,0.42000000
2018-02-27 03:36:16,0.02100400,0.57000000
2018-02-27 03:36:16,0.02100400,0.47000000
2018-02-27 03:36:16,0.02100400,0.47000000
2018-02-27 03:36:16,0.02100400,1.77000000
2018-02-27 03:36:16,0.02100600,1.13000000
2018-02-27 03:36:16,0.02100600,0.53000000
2018-02-27 03:36:16,0.02103800,0.11000000
2018-02-27 03:36:27,0.02100900,1.04000000
2018-02-27 03:36:27,0.02103800,0.01000000
2018-02-27 03:36:27,0.02104000,1.08000000
2018-02-27 03:36:27,0.02104200,4.59000000
2018-02-27 03:36:27,0.02104400,6.32000000
2018-02-27 03:36:32,0.02104000,0.40000000
2018-02-27 03:36:32,0.02104400,0.08000000
2018-02-27 03:36:35,0.02104400,2.45000000
2018-02-27 03:36:47,0.02104400,0.47000000
2018-02-27 03:36:55,0.02104400,0.47000000
2018-02-27 03:36:57,0.02100800,1.44000000
2018-02-27 03:36:59,0.02104400,0.47000000
2018-02-27 03:37:02,0.02104400,5.10000000
2018-02-27 03:37:02,0.02104400,0.47000000
2018-02-27 03:37:02,0.02100900,0.09000000
2018-02-27 03:37:04,0.02104400,0.47000000
2018-02-27 03:37:05,0.02101000,4.09000000
2018-02-27 03:37:05,0.02100900,0.03000000
2018-02-27 03:37:05,0.02100400,4.48000000
2018-02-27 03:37:05,0.02099800,1.44000000
2018-02-27 03:37:05,0.02099100,0.23000000
2018-02-27 03:37:05,0.02097900,4.16000000
2018-02-27 03:37:05,0.02097000,17.29000000
2018-02-27 03:37:10,0.02103800,0.47000000
2018-02-27 03:37:15,0.02100100,0.30000000
2018-02-27 03:37:20,0.02100300,1.00000000
2018-02-27 03:37:21,0.02100400,5.50000000
2018-02-27 03:37:22,0.02100300,0.28000000
2018-02-27 03:37:23,0.02100300,0.01000000
2018-02-27 03:37:23,0.02103800,0.24000000
2018-02-27 03:37:27,0.02103700,0.23000000
2018-02-27 03:37:27,0.02103800,0.24000000
2018-02-27 03:37:29,0.02103800,0.47000000
2018-02-27 03:37:33,0.02103600,1.64000000
2018-02-27 03:37:33,0.02103800,5.45000000
2018-02-27 03:37:33,0.02104000,0.73000000
2018-02-27 03:37:35,0.02104000,0.47000000
2018-02-27 03:37:44,0.02104000,0.29000000
2018-02-27 03:37:49,0.02104000,0.01000000
2018-02-27 03:37:49,0.02104100,0.28000000
2018-02-27 03:37:49,0.02104400,0.10000000
2018-02-27 03:37:49,0.02105700,0.08000000
2018-02-27 03:37:52,0.02103900,1.50000000
2018-02-27 03:37:53,0.02105700,0.01000000
2018-02-27 03:37:53,0.02107300,0.79000000
2018-02-27 03:37:56,0.02102900,0.79000000
2018-02-27 03:37:56,0.02102700,3.21000000
2018-02-27 03:37:56,0.02107200,0.22000000
2018-02-27 03:37:57,0.02107200,1.14000000
2018-02-27 03:37:58,0.02106800,0.17000000
2018-02-27 03:38:00,0.02106600,0.04000000
2018-02-27 03:38:03,0.02106600,0.47000000
2018-02-27 03:38:04,0.02106600,0.47000000
2018-02-27 03:38:04,0.02106600,0.27000000
2018-02-27 03:38:08,0.02104000,1.36000000
2018-02-27 03:38:08,0.02103800,3.41000000
2018-02-27 03:38:08,0.02103800,0.78000000
2018-02-27 03:38:09,0.02103800,1.61000000
2018-02-27 03:38:09,0.02103800,0.35000000
2018-02-27 03:38:09,0.02104000,0.12000000
2018-02-27 03:38:10,0.02104000,0.47000000
2018-02-27 03:38:10,0.02104000,1.26000000
2018-02-27 03:38:12,0.02104000,6.75000000
2018-02-27 03:38:18,0.02103900,0.10000000
2018-02-27 03:38:18,0.02103900,9.03000000
2018-02-27 03:38:20,0.02102500,0.62000000
2018-02-27 03:38:24,0.02103800,0.08000000
2018-02-27 03:38:24,0.02103900,0.39000000
2018-02-27 03:38:24,0.02103900,0.47000000
2018-02-27 03:38:25,0.02103900,0.95000000
2018-02-27 03:38:30,0.02102500,0.13000000
2018-02-27 03:38:34,0.02103900,0.47000000
2018-02-27 03:38:35,0.02103900,0.47000000
2018-02-27 03:38:40,0.02102700,1.01000000
2018-02-27 03:38:49,0.02102700,2.67000000
2018-02-27 03:38:49,0.02102700,0.35000000
2018-02-27 03:38:53,0.02102700,9.06000000
2018-02-27 03:38:58,0.02103700,0.22000000
2018-02-27 03:38:58,0.02103800,0.25000000
2018-02-27 03:38:58,0.02103800,0.40000000
2018-02-27 03:38:59,0.02103800,0.47000000
2018-02-27 03:39:01,0.02102900,1.06000000
2018-02-27 03:39:01,0.02102700,1.00000000
2018-02-27 03:39:01,0.02102500,1.81000000
2018-02-27 03:39:01,0.02101800,3.29000000
2018-02-27 03:39:01,0.02101800,0.41000000
2018-02-27 03:39:07,0.02102700,0.76000000
2018-02-27 03:39:10,0.02102700,0.42000000
2018-02-27 03:39:10,0.02101800,0.09000000
2018-02-27 03:39:13,0.02102800,9.14000000
2018-02-27 03:39:14,0.02101800,0.30000000
2018-02-27 03:39:14,0.02101300,0.12000000
2018-02-27 03:39:14,0.02101000,8.27000000
2018-02-27 03:39:17,0.02103600,4.16000000
2018-02-27 03:39:18,0.02101300,1.01000000
2018-02-27 03:39:18,0.02103700,3.72000000
2018-02-27 03:39:18,0.02101300,17.37000000
2018-02-27 03:39:20,0.02103700,2.31000000
2018-02-27 03:39:21,0.02101700,0.98000000
2018-02-27 03:39:22,0.02103700,0.47000000
2018-02-27 03:39:22,0.02103700,10.25000000
2018-02-27 03:39:22,0.02103700,0.05000000
2018-02-27 03:39:23,0.02103700,0.11000000
2018-02-27 03:39:24,0.02103700,0.05000000
2018-02-27 03:39:28,0.02103700,0.11000000
2018-02-27 03:39:31,0.02102900,2.00000000
2018-02-27 03:39:32,0.02102900,0.48000000
2018-02-27 03:39:32,0.02103700,3.60000000
2018-02-27 03:39:33,0.02102900,1.27000000
2018-02-27 03:39:33,0.02102700,3.25000000
2018-02-27 03:39:33,0.02101500,4.16000000
2018-02-27 03:39:33,0.02101300,21.81000000
2018-02-27 03:39:33,0.02101000,17.37000000
2018-02-27 03:39:33,0.02101000,1.74000000
2018-02-27 03:39:33,0.02101000,4.59000000
2018-02-27 03:39:33,0.02101000,0.05000000
2018-02-27 03:39:34,0.02101000,0.06000000
2018-02-27 03:39:34,0.02101000,4.15000000
2018-02-27 03:39:35,0.02100900,0.44000000
2018-02-27 03:39:35,0.02100900,0.10000000
2018-02-27 03:39:35,0.02100900,0.10000000
2018-02-27 03:39:35,0.02100900,3.52000000
2018-02-27 03:39:36,0.02101000,1.82000000
2018-02-27 03:39:36,0.02101000,9.69000000
2018-02-27 03:39:36,0.02101000,12.78000000
2018-02-27 03:39:36,0.02101000,5.63000000
2018-02-27 03:39:36,0.02103700,1.53000000
2018-02-27 03:39:36,0.02103800,1.43000000
2018-02-27 03:39:38,0.02100000,0.11000000
2018-02-27 03:39:38,0.02100000,0.12000000
2018-02-27 03:39:39,0.02100000,0.17000000
2018-02-27 03:39:39,0.02100000,0.55000000
2018-02-27 03:39:40,0.02103200,0.05000000
2018-02-27 03:39:40,0.02103200,0.07000000
2018-02-27 03:39:40,0.02103800,0.17000000
2018-02-27 03:39:40,0.02103800,0.45000000
2018-02-27 03:39:42,0.02100900,0.08000000
2018-02-27 03:39:47,0.02101100,0.59000000
2018-02-27 03:39:47,0.02103800,9.26000000
2018-02-27 03:39:49,0.02101300,0.91000000
2018-02-27 03:39:49,0.02101300,0.04000000
2018-02-27 03:39:49,0.02100900,0.52000000
2018-02-27 03:39:50,0.02101100,0.11000000
2018-02-27 03:39:50,0.02101100,0.36000000
2018-02-27 03:40:02,0.02101000,4.00000000
2018-02-27 03:40:03,0.02100900,0.75000000
2018-02-27 03:40:05,0.02100900,2.07000000
2018-02-27 03:40:13,0.02101100,0.01000000
2018-02-27 03:40:19,0.02101100,0.08000000
2018-02-27 03:40:19,0.02101000,0.64000000
2018-02-27 03:40:24,0.02101200,0.09000000
2018-02-27 03:40:27,0.02101200,0.85000000
2018-02-27 03:40:27,0.02101200,0.34000000
2018-02-27 03:40:28,0.02101200,0.86000000
2018-02-27 03:40:29,0.02101200,0.13000000
2018-02-27 03:40:43,0.02103500,0.47000000
2018-02-27 03:40:45,0.02103500,0.47000000
2018-02-27 03:40:48,0.02103500,0.08000000
2018-02-27 03:40:54,0.02103400,0.08000000
2018-02-27 03:40:55,0.02101300,0.69000000
2018-02-27 03:41:02,0.02103400,0.01000000
2018-02-27 03:41:02,0.02103500,0.46000000
2018-02-27 03:41:03,0.02103500,2.52000000
2018-02-27 03:41:03,0.02103700,1.19000000
2018-02-27 03:41:03,0.02103700,10.45000000
2018-02-27 03:41:08,0.02101300,1.04000000
2018-02-27 03:41:08,0.02103700,0.47000000
2018-02-27 03:41:17,0.02103700,0.47000000
2018-02-27 03:41:19,0.02103700,0.47000000
2018-02-27 03:41:20,0.02103700,4.82000000
2018-02-27 03:41:24,0.02103700,2.37000000
2018-02-27 03:41:30,0.02101700,0.24000000
2018-02-27 03:41:32,0.02103700,0.45000000
2018-02-27 03:41:32,0.02101700,0.16000000
2018-02-27 03:41:32,0.02103700,1.72000000
2018-02-27 03:41:33,0.02103700,0.36000000
2018-02-27 03:41:33,0.02103800,4.80000000
2018-02-27 03:41:34,0.02103800,3.44000000
2018-02-27 03:41:34,0.02103800,2.08000000
2018-02-27 03:41:34,0.02106500,0.73000000
2018-02-27 03:41:34,0.02107000,1.79000000
2018-02-27 03:41:34,0.02107400,0.09000000
2018-02-27 03:41:34,0.02107900,0.19000000
2018-02-27 03:41:34,0.02107800,1.88000000
2018-02-27 03:41:34,0.02107900,0.49000000
2018-02-27 03:41:37,0.02107800,0.13000000
2018-02-27 03:41:40,0.02107800,4.92000000
2018-02-27 03:41:40,0.02107800,0.14000000
2018-02-27 03:41:42,0.02107400,0.12000000
2018-02-27 03:41:44,0.02104800,0.11000000
2018-02-27 03:41:45,0.02104900,0.95000000
2018-02-27 03:41:45,0.02107400,0.97000000
2018-02-27 03:41:45,0.02108600,0.08000000
2018-02-27 03:41:45,0.02109200,1.00000000
2018-02-27 03:41:45,0.02110000,2.95000000
2018-02-27 03:41:46,0.02110000,0.10000000
2018-02-27 03:41:46,0.02105300,7.09000000
2018-02-27 03:41:48,0.02107400,0.08000000
2018-02-27 03:41:49,0.02107400,0.01000000
2018-02-27 03:41:49,0.02105400,0.22000000
2018-02-27 03:41:50,0.02105400,1.99000000
2018-02-27 03:41:50,0.02105100,0.01000000
2018-02-27 03:41:50,0.02107100,0.05000000
2018-02-27 03:41:51,0.02105100,0.11000000
2018-02-27 03:41:51,0.02106800,1.22000000
2018-02-27 03:41:52,0.02106500,0.05000000
2018-02-27 03:41:52,0.02106500,0.47000000
2018-02-27 03:41:53,0.02106500,0.05000000
2018-02-27 03:41:53,0.02105300,0.10000000
2018-02-27 03:41:55,0.02104800,0.53000000
2018-02-27 03:41:56,0.02104500,4.71000000
2018-02-27 03:41:57,0.02104400,2.41000000
2018-02-27 03:41:58,0.02105300,0.47000000
2018-02-27 03:42:01,0.02105300,2.91000000
2018-02-27 03:42:01,0.02105300,0.01000000
2018-02-27 03:42:01,0.02106700,0.64000000
2018-02-27 03:42:05,0.02104400,0.75000000
2018-02-27 03:42:05,0.02106700,2.39000000
2018-02-27 03:42:05,0.02107300,1.33000000
2018-02-27 03:42:05,0.02108300,0.12000000
2018-02-27 03:42:05,0.02109200,2.45000000
2018-02-27 03:42:08,0.02109200,0.47000000
2018-02-27 03:42:08,0.02109200,0.10000000
2018-02-27 03:42:08,0.02105000,0.02000000
2018-02-27 03:42:08,0.02109600,0.10000000
2018-02-27 03:42:10,0.02105500,1.59000000
2018-02-27 03:42:11,0.02109500,0.10000000
2018-02-27 03:42:12,0.02105000,7.08000000
2018-02-27 03:42:12,0.02104800,1.60000000
2018-02-27 03:42:15,0.02107500,0.47000000
2018-02-27 03:42:18,0.02107200,0.47000000
2018-02-27 03:42:18,0.02105000,0.25000000
2018-02-27 03:42:19,0.02106900,0.10000000
2018-02-27 03:42:23,0.02106000,0.47000000
2018-02-27 03:42:23,0.02105000,2.32000000
2018-02-27 03:42:24,0.02104800,0.30000000
2018-02-27 03:42:26,0.02104900,0.82000000
2018-02-27 03:42:26,0.02104900,0.42000000
2018-02-27 03:42:28,0.02104900,0.14000000
2018-02-27 03:42:28,0.02104800,0.15000000
2018-02-27 03:42:29,0.02104800,10.79000000
2018-02-27 03:42:30,0.02104800,4.00000000
2018-02-27 03:42:30,0.02104900,1.90000000
2018-02-27 03:42:36,0.02104900,0.33000000
2018-02-27 03:42:38,0.02104900,0.70000000
2018-02-27 03:42:41,0.02104900,0.36000000
2018-02-27 03:42:42,0.02104900,1.87000000
2018-02-27 03:42:42,0.02104900,1.07000000
2018-02-27 03:42:42,0.02105000,0.44000000
2018-02-27 03:42:42,0.02105100,0.62000000
2018-02-27 03:42:42,0.02105100,0.23000000
2018-02-27 03:42:43,0.02105100,3.22000000
2018-02-27 03:42:44,0.02105000,0.01000000
2018-02-27 03:42:44,0.02105000,0.55000000
2018-02-27 03:42:44,0.02108000,0.12000000
2018-02-27 03:42:44,0.02109200,0.32000000
2018-02-27 03:42:44,0.02109600,0.03000000
2018-02-27 03:42:51,0.02109500,0.10000000
2018-02-27 03:42:54,0.02109500,0.10000000
2018-02-27 03:42:59,0.02105800,0.08000000
2018-02-27 03:43:01,0.02108800,0.10000000
2018-02-27 03:43:04,0.02106000,2.00000000
2018-02-27 03:43:04,0.02105800,0.04000000
2018-02-27 03:43:04,0.02105600,0.89000000
2018-02-27 03:43:08,0.02106000,0.11000000
2018-02-27 03:43:11,0.02105900,0.05000000
2018-02-27 03:43:11,0.02105900,0.15000000
2018-02-27 03:43:11,0.02106000,1.88000000
2018-02-27 03:43:12,0.02105600,0.45000000
2018-02-27 03:43:17,0.02106000,0.01000000
2018-02-27 03:43:29,0.02108500,0.75000000
2018-02-27 03:43:35,0.02108400,0.08000000
2018-02-27 03:43:41,0.02106000,2.23000000
2018-02-27 03:43:46,0.02108400,1.18000000
2018-02-27 03:43:46,0.02108400,0.01000000
2018-02-27 03:43:46,0.02108500,0.46000000
2018-02-27 03:43:46,0.02108500,3.27000000
2018-02-27 03:43:48,0.02106100,0.78000000
2018-02-27 03:43:51,0.02108300,0.42000000
2018-02-27 03:43:54,0.02108200,0.12000000
2018-02-27 03:43:55,0.02108200,0.66000000
2018-02-27 03:43:55,0.02108300,1.17000000
2018-02-27 03:43:59,0.02108300,0.01000000
2018-02-27 03:43:59,0.02108500,0.46000000
2018-02-27 03:44:00,0.02108100,2.27000000
2018-02-27 03:44:02,0.02108000,47.43000000
2018-02-27 03:44:02,0.02108100,0.47000000
2018-02-27 03:44:02,0.02106200,1.62000000
2018-02-27 03:44:05,0.02108000,1.54000000
2018-02-27 03:44:06,0.02108000,0.35000000
2018-02-27 03:44:09,0.02108000,5.00000000
2018-02-27 03:44:09,0.02106200,4.03000000
2018-02-27 03:44:09,0.02106000,12.13000000
2018-02-27 03:44:09,0.02105600,1.23000000
2018-02-27 03:44:09,0.02105100,4.15000000
2018-02-27 03:44:09,0.02105000,13.46000000
2018-02-27 03:44:09,0.02105000,11.09000000
2018-02-27 03:44:09,0.02104900,0.21000000
2018-02-27 03:44:11,0.02106100,3.32000000
2018-02-27 03:44:11,0.02103800,0.46000000
2018-02-27 03:44:11,0.02106100,0.23000000
2018-02-27 03:44:12,0.02106100,0.60000000
2018-02-27 03:44:12,0.02106200,5.12000000
2018-02-27 03:44:14,0.02106200,1.10000000
2018-02-27 03:44:14,0.02106200,0.12000000
2018-02-27 03:44:14,0.02107900,1.60000000
2018-02-27 03:44:15,0.02108000,0.05000000
2018-02-27 03:44:15,0.02108000,0.05000000
2018-02-27 03:44:16,0.02108000,0.90000000
2018-02-27 03:44:18,0.02108100,0.02000000
2018-02-27 03:44:18,0.02108500,0.45000000
2018-02-27 03:44:18,0.02108000,0.05000000
2018-02-27 03:44:18,0.02108000,0.05000000
2018-02-27 03:44:19,0.02108000,1.28000000
2018-02-27 03:44:19,0.02108000,4.50000000
2018-02-27 03:44:19,0.02108000,0.49000000
2018-02-27 03:44:21,0.02108000,5.91000000
2018-02-27 03:44:22,0.02106100,0.20000000
2018-02-27 03:44:30,0.02108500,0.47000000
2018-02-27 03:44:36,0.02108300,0.67000000
2018-02-27 03:44:36,0.02106100,0.77000000
2018-02-27 03:44:36,0.02106000,0.05000000
2018-02-27 03:44:36,0.02104200,2.30000000
2018-02-27 03:44:36,0.02103800,2.54000000
2018-02-27 03:44:36,0.02103700,0.93000000
2018-02-27 03:44:36,0.02103000,0.23000000
2018-02-27 03:44:36,0.02102200,0.24000000
2018-02-27 03:44:36,0.02102100,3.25000000
2018-02-27 03:44:36,0.02108300,0.47000000
2018-02-27 03:44:36,0.02108300,0.57000000
2018-02-27 03:44:36,0.02108300,0.01000000
2018-02-27 03:44:36,0.02108400,0.68000000
2018-02-27 03:44:36,0.02108500,0.08000000
2018-02-27 03:44:36,0.02108300,0.68000000
2018-02-27 03:44:39,0.02102800,0.48000000
2018-02-27 03:44:42,0.02106000,0.48000000
2018-02-27 03:44:42,0.02106200,0.42000000
2018-02-27 03:44:42,0.02106000,0.54000000
2018-02-27 03:44:42,0.02105900,0.94000000
2018-02-27 03:44:43,0.02103300,0.45000000
2018-02-27 03:44:44,0.02105700,0.23000000
2018-02-27 03:44:44,0.02105800,0.24000000
2018-02-27 03:44:46,0.02105600,0.10000000
2018-02-27 03:44:48,0.02105400,1.43000000
2018-02-27 03:44:49,0.02105200,0.19000000
2018-02-27 03:44:50,0.02105200,0.22000000
2018-02-27 03:44:50,0.02105200,0.12000000
2018-02-27 03:44:50,0.02106200,0.88000000
2018-02-27 03:44:51,0.02105600,0.94000000
2018-02-27 03:44:51,0.02105600,0.19000000
2018-02-27 03:44:52,0.02105300,0.47000000
2018-02-27 03:44:57,0.02105200,0.95000000
2018-02-27 03:45:01,0.02105200,0.82000000
2018-02-27 03:45:01,0.02105300,1.33000000
2018-02-27 03:45:03,0.02105600,0.45000000
2018-02-27 03:45:03,0.02106200,0.02000000
2018-02-27 03:45:04,0.02106200,0.47000000
2018-02-27 03:45:05,0.02106200,0.83000000
2018-02-27 03:45:07,0.02106800,0.34000000
2018-02-27 03:45:09,0.02105600,2.64000000
2018-02-27 03:45:17,0.02105600,1.63000000
2018-02-27 03:45:22,0.02105600,0.47000000
2018-02-27 03:45:22,0.02105600,0.94000000
2018-02-27 03:45:24,0.02105600,6.09000000
2018-02-27 03:45:24,0.02105600,0.23000000
2018-02-27 03:45:28,0.02105600,0.44000000
2018-02-27 03:45:30,0.02106200,0.40000000
2018-02-27 03:45:30,0.02105600,0.60000000
2018-02-27 03:45:31,0.02105600,0.18000000
2018-02-27 03:45:33,0.02105500,1.44000000
2018-02-27 03:45:36,0.02105600,0.90000000
2018-02-27 03:45:37,0.02105500,0.17000000
2018-02-27 03:45:47,0.02105500,0.14000000
2018-02-27 03:45:49,0.02105600,0.10000000
2018-02-27 03:45:51,0.02105600,0.13000000
2018-02-27 03:45:51,0.02105500,0.60000000
2018-02-27 03:45:53,0.02105500,0.86000000
2018-02-27 03:45:53,0.02105600,0.28000000
2018-02-27 03:45:53,0.02105300,0.93000000
2018-02-27 03:45:53,0.02105600,0.12000000
2018-02-27 03:45:53,0.02107400,0.35000000
2018-02-27 03:45:54,0.02105600,0.40000000
2018-02-27 03:45:55,0.02105300,0.56000000
2018-02-27 03:45:55,0.02105600,0.44000000
2018-02-27 03:45:55,0.02105600,0.53000000
2018-02-27 03:45:55,0.02105600,0.63000000
2018-02-27 03:45:55,0.02107400,0.31000000
2018-02-27 03:45:56,0.02106300,0.25000000
2018-02-27 03:45:56,0.02106300,0.42000000
2018-02-27 03:45:59,0.02106300,0.46000000
2018-02-27 03:46:00,0.02106300,0.31000000
2018-02-27 03:46:00,0.02105300,0.58000000
2018-02-27 03:46:04,0.02105600,0.71000000
2018-02-27 03:46:13,0.02105500,1.55000000
2018-02-27 03:46:13,0.02105600,0.08000000
2018-02-27 03:46:13,0.02106200,0.33000000
2018-02-27 03:46:13,0.02106300,2.00000000
2018-02-27 03:46:15,0.02106300,0.39000000
2018-02-27 03:46:18,0.02105600,0.94000000
2018-02-27 03:46:18,0.02105600,1.06000000
2018-02-27 03:46:18,0.02106300,0.04000000
2018-02-27 03:46:20,0.02106400,0.30000000
2018-02-27 03:46:42,0.02106400,0.19000000
2018-02-27 03:46:42,0.02107100,0.04000000
2018-02-27 03:46:45,0.02107100,0.47000000
2018-02-27 03:46:49,0.02106300,3.26000000
2018-02-27 03:46:52,0.02106300,0.35000000
2018-02-27 03:46:52,0.02106300,0.01000000
2018-02-27 03:46:52,0.02106400,3.40000000
2018-02-27 03:46:52,0.02107000,0.63000000
2018-02-27 03:46:53,0.02107000,0.40000000
2018-02-27 03:46:56,0.02106400,2.20000000
2018-02-27 03:46:56,0.02107000,0.46000000
2018-02-27 03:46:56,0.02107300,0.47000000
2018-02-27 03:46:57,0.02106400,0.26000000
2018-02-27 03:46:57,0.02107300,0.11000000
2018-02-27 03:47:01,0.02105300,0.86000000
2018-02-27 03:47:05,0.02107200,2.33000000
2018-02-27 03:47:09,0.02106300,0.11000000
2018-02-27 03:47:10,0.02107200,0.01000000
2018-02-27 03:47:10,0.02107300,0.94000000
2018-02-27 03:47:10,0.02107400,3.73000000
2018-02-27 03:47:10,0.02107100,1.44000000
2018-02-27 03:47:12,0.02107100,0.01000000
2018-02-27 03:47:12,0.02107400,0.44000000
2018-02-27 03:47:14,0.02105300,7.43000000
2018-02-27 03:47:14,0.02104800,1.41000000
2018-02-27 03:47:30,0.02104800,0.01000000
2018-02-27 03:47:30,0.02105000,1.09000000
2018-02-27 03:47:31,0.02106300,0.99000000
2018-02-27 03:47:31,0.02104800,0.43000000
2018-02-27 03:47:31,0.02107400,0.47000000
2018-02-27 03:47:33,0.02107400,0.47000000
2018-02-27 03:47:36,0.02107400,0.14000000
2018-02-27 03:47:38,0.02105300,0.92000000
2018-02-27 03:47:38,0.02105300,0.33000000
2018-02-27 03:47:39,0.02105300,3.79000000
2018-02-27 03:47:40,0.02105300,0.53000000
2018-02-27 03:47:40,0.02105300,0.50000000
2018-02-27 03:47:43,0.02105300,0.05000000
2018-02-27 03:47:43,0.02105300,0.30000000
2018-02-27 03:47:43,0.02105300,0.43000000
2018-02-27 03:47:43,0.02105300,0.05000000
2018-02-27 03:47:44,0.02105300,22.10000000
2018-02-27 03:47:50,0.02105100,0.12000000
2018-02-27 03:47:52,0.02105300,0.64000000
2018-02-27 03:47:57,0.02105300,5.23000000
2018-02-27 03:47:59,0.02105700,11.60000000
2018-02-27 03:47:59,0.02105300,16.64000000
2018-02-27 03:47:59,0.02104900,2.05000000
2018-02-27 03:48:00,0.02106000,0.08000000
2018-02-27 03:48:00,0.02107200,0.07000000
2018-02-27 03:48:02,0.02105300,0.08000000
2018-02-27 03:48:10,0.02105200,0.99000000
2018-02-27 03:48:10,0.02105100,0.36000000
2018-02-27 03:48:10,0.02104800,2.19000000
2018-02-27 03:48:14,0.02104800,7.66000000
2018-02-27 03:48:17,0.02103700,0.64000000
2018-02-27 03:48:17,0.02103500,4.08000000
2018-02-27 03:48:20,0.02105200,1.38000000
2018-02-27 03:48:20,0.02105300,0.35000000
2018-02-27 03:48:21,0.02102000,2.40000000
2018-02-27 03:48:21,0.02102000,1.51000000
2018-02-27 03:48:21,0.02102000,2.29000000
2018-02-27 03:48:21,0.02102000,0.91000000
2018-02-27 03:48:22,0.02101800,1.00000000
2018-02-27 03:48:23,0.02101900,0.48000000
2018-02-27 03:48:24,0.02105900,0.05000000
2018-02-27 03:48:24,0.02106000,0.03000000
2018-02-27 03:48:27,0.02101400,1.14000000
2018-02-27 03:48:27,0.02101100,0.24000000
2018-02-27 03:48:27,0.02101000,1.77000000
2018-02-27 03:48:27,0.02100900,1.62000000
2018-02-27 03:48:27,0.02100700,0.08000000
2018-02-27 03:48:28,0.02100400,0.23000000
2018-02-27 03:48:28,0.02101500,0.23000000
2018-02-27 03:48:29,0.02105400,0.11000000
2018-02-27 03:48:30,0.02105400,1.84000000
2018-02-27 03:48:32,0.02104700,0.47000000
2018-02-27 03:48:35,0.02104700,0.47000000
2018-02-27 03:48:35,0.02100600,2.31000000
2018-02-27 03:48:35,0.02100000,3.06000000
2018-02-27 03:48:35,0.02100000,0.91000000
2018-02-27 03:48:35,0.02099800,0.10000000
2018-02-27 03:48:35,0.02098900,0.45000000
2018-02-27 03:48:35,0.02098700,0.45000000
2018-02-27 03:48:35,0.02098100,0.02000000
2018-02-27 03:48:35,0.02098100,0.16000000
2018-02-27 03:48:35,0.02098000,1.38000000
2018-02-27 03:48:35,0.02098000,46.28000000
2018-02-27 03:48:35,0.02097800,1.72000000
2018-02-27 03:48:35,0.02097700,0.80000000
2018-02-27 03:48:35,0.02097400,4.53000000
2018-02-27 03:48:36,0.02097400,1.25000000
2018-02-27 03:48:36,0.02097400,1.67000000
2018-02-27 03:48:36,0.02097300,1.72000000
2018-02-27 03:48:36,0.02097100,0.23000000
2018-02-27 03:48:36,0.02097200,0.23000000
2018-02-27 03:48:36,0.02097200,0.53000000
2018-02-27 03:48:36,0.02097100,0.40000000
2018-02-27 03:48:36,0.02097100,0.90000000
2018-02-27 03:48:37,0.02097000,1.71000000
2018-02-27 03:48:37,0.02097100,1.01000000
2018-02-27 03:48:37,0.02097400,0.59000000
2018-02-27 03:48:37,0.02097000,0.14000000
2018-02-27 03:48:37,0.02097100,0.18000000
2018-02-27 03:48:37,0.02097000,0.31000000
2018-02-27 03:48:37,0.02097400,2.38000000
2018-02-27 03:48:38,0.02097400,0.20000000
2018-02-27 03:48:38,0.02097400,0.64000000
2018-02-27 03:48:38,0.02100000,0.91000000
2018-02-27 03:48:38,0.02102300,4.00000000
2018-02-27 03:48:38,0.02104400,0.06000000
2018-02-27 03:48:38,0.02104400,1.40000000
2018-02-27 03:48:38,0.02104400,0.53000000
2018-02-27 03:48:38,0.02103900,0.10000000
2018-02-27 03:48:42,0.02099400,7.12000000
2018-02-27 03:48:43,0.02103800,0.74000000
2018-02-27 03:48:43,0.02099200,2.31000000
2018-02-27 03:48:44,0.02103600,0.50000000
2018-02-27 03:48:44,0.02103600,0.47000000
2018-02-27 03:48:44,0.02103600,0.47000000
2018-02-27 03:48:44,0.02103500,2.31000000
2018-02-27 03:48:44,0.02103600,5.68000000
2018-02-27 03:48:44,0.02103800,0.36000000
2018-02-27 03:48:44,0.02103900,0.29000000
2018-02-27 03:48:44,0.02104400,0.53000000
2018-02-27 03:48:44,0.02104700,0.09000000
2018-02-27 03:48:44,0.02104800,0.60000000
2018-02-27 03:48:44,0.02105600,3.41000000
2018-02-27 03:48:44,0.02106000,0.45000000
2018-02-27 03:48:44,0.02106200,0.58000000
2018-02-27 03:48:49,0.02103500,0.13000000
2018-02-27 03:48:49,0.02103500,0.03000000
2018-02-27 03:48:49,0.02102700,0.05000000
2018-02-27 03:48:49,0.02105900,0.90000000
2018-02-27 03:48:51,0.02100500,7.14000000
2018-02-27 03:48:51,0.02100400,2.31000000
2018-02-27 03:48:51,0.02100300,1.95000000
2018-02-27 03:48:55,0.02100300,1.54000000
2018-02-27 03:48:56,0.02100100,0.05000000
2018-02-27 03:48:56,0.02100100,0.94000000
2018-02-27 03:48:57,0.02100000,0.88000000
2018-02-27 03:48:57,0.02100000,0.47000000
2018-02-27 03:48:59,0.02100000,0.95000000
2018-02-27 03:48:59,0.02100000,0.01000000
2018-02-27 03:48:59,0.02103800,0.95000000
2018-02-27 03:49:02,0.02099600,0.05000000
2018-02-27 03:49:02,0.02099600,0.38000000
2018-02-27 03:49:04,0.02099600,0.20000000
2018-02-27 03:49:04,0.02099600,0.36000000
2018-02-27 03:49:05,0.02099600,0.01000000
2018-02-27 03:49:05,0.02099500,1.60000000
2018-02-27 03:49:05,0.02099400,0.58000000
2018-02-27 03:49:07,0.02099400,1.82000000
2018-02-27 03:49:07,0.02099100,0.18000000
2018-02-27 03:49:08,0.02099100,0.57000000
2018-02-27 03:49:19,0.02100100,0.47000000
2018-02-27 03:49:20,0.02099800,2.05000000
2018-02-27 03:49:23,0.02099600,0.19000000
2018-02-27 03:49:23,0.02099500,0.47000000
2018-02-27 03:49:26,0.02099100,0.05000000
2018-02-27 03:49:26,0.02099200,1.98000000
2018-02-27 03:49:26,0.02099200,0.08000000
2018-02-27 03:49:27,0.02099200,0.50000000
2018-02-27 03:49:28,0.02098800,0.66000000
2018-02-27 03:49:29,0.02099200,0.90000000
2018-02-27 03:49:31,0.02098900,0.50000000
2018-02-27 03:49:31,0.02099100,0.15000000
2018-02-27 03:49:31,0.02099100,0.50000000
2018-02-27 03:49:31,0.02099400,1.42000000
2018-02-27 03:49:31,0.02099400,5.81000000
2018-02-27 03:49:32,0.02100400,4.80000000
2018-02-27 03:49:32,0.02100600,1.98000000
2018-02-27 03:49:37,0.02099100,0.04000000
2018-02-27 03:49:38,0.02099100,0.50000000
2018-02-27 03:49:39,0.02099100,1.35000000
2018-02-27 03:49:41,0.02099100,0.10000000
2018-02-27 03:49:41,0.02099100,4.14000000
2018-02-27 03:49:43,0.02098800,0.77000000
2018-02-27 03:49:43,0.02098600,0.80000000
2018-02-27 03:49:43,0.02098500,1.60000000
2018-02-27 03:49:43,0.02098300,0.80000000
2018-02-27 03:49:43,0.02098200,0.80000000
2018-02-27 03:49:43,0.02098000,10.41000000
2018-02-27 03:49:43,0.02098000,0.39000000
2018-02-27 03:49:43,0.02097400,0.16000000
2018-02-27 03:49:43,0.02097100,0.22000000
2018-02-27 03:49:44,0.02099100,3.34000000
2018-02-27 03:49:45,0.02100700,0.04000000
2018-02-27 03:49:46,0.02099100,0.05000000
2018-02-27 03:49:47,0.02099100,0.45000000
2018-02-27 03:49:47,0.02097100,0.04000000
2018-02-27 03:49:47,0.02097000,2.75000000
2018-02-27 03:49:47,0.02096500,0.10000000
2018-02-27 03:49:47,0.02096400,0.85000000
2018-02-27 03:49:50,0.02100700,1.28000000
2018-02-27 03:49:52,0.02100000,0.80000000
2018-02-27 03:49:53,0.02100600,1.26000000
2018-02-27 03:49:53,0.02101000,1.21000000
2018-02-27 03:49:54,0.02100300,0.06000000
2018-02-27 03:49:54,0.02100300,1.35000000
2018-02-27 03:49:54,0.02100300,3.21000000
2018-02-27 03:49:54,0.02100700,15.19000000
2018-02-27 03:50:00,0.02097100,0.20000000
2018-02-27 03:50:00,0.02096400,1.13000000
2018-02-27 03:50:00,0.02096400,0.09000000
2018-02-27 03:50:00,0.02096400,0.08000000
2018-02-27 03:50:00,0.02096400,0.60000000
2018-02-27 03:50:00,0.02096400,0.09000000
2018-02-27 03:50:00,0.02096400,0.39000000
2018-02-27 03:50:01,0.02096400,1.00000000
2018-02-27 03:50:01,0.02096400,15.98000000
2018-02-27 03:50:01,0.02096400,0.30000000
2018-02-27 03:50:01,0.02096400,1.30000000
2018-02-27 03:50:01,0.02096400,37.21000000
2018-02-27 03:50:01,0.02096400,54.80000000
2018-02-27 03:50:02,0.02100600,1.40000000
2018-02-27 03:50:02,0.02100600,6.90000000
2018-02-27 03:50:02,0.02100700,3.85000000
2018-02-27 03:50:02,0.02102800,1.18000000
2018-02-27 03:50:02,0.02102800,0.12000000
2018-02-27 03:50:02,0.02103600,1.10000000
2018-02-27 03:50:02,0.02105200,0.08000000
2018-02-27 03:50:05,0.02097100,0.48000000
2018-02-27 03:50:05,0.02104800,0.19000000
2018-02-27 03:50:07,0.02100500,0.19000000
2018-02-27 03:50:07,0.02098400,0.47000000
2018-02-27 03:50:08,0.02098000,0.14000000
2018-02-27 03:50:09,0.02100500,0.17000000
2018-02-27 03:50:09,0.02100500,0.12000000
2018-02-27 03:50:09,0.02096500,0.60000000
2018-02-27 03:50:12,0.02096400,1.97000000
2018-02-27 03:50:14,0.02100100,0.29000000
2018-02-27 03:50:15,0.02100000,0.04000000
2018-02-27 03:50:16,0.02099900,0.19000000
2018-02-27 03:50:21,0.02098300,0.80000000
2018-02-27 03:50:21,0.02097200,0.80000000
2018-02-27 03:50:23,0.02098300,0.80000000
2018-02-27 03:50:26,0.02097200,0.80000000
2018-02-27 03:50:35,0.02097200,1.00000000
2018-02-27 03:50:40,0.02099400,0.20000000
2018-02-27 03:50:41,0.02099400,0.41000000
2018-02-27 03:50:41,0.02099500,0.06000000
2018-02-27 03:50:42,0.02097900,2.02000000
2018-02-27 03:50:43,0.02099500,0.35000000
2018-02-27 03:50:47,0.02099700,0.17000000
2018-02-27 03:50:50,0.02099600,1.21000000
2018-02-27 03:50:51,0.02099600,0.01000000
2018-02-27 03:50:51,0.02099700,1.07000000
2018-02-27 03:50:53,0.02099900,0.20000000
2018-02-27 03:50:54,0.02099900,0.95000000
2018-02-27 03:50:55,0.02099900,0.20000000
2018-02-27 03:50:57,0.02099900,0.51000000
2018-02-27 03:50:58,0.02099900,4.03000000
2018-02-27 03:50:58,0.02099900,0.27000000
2018-02-27 03:51:08,0.02099900,0.17000000
2018-02-27 03:51:08,0.02099700,0.10000000
2018-02-27 03:51:18,0.02097900,0.16000000
2018-02-27 03:51:18,0.02097800,0.09000000
2018-02-27 03:51:18,0.02097400,2.62000000
2018-02-27 03:51:18,0.02096400,0.01000000
2018-02-27 03:51:18,0.02096300,0.80000000
2018-02-27 03:51:18,0.02096000,0.80000000
2018-02-27 03:51:18,0.02095700,0.80000000
2018-02-27 03:51:18,0.02095000,2.41000000
2018-02-27 03:51:18,0.02094700,0.45000000
2018-02-27 03:51:18,0.02094600,0.23000000
2018-02-27 03:51:18,0.02094500,0.10000000
2018-02-27 03:51:18,0.02094000,3.53000000
2018-02-27 03:51:20,0.02095100,1.06000000
2018-02-27 03:51:22,0.02099900,0.47000000
2018-02-27 03:51:30,0.02098000,1.00000000
2018-02-27 03:51:31,0.02098000,0.06000000
2018-02-27 03:51:31,0.02098200,0.06000000
2018-02-27 03:51:32,0.02098200,1.16000000
2018-02-27 03:51:32,0.02098300,0.07000000
2018-02-27 03:51:32,0.02099900,1.72000000
2018-02-27 03:51:33,0.02099900,0.11000000
2018-02-27 03:51:33,0.02099900,0.29000000
2018-02-27 03:51:33,0.02100000,1.32000000
2018-02-27 03:51:37,0.02099900,0.11000000
2018-02-27 03:51:41,0.02099900,0.08000000
2018-02-27 03:51:42,0.02099900,0.17000000
2018-02-27 03:51:45,0.02099900,0.11000000
2018-02-27 03:51:45,0.02100000,1.84000000
2018-02-27 03:51:45,0.02100000,0.51000000
2018-02-27 03:51:45,0.02100700,3.30000000
2018-02-27 03:51:45,0.02102200,0.14000000
2018-02-27 03:51:45,0.02102600,0.45000000
2018-02-27 03:51:45,0.02102700,0.40000000
2018-02-27 03:51:46,0.02102700,2.00000000
2018-02-27 03:51:46,0.02103700,0.80000000
2018-02-27 03:51:46,0.02104200,1.40000000
2018-02-27 03:51:46,0.02104700,1.23000000
2018-02-27 03:51:46,0.02104800,0.22000000
2018-02-27 03:51:46,0.02104800,1.76000000
2018-02-27 03:51:46,0.02105100,0.80000000
2018-02-27 03:51:46,0.02105300,0.18000000
2018-02-27 03:51:46,0.02105400,2.91000000
2018-02-27 03:51:46,0.02105200,2.11000000
2018-02-27 03:51:46,0.02100600,0.05000000
2018-02-27 03:51:46,0.02105200,1.01000000
2018-02-27 03:51:47,0.02105200,0.02000000
2018-02-27 03:51:47,0.02101100,7.10000000
2018-02-27 03:51:47,0.02100900,2.32000000
2018-02-27 03:51:47,0.02100300,6.88000000
2018-02-27 03:51:47,0.02100300,3.60000000
2018-02-27 03:51:48,0.02100300,0.90000000
2018-02-27 03:51:49,0.02099900,0.11000000
2018-02-27 03:51:49,0.02099900,3.68000000
2018-02-27 03:51:51,0.02099900,1.14000000
2018-02-27 03:51:52,0.02100600,1.99000000
2018-02-27 03:51:52,0.02099900,7.92000000
2018-02-27 03:51:53,0.02099900,1.37000000
2018-02-27 03:51:53,0.02102000,0.14000000
2018-02-27 03:51:54,0.02099900,0.13000000
2018-02-27 03:51:58,0.02099900,0.09000000
2018-02-27 03:52:07,0.02100000,0.05000000
2018-02-27 03:52:07,0.02100000,0.05000000
2018-02-27 03:52:08,0.02100000,0.92000000
2018-02-27 03:52:08,0.02100000,1.37000000
2018-02-27 03:52:09,0.02100000,15.50000000
2018-02-27 03:52:10,0.02100000,0.05000000
2018-02-27 03:52:11,0.02100100,0.05000000
2018-02-27 03:52:12,0.02100100,0.05000000
2018-02-27 03:52:12,0.02100200,3.33000000
2018-02-27 03:52:15,0.02100100,0.02000000
2018-02-27 03:52:16,0.02100100,0.11000000
2018-02-27 03:52:16,0.02100100,2.32000000
2018-02-27 03:52:16,0.02100100,0.30000000
2018-02-27 03:52:16,0.02100100,0.12000000
2018-02-27 03:52:16,0.02100100,0.35000000
2018-02-27 03:52:16,0.02100200,4.63000000
2018-02-27 03:52:16,0.02100200,0.96000000
2018-02-27 03:52:17,0.02100200,0.11000000
2018-02-27 03:52:18,0.02100200,0.66000000
2018-02-27 03:52:32,0.02100200,0.11000000
2018-02-27 03:52:32,0.02100700,0.47000000
2018-02-27 03:52:32,0.02100200,1.28000000
2018-02-27 03:52:33,0.02100200,0.11000000
2018-02-27 03:52:33,0.02100700,0.64000000
2018-02-27 03:52:33,0.02101400,3.39000000
2018-02-27 03:52:35,0.02100200,2.99000000
2018-02-27 03:52:37,0.02100200,0.47000000
2018-02-27 03:52:41,0.02100200,0.11000000
2018-02-27 03:52:41,0.02100600,0.36000000
2018-02-27 03:52:50,0.02100600,0.73000000
2018-02-27 03:52:51,0.02100600,1.27000000
2018-02-27 03:52:51,0.02100600,0.29000000
2018-02-27 03:52:52,0.02100600,0.01000000
2018-02-27 03:53:05,0.02100400,0.24000000
2018-02-27 03:53:06,0.02100400,0.47000000
2018-02-27 03:53:08,0.02100100,0.01000000
2018-02-27 03:53:08,0.02100000,0.13000000
2018-02-27 03:53:09,0.02100000,2.75000000
2018-02-27 03:53:09,0.02100000,1.52000000
2018-02-27 03:53:09,0.02099900,1.52000000
2018-02-27 03:53:10,0.02099900,1.72000000
2018-02-27 03:53:10,0.02099900,4.48000000
2018-02-27 03:53:10,0.02099900,22.64000000
2018-02-27 03:53:11,0.02100400,0.24000000
2018-02-27 03:53:12,0.02100400,0.09000000
2018-02-27 03:53:12,0.02100500,1.55000000
2018-02-27 03:53:13,0.02100600,1.07000000
2018-02-27 03:53:13,0.02100600,1.86000000
2018-02-27 03:53:13,0.02099900,0.01000000
2018-02-27 03:53:13,0.02096600,0.45000000
2018-02-27 03:53:20,0.02096400,0.45000000
2018-02-27 03:53:20,0.02095600,2.55000000
2018-02-27 03:53:26,0.02099900,0.17000000
2018-02-27 03:53:30,0.02099300,0.17000000
2018-02-27 03:53:33,0.02094900,0.44000000
2018-02-27 03:53:35,0.02099300,0.11000000
2018-02-27 03:53:35,0.02099800,0.36000000
2018-02-27 03:53:35,0.02095000,4.75000000
2018-02-27 03:53:35,0.02094900,3.96000000
2018-02-27 03:53:35,0.02094800,2.31000000
2018-02-27 03:53:35,0.02094800,0.53000000
2018-02-27 03:53:35,0.02099800,0.10000000
2018-02-27 03:53:50,0.02099800,0.44000000
2018-02-27 03:53:57,0.02099700,0.06000000
2018-02-27 03:53:58,0.02099700,0.96000000
2018-02-27 03:53:58,0.02096000,0.06000000
2018-02-27 03:53:58,0.02095300,0.96000000
2018-02-27 03:53:59,0.02099800,0.06000000
2018-02-27 03:54:04,0.02096300,0.14000000
2018-02-27 03:54:04,0.02096300,0.86000000
2018-02-27 03:54:04,0.02096100,23.45000000
2018-02-27 03:54:04,0.02096000,9.21000000
2018-02-27 03:54:05,0.02095800,0.96000000
2018-02-27 03:54:05,0.02096000,0.04000000
2018-02-27 03:54:05,0.02096000,66.44000000
2018-02-27 03:54:05,0.02099800,0.14000000
2018-02-27 03:54:05,0.02100000,5.76000000
2018-02-27 03:54:06,0.02099100,0.14000000
2018-02-27 03:54:06,0.02099100,0.60000000
2018-02-27 03:54:07,0.02096100,9.25000000
2018-02-27 03:54:07,0.02096100,0.10000000
2018-02-27 03:54:07,0.02096100,2.02000000
2018-02-27 03:54:08,0.02099500,0.23000000
2018-02-27 03:54:08,0.02099900,4.18000000
2018-02-27 03:54:08,0.02100000,9.53000000
2018-02-27 03:54:08,0.02100100,3.32000000
2018-02-27 03:54:08,0.02100200,0.09000000
2018-02-27 03:54:08,0.02100300,5.72000000
2018-02-27 03:54:09,0.02100300,1.25000000
2018-02-27 03:54:10,0.02096600,0.63000000
2018-02-27 03:54:12,0.02096500,1.50000000
2018-02-27 03:54:21,0.02096700,0.23000000
2018-02-27 03:54:28,0.02096700,0.08000000
2018-02-27 03:54:31,0.02097500,0.63000000
2018-02-27 03:54:31,0.02097700,1.74000000
2018-02-27 03:54:31,0.02096700,0.33000000
2018-02-27 03:54:31,0.02096500,0.48000000
2018-02-27 03:54:36,0.02096500,0.35000000
2018-02-27 03:54:38,0.02096700,0.06000000
2018-02-27 03:54:40,0.02096700,0.80000000
2018-02-27 03:54:42,0.02096700,0.19000000
2018-02-27 03:54:44,0.02096500,0.22000000
2018-02-27 03:54:45,0.02096500,0.54000000
2018-02-27 03:54:45,0.02093900,0.14000000
2018-02-27 03:54:50,0.02096500,0.47000000
2018-02-27 03:54:51,0.02096400,0.47000000
2018-02-27 03:54:55,0.02096400,0.24000000
2018-02-27 03:54:58,0.02094000,7.05000000
2018-02-27 03:54:58,0.02094000,0.41000000
2018-02-27 03:54:59,0.02094000,0.94000000
2018-02-27 03:54:59,0.02096400,0.80000000
2018-02-27 03:55:08,0.02094100,12.05000000
2018-02-27 03:55:08,0.02094100,0.10000000
2018-02-27 03:55:09,0.02094100,0.45000000
2018-02-27 03:55:09,0.02096400,0.10000000
2018-02-27 03:55:14,0.02094100,1.47000000
2018-02-27 03:55:15,0.02096400,0.81000000
2018-02-27 03:55:16,0.02096400,0.30000000
2018-02-27 03:55:19,0.02094100,6.76000000
2018-02-27 03:55:19,0.02094000,1.06000000
2018-02-27 03:55:20,0.02094000,0.05000000
2018-02-27 03:55:20,0.02094000,10.90000000
2018-02-27 03:55:20,0.02094000,11.94000000
2018-02-27 03:55:20,0.02094000,0.60000000
2018-02-27 03:55:20,0.02094000,2.69000000
2018-02-27 03:55:21,0.02094000,1.40000000
2018-02-27 03:55:22,0.02094000,3.60000000
2018-02-27 03:55:22,0.02094000,2.39000000
2018-02-27 03:55:22,0.02094000,0.10000000
2018-02-27 03:55:23,0.02094000,7.82000000
2018-02-27 03:55:23,0.02094000,0.69000000
2018-02-27 03:55:23,0.02096400,0.81000000
2018-02-27 03:55:23,0.02096400,0.15000000
2018-02-27 03:55:23,0.02096500,0.15000000
2018-02-27 03:55:24,0.02096500,0.69000000
2018-02-27 03:55:24,0.02096500,0.10000000
2018-02-27 03:55:24,0.02096500,0.75000000
2018-02-27 03:55:24,0.02096700,0.31000000
2018-02-27 03:55:24,0.02097500,1.33000000
2018-02-27 03:55:25,0.02093500,8.24000000
2018-02-27 03:55:25,0.02093400,0.80000000
2018-02-27 03:55:25,0.02092500,0.10000000
2018-02-27 03:55:25,0.02092300,0.11000000
2018-02-27 03:55:28,0.02097400,0.36000000
2018-02-27 03:55:30,0.02097400,0.54000000
2018-02-27 03:55:30,0.02097400,0.32000000
2018-02-27 03:55:42,0.02094000,0.06000000
2018-02-27 03:55:42,0.02093600,1.33000000
2018-02-27 03:55:42,0.02093600,0.95000000
2018-02-27 03:55:58,0.02097000,3.84000000
2018-02-27 03:56:04,0.02097000,0.11000000
2018-02-27 03:56:05,0.02097000,0.15000000
2018-02-27 03:56:05,0.02097000,0.55000000
2018-02-27 03:56:05,0.02097100,2.57000000
2018-02-27 03:56:09,0.02097100,0.93000000
2018-02-27 03:56:09,0.02097100,0.07000000
2018-02-27 03:56:11,0.02097000,0.27000000
2018-02-27 03:56:11,0.02097000,0.09000000
2018-02-27 03:56:12,0.02097000,0.19000000
2018-02-27 03:56:13,0.02094900,3.84000000
2018-02-27 03:56:13,0.02094700,2.43000000
2018-02-27 03:56:29,0.02096900,0.47000000
2018-02-27 03:56:33,0.02094700,0.93000000
2018-02-27 03:56:34,0.02094300,1.07000000
2018-02-27 03:56:34,0.02094700,1.50000000
2018-02-27 03:56:37,0.02094700,0.47000000
2018-02-27 03:56:38,0.02094700,0.95000000
2018-02-27 03:56:42,0.02094300,0.45000000
2018-02-27 03:56:42,0.02094700,1.01000000
2018-02-27 03:56:42,0.02096800,0.20000000
2018-02-27 03:56:43,0.02096800,0.65000000
2018-02-27 03:56:43,0.02097000,6.11000000
2018-02-27 03:56:43,0.02097100,1.14000000
2018-02-27 03:56:43,0.02097300,6.10000000
2018-02-27 03:56:45,0.02097000,3.10000000
2018-02-27 03:56:48,0.02097300,2.12000000
2018-02-27 03:56:48,0.02097400,2.53000000
2018-02-27 03:56:52,0.02097000,0.14000000
2018-02-27 03:56:54,0.02096800,0.12000000
2018-02-27 03:57:04,0.02096800,0.25000000
2018-02-27 03:57:05,0.02096800,0.48000000
2018-02-27 03:57:09,0.02094900,1.78000000
2018-02-27 03:57:10,0.02094900,0.79000000
2018-02-27 03:57:11,0.02096000,0.10000000
2018-02-27 03:57:14,0.02094900,0.76000000
2018-02-27 03:57:16,0.02096000,1.21000000
2018-02-27 03:57:27,0.02096000,0.07000000
2018-02-27 03:57:27,0.02094900,1.67000000
2018-02-27 03:57:27,0.02094700,1.24000000
2018-02-27 03:57:27,0.02094300,0.48000000
2018-02-27 03:57:28,0.02094100,0.25000000
2018-02-27 03:57:30,0.02094100,4.77000000
2018-02-27 03:57:32,0.02094100,0.72000000
2018-02-27 03:57:34,0.02095800,0.40000000
2018-02-27 03:57:35,0.02093000,13.78000000
2018-02-27 03:57:36,0.02095700,1.91000000
2018-02-27 03:57:38,0.02094100,0.09000000
2018-02-27 03:57:38,0.02095700,0.19000000
2018-02-27 03:57:55,0.02093100,0.11000000
2018-02-27 03:57:55,0.02093100,0.11000000
2018-02-27 03:57:55,0.02093100,0.11000000
2018-02-27 03:57:56,0.02095400,0.81000000
2018-02-27 03:57:56,0.02095500,5.23000000
2018-02-27 03:57:56,0.02095600,0.24000000
2018-02-27 03:57:57,0.02095700,13.61000000
2018-02-27 03:58:05,0.02095400,0.45000000
2018-02-27 03:58:07,0.02093100,6.97000000
2018-02-27 03:58:07,0.02093000,36.54000000
2018-02-27 03:58:07,0.02093000,0.10000000
2018-02-27 03:58:07,0.02093000,1.77000000
2018-02-27 03:58:09,0.02093000,7.64000000
2018-02-27 03:58:17,0.02092900,0.02000000
2018-02-27 03:58:17,0.02092900,0.06000000
2018-02-27 03:58:20,0.02093000,0.20000000
2018-02-27 03:58:20,0.02093000,0.10000000
2018-02-27 03:58:21,0.02093000,0.12000000
2018-02-27 03:58:22,0.02093000,0.20000000
2018-02-27 03:58:23,0.02092900,0.04000000
2018-02-27 03:58:23,0.02092900,0.10000000
2018-02-27 03:58:24,0.02092900,0.40000000
2018-02-27 03:58:24,0.02092900,4.45000000
2018-02-27 03:58:25,0.02093000,1.91000000
2018-02-27 03:58:25,0.02093000,0.10000000
2018-02-27 03:58:26,0.02093000,0.26000000
2018-02-27 03:58:27,0.02093000,0.45000000
2018-02-27 03:58:29,0.02092300,0.11000000
2018-02-27 03:58:29,0.02093000,0.19000000
2018-02-27 03:58:29,0.02093000,0.10000000
2018-02-27 03:58:30,0.02093000,0.21000000
2018-02-27 03:58:31,0.02092900,0.55000000
2018-02-27 03:58:31,0.02092900,0.10000000
2018-02-27 03:58:33,0.02092900,0.12000000
2018-02-27 03:58:33,0.02093000,0.13000000
2018-02-27 03:58:33,0.02093000,0.10000000
2018-02-27 03:58:33,0.02092900,0.07000000
2018-02-27 03:58:34,0.02092900,0.10000000
2018-02-27 03:58:35,0.02092900,0.68000000
2018-02-27 03:58:36,0.02092900,0.95000000
2018-02-27 03:58:37,0.02092900,0.19000000
2018-02-27 03:58:38,0.02092300,0.24000000
2018-02-27 03:58:38,0.02092000,0.53000000
2018-02-27 03:58:38,0.02092900,0.54000000
2018-02-27 03:58:38,0.02092900,0.10000000
2018-02-27 03:58:39,0.02092900,0.11000000
2018-02-27 03:58:40,0.02092900,0.19000000
2018-02-27 03:58:40,0.02092300,0.10000000
2018-02-27 03:58:40,0.02092300,0.10000000
2018-02-27 03:58:41,0.02092300,0.20000000
2018-02-27 03:58:42,0.02092300,0.04000000
2018-02-27 03:58:47,0.02092300,0.31000000
2018-02-27 03:58:48,0.02092300,0.09000000
2018-02-27 03:58:49,0.02092300,0.95000000
2018-02-27 03:58:49,0.02092300,0.28000000
2018-02-27 03:58:53,0.02092300,0.87000000
2018-02-27 03:58:53,0.02092300,0.13000000
2018-02-27 03:58:56,0.02092200,0.66000000
2018-02-27 03:58:56,0.02092200,0.10000000
2018-02-27 03:58:57,0.02092200,3.22000000
2018-02-27 03:58:57,0.02092700,0.38000000
2018-02-27 03:58:57,0.02092300,0.06000000
2018-02-27 03:58:58,0.02092200,0.10000000
2018-02-27 03:58:58,0.02092200,0.10000000
2018-02-27 03:58:58,0.02092200,0.10000000
2018-02-27 03:59:03,0.02092800,0.38000000
2018-02-27 03:59:03,0.02092800,0.10000000
2018-02-27 03:59:05,0.02092100,0.67000000
2018-02-27 03:59:05,0.02092200,2.85000000
2018-02-27 03:59:05,0.02092200,0.10000000
2018-02-27 03:59:11,0.02092100,0.26000000
2018-02-27 03:59:11,0.02092100,0.10000000
2018-02-27 03:59:14,0.02092100,0.38000000
2018-02-27 03:59:15,0.02092100,3.98000000
2018-02-27 03:59:15,0.02092200,8.02000000
2018-02-27 03:59:16,0.02092200,0.10000000
2018-02-27 03:59:16,0.02092000,1.00000000
2018-02-27 03:59:17,0.02092200,0.05000000
2018-02-27 03:59:17,0.02092200,0.10000000
2018-02-27 03:59:17,0.02092000,0.50000000
2018-02-27 03:59:17,0.02092000,0.10000000
2018-02-27 03:59:18,0.02091500,0.70000000
2018-02-27 03:59:18,0.02091500,0.11000000
2018-02-27 03:59:19,0.02091400,2.60000000
2018-02-27 03:59:20,0.02092200,1.01000000
2018-02-27 03:59:20,0.02092200,0.10000000
