DATE,PRICE,VOLUME
2018-02-27 14:00:02,0.02022800,0.11000000
2018-02-27 14:00:02,0.02022800,1.49000000
2018-02-27 14:00:02,0.02024200,0.51000000
2018-02-27 14:00:02,0.02024200,1.34000000
2018-02-27 14:00:06,0.02023200,0.11000000
2018-02-27 14:00:06,0.02023100,0.91000000
2018-02-27 14:00:07,0.02022400,0.58000000
2018-02-27 14:00:08,0.02022400,1.05000000
2018-02-27 14:00:08,0.02022200,0.30000000
2018-02-27 14:00:09,0.02022100,0.22000000
2018-02-27 14:00:10,0.02022200,0.11000000
2018-02-27 14:00:10,0.02022200,0.05000000
2018-02-27 14:00:12,0.02022300,1.00000000
2018-02-27 14:00:12,0.02022300,0.12000000
2018-02-27 14:00:14,0.02022300,1.08000000
2018-02-27 14:00:17,0.02023000,0.97000000
2018-02-27 14:00:17,0.02022300,0.30000000
2018-02-27 14:00:19,0.02022300,0.12000000
2018-02-27 14:00:21,0.02023000,1.05000000
2018-02-27 14:00:25,0.02023000,0.46000000
2018-02-27 14:00:28,0.02023000,0.13000000
2018-02-27 14:00:28,0.02022500,0.64000000
2018-02-27 14:00:28,0.02022300,0.15000000
2018-02-27 14:00:30,0.02023000,0.14000000
2018-02-27 14:00:31,0.02022300,1.13000000
2018-02-27 14:00:35,0.02022300,0.02000000
2018-02-27 14:00:37,0.02022400,4.08000000
2018-02-27 14:00:37,0.02022400,0.21000000
2018-02-27 14:00:37,0.02022400,0.22000000
2018-02-27 14:00:38,0.02022400,16.19000000
2018-02-27 14:00:40,0.02022400,7.61000000
2018-02-27 14:00:40,0.02022400,0.63000000
2018-02-27 14:00:40,0.02023000,0.37000000
2018-02-27 14:00:41,0.02023000,0.30000000
2018-02-27 14:00:42,0.02023000,0.01000000
2018-02-27 14:00:42,0.02023100,0.52000000
2018-02-27 14:00:42,0.02023100,1.80000000
2018-02-27 14:00:45,0.02023100,6.42000000
2018-02-27 14:00:47,0.02023100,11.85000000
2018-02-27 14:00:47,0.02023100,1.28000000
2018-02-27 14:00:48,0.02022500,2.48000000
2018-02-27 14:00:49,0.02022500,12.91000000
2018-02-27 14:00:50,0.02023000,0.13000000
2018-02-27 14:00:59,0.02023000,0.25000000
2018-02-27 14:01:03,0.02023000,0.49000000
2018-02-27 14:01:03,0.02022300,0.53000000
2018-02-27 14:01:03,0.02022100,15.79000000
2018-02-27 14:01:03,0.02022100,0.64000000
2018-02-27 14:01:04,0.02023000,1.08000000
2018-02-27 14:01:07,0.02023000,0.12000000
2018-02-27 14:01:07,0.02023000,0.75000000
2018-02-27 14:01:07,0.02021900,4.08000000
2018-02-27 14:01:07,0.02021900,2.33000000
2018-02-27 14:01:21,0.02023000,0.10000000
2018-02-27 14:01:21,0.02022000,1.43000000
2018-02-27 14:01:28,0.02022000,45.68000000
2018-02-27 14:01:28,0.02022000,10.96000000
2018-02-27 14:01:28,0.02022000,2.10000000
2018-02-27 14:01:28,0.02022100,1.50000000
2018-02-27 14:01:28,0.02022000,3.16000000
2018-02-27 14:01:29,0.02022000,3.91000000
2018-02-27 14:01:29,0.02022000,5.68000000
2018-02-27 14:01:29,0.02022000,1.02000000
2018-02-27 14:01:29,0.02022000,1.31000000
2018-02-27 14:01:30,0.02022900,0.56000000
2018-02-27 14:01:30,0.02022000,4.41000000
2018-02-27 14:01:30,0.02022000,2.31000000
2018-02-27 14:01:30,0.02022900,0.09000000
2018-02-27 14:01:34,0.02022000,3.61000000
2018-02-27 14:01:35,0.02022000,1.58000000
2018-02-27 14:01:35,0.02022000,1.14000000
2018-02-27 14:01:36,0.02022000,1.66000000
2018-02-27 14:01:40,0.02022800,0.50000000
2018-02-27 14:01:40,0.02022800,0.30000000
2018-02-27 14:01:42,0.02022000,10.74000000
2018-02-27 14:01:43,0.02022000,1.25000000
2018-02-27 14:01:45,0.02021900,5.93000000
2018-02-27 14:01:45,0.02021800,11.83000000
2018-02-27 14:01:45,0.02021700,0.01000000
2018-02-27 14:01:45,0.02021700,0.33000000
2018-02-27 14:01:49,0.02021700,8.00000000
2018-02-27 14:01:50,0.02021900,0.67000000
2018-02-27 14:01:52,0.02021900,0.42000000
2018-02-27 14:01:54,0.02021800,0.41000000
2018-02-27 14:01:54,0.02021700,3.80000000
2018-02-27 14:01:56,0.02021700,0.73000000
2018-02-27 14:02:01,0.02021700,0.03000000
2018-02-27 14:02:01,0.02021800,0.01000000
2018-02-27 14:02:01,0.02021900,0.69000000
2018-02-27 14:02:02,0.02021900,0.46000000
2018-02-27 14:02:02,0.02022400,0.75000000
2018-02-27 14:02:03,0.02022400,0.40000000
2018-02-27 14:02:05,0.02022400,0.35000000
2018-02-27 14:02:06,0.02022400,0.60000000
2018-02-27 14:02:06,0.02023000,0.13000000
2018-02-27 14:02:06,0.02023000,1.13000000
2018-02-27 14:02:06,0.02023100,1.09000000
2018-02-27 14:02:10,0.02021800,2.61000000
2018-02-27 14:02:10,0.02021700,0.10000000
2018-02-27 14:02:10,0.02021600,2.68000000
2018-02-27 14:02:10,0.02021200,9.10000000
2018-02-27 14:02:11,0.02023100,0.73000000
2018-02-27 14:02:16,0.02022900,0.57000000
2018-02-27 14:02:16,0.02023100,10.71000000
2018-02-27 14:02:16,0.02021200,1.19000000
2018-02-27 14:02:17,0.02023100,1.36000000
2018-02-27 14:02:20,0.02021700,1.00000000
2018-02-27 14:02:21,0.02023100,36.32000000
2018-02-27 14:02:22,0.02023100,1.21000000
2018-02-27 14:02:22,0.02021200,0.30000000
2018-02-27 14:02:22,0.02021000,0.22000000
2018-02-27 14:02:22,0.02021000,0.07000000
2018-02-27 14:02:23,0.02023100,0.43000000
2018-02-27 14:02:23,0.02023100,0.40000000
2018-02-27 14:02:23,0.02023100,0.32000000
2018-02-27 14:02:25,0.02021700,0.23000000
2018-02-27 14:02:25,0.02021000,1.21000000
2018-02-27 14:02:25,0.02023100,0.43000000
2018-02-27 14:02:25,0.02023100,0.40000000
2018-02-27 14:02:26,0.02023100,0.11000000
2018-02-27 14:02:26,0.02023100,5.50000000
2018-02-27 14:02:27,0.02023100,0.09000000
2018-02-27 14:02:27,0.02021000,0.26000000
2018-02-27 14:02:27,0.02023100,0.66000000
2018-02-27 14:02:28,0.02023100,0.53000000
2018-02-27 14:02:28,0.02023100,0.50000000
2018-02-27 14:02:28,0.02023100,11.69000000
2018-02-27 14:02:28,0.02023100,5.04000000
2018-02-27 14:02:29,0.02021000,0.70000000
2018-02-27 14:02:30,0.02023000,0.49000000
2018-02-27 14:02:31,0.02023000,4.33000000
2018-02-27 14:02:32,0.02023100,1.10000000
2018-02-27 14:02:35,0.02023000,0.08000000
2018-02-27 14:02:36,0.02023100,0.95000000
2018-02-27 14:02:37,0.02023000,0.01000000
2018-02-27 14:02:37,0.02021000,0.79000000
2018-02-27 14:02:39,0.02023100,0.65000000
2018-02-27 14:02:42,0.02023100,0.11000000
2018-02-27 14:02:43,0.02021200,2.01000000
2018-02-27 14:02:43,0.02023100,1.21000000
2018-02-27 14:02:45,0.02023100,1.21000000
2018-02-27 14:02:45,0.02022800,0.10000000
2018-02-27 14:02:46,0.02021400,0.24000000
2018-02-27 14:02:46,0.02021200,0.56000000
2018-02-27 14:02:46,0.02021200,0.80000000
2018-02-27 14:02:47,0.02021200,0.13000000
2018-02-27 14:02:48,0.02023100,0.10000000
2018-02-27 14:02:48,0.02023100,1.21000000
2018-02-27 14:02:53,0.02023100,0.82000000
2018-02-27 14:02:56,0.02023100,1.21000000
2018-02-27 14:02:59,0.02023100,0.91000000
2018-02-27 14:02:59,0.02021900,0.10000000
2018-02-27 14:02:59,0.02021800,0.20000000
2018-02-27 14:02:59,0.02021700,0.10000000
2018-02-27 14:03:02,0.02021200,0.20000000
2018-02-27 14:03:04,0.02021700,0.27000000
2018-02-27 14:03:06,0.02021200,0.27000000
2018-02-27 14:03:06,0.02021200,0.45000000
2018-02-27 14:03:07,0.02021700,1.21000000
2018-02-27 14:03:09,0.02021200,0.07000000
2018-02-27 14:03:09,0.02021700,0.09000000
2018-02-27 14:03:09,0.02023000,0.16000000
2018-02-27 14:03:13,0.02021200,0.01000000
2018-02-27 14:03:13,0.02021000,0.67000000
2018-02-27 14:03:14,0.02021900,0.23000000
2018-02-27 14:03:18,0.02021000,0.07000000
2018-02-27 14:03:18,0.02021900,0.20000000
2018-02-27 14:03:19,0.02021900,0.01000000
2018-02-27 14:03:19,0.02023000,1.20000000
2018-02-27 14:03:19,0.02023000,0.21000000
2018-02-27 14:03:23,0.02021700,3.28000000
2018-02-27 14:03:30,0.02023000,1.21000000
2018-02-27 14:03:35,0.02021700,8.33000000
2018-02-27 14:03:35,0.02021600,0.01000000
2018-02-27 14:03:35,0.02023000,0.29000000
2018-02-27 14:03:41,0.02021900,2.27000000
2018-02-27 14:03:43,0.02023000,3.40000000
2018-02-27 14:03:44,0.02023100,0.80000000
2018-02-27 14:03:47,0.02021700,0.27000000
2018-02-27 14:03:51,0.02023000,3.38000000
2018-02-27 14:03:52,0.02023000,1.21000000
2018-02-27 14:03:56,0.02021000,2.80000000
2018-02-27 14:03:57,0.02021000,0.10000000
2018-02-27 14:04:02,0.02022900,0.26000000
2018-02-27 14:04:03,0.02022900,1.21000000
2018-02-27 14:04:04,0.02022900,0.40000000
2018-02-27 14:04:12,0.02022900,0.24000000
2018-02-27 14:04:14,0.02022900,1.10000000
2018-02-27 14:04:14,0.02022900,1.21000000
2018-02-27 14:04:16,0.02022900,0.10000000
2018-02-27 14:04:19,0.02021700,0.10000000
2018-02-27 14:04:19,0.02021200,0.10000000
2018-02-27 14:04:19,0.02021000,0.25000000
2018-02-27 14:04:20,0.02022900,0.44000000
2018-02-27 14:04:21,0.02021000,0.84000000
2018-02-27 14:04:23,0.02021700,0.10000000
2018-02-27 14:04:23,0.02021700,1.20000000
2018-02-27 14:04:23,0.02022700,0.10000000
2018-02-27 14:04:23,0.02022700,0.82000000
2018-02-27 14:04:24,0.02022700,0.10000000
2018-02-27 14:04:26,0.02022900,1.21000000
2018-02-27 14:04:27,0.02021700,0.10000000
2018-02-27 14:04:27,0.02021000,0.90000000
2018-02-27 14:04:28,0.02021000,2.72000000
2018-02-27 14:04:34,0.02021000,0.01000000
2018-02-27 14:04:34,0.02020700,0.10000000
2018-02-27 14:04:34,0.02020300,5.30000000
2018-02-27 14:04:34,0.02020200,0.61000000
2018-02-27 14:04:36,0.02021800,0.49000000
2018-02-27 14:04:36,0.02020200,0.18000000
2018-02-27 14:04:38,0.02021700,1.21000000
2018-02-27 14:04:39,0.02021700,0.63000000
2018-02-27 14:04:41,0.02020200,1.91000000
2018-02-27 14:04:41,0.02020100,0.28000000
2018-02-27 14:04:44,0.02020200,0.10000000
2018-02-27 14:04:44,0.02020200,0.10000000
2018-02-27 14:04:44,0.02020200,0.03000000
2018-02-27 14:04:44,0.02020900,0.07000000
2018-02-27 14:04:44,0.02020100,0.88000000
2018-02-27 14:04:44,0.02020900,0.10000000
2018-02-27 14:04:45,0.02020100,2.16000000
2018-02-27 14:04:46,0.02020900,0.10000000
2018-02-27 14:04:46,0.02020900,0.10000000
2018-02-27 14:04:48,0.02020900,0.68000000
2018-02-27 14:04:49,0.02020900,1.21000000
2018-02-27 14:04:50,0.02021000,0.16000000
2018-02-27 14:04:50,0.02020100,2.20000000
2018-02-27 14:04:50,0.02020100,0.01000000
2018-02-27 14:04:51,0.02020000,4.58000000
2018-02-27 14:04:51,0.02020000,0.11000000
2018-02-27 14:04:54,0.02020100,0.43000000
2018-02-27 14:04:54,0.02020100,0.40000000
2018-02-27 14:04:54,0.02020100,0.40000000
2018-02-27 14:04:55,0.02020100,0.40000000
2018-02-27 14:04:56,0.02020100,0.33000000
2018-02-27 14:04:58,0.02020100,0.25000000
2018-02-27 14:05:01,0.02020100,1.21000000
2018-02-27 14:05:01,0.02020000,30.63000000
2018-02-27 14:05:02,0.02020000,1.00000000
2018-02-27 14:05:02,0.02020100,0.10000000
2018-02-27 14:05:03,0.02020100,0.28000000
2018-02-27 14:05:03,0.02020100,1.02000000
2018-02-27 14:05:03,0.02021000,0.48000000
2018-02-27 14:05:04,0.02020000,0.37000000
2018-02-27 14:05:07,0.02021000,0.11000000
2018-02-27 14:05:08,0.02020500,0.92000000
2018-02-27 14:05:08,0.02020100,0.34000000
2018-02-27 14:05:12,0.02020000,35.00000000
2018-02-27 14:05:12,0.02020100,0.01000000
2018-02-27 14:05:12,0.02021000,0.42000000
2018-02-27 14:05:12,0.02021000,0.40000000
2018-02-27 14:05:12,0.02021000,0.10000000
2018-02-27 14:05:12,0.02021000,1.21000000
2018-02-27 14:05:12,0.02021000,0.30000000
2018-02-27 14:05:13,0.02021000,0.50000000
2018-02-27 14:05:13,0.02021000,0.30000000
2018-02-27 14:05:14,0.02021000,0.30000000
2018-02-27 14:05:14,0.02021000,0.43000000
2018-02-27 14:05:15,0.02021000,0.40000000
2018-02-27 14:05:15,0.02021000,0.30000000
2018-02-27 14:05:16,0.02021000,0.30000000
2018-02-27 14:05:17,0.02021000,0.30000000
2018-02-27 14:05:17,0.02022600,0.13000000
2018-02-27 14:05:17,0.02022600,0.40000000
2018-02-27 14:05:17,0.02021700,0.10000000
2018-02-27 14:05:17,0.02020200,0.53000000
2018-02-27 14:05:17,0.02020100,0.77000000
2018-02-27 14:05:18,0.02022500,2.61000000
2018-02-27 14:05:18,0.02020800,0.01000000
2018-02-27 14:05:18,0.02020800,1.67000000
2018-02-27 14:05:18,0.02022500,0.33000000
2018-02-27 14:05:18,0.02022500,0.12000000
2018-02-27 14:05:19,0.02022500,0.44000000
2018-02-27 14:05:23,0.02022500,0.23000000
2018-02-27 14:05:24,0.02021700,0.10000000
2018-02-27 14:05:32,0.02020800,4.87000000
2018-02-27 14:05:32,0.02020700,3.73000000
2018-02-27 14:05:32,0.02020700,0.15000000
2018-02-27 14:05:33,0.02020700,0.08000000
2018-02-27 14:05:37,0.02020700,0.11000000
2018-02-27 14:05:37,0.02020700,0.14000000
2018-02-27 14:05:42,0.02020700,0.13000000
2018-02-27 14:05:43,0.02020700,0.11000000
2018-02-27 14:05:43,0.02020700,0.25000000
2018-02-27 14:05:44,0.02020700,1.93000000
2018-02-27 14:05:48,0.02020700,0.01000000
2018-02-27 14:05:48,0.02022000,0.10000000
2018-02-27 14:05:49,0.02020200,1.45000000
2018-02-27 14:05:49,0.02021000,0.11000000
2018-02-27 14:05:49,0.02021000,2.29000000
2018-02-27 14:05:51,0.02021000,5.91000000
2018-02-27 14:05:52,0.02020200,1.84000000
2018-02-27 14:05:53,0.02021000,0.11000000
2018-02-27 14:05:53,0.02021000,0.11000000
2018-02-27 14:05:54,0.02021000,3.64000000
2018-02-27 14:05:54,0.02022000,1.30000000
2018-02-27 14:05:56,0.02020200,0.71000000
2018-02-27 14:05:58,0.02020200,1.79000000
2018-02-27 14:05:58,0.02021000,3.31000000
2018-02-27 14:05:59,0.02022300,2.39000000
2018-02-27 14:06:00,0.02020300,0.30000000
2018-02-27 14:06:00,0.02020000,3.04000000
2018-02-27 14:06:01,0.02022200,0.30000000
2018-02-27 14:06:01,0.02022200,0.05000000
2018-02-27 14:06:02,0.02020900,1.80000000
2018-02-27 14:06:02,0.02022100,6.36000000
2018-02-27 14:06:02,0.02022100,1.80000000
2018-02-27 14:06:03,0.02022400,2.54000000
2018-02-27 14:06:05,0.02022500,2.39000000
2018-02-27 14:06:12,0.02022400,0.11000000
2018-02-27 14:06:12,0.02022500,0.89000000
2018-02-27 14:06:13,0.02022500,0.11000000
2018-02-27 14:06:15,0.02022000,0.89000000
2018-02-27 14:06:19,0.02022500,0.18000000
2018-02-27 14:06:21,0.02022700,1.81000000
2018-02-27 14:06:23,0.02022700,0.24000000
2018-02-27 14:06:25,0.02022700,0.11000000
2018-02-27 14:06:25,0.02022700,0.34000000
2018-02-27 14:06:28,0.02022700,1.57000000
2018-02-27 14:06:29,0.02022700,0.11000000
2018-02-27 14:06:31,0.02022700,1.50000000
2018-02-27 14:06:32,0.02022700,2.29000000
2018-02-27 14:06:32,0.02022700,0.20000000
2018-02-27 14:06:34,0.02022700,0.06000000
2018-02-27 14:06:34,0.02022700,0.11000000
2018-02-27 14:06:35,0.02022700,0.12000000
2018-02-27 14:06:36,0.02022500,0.26000000
2018-02-27 14:06:39,0.02022500,1.30000000
2018-02-27 14:06:40,0.02022700,0.10000000
2018-02-27 14:06:40,0.02022700,0.42000000
2018-02-27 14:06:41,0.02022800,1.79000000
2018-02-27 14:06:42,0.02022900,2.07000000
2018-02-27 14:06:48,0.02022900,13.35000000
2018-02-27 14:06:49,0.02022900,0.30000000
2018-02-27 14:06:53,0.02022900,0.11000000
2018-02-27 14:07:04,0.02022500,5.14000000
2018-02-27 14:07:06,0.02022900,3.15000000
2018-02-27 14:07:06,0.02022900,0.46000000
2018-02-27 14:07:06,0.02022900,0.48000000
2018-02-27 14:07:06,0.02022900,0.48000000
2018-02-27 14:07:07,0.02022900,0.10000000
2018-02-27 14:07:11,0.02022900,0.11000000
2018-02-27 14:07:20,0.02022900,2.00000000
2018-02-27 14:07:21,0.02022900,0.89000000
2018-02-27 14:07:25,0.02022900,0.11000000
2018-02-27 14:07:27,0.02022600,0.10000000
2018-02-27 14:07:29,0.02022600,0.15000000
2018-02-27 14:07:29,0.02022500,6.67000000
2018-02-27 14:07:38,0.02022600,0.68000000
2018-02-27 14:07:39,0.02022600,0.01000000
2018-02-27 14:07:40,0.02022600,0.41000000
2018-02-27 14:07:40,0.02022500,6.20000000
2018-02-27 14:07:42,0.02022500,2.91000000
2018-02-27 14:07:43,0.02022500,0.93000000
2018-02-27 14:07:45,0.02022500,1.74000000
2018-02-27 14:07:45,0.02022500,2.18000000
2018-02-27 14:07:46,0.02022000,0.17000000
2018-02-27 14:07:48,0.02022000,0.01000000
2018-02-27 14:07:48,0.02021900,0.10000000
2018-02-27 14:07:48,0.02021700,0.30000000
2018-02-27 14:07:48,0.02021000,0.62000000
2018-02-27 14:07:48,0.02020500,1.58000000
2018-02-27 14:07:48,0.02020100,4.12000000
2018-02-27 14:07:48,0.02020000,3.27000000
2018-02-27 14:08:02,0.02022100,2.31000000
2018-02-27 14:08:05,0.02021900,1.81000000
2018-02-27 14:08:05,0.02022000,1.07000000
2018-02-27 14:08:09,0.02021800,0.50000000
2018-02-27 14:08:13,0.02021800,2.00000000
2018-02-27 14:08:13,0.02021800,0.25000000
2018-02-27 14:08:19,0.02021800,0.13000000
2018-02-27 14:08:19,0.02021800,0.60000000
2018-02-27 14:08:22,0.02021800,0.73000000
2018-02-27 14:08:23,0.02021800,0.85000000
2018-02-27 14:08:26,0.02021900,0.32000000
2018-02-27 14:08:29,0.02021900,0.18000000
2018-02-27 14:08:31,0.02021900,0.02000000
2018-02-27 14:08:31,0.02021900,0.20000000
2018-02-27 14:08:33,0.02021900,0.20000000
2018-02-27 14:08:34,0.02021800,0.94000000
2018-02-27 14:08:37,0.02021900,0.81000000
2018-02-27 14:08:37,0.02021900,0.56000000
2018-02-27 14:08:37,0.02021900,0.08000000
2018-02-27 14:08:38,0.02021900,0.13000000
2018-02-27 14:08:38,0.02022000,0.36000000
2018-02-27 14:08:39,0.02021900,0.53000000
2018-02-27 14:08:39,0.02021900,3.91000000
2018-02-27 14:08:39,0.02022000,0.07000000
2018-02-27 14:08:43,0.02021800,0.33000000
2018-02-27 14:08:43,0.02021000,0.10000000
2018-02-27 14:08:43,0.02020400,0.99000000
2018-02-27 14:08:45,0.02020600,0.23000000
2018-02-27 14:08:45,0.02020600,0.01000000
2018-02-27 14:08:45,0.02020400,0.49000000
2018-02-27 14:08:45,0.02020400,1.06000000
2018-02-27 14:08:45,0.02020300,3.35000000
2018-02-27 14:08:48,0.02020200,0.06000000
2018-02-27 14:08:49,0.02021900,0.60000000
2018-02-27 14:08:49,0.02020200,0.81000000
2018-02-27 14:08:49,0.02021900,2.75000000
2018-02-27 14:08:50,0.02022000,8.06000000
2018-02-27 14:08:50,0.02022000,0.08000000
2018-02-27 14:08:52,0.02021900,0.13000000
2018-02-27 14:08:52,0.02021900,12.42000000
2018-02-27 14:08:54,0.02021900,0.01000000
2018-02-27 14:08:54,0.02022000,0.97000000
2018-02-27 14:08:55,0.02022000,0.82000000
2018-02-27 14:08:57,0.02022000,0.10000000
2018-02-27 14:09:03,0.02022000,5.98000000
2018-02-27 14:09:05,0.02020300,0.11000000
2018-02-27 14:09:05,0.02020400,2.00000000
2018-02-27 14:09:05,0.02020300,0.14000000
2018-02-27 14:09:05,0.02020200,4.86000000
2018-02-27 14:09:05,0.02022000,3.00000000
2018-02-27 14:09:06,0.02020200,39.88000000
2018-02-27 14:09:07,0.02020200,30.39000000
2018-02-27 14:09:07,0.02020100,0.10000000
2018-02-27 14:09:07,0.02020000,36.35000000
2018-02-27 14:09:07,0.02019300,0.26000000
2018-02-27 14:09:07,0.02019100,0.89000000
2018-02-27 14:09:07,0.02019000,1.20000000
2018-02-27 14:09:07,0.02018600,2.33000000
2018-02-27 14:09:07,0.02018500,0.13000000
2018-02-27 14:09:07,0.02018400,2.14000000
2018-02-27 14:09:07,0.02018300,2.10000000
2018-02-27 14:09:07,0.02018100,0.09000000
2018-02-27 14:09:07,0.02017700,0.49000000
2018-02-27 14:09:07,0.02017600,2.00000000
2018-02-27 14:09:07,0.02017200,16.00000000
2018-02-27 14:09:07,0.02017000,8.14000000
2018-02-27 14:09:07,0.02017000,0.10000000
2018-02-27 14:09:09,0.02017800,0.23000000
2018-02-27 14:09:09,0.02017800,0.18000000
2018-02-27 14:09:10,0.02017800,0.23000000
2018-02-27 14:09:13,0.02018000,0.21000000
2018-02-27 14:09:13,0.02021400,0.20000000
2018-02-27 14:09:13,0.02021200,0.11000000
2018-02-27 14:09:13,0.02021200,0.61000000
2018-02-27 14:09:13,0.02021400,1.60000000
2018-02-27 14:09:13,0.02021400,2.29000000
2018-02-27 14:09:14,0.02021300,8.74000000
2018-02-27 14:09:15,0.02018100,1.00000000
2018-02-27 14:09:16,0.02021900,1.12000000
2018-02-27 14:09:21,0.02021900,19.80000000
2018-02-27 14:09:22,0.02021900,1.00000000
2018-02-27 14:09:25,0.02021900,1.37000000
2018-02-27 14:09:27,0.02021900,6.69000000
2018-02-27 14:09:30,0.02020400,0.40000000
2018-02-27 14:09:36,0.02021900,5.34000000
2018-02-27 14:09:36,0.02021900,1.62000000
2018-02-27 14:09:36,0.02018500,0.80000000
2018-02-27 14:09:36,0.02018300,0.25000000
2018-02-27 14:09:36,0.02018200,0.69000000
2018-02-27 14:09:36,0.02018200,2.52000000
2018-02-27 14:09:36,0.02018200,0.49000000
2018-02-27 14:09:36,0.02018200,0.04000000
2018-02-27 14:09:37,0.02020800,0.34000000
2018-02-27 14:09:37,0.02020800,0.34000000
2018-02-27 14:09:38,0.02020800,0.01000000
2018-02-27 14:09:38,0.02021900,1.76000000
2018-02-27 14:09:42,0.02021900,0.30000000
2018-02-27 14:09:43,0.02021900,2.14000000
2018-02-27 14:09:45,0.02018700,1.00000000
2018-02-27 14:09:46,0.02021300,0.46000000
2018-02-27 14:09:49,0.02021500,3.20000000
2018-02-27 14:09:51,0.02021500,0.16000000
2018-02-27 14:09:53,0.02021900,2.00000000
2018-02-27 14:09:54,0.02021900,0.24000000
2018-02-27 14:09:57,0.02021900,0.20000000
2018-02-27 14:09:59,0.02021900,0.20000000
2018-02-27 14:10:01,0.02021900,0.20000000
2018-02-27 14:10:01,0.02021900,0.13000000
2018-02-27 14:10:02,0.02021900,1.95000000
2018-02-27 14:10:03,0.02021900,0.20000000
2018-02-27 14:10:05,0.02021900,29.57000000
2018-02-27 14:10:05,0.02021900,1.13000000
2018-02-27 14:10:06,0.02020200,0.27000000
2018-02-27 14:10:06,0.02021900,0.48000000
2018-02-27 14:10:06,0.02020200,0.66000000
2018-02-27 14:10:06,0.02020100,0.05000000
2018-02-27 14:10:08,0.02021900,0.14000000
2018-02-27 14:10:14,0.02020200,0.93000000
2018-02-27 14:10:16,0.02020100,0.67000000
2018-02-27 14:10:17,0.02020100,0.40000000
2018-02-27 14:10:17,0.02021800,0.09000000
2018-02-27 14:10:17,0.02021900,0.02000000
2018-02-27 14:10:20,0.02021900,0.44000000
2018-02-27 14:10:20,0.02021900,0.50000000
2018-02-27 14:10:20,0.02021900,0.43000000
2018-02-27 14:10:21,0.02021800,0.50000000
2018-02-27 14:10:21,0.02021800,0.30000000
2018-02-27 14:10:22,0.02021800,0.40000000
2018-02-27 14:10:22,0.02021800,0.30000000
2018-02-27 14:10:22,0.02021800,0.53000000
2018-02-27 14:10:23,0.02021800,0.30000000
2018-02-27 14:10:25,0.02019400,1.00000000
2018-02-27 14:10:31,0.02020600,0.23000000
2018-02-27 14:10:33,0.02020600,0.01000000
2018-02-27 14:10:34,0.02021800,0.11000000
2018-02-27 14:10:35,0.02021800,0.65000000
2018-02-27 14:10:36,0.02021800,0.40000000
2018-02-27 14:10:36,0.02021800,0.43000000
2018-02-27 14:10:36,0.02020300,0.06000000
2018-02-27 14:10:36,0.02021800,0.24000000
2018-02-27 14:10:37,0.02021800,0.40000000
2018-02-27 14:10:38,0.02021800,0.40000000
2018-02-27 14:10:38,0.02021800,0.30000000
2018-02-27 14:10:38,0.02021800,0.33000000
2018-02-27 14:10:41,0.02021800,8.44000000
2018-02-27 14:10:41,0.02021900,3.56000000
2018-02-27 14:10:41,0.02021900,12.00000000
2018-02-27 14:10:42,0.02021900,3.77000000
2018-02-27 14:10:42,0.02022000,11.43000000
2018-02-27 14:10:42,0.02022000,2.62000000
2018-02-27 14:10:42,0.02022300,7.74000000
2018-02-27 14:10:42,0.02022400,2.10000000
2018-02-27 14:10:42,0.02022500,0.68000000
2018-02-27 14:10:42,0.02022500,0.49000000
2018-02-27 14:10:43,0.02022500,0.49000000
2018-02-27 14:11:03,0.02021800,0.17000000
2018-02-27 14:11:03,0.02021900,0.32000000
2018-02-27 14:11:14,0.02021900,0.10000000
2018-02-27 14:11:22,0.02021900,1.42000000
2018-02-27 14:11:23,0.02021900,2.71000000
2018-02-27 14:11:23,0.02021900,1.22000000
2018-02-27 14:11:23,0.02022000,2.21000000
2018-02-27 14:11:24,0.02022500,0.53000000
2018-02-27 14:11:24,0.02022600,1.00000000
2018-02-27 14:11:25,0.02020500,1.98000000
2018-02-27 14:11:26,0.02022800,1.54000000
2018-02-27 14:11:26,0.02022900,1.15000000
2018-02-27 14:11:26,0.02022900,1.65000000
2018-02-27 14:11:26,0.02022900,1.01000000
2018-02-27 14:11:26,0.02022900,1.63000000
2018-02-27 14:11:28,0.02022900,0.11000000
2018-02-27 14:11:29,0.02022900,0.34000000
2018-02-27 14:11:29,0.02022900,0.20000000
2018-02-27 14:11:36,0.02022600,0.11000000
2018-02-27 14:11:39,0.02022600,0.11000000
2018-02-27 14:11:40,0.02020800,1.01000000
2018-02-27 14:11:40,0.02020400,3.99000000
2018-02-27 14:11:46,0.02022600,0.08000000
2018-02-27 14:11:48,0.02022600,0.11000000
2018-02-27 14:11:48,0.02022600,0.09000000
2018-02-27 14:11:53,0.02022900,0.11000000
2018-02-27 14:11:53,0.02022900,10.98000000
2018-02-27 14:11:54,0.02022900,0.20000000
2018-02-27 14:11:54,0.02022900,0.10000000
2018-02-27 14:11:55,0.02022900,0.05000000
2018-02-27 14:11:57,0.02022900,1.69000000
2018-02-27 14:11:57,0.02022900,2.28000000
2018-02-27 14:11:57,0.02022900,2.28000000
2018-02-27 14:11:57,0.02022900,0.49000000
2018-02-27 14:11:57,0.02022900,2.28000000
2018-02-27 14:11:57,0.02022900,0.84000000
2018-02-27 14:11:57,0.02022900,5.31000000
2018-02-27 14:11:57,0.02023000,1.17000000
2018-02-27 14:11:57,0.02023200,0.47000000
2018-02-27 14:12:04,0.02023200,0.02000000
2018-02-27 14:12:05,0.02023200,1.24000000
2018-02-27 14:12:05,0.02023000,0.28000000
2018-02-27 14:12:12,0.02023400,1.10000000
2018-02-27 14:12:14,0.02023400,0.26000000
2018-02-27 14:12:15,0.02023400,0.12000000
2018-02-27 14:12:17,0.02023100,0.30000000
2018-02-27 14:12:20,0.02023400,0.14000000
2018-02-27 14:12:20,0.02023400,0.10000000
2018-02-27 14:12:24,0.02023100,1.14000000
2018-02-27 14:12:31,0.02023300,0.49000000
2018-02-27 14:12:38,0.02023100,0.38000000
2018-02-27 14:12:42,0.02023100,0.11000000
2018-02-27 14:12:43,0.02023100,1.29000000
2018-02-27 14:12:47,0.02023300,0.12000000
2018-02-27 14:12:51,0.02023300,0.11000000
2018-02-27 14:12:59,0.02023200,1.35000000
2018-02-27 14:13:01,0.02023200,0.05000000
2018-02-27 14:13:03,0.02023300,0.11000000
2018-02-27 14:13:05,0.02023200,0.41000000
2018-02-27 14:13:05,0.02023100,0.37000000
2018-02-27 14:13:05,0.02022900,0.11000000
2018-02-27 14:13:05,0.02022600,0.15000000
2018-02-27 14:13:06,0.02022600,0.24000000
2018-02-27 14:13:06,0.02021900,0.01000000
2018-02-27 14:13:07,0.02023300,0.10000000
2018-02-27 14:13:08,0.02022700,0.05000000
2018-02-27 14:13:11,0.02023300,2.47000000
2018-02-27 14:13:14,0.02022700,7.34000000
2018-02-27 14:13:17,0.02022700,0.01000000
2018-02-27 14:13:21,0.02023300,0.68000000
2018-02-27 14:13:23,0.02023300,1.19000000
2018-02-27 14:13:23,0.02023200,0.99000000
2018-02-27 14:13:25,0.02023400,0.56000000
2018-02-27 14:13:25,0.02023500,0.20000000
2018-02-27 14:13:25,0.02025200,13.93000000
2018-02-27 14:13:25,0.02025600,1.80000000
2018-02-27 14:13:25,0.02025700,0.46000000
2018-02-27 14:13:25,0.02027700,4.00000000
2018-02-27 14:13:25,0.02028000,0.15000000
2018-02-27 14:13:25,0.02029800,0.23000000
2018-02-27 14:13:25,0.02030000,19.28000000
2018-02-27 14:13:25,0.02031600,12.94000000
2018-02-27 14:13:25,0.02031700,15.00000000
2018-02-27 14:13:25,0.02031800,93.20000000
2018-02-27 14:13:25,0.02031800,0.05000000
2018-02-27 14:13:25,0.02031800,15.20000000
2018-02-27 14:13:25,0.02031800,18.75000000
2018-02-27 14:13:25,0.02031800,0.49000000
2018-02-27 14:13:25,0.02031800,46.00000000
2018-02-27 14:13:25,0.02031800,0.65000000
2018-02-27 14:13:25,0.02031800,0.28000000
2018-02-27 14:13:25,0.02031800,0.01000000
2018-02-27 14:13:25,0.02031800,0.27000000
2018-02-27 14:13:25,0.02031800,0.27000000
2018-02-27 14:13:25,0.02031800,1.20000000
2018-02-27 14:13:25,0.02031800,0.46000000
2018-02-27 14:13:25,0.02031800,0.25000000
2018-02-27 14:13:25,0.02031800,0.25000000
2018-02-27 14:13:25,0.02031800,0.25000000
2018-02-27 14:13:25,0.02031800,1.15000000
2018-02-27 14:13:25,0.02031800,0.56000000
2018-02-27 14:13:25,0.02031800,0.46000000
2018-02-27 14:13:25,0.02031800,1.48000000
2018-02-27 14:13:25,0.02031800,1.50000000
2018-02-27 14:13:25,0.02031800,0.69000000
2018-02-27 14:13:25,0.02031800,10.00000000
2018-02-27 14:13:25,0.02031800,1.49000000
2018-02-27 14:13:25,0.02022300,2.33000000
2018-02-27 14:13:26,0.02023600,0.46000000
2018-02-27 14:13:26,0.02022300,2.01000000
2018-02-27 14:13:26,0.02031700,0.25000000
2018-02-27 14:13:26,0.02023800,0.40000000
2018-02-27 14:13:26,0.02023800,0.30000000
2018-02-27 14:13:26,0.02031600,1.00000000
2018-02-27 14:13:26,0.02031700,1.22000000
2018-02-27 14:13:27,0.02031000,0.17000000
2018-02-27 14:13:27,0.02026400,0.06000000
2018-02-27 14:13:27,0.02026400,0.02000000
2018-02-27 14:13:27,0.02028100,0.12000000
2018-02-27 14:13:28,0.02027900,0.24000000
2018-02-27 14:13:28,0.02027900,0.44000000
2018-02-27 14:13:28,0.02027900,0.21000000
2018-02-27 14:13:28,0.02023900,0.76000000
2018-02-27 14:13:28,0.02027900,0.62000000
2018-02-27 14:13:29,0.02027900,1.04000000
2018-02-27 14:13:30,0.02027600,0.54000000
2018-02-27 14:13:30,0.02027600,0.13000000
2018-02-27 14:13:31,0.02027000,0.22000000
2018-02-27 14:13:31,0.02026800,0.68000000
2018-02-27 14:13:31,0.02026800,0.12000000
2018-02-27 14:13:32,0.02026800,0.10000000
2018-02-27 14:13:32,0.02026800,0.10000000
2018-02-27 14:13:34,0.02026800,0.22000000
2018-02-27 14:13:36,0.02024500,0.24000000
2018-02-27 14:13:36,0.02024400,0.11000000
2018-02-27 14:13:38,0.02024400,0.14000000
2018-02-27 14:13:38,0.02024200,0.25000000
2018-02-27 14:13:40,0.02025900,0.18000000
2018-02-27 14:13:41,0.02024200,0.55000000
2018-02-27 14:13:41,0.02024200,0.49000000
2018-02-27 14:13:41,0.02024000,2.39000000
2018-02-27 14:13:41,0.02024200,0.25000000
2018-02-27 14:13:41,0.02024000,0.01000000
2018-02-27 14:13:41,0.02023800,0.14000000
2018-02-27 14:13:43,0.02024000,0.20000000
2018-02-27 14:13:44,0.02024000,0.20000000
2018-02-27 14:13:48,0.02023900,0.14000000
2018-02-27 14:13:48,0.02023900,0.11000000
2018-02-27 14:13:48,0.02022400,0.08000000
2018-02-27 14:13:48,0.02022400,1.52000000
2018-02-27 14:13:55,0.02022700,2.41000000
2018-02-27 14:13:56,0.02022700,2.08000000
2018-02-27 14:14:03,0.02023000,6.19000000
2018-02-27 14:14:03,0.02023000,2.32000000
2018-02-27 14:14:03,0.02022700,0.54000000
2018-02-27 14:14:03,0.02022600,0.44000000
2018-02-27 14:14:06,0.02022800,2.04000000
2018-02-27 14:14:07,0.02022800,0.01000000
2018-02-27 14:14:09,0.02022700,0.09000000
2018-02-27 14:14:11,0.02022600,3.30000000
2018-02-27 14:14:11,0.02021900,1.99000000
2018-02-27 14:14:11,0.02020500,0.06000000
2018-02-27 14:14:11,0.02020500,4.07000000
2018-02-27 14:14:11,0.02020100,11.93000000
2018-02-27 14:14:11,0.02020100,1.19000000
2018-02-27 14:14:12,0.02020100,24.00000000
2018-02-27 14:14:12,0.02020100,0.31000000
2018-02-27 14:14:15,0.02020000,2.44000000
2018-02-27 14:14:16,0.02020000,17.86000000
2018-02-27 14:14:16,0.02018600,0.12000000
2018-02-27 14:14:16,0.02018400,0.95000000
2018-02-27 14:14:17,0.02022300,4.12000000
2018-02-27 14:14:18,0.02018500,0.74000000
2018-02-27 14:14:19,0.02022400,0.11000000
2018-02-27 14:14:19,0.02018600,0.69000000
2018-02-27 14:14:19,0.02022400,0.05000000
2018-02-27 14:14:20,0.02021200,0.46000000
2018-02-27 14:14:22,0.02018500,0.50000000
2018-02-27 14:14:23,0.02021200,0.11000000
2018-02-27 14:14:23,0.02021200,0.11000000
2018-02-27 14:14:24,0.02018500,0.25000000
2018-02-27 14:14:25,0.02021200,0.01000000
2018-02-27 14:14:27,0.02018700,0.13000000
2018-02-27 14:14:27,0.02018700,0.02000000
2018-02-27 14:14:31,0.02018700,0.72000000
2018-02-27 14:14:36,0.02021200,0.12000000
2018-02-27 14:14:36,0.02018700,0.49000000
2018-02-27 14:14:37,0.02022400,1.00000000
2018-02-27 14:14:38,0.02022400,4.29000000
2018-02-27 14:14:39,0.02022400,0.01000000
2018-02-27 14:14:39,0.02022600,0.28000000
2018-02-27 14:14:41,0.02022600,1.19000000
2018-02-27 14:14:44,0.02022600,0.01000000
2018-02-27 14:14:44,0.02022700,0.16000000
2018-02-27 14:14:45,0.02022700,0.11000000
2018-02-27 14:14:45,0.02022700,0.64000000
2018-02-27 14:14:46,0.02023000,1.22000000
2018-02-27 14:14:48,0.02022700,0.11000000
2018-02-27 14:14:48,0.02022700,1.90000000
2018-02-27 14:14:48,0.02022600,0.10000000
2018-02-27 14:14:51,0.02022700,0.11000000
2018-02-27 14:14:52,0.02019300,0.10000000
2018-02-27 14:14:53,0.02019300,0.59000000
2018-02-27 14:14:53,0.02019000,0.44000000
2018-02-27 14:14:53,0.02022700,0.01000000
2018-02-27 14:14:53,0.02022700,0.20000000
2018-02-27 14:14:53,0.02021900,0.11000000
2018-02-27 14:14:54,0.02021900,0.30000000
2018-02-27 14:14:54,0.02021900,0.08000000
2018-02-27 14:14:54,0.02023000,0.01000000
2018-02-27 14:14:54,0.02023900,0.10000000
2018-02-27 14:14:54,0.02023900,0.10000000
2018-02-27 14:14:54,0.02023900,0.19000000
2018-02-27 14:14:54,0.02019000,0.06000000
2018-02-27 14:15:04,0.02020300,0.27000000
2018-02-27 14:15:05,0.02020300,7.21000000
2018-02-27 14:15:05,0.02020000,1.48000000
2018-02-27 14:15:05,0.02019300,1.09000000
2018-02-27 14:15:05,0.02019000,0.17000000
2018-02-27 14:15:05,0.02018700,0.42000000
2018-02-27 14:15:05,0.02018400,1.75000000
2018-02-27 14:15:05,0.02018400,0.67000000
2018-02-27 14:15:05,0.02018300,2.11000000
2018-02-27 14:15:05,0.02018000,1.72000000
2018-02-27 14:15:06,0.02020300,0.49000000
2018-02-27 14:15:06,0.02020300,0.11000000
2018-02-27 14:15:06,0.02021600,0.23000000
2018-02-27 14:15:07,0.02020400,0.49000000
2018-02-27 14:15:08,0.02020300,0.25000000
2018-02-27 14:15:09,0.02019000,0.49000000
2018-02-27 14:15:09,0.02019000,9.62000000
2018-02-27 14:15:12,0.02019700,1.26000000
2018-02-27 14:15:12,0.02023900,1.47000000
2018-02-27 14:15:14,0.02024200,0.75000000
2018-02-27 14:15:14,0.02024400,1.44000000
2018-02-27 14:15:14,0.02020200,1.20000000
2018-02-27 14:15:20,0.02020500,1.66000000
2018-02-27 14:15:22,0.02024600,0.11000000
2018-02-27 14:15:24,0.02024400,0.32000000
2018-02-27 14:15:24,0.02020700,0.23000000
2018-02-27 14:15:24,0.02020600,0.11000000
2018-02-27 14:15:24,0.02020500,1.16000000
2018-02-27 14:15:26,0.02023100,0.11000000
2018-02-27 14:15:26,0.02023100,0.82000000
2018-02-27 14:15:27,0.02023100,0.01000000
2018-02-27 14:15:27,0.02023300,0.13000000
2018-02-27 14:15:31,0.02023300,0.10000000
2018-02-27 14:15:32,0.02024900,4.38000000
2018-02-27 14:15:33,0.02021100,0.24000000
2018-02-27 14:15:34,0.02021100,1.48000000
2018-02-27 14:15:34,0.02021100,2.22000000
2018-02-27 14:15:35,0.02021400,2.72000000
2018-02-27 14:15:41,0.02021600,0.10000000
2018-02-27 14:15:51,0.02021600,1.00000000
2018-02-27 14:15:54,0.02025000,0.15000000
2018-02-27 14:15:56,0.02021700,0.09000000
2018-02-27 14:16:01,0.02023500,0.72000000
2018-02-27 14:16:02,0.02022000,11.24000000
2018-02-27 14:16:08,0.02025000,3.64000000
2018-02-27 14:16:10,0.02022300,0.46000000
2018-02-27 14:16:10,0.02022200,3.87000000
2018-02-27 14:16:10,0.02022000,0.67000000
2018-02-27 14:16:14,0.02022300,0.65000000
2018-02-27 14:16:14,0.02022000,3.69000000
2018-02-27 14:16:14,0.02021400,1.31000000
2018-02-27 14:16:16,0.02022300,1.06000000
2018-02-27 14:16:18,0.02022000,1.00000000
2018-02-27 14:16:19,0.02022300,1.79000000
2018-02-27 14:16:21,0.02022300,0.48000000
2018-02-27 14:16:22,0.02022000,0.80000000
2018-02-27 14:16:24,0.02022300,0.23000000
2018-02-27 14:16:24,0.02022300,7.00000000
2018-02-27 14:16:27,0.02022300,0.21000000
2018-02-27 14:16:28,0.02022300,5.85000000
2018-02-27 14:16:29,0.02022000,0.04000000
2018-02-27 14:16:29,0.02021400,0.34000000
2018-02-27 14:16:37,0.02022000,0.09000000
2018-02-27 14:16:38,0.02023300,0.10000000
2018-02-27 14:16:38,0.02023300,0.27000000
2018-02-27 14:16:40,0.02023300,0.27000000
2018-02-27 14:16:44,0.02023300,0.13000000
2018-02-27 14:16:47,0.02023300,0.95000000
2018-02-27 14:16:52,0.02023300,0.11000000
2018-02-27 14:16:52,0.02023300,0.14000000
2018-02-27 14:17:02,0.02023300,0.86000000
2018-02-27 14:17:06,0.02022300,0.29000000
2018-02-27 14:17:06,0.02022100,0.12000000
2018-02-27 14:17:06,0.02022000,0.11000000
2018-02-27 14:17:06,0.02023300,0.11000000
2018-02-27 14:17:08,0.02023300,3.35000000
2018-02-27 14:17:09,0.02023300,4.24000000
2018-02-27 14:17:10,0.02023300,0.37000000
2018-02-27 14:17:12,0.02022000,0.23000000
2018-02-27 14:17:13,0.02022000,1.26000000
2018-02-27 14:17:13,0.02022000,2.91000000
2018-02-27 14:17:14,0.02023300,2.97000000
2018-02-27 14:17:16,0.02023300,1.00000000
2018-02-27 14:17:22,0.02023800,0.19000000
2018-02-27 14:17:25,0.02022000,0.87000000
2018-02-27 14:17:34,0.02022000,4.11000000
2018-02-27 14:17:34,0.02022000,4.65000000
2018-02-27 14:17:34,0.02022000,5.35000000
2018-02-27 14:17:36,0.02022000,0.36000000
2018-02-27 14:17:37,0.02022000,0.11000000
2018-02-27 14:17:37,0.02022000,4.11000000
2018-02-27 14:17:38,0.02021400,0.25000000
2018-02-27 14:17:41,0.02021400,0.59000000
2018-02-27 14:17:42,0.02022300,0.11000000
2018-02-27 14:17:42,0.02022300,0.34000000
2018-02-27 14:17:43,0.02023500,0.40000000
2018-02-27 14:17:43,0.02023500,0.43000000
2018-02-27 14:17:43,0.02023500,0.50000000
2018-02-27 14:17:45,0.02023500,0.06000000
2018-02-27 14:17:45,0.02023800,0.37000000
2018-02-27 14:17:46,0.02023800,0.40000000
2018-02-27 14:17:46,0.02023800,0.11000000
2018-02-27 14:17:47,0.02023800,2.22000000
2018-02-27 14:17:50,0.02022000,0.25000000
2018-02-27 14:17:53,0.02022000,0.52000000
2018-02-27 14:17:53,0.02022000,0.67000000
2018-02-27 14:17:53,0.02022000,0.66000000
2018-02-27 14:17:54,0.02022000,0.19000000
2018-02-27 14:17:59,0.02022000,0.18000000
2018-02-27 14:18:04,0.02022000,0.10000000
2018-02-27 14:18:04,0.02022000,2.06000000
2018-02-27 14:18:04,0.02022000,0.16000000
2018-02-27 14:18:05,0.02022000,10.24000000
2018-02-27 14:18:07,0.02021400,0.07000000
2018-02-27 14:18:08,0.02021400,2.12000000
2018-02-27 14:18:15,0.02021400,2.45000000
2018-02-27 14:18:16,0.02023200,0.13000000
2018-02-27 14:18:17,0.02021400,4.57000000
2018-02-27 14:18:19,0.02021400,1.99000000
2018-02-27 14:18:22,0.02023300,0.11000000
2018-02-27 14:18:26,0.02021400,0.08000000
2018-02-27 14:18:27,0.02021400,0.32000000
2018-02-27 14:18:27,0.02022800,0.39000000
2018-02-27 14:18:29,0.02021400,0.59000000
2018-02-27 14:18:29,0.02020800,2.67000000
2018-02-27 14:18:30,0.02020800,0.11000000
2018-02-27 14:18:31,0.02020800,6.63000000
2018-02-27 14:18:31,0.02022800,0.30000000
2018-02-27 14:18:32,0.02022800,1.00000000
2018-02-27 14:18:32,0.02022800,0.15000000
2018-02-27 14:18:36,0.02022800,0.49000000
2018-02-27 14:18:37,0.02021400,0.30000000
2018-02-27 14:18:37,0.02021400,0.69000000
2018-02-27 14:18:37,0.02021400,0.01000000
2018-02-27 14:18:37,0.02022800,0.32000000
2018-02-27 14:18:37,0.02022800,0.30000000
2018-02-27 14:18:38,0.02022800,0.64000000
2018-02-27 14:18:38,0.02022800,0.16000000
2018-02-27 14:18:39,0.02022800,0.30000000
2018-02-27 14:18:40,0.02022800,0.50000000
2018-02-27 14:18:40,0.02022800,0.43000000
2018-02-27 14:18:40,0.02022800,0.01000000
2018-02-27 14:18:40,0.02023800,0.49000000
2018-02-27 14:18:41,0.02023800,0.25000000
2018-02-27 14:18:41,0.02024100,0.25000000
2018-02-27 14:18:42,0.02023000,0.40000000
2018-02-27 14:18:42,0.02023000,0.43000000
2018-02-27 14:18:43,0.02023000,0.40000000
2018-02-27 14:18:44,0.02023000,0.27000000
2018-02-27 14:18:44,0.02024100,0.13000000
2018-02-27 14:18:44,0.02024700,0.33000000
2018-02-27 14:18:45,0.02024700,0.52000000
2018-02-27 14:18:46,0.02024600,0.40000000
2018-02-27 14:18:46,0.02024600,0.40000000
2018-02-27 14:18:46,0.02020800,1.03000000
2018-02-27 14:18:46,0.02020100,1.00000000
2018-02-27 14:18:46,0.02020000,7.97000000
2018-02-27 14:18:47,0.02024500,0.40000000
2018-02-27 14:18:48,0.02024400,0.30000000
2018-02-27 14:18:48,0.02020600,0.40000000
2018-02-27 14:18:48,0.02020300,2.07000000
2018-02-27 14:18:48,0.02024400,0.50000000
2018-02-27 14:18:48,0.02020900,4.93000000
2018-02-27 14:18:48,0.02020700,0.80000000
2018-02-27 14:18:48,0.02020300,0.23000000
2018-02-27 14:18:48,0.02020100,5.14000000
2018-02-27 14:18:48,0.02019400,0.09000000
2018-02-27 14:18:48,0.02019100,0.20000000
2018-02-27 14:18:48,0.02019000,5.00000000
2018-02-27 14:18:48,0.02018300,0.40000000
2018-02-27 14:18:48,0.02018000,0.63000000
2018-02-27 14:18:49,0.02024100,0.43000000
2018-02-27 14:18:49,0.02024100,0.40000000
2018-02-27 14:18:50,0.02024000,0.11000000
2018-02-27 14:18:50,0.02024000,0.30000000
2018-02-27 14:18:51,0.02023700,0.40000000
2018-02-27 14:18:51,0.02023000,0.14000000
2018-02-27 14:18:51,0.02022800,0.30000000
2018-02-27 14:18:51,0.02022800,0.53000000
2018-02-27 14:18:52,0.02022800,0.40000000
2018-02-27 14:18:52,0.02022500,0.40000000
2018-02-27 14:18:54,0.02022500,0.53000000
2018-02-27 14:18:54,0.02022500,0.50000000
2018-02-27 14:18:54,0.02022200,0.40000000
2018-02-27 14:18:55,0.02022200,0.40000000
2018-02-27 14:18:55,0.02022200,0.11000000
2018-02-27 14:18:55,0.02022200,0.30000000
2018-02-27 14:18:55,0.02022200,0.23000000
2018-02-27 14:18:55,0.02022400,0.57000000
2018-02-27 14:18:55,0.02022400,0.40000000
2018-02-27 14:18:56,0.02022400,0.40000000
2018-02-27 14:18:56,0.02023000,0.40000000
2018-02-27 14:18:56,0.02023000,0.43000000
2018-02-27 14:18:56,0.02023000,0.40000000
2018-02-27 14:18:57,0.02023000,0.30000000
2018-02-27 14:18:57,0.02023200,0.50000000
2018-02-27 14:18:59,0.02024500,0.53000000
2018-02-27 14:19:00,0.02023000,0.10000000
2018-02-27 14:19:00,0.02023000,0.11000000
2018-02-27 14:19:02,0.02023200,0.10000000
2018-02-27 14:19:02,0.02023000,0.11000000
2018-02-27 14:19:05,0.02023200,0.13000000
2018-02-27 14:19:05,0.02024000,0.37000000
2018-02-27 14:19:06,0.02024000,0.30000000
2018-02-27 14:19:07,0.02024500,0.07000000
2018-02-27 14:19:07,0.02024600,0.43000000
2018-02-27 14:19:12,0.02024400,0.12000000
2018-02-27 14:19:17,0.02023900,1.13000000
2018-02-27 14:19:19,0.02023800,0.44000000
2018-02-27 14:19:21,0.02023700,8.16000000
2018-02-27 14:19:22,0.02021600,0.01000000
2018-02-27 14:19:23,0.02023700,4.29000000
2018-02-27 14:19:27,0.02024400,0.07000000
2018-02-27 14:19:36,0.02024200,8.16000000
2018-02-27 14:19:36,0.02023700,0.11000000
2018-02-27 14:19:38,0.02022000,0.54000000
2018-02-27 14:19:38,0.02022000,0.11000000
2018-02-27 14:19:39,0.02022000,0.81000000
2018-02-27 14:19:39,0.02022000,0.20000000
2018-02-27 14:19:39,0.02022000,1.38000000
2018-02-27 14:19:39,0.02022000,0.20000000
2018-02-27 14:19:40,0.02023700,0.89000000
2018-02-27 14:19:40,0.02024200,0.01000000
2018-02-27 14:19:40,0.02024400,0.01000000
2018-02-27 14:19:45,0.02024300,1.35000000
2018-02-27 14:19:45,0.02024300,1.67000000
2018-02-27 14:19:48,0.02024300,0.01000000
2018-02-27 14:19:48,0.02024300,0.33000000
2018-02-27 14:19:49,0.02024300,0.77000000
2018-02-27 14:19:51,0.02024000,0.12000000
2018-02-27 14:19:51,0.02024000,0.08000000
2018-02-27 14:19:53,0.02024000,0.23000000
2018-02-27 14:19:53,0.02024500,0.11000000
2018-02-27 14:19:54,0.02024000,0.19000000
2018-02-27 14:19:54,0.02024000,0.98000000
2018-02-27 14:19:55,0.02023900,0.93000000
2018-02-27 14:19:57,0.02023900,0.12000000
2018-02-27 14:19:57,0.02024000,0.01000000
2018-02-27 14:19:57,0.02024500,0.27000000
2018-02-27 14:19:58,0.02024500,1.90000000
2018-02-27 14:19:58,0.02024500,0.30000000
2018-02-27 14:20:02,0.02024500,0.11000000
2018-02-27 14:20:02,0.02024500,0.71000000
2018-02-27 14:20:02,0.02024500,39.37000000
2018-02-27 14:20:02,0.02024600,0.56000000
2018-02-27 14:20:02,0.02024800,0.58000000
2018-02-27 14:20:02,0.02024900,4.41000000
2018-02-27 14:20:02,0.02025000,41.69000000
2018-02-27 14:20:02,0.02028900,0.39000000
2018-02-27 14:20:02,0.02025000,52.64000000
2018-02-27 14:20:02,0.02022700,3.71000000
2018-02-27 14:20:04,0.02023100,0.16000000
2018-02-27 14:20:05,0.02028900,0.12000000
2018-02-27 14:20:06,0.02023900,0.53000000
2018-02-27 14:20:06,0.02023900,0.67000000
2018-02-27 14:20:06,0.02024000,0.34000000
2018-02-27 14:20:07,0.02028500,0.13000000
2018-02-27 14:20:07,0.02028500,0.66000000
2018-02-27 14:20:08,0.02028500,0.28000000
2018-02-27 14:20:17,0.02023300,0.26000000
2018-02-27 14:20:20,0.02023000,0.27000000
2018-02-27 14:20:20,0.02023000,0.27000000
2018-02-27 14:20:21,0.02023000,0.06000000
2018-02-27 14:20:22,0.02023000,0.40000000
2018-02-27 14:20:22,0.02023000,0.47000000
2018-02-27 14:20:22,0.02023400,0.86000000
2018-02-27 14:20:24,0.02027500,0.99000000
2018-02-27 14:20:25,0.02026000,1.00000000
2018-02-27 14:20:25,0.02025800,2.85000000
2018-02-27 14:20:25,0.02027400,1.47000000
2018-02-27 14:20:25,0.02028000,10.65000000
2018-02-27 14:20:25,0.02028000,28.72000000
2018-02-27 14:20:25,0.02028000,12.24000000
2018-02-27 14:20:25,0.02028000,0.47000000
2018-02-27 14:20:25,0.02028000,0.38000000
2018-02-27 14:20:25,0.02028000,2.11000000
2018-02-27 14:20:25,0.02028000,16.37000000
2018-02-27 14:20:26,0.02028000,0.20000000
2018-02-27 14:20:26,0.02028000,0.49000000
2018-02-27 14:20:26,0.02028000,0.11000000
2018-02-27 14:20:26,0.02028000,1.12000000
2018-02-27 14:20:26,0.02028000,0.49000000
2018-02-27 14:20:26,0.02028000,0.10000000
2018-02-27 14:20:26,0.02028000,0.49000000
2018-02-27 14:20:26,0.02028000,0.49000000
2018-02-27 14:20:26,0.02028000,2.48000000
2018-02-27 14:20:26,0.02028000,0.30000000
2018-02-27 14:20:26,0.02028000,21.69000000
2018-02-27 14:20:26,0.02028000,5.94000000
2018-02-27 14:20:27,0.02028000,0.27000000
2018-02-27 14:20:27,0.02028000,0.66000000
2018-02-27 14:20:27,0.02028000,2.48000000
2018-02-27 14:20:27,0.02028000,0.20000000
2018-02-27 14:20:28,0.02028000,2.48000000
2018-02-27 14:20:28,0.02028000,0.80000000
2018-02-27 14:20:28,0.02028000,2.48000000
2018-02-27 14:20:29,0.02028000,2.48000000
2018-02-27 14:20:29,0.02028000,0.48000000
2018-02-27 14:20:29,0.02028000,5.96000000
2018-02-27 14:20:30,0.02028000,0.49000000
2018-02-27 14:20:30,0.02028000,0.32000000
2018-02-27 14:20:30,0.02028000,0.41000000
2018-02-27 14:20:30,0.02028000,2.48000000
2018-02-27 14:20:30,0.02028500,1.08000000
2018-02-27 14:20:31,0.02028000,2.48000000
2018-02-27 14:20:31,0.02028000,1.91000000
2018-02-27 14:20:31,0.02028000,0.20000000
2018-02-27 14:20:31,0.02028500,52.13000000
2018-02-27 14:20:31,0.02028500,0.40000000
2018-02-27 14:20:32,0.02028500,2.33000000
2018-02-27 14:20:32,0.02028000,6.54000000
2018-02-27 14:20:32,0.02029000,0.08000000
2018-02-27 14:20:32,0.02030000,0.31000000
2018-02-27 14:20:32,0.02028000,14.13000000
2018-02-27 14:20:33,0.02028000,5.98000000
2018-02-27 14:20:33,0.02028000,0.50000000
2018-02-27 14:20:33,0.02028000,3.50000000
2018-02-27 14:20:33,0.02028000,1.00000000
2018-02-27 14:20:34,0.02028000,12.10000000
2018-02-27 14:20:34,0.02028000,5.03000000
2018-02-27 14:20:34,0.02028000,0.10000000
2018-02-27 14:20:35,0.02028000,2.48000000
2018-02-27 14:20:35,0.02028000,2.00000000
2018-02-27 14:20:37,0.02028000,0.10000000
2018-02-27 14:20:37,0.02028000,3.47000000
2018-02-27 14:20:37,0.02028000,2.00000000
2018-02-27 14:20:38,0.02028000,2.48000000
2018-02-27 14:20:39,0.02028000,2.48000000
2018-02-27 14:20:39,0.02028000,1.50000000
2018-02-27 14:20:40,0.02028000,2.00000000
2018-02-27 14:20:40,0.02028000,0.07000000
2018-02-27 14:20:43,0.02028000,2.48000000
2018-02-27 14:20:44,0.02028000,2.48000000
2018-02-27 14:20:44,0.02028000,2.00000000
2018-02-27 14:20:45,0.02028000,2.48000000
2018-02-27 14:20:45,0.02028000,12.62000000
2018-02-27 14:20:46,0.02028000,2.00000000
2018-02-27 14:20:47,0.02028000,10.00000000
2018-02-27 14:20:47,0.02028000,1.72000000
2018-02-27 14:20:48,0.02028700,1.87000000
2018-02-27 14:20:49,0.02028000,10.00000000
2018-02-27 14:20:49,0.02028000,2.00000000
2018-02-27 14:20:51,0.02028000,1.09000000
2018-02-27 14:20:51,0.02028000,4.93000000
2018-02-27 14:20:52,0.02028000,2.00000000
2018-02-27 14:20:54,0.02028000,4.42000000
2018-02-27 14:20:55,0.02028000,2.48000000
2018-02-27 14:20:57,0.02028000,24.65000000
2018-02-27 14:20:57,0.02028000,0.77000000
2018-02-27 14:20:58,0.02028000,0.55000000
2018-02-27 14:20:59,0.02028000,12.00000000
2018-02-27 14:20:59,0.02028000,12.00000000
2018-02-27 14:21:00,0.02028000,0.05000000
2018-02-27 14:21:01,0.02028000,0.36000000
2018-02-27 14:21:02,0.02028000,8.70000000
2018-02-27 14:21:03,0.02028000,8.72000000
2018-02-27 14:21:05,0.02029700,2.00000000
2018-02-27 14:21:07,0.02028000,0.38000000
2018-02-27 14:21:07,0.02028000,9.53000000
2018-02-27 14:21:09,0.02028000,2.54000000
2018-02-27 14:21:11,0.02028000,0.11000000
2018-02-27 14:21:12,0.02028000,1.11000000
2018-02-27 14:21:13,0.02028000,2.49000000
2018-02-27 14:21:13,0.02028000,2.50000000
2018-02-27 14:21:15,0.02028000,1.00000000
2018-02-27 14:21:18,0.02028000,9.86000000
2018-02-27 14:21:22,0.02028000,0.33000000
2018-02-27 14:21:25,0.02028200,2.48000000
2018-02-27 14:21:25,0.02028200,0.11000000
2018-02-27 14:21:25,0.02028700,1.92000000
2018-02-27 14:21:31,0.02028200,0.56000000
2018-02-27 14:21:32,0.02028500,0.60000000
2018-02-27 14:21:32,0.02028500,0.73000000
2018-02-27 14:21:32,0.02028700,0.98000000
2018-02-27 14:21:32,0.02028500,0.94000000
2018-02-27 14:21:33,0.02028700,3.18000000
2018-02-27 14:21:33,0.02028800,0.23000000
2018-02-27 14:21:35,0.02028800,0.01000000
2018-02-27 14:21:35,0.02030000,0.10000000
2018-02-27 14:21:36,0.02030000,2.39000000
2018-02-27 14:21:37,0.02028500,0.01000000
2018-02-27 14:21:37,0.02028400,0.35000000
2018-02-27 14:21:39,0.02030000,0.11000000
2018-02-27 14:21:40,0.02028000,1.00000000
2018-02-27 14:21:40,0.02030000,0.01000000
2018-02-27 14:21:40,0.02030200,2.29000000
2018-02-27 14:21:40,0.02030200,1.70000000
2018-02-27 14:21:42,0.02028100,0.74000000
2018-02-27 14:21:45,0.02030000,0.16000000
2018-02-27 14:21:46,0.02028400,0.08000000
2018-02-27 14:21:47,0.02030200,0.11000000
2018-02-27 14:21:48,0.02030200,0.12000000
2018-02-27 14:21:51,0.02028400,0.49000000
2018-02-27 14:21:52,0.02028400,0.49000000
2018-02-27 14:21:52,0.02030000,0.13000000
2018-02-27 14:21:52,0.02030000,0.35000000
2018-02-27 14:21:52,0.02030200,0.31000000
2018-02-27 14:21:52,0.02029900,0.52000000
2018-02-27 14:22:01,0.02030200,0.11000000
2018-02-27 14:22:04,0.02028400,0.39000000
2018-02-27 14:22:05,0.02029900,45.88000000
2018-02-27 14:22:07,0.02028400,0.36000000
2018-02-27 14:22:11,0.02029900,0.35000000
2018-02-27 14:22:13,0.02029900,3.15000000
2018-02-27 14:22:14,0.02029900,6.17000000
2018-02-27 14:22:16,0.02028400,0.59000000
2018-02-27 14:22:20,0.02029700,0.15000000
2018-02-27 14:22:20,0.02028500,0.20000000
2018-02-27 14:22:24,0.02028500,0.10000000
2018-02-27 14:22:24,0.02028400,4.14000000
2018-02-27 14:22:25,0.02028400,0.49000000
2018-02-27 14:22:27,0.02028400,1.27000000
2018-02-27 14:22:27,0.02028400,0.08000000
2018-02-27 14:22:28,0.02028400,2.41000000
2018-02-27 14:22:31,0.02028400,3.04000000
2018-02-27 14:22:31,0.02028400,0.45000000
2018-02-27 14:22:31,0.02028400,0.71000000
2018-02-27 14:22:34,0.02028400,1.17000000
2018-02-27 14:22:36,0.02028400,0.23000000
2018-02-27 14:22:36,0.02028400,0.56000000
2018-02-27 14:22:40,0.02028400,6.33000000
2018-02-27 14:22:40,0.02028500,0.55000000
2018-02-27 14:22:41,0.02028500,0.17000000
2018-02-27 14:22:41,0.02028400,0.49000000
2018-02-27 14:22:51,0.02028100,1.00000000
2018-02-27 14:22:58,0.02029900,0.12000000
2018-02-27 14:22:58,0.02029900,52.22000000
2018-02-27 14:23:01,0.02028100,0.49000000
2018-02-27 14:23:14,0.02028100,0.28000000
2018-02-27 14:23:18,0.02028400,13.75000000
2018-02-27 14:23:19,0.02028100,2.50000000
2018-02-27 14:23:19,0.02028100,2.95000000
2018-02-27 14:23:22,0.02028100,9.52000000
2018-02-27 14:23:22,0.02028100,4.73000000
2018-02-27 14:23:24,0.02028000,6.82000000
2018-02-27 14:23:24,0.02028000,1.49000000
2018-02-27 14:23:25,0.02028000,1.06000000
2018-02-27 14:23:29,0.02028100,0.07000000
2018-02-27 14:23:29,0.02028000,1.04000000
2018-02-27 14:23:31,0.02028100,0.49000000
2018-02-27 14:23:32,0.02028100,3.37000000
2018-02-27 14:23:32,0.02028400,0.36000000
2018-02-27 14:23:32,0.02028000,0.49000000
2018-02-27 14:23:32,0.02028400,11.66000000
2018-02-27 14:23:32,0.02028000,5.45000000
2018-02-27 14:23:35,0.02028000,0.10000000
2018-02-27 14:23:35,0.02028000,117.54000000
2018-02-27 14:23:36,0.02027900,0.09000000
2018-02-27 14:23:36,0.02026100,1.48000000
2018-02-27 14:23:36,0.02025800,0.22000000
2018-02-27 14:23:37,0.02025100,1.67000000
2018-02-27 14:23:37,0.02025100,2.47000000
2018-02-27 14:23:37,0.02025000,2.81000000
2018-02-27 14:23:37,0.02025000,1.61000000
2018-02-27 14:23:39,0.02027900,4.14000000
2018-02-27 14:23:39,0.02028000,8.79000000
2018-02-27 14:23:40,0.02025300,0.24000000
2018-02-27 14:23:40,0.02025000,0.22000000
2018-02-27 14:23:40,0.02025700,0.97000000
2018-02-27 14:23:41,0.02025000,1.26000000
2018-02-27 14:23:41,0.02025000,1.04000000
2018-02-27 14:23:41,0.02026000,0.08000000
2018-02-27 14:23:42,0.02026000,3.35000000
2018-02-27 14:23:42,0.02026000,0.31000000
2018-02-27 14:23:44,0.02026000,6.83000000
2018-02-27 14:23:46,0.02026000,0.17000000
2018-02-27 14:23:46,0.02026000,0.23000000
2018-02-27 14:23:52,0.02026000,0.64000000
2018-02-27 14:23:52,0.02026000,6.37000000
2018-02-27 14:23:52,0.02026000,3.02000000
2018-02-27 14:23:55,0.02026000,0.60000000
2018-02-27 14:23:55,0.02026000,0.40000000
2018-02-27 14:23:55,0.02026000,0.43000000
2018-02-27 14:23:56,0.02026000,0.60000000
2018-02-27 14:23:57,0.02025000,0.40000000
2018-02-27 14:23:57,0.02025000,0.43000000
2018-02-27 14:23:58,0.02025000,3.52000000
2018-02-27 14:23:58,0.02025000,0.49000000
2018-02-27 14:23:59,0.02025000,12.95000000
2018-02-27 14:23:59,0.02025000,1.51000000
2018-02-27 14:24:00,0.02025000,0.50000000
2018-02-27 14:24:00,0.02025000,0.43000000
2018-02-27 14:24:00,0.02025000,1.54000000
2018-02-27 14:24:00,0.02025000,6.47000000
2018-02-27 14:24:01,0.02025000,6.47000000
2018-02-27 14:24:02,0.02025000,0.48000000
2018-02-27 14:24:02,0.02025000,0.43000000
2018-02-27 14:24:02,0.02025000,0.50000000
2018-02-27 14:24:02,0.02025000,2.20000000
2018-02-27 14:24:04,0.02025000,0.40000000
2018-02-27 14:24:04,0.02025000,0.43000000
2018-02-27 14:24:05,0.02025000,1.51000000
2018-02-27 14:24:07,0.02024900,0.60000000
2018-02-27 14:24:07,0.02024900,0.40000000
2018-02-27 14:24:07,0.02024900,0.53000000
2018-02-27 14:24:09,0.02024900,0.60000000
2018-02-27 14:24:09,0.02024900,0.68000000
2018-02-27 14:24:09,0.02024900,0.19000000
2018-02-27 14:24:09,0.02025000,0.34000000
2018-02-27 14:24:09,0.02025000,0.19000000
2018-02-27 14:24:09,0.02025000,0.40000000
2018-02-27 14:24:09,0.02025000,0.60000000
2018-02-27 14:24:09,0.02025000,18.93000000
2018-02-27 14:24:09,0.02026000,0.07000000
2018-02-27 14:24:11,0.02026000,0.40000000
2018-02-27 14:24:12,0.02026000,0.33000000
2018-02-27 14:24:12,0.02026000,1.16000000
2018-02-27 14:24:13,0.02024500,2.46000000
2018-02-27 14:24:14,0.02026000,0.43000000
2018-02-27 14:24:14,0.02026000,0.40000000
2018-02-27 14:24:15,0.02024500,2.45000000
2018-02-27 14:24:16,0.02026000,0.25000000
2018-02-27 14:24:16,0.02026000,0.30000000
2018-02-27 14:24:16,0.02026000,0.53000000
2018-02-27 14:24:16,0.02026000,6.30000000
2018-02-27 14:24:16,0.02026000,0.41000000
2018-02-27 14:24:17,0.02027800,3.00000000
2018-02-27 14:24:17,0.02024500,0.01000000
2018-02-27 14:24:17,0.02024300,0.04000000
2018-02-27 14:24:18,0.02024900,0.40000000
2018-02-27 14:24:18,0.02024900,0.53000000
2018-02-27 14:24:18,0.02024900,2.62000000
2018-02-27 14:24:19,0.02024900,0.60000000
2018-02-27 14:24:19,0.02024900,0.40000000
2018-02-27 14:24:19,0.02024900,2.15000000
2018-02-27 14:24:19,0.02025900,0.13000000
2018-02-27 14:24:19,0.02025900,0.40000000
2018-02-27 14:24:20,0.02025100,0.85000000
2018-02-27 14:24:20,0.02025000,0.40000000
2018-02-27 14:24:20,0.02025000,0.40000000
2018-02-27 14:24:21,0.02025000,0.04000000
2018-02-27 14:24:21,0.02025900,0.32000000
2018-02-27 14:24:21,0.02026000,0.04000000
2018-02-27 14:24:21,0.02026000,0.43000000
2018-02-27 14:24:21,0.02026000,0.40000000
2018-02-27 14:24:22,0.02024900,0.59000000
2018-02-27 14:24:22,0.02026000,0.30000000
2018-02-27 14:24:23,0.02026000,0.40000000
2018-02-27 14:24:23,0.02026000,1.50000000
2018-02-27 14:24:23,0.02026000,0.30000000
2018-02-27 14:24:23,0.02026000,0.33000000
2018-02-27 14:24:24,0.02026000,0.30000000
2018-02-27 14:24:24,0.02026000,0.30000000
2018-02-27 14:24:28,0.02027900,0.10000000
2018-02-27 14:24:29,0.02025000,0.46000000
2018-02-27 14:24:29,0.02025000,0.23000000
2018-02-27 14:24:30,0.02027600,0.46000000
2018-02-27 14:24:30,0.02027900,0.39000000
2018-02-27 14:24:37,0.02024900,0.01000000
2018-02-27 14:24:37,0.02024500,1.96000000
2018-02-27 14:24:41,0.02024600,1.46000000
2018-02-27 14:24:41,0.02024500,3.02000000
2018-02-27 14:24:41,0.02024300,11.12000000
2018-02-27 14:24:41,0.02023900,1.54000000
2018-02-27 14:24:47,0.02023900,0.98000000
2018-02-27 14:24:48,0.02023900,2.00000000
2018-02-27 14:24:48,0.02023900,27.05000000
2018-02-27 14:24:48,0.02023900,6.62000000
2018-02-27 14:24:48,0.02026000,1.50000000
2018-02-27 14:24:48,0.02027500,0.49000000
2018-02-27 14:24:48,0.02026100,15.33000000
2018-02-27 14:24:51,0.02026100,0.98000000
2018-02-27 14:24:52,0.02026100,0.81000000
2018-02-27 14:24:53,0.02027600,0.95000000
2018-02-27 14:24:55,0.02027900,3.59000000
2018-02-27 14:24:55,0.02027900,1.50000000
2018-02-27 14:24:59,0.02027900,0.11000000
2018-02-27 14:25:04,0.02025900,0.26000000
2018-02-27 14:25:06,0.02025900,0.05000000
2018-02-27 14:25:07,0.02027900,1.70000000
2018-02-27 14:25:08,0.02027900,0.62000000
2018-02-27 14:25:09,0.02027900,0.34000000
2018-02-27 14:25:10,0.02028800,0.68000000
2018-02-27 14:25:10,0.02027900,0.66000000
2018-02-27 14:25:17,0.02027500,1.00000000
2018-02-27 14:25:19,0.02026000,0.10000000
2018-02-27 14:25:20,0.02026000,0.19000000
2018-02-27 14:25:23,0.02027500,0.94000000
2018-02-27 14:25:23,0.02027500,9.22000000
2018-02-27 14:25:27,0.02027900,1.99000000
2018-02-27 14:25:31,0.02026300,0.39000000
2018-02-27 14:25:31,0.02026100,2.01000000
2018-02-27 14:25:32,0.02027900,0.49000000
2018-02-27 14:25:32,0.02026100,0.08000000
2018-02-27 14:25:36,0.02027800,0.49000000
2018-02-27 14:25:37,0.02027600,0.49000000
2018-02-27 14:25:38,0.02027600,1.60000000
2018-02-27 14:25:38,0.02027800,0.51000000
2018-02-27 14:25:38,0.02027900,0.63000000
2018-02-27 14:25:40,0.02027900,2.83000000
2018-02-27 14:25:44,0.02026000,1.76000000
2018-02-27 14:25:44,0.02025900,0.62000000
2018-02-27 14:25:44,0.02025100,0.49000000
2018-02-27 14:25:44,0.02023400,2.30000000
2018-02-27 14:25:44,0.02023300,0.73000000
2018-02-27 14:25:44,0.02022700,0.06000000
2018-02-27 14:25:44,0.02022400,0.42000000
2018-02-27 14:25:49,0.02027300,0.17000000
2018-02-27 14:25:49,0.02027200,0.55000000
2018-02-27 14:25:53,0.02023500,0.55000000
2018-02-27 14:25:53,0.02023400,0.39000000
2018-02-27 14:25:55,0.02025900,2.12000000
2018-02-27 14:25:55,0.02025900,0.01000000
2018-02-27 14:25:55,0.02026000,0.23000000
2018-02-27 14:25:57,0.02026100,3.26000000
2018-02-27 14:26:06,0.02027500,4.15000000
2018-02-27 14:26:07,0.02027200,0.19000000
2018-02-27 14:26:14,0.02025000,1.50000000
2018-02-27 14:26:16,0.02025200,2.65000000
2018-02-27 14:26:16,0.02023400,0.05000000
2018-02-27 14:26:16,0.02023300,1.48000000
2018-02-27 14:26:16,0.02023000,10.00000000
2018-02-27 14:26:16,0.02022400,1.69000000
2018-02-27 14:26:16,0.02022400,0.98000000
2018-02-27 14:26:16,0.02022400,0.62000000
2018-02-27 14:26:17,0.02027100,0.98000000
2018-02-27 14:26:20,0.02023300,11.83000000
2018-02-27 14:26:20,0.02023300,3.17000000
2018-02-27 14:26:23,0.02027000,1.48000000
2018-02-27 14:26:23,0.02027100,1.00000000
2018-02-27 14:26:23,0.02027200,5.65000000
2018-02-27 14:26:23,0.02027800,4.15000000
2018-02-27 14:26:23,0.02027900,8.39000000
2018-02-27 14:26:23,0.02028000,10.00000000
2018-02-27 14:26:23,0.02028900,4.75000000
2018-02-27 14:26:31,0.02026000,6.04000000
2018-02-27 14:26:32,0.02026000,0.49000000
2018-02-27 14:26:37,0.02025000,3.07000000
2018-02-27 14:26:47,0.02026000,1.10000000
2018-02-27 14:26:48,0.02026000,1.14000000
2018-02-27 14:26:55,0.02026000,1.07000000
2018-02-27 14:26:57,0.02025000,0.10000000
2018-02-27 14:26:59,0.02025000,0.98000000
2018-02-27 14:27:01,0.02024800,0.23000000
2018-02-27 14:27:08,0.02025000,0.21000000
2018-02-27 14:27:12,0.02025000,0.60000000
2018-02-27 14:27:14,0.02025000,1.98000000
2018-02-27 14:27:14,0.02025000,0.60000000
2018-02-27 14:27:15,0.02025000,3.93000000
2018-02-27 14:27:15,0.02025000,0.05000000
2018-02-27 14:27:16,0.02025000,4.84000000
2018-02-27 14:27:16,0.02025000,0.01000000
2018-02-27 14:27:17,0.02026000,12.22000000
2018-02-27 14:27:19,0.02025000,0.47000000
2018-02-27 14:27:21,0.02025000,0.34000000
2018-02-27 14:27:22,0.02025000,0.49000000
2018-02-27 14:27:25,0.02026000,2.00000000
2018-02-27 14:27:28,0.02025000,0.49000000
2018-02-27 14:27:29,0.02026000,0.19000000
2018-02-27 14:27:30,0.02025000,0.52000000
2018-02-27 14:27:30,0.02024000,0.76000000
2018-02-27 14:27:30,0.02023500,0.05000000
2018-02-27 14:27:30,0.02023400,1.48000000
2018-02-27 14:27:30,0.02022800,1.45000000
2018-02-27 14:27:32,0.02025000,0.65000000
2018-02-27 14:27:32,0.02026000,0.49000000
2018-02-27 14:27:33,0.02025900,1.08000000
2018-02-27 14:27:33,0.02025900,0.50000000
2018-02-27 14:27:38,0.02025900,2.57000000
2018-02-27 14:27:38,0.02026000,0.43000000
2018-02-27 14:27:43,0.02023900,0.22000000
2018-02-27 14:27:43,0.02026000,0.22000000
2018-02-27 14:27:43,0.02026000,0.22000000
2018-02-27 14:27:49,0.02026000,0.42000000
2018-02-27 14:27:53,0.02025900,14.58000000
2018-02-27 14:27:53,0.02026000,1.02000000
2018-02-27 14:27:55,0.02026000,1.32000000
2018-02-27 14:27:55,0.02025900,17.58000000
2018-02-27 14:27:55,0.02024300,3.93000000
2018-02-27 14:27:55,0.02024100,4.94000000
2018-02-27 14:27:55,0.02023700,1.81000000
2018-02-27 14:27:55,0.02022800,11.72000000
2018-02-27 14:27:55,0.02022400,1.60000000
2018-02-27 14:27:55,0.02021900,1.48000000
2018-02-27 14:27:55,0.02021600,4.53000000
2018-02-27 14:27:58,0.02022200,0.14000000
2018-02-27 14:27:58,0.02025900,0.42000000
2018-02-27 14:28:01,0.02025900,1.50000000
2018-02-27 14:28:01,0.02022900,0.46000000
2018-02-27 14:28:01,0.02022800,4.07000000
2018-02-27 14:28:02,0.02021900,0.25000000
2018-02-27 14:28:02,0.02021600,3.10000000
2018-02-27 14:28:03,0.02021700,1.26000000
2018-02-27 14:28:05,0.02025000,1.93000000
2018-02-27 14:28:05,0.02025500,0.46000000
2018-02-27 14:28:05,0.02025900,0.08000000
2018-02-27 14:28:08,0.02025900,2.47000000
2018-02-27 14:28:09,0.02025900,1.60000000
2018-02-27 14:28:09,0.02026000,44.78000000
2018-02-27 14:28:09,0.02026200,1.48000000
2018-02-27 14:28:09,0.02026400,1.22000000
2018-02-27 14:28:10,0.02026300,1.48000000
2018-02-27 14:28:10,0.02026400,0.89000000
2018-02-27 14:28:10,0.02027500,0.10000000
2018-02-27 14:28:11,0.02026000,0.49000000
2018-02-27 14:28:11,0.02026000,0.49000000
2018-02-27 14:28:11,0.02026000,0.49000000
2018-02-27 14:28:12,0.02026000,4.92000000
2018-02-27 14:28:12,0.02026000,1.59000000
2018-02-27 14:28:13,0.02026800,0.13000000
2018-02-27 14:28:14,0.02026800,1.50000000
2018-02-27 14:28:17,0.02026800,1.30000000
2018-02-27 14:28:17,0.02027500,20.74000000
2018-02-27 14:28:18,0.02027500,2.39000000
2018-02-27 14:28:18,0.02027600,1.47000000
2018-02-27 14:28:18,0.02028000,3.23000000
2018-02-27 14:28:18,0.02028200,2.42000000
2018-02-27 14:28:18,0.02028400,1.81000000
2018-02-27 14:28:18,0.02028500,2.73000000
2018-02-27 14:28:18,0.02028900,1.95000000
2018-02-27 14:28:18,0.02028900,4.00000000
2018-02-27 14:28:18,0.02026400,1.18000000
2018-02-27 14:28:19,0.02026400,0.70000000
2018-02-27 14:28:19,0.02027500,0.32000000
2018-02-27 14:28:23,0.02024800,0.35000000
2018-02-27 14:28:29,0.02024600,0.10000000
2018-02-27 14:28:29,0.02024600,0.20000000
2018-02-27 14:28:30,0.02024600,0.05000000
2018-02-27 14:28:30,0.02024800,0.03000000
2018-02-27 14:28:30,0.02024800,0.82000000
2018-02-27 14:28:30,0.02026800,2.61000000
2018-02-27 14:28:30,0.02028700,0.28000000
2018-02-27 14:28:30,0.02028900,3.28000000
2018-02-27 14:28:31,0.02028700,0.09000000
2018-02-27 14:28:31,0.02025100,0.49000000
2018-02-27 14:28:32,0.02025200,0.05000000
2018-02-27 14:28:32,0.02028900,0.31000000
2018-02-27 14:28:32,0.02030000,1.50000000
2018-02-27 14:28:32,0.02025400,3.89000000
2018-02-27 14:28:32,0.02025400,1.01000000
2018-02-27 14:28:34,0.02025200,0.17000000
2018-02-27 14:28:39,0.02028700,0.16000000
2018-02-27 14:28:40,0.02028700,0.75000000
2018-02-27 14:28:40,0.02025300,0.23000000
2018-02-27 14:28:42,0.02025800,0.31000000
2018-02-27 14:28:42,0.02025800,0.40000000
2018-02-27 14:28:44,0.02025800,0.31000000
2018-02-27 14:28:44,0.02025800,2.97000000
2018-02-27 14:28:44,0.02026000,8.94000000
2018-02-27 14:28:45,0.02026000,0.43000000
2018-02-27 14:28:45,0.02026000,0.50000000
2018-02-27 14:28:45,0.02026000,0.40000000
2018-02-27 14:28:46,0.02026000,0.31000000
2018-02-27 14:28:46,0.02026000,0.30000000
2018-02-27 14:28:47,0.02026000,0.50000000
2018-02-27 14:28:47,0.02026000,0.30000000
2018-02-27 14:28:47,0.02026000,0.43000000
2018-02-27 14:28:48,0.02026000,0.33000000
2018-02-27 14:28:48,0.02026000,0.40000000
2018-02-27 14:28:48,0.02026000,0.15000000
2018-02-27 14:28:48,0.02025800,0.16000000
2018-02-27 14:28:48,0.02023800,4.81000000
2018-02-27 14:28:48,0.02022400,2.12000000
2018-02-27 14:28:48,0.02021900,1.48000000
2018-02-27 14:28:48,0.02021700,0.91000000
2018-02-27 14:28:48,0.02021600,31.57000000
2018-02-27 14:28:48,0.02026000,0.40000000
2018-02-27 14:28:49,0.02026000,0.30000000
2018-02-27 14:28:49,0.02026000,0.14000000
2018-02-27 14:28:50,0.02026000,0.40000000
2018-02-27 14:28:50,0.02026000,0.33000000
2018-02-27 14:28:50,0.02026000,0.40000000
2018-02-27 14:28:51,0.02026000,0.30000000
2018-02-27 14:28:51,0.02026000,0.40000000
2018-02-27 14:28:52,0.02026000,0.81000000
2018-02-27 14:28:52,0.02026100,1.47000000
2018-02-27 14:28:52,0.02026100,0.01000000
2018-02-27 14:28:52,0.02027900,0.23000000
2018-02-27 14:28:53,0.02028100,0.69000000
2018-02-27 14:29:03,0.02025800,4.92000000
2018-02-27 14:29:03,0.02025600,1.48000000
2018-02-27 14:29:03,0.02025300,0.23000000
2018-02-27 14:29:03,0.02025200,8.82000000
2018-02-27 14:29:03,0.02025200,5.55000000
2018-02-27 14:29:03,0.02025200,0.30000000
2018-02-27 14:29:03,0.02024000,0.49000000
2018-02-27 14:29:07,0.02027400,0.40000000
2018-02-27 14:29:08,0.02027400,0.40000000
2018-02-27 14:29:09,0.02027400,0.40000000
2018-02-27 14:29:09,0.02023400,0.39000000
2018-02-27 14:29:09,0.02023000,0.10000000
2018-02-27 14:29:09,0.02026800,0.50000000
2018-02-27 14:29:09,0.02026800,0.33000000
2018-02-27 14:29:10,0.02026800,0.50000000
2018-02-27 14:29:10,0.02026800,0.14000000
2018-02-27 14:29:11,0.02026800,0.30000000
2018-02-27 14:29:23,0.02026500,1.36000000
2018-02-27 14:29:24,0.02026500,0.59000000
2018-02-27 14:29:24,0.02026700,0.77000000
2018-02-27 14:29:24,0.02026800,1.21000000
2018-02-27 14:29:24,0.02026800,0.49000000
2018-02-27 14:29:24,0.02026800,0.05000000
2018-02-27 14:29:33,0.02026800,6.06000000
2018-02-27 14:29:34,0.02024500,1.48000000
2018-02-27 14:29:34,0.02024500,1.52000000
2018-02-27 14:29:35,0.02024500,0.50000000
2018-02-27 14:29:35,0.02024500,1.18000000
2018-02-27 14:29:35,0.02026800,2.29000000
2018-02-27 14:29:35,0.02027000,1.68000000
2018-02-27 14:29:35,0.02027000,0.29000000
2018-02-27 14:29:35,0.02027900,0.23000000
2018-02-27 14:29:35,0.02028000,1.95000000
2018-02-27 14:29:36,0.02028000,0.68000000
2018-02-27 14:29:36,0.02027000,0.11000000
2018-02-27 14:29:36,0.02027000,1.00000000
2018-02-27 14:29:37,0.02028000,0.97000000
2018-02-27 14:29:37,0.02029800,0.43000000
2018-02-27 14:29:39,0.02027100,0.23000000
2018-02-27 14:29:39,0.02027100,0.42000000
2018-02-27 14:29:41,0.02027000,0.10000000
2018-02-27 14:29:41,0.02027000,1.97000000
2018-02-27 14:29:42,0.02027000,1.75000000
2018-02-27 14:29:42,0.02026800,1.22000000
2018-02-27 14:29:42,0.02026800,1.28000000
2018-02-27 14:29:42,0.02025700,1.47000000
2018-02-27 14:29:50,0.02025700,0.46000000
2018-02-27 14:29:50,0.02026800,0.03000000
2018-02-27 14:29:55,0.02026800,1.00000000
2018-02-27 14:30:02,0.02026400,0.49000000
2018-02-27 14:30:05,0.02024500,0.24000000
2018-02-27 14:30:05,0.02024300,1.68000000
2018-02-27 14:30:05,0.02026400,1.63000000
2018-02-27 14:30:05,0.02026500,0.84000000
2018-02-27 14:30:07,0.02026500,1.69000000
2018-02-27 14:30:13,0.02026500,0.47000000
2018-02-27 14:30:13,0.02026700,4.15000000
2018-02-27 14:30:13,0.02026800,4.89000000
2018-02-27 14:30:17,0.02026800,9.67000000
2018-02-27 14:30:18,0.02025100,1.48000000
2018-02-27 14:30:18,0.02025100,0.98000000
2018-02-27 14:30:19,0.02025100,1.48000000
2018-02-27 14:30:19,0.02026800,0.25000000
2018-02-27 14:30:20,0.02025100,0.20000000
2018-02-27 14:30:20,0.02025100,0.01000000
2018-02-27 14:30:20,0.02024900,0.24000000
2018-02-27 14:30:20,0.02025100,0.19000000
2018-02-27 14:30:21,0.02026800,0.49000000
2018-02-27 14:30:24,0.02024900,2.28000000
2018-02-27 14:30:25,0.02026800,0.25000000
2018-02-27 14:30:27,0.02026400,1.48000000
2018-02-27 14:30:28,0.02026400,1.48000000
2018-02-27 14:30:28,0.02026400,1.69000000
2018-02-27 14:30:29,0.02026400,1.48000000
2018-02-27 14:30:30,0.02026400,1.48000000
2018-02-27 14:30:31,0.02026500,0.25000000
2018-02-27 14:30:31,0.02026400,6.25000000
2018-02-27 14:30:32,0.02025500,2.47000000
2018-02-27 14:30:34,0.02025500,0.90000000
2018-02-27 14:30:34,0.02025000,0.49000000
2018-02-27 14:30:37,0.02026400,0.38000000
2018-02-27 14:30:40,0.02026600,1.84000000
2018-02-27 14:30:40,0.02026600,0.68000000
2018-02-27 14:30:40,0.02025000,0.49000000
2018-02-27 14:30:43,0.02025000,5.82000000
2018-02-27 14:30:46,0.02025000,1.48000000
2018-02-27 14:30:47,0.02025100,0.24000000
2018-02-27 14:30:47,0.02026700,0.13000000
2018-02-27 14:30:52,0.02025000,0.49000000
2018-02-27 14:30:53,0.02026400,0.72000000
2018-02-27 14:30:53,0.02025000,1.55000000
2018-02-27 14:30:54,0.02025000,1.00000000
2018-02-27 14:30:57,0.02026700,0.25000000
2018-02-27 14:30:58,0.02025000,3.91000000
2018-02-27 14:30:59,0.02025000,3.92000000
2018-02-27 14:30:59,0.02024300,6.08000000
2018-02-27 14:31:01,0.02026600,0.20000000
2018-02-27 14:31:03,0.02026600,0.49000000
2018-02-27 14:31:03,0.02026600,0.49000000
2018-02-27 14:31:04,0.02026600,0.83000000
2018-02-27 14:31:07,0.02024300,3.71000000
2018-02-27 14:31:07,0.02024200,1.78000000
2018-02-27 14:31:11,0.02025000,2.66000000
2018-02-27 14:31:12,0.02025000,1.15000000
2018-02-27 14:31:13,0.02024000,0.08000000
2018-02-27 14:31:17,0.02025000,0.01000000
2018-02-27 14:31:17,0.02026300,2.20000000
2018-02-27 14:31:17,0.02026300,1.11000000
2018-02-27 14:31:18,0.02026300,0.49000000
2018-02-27 14:31:18,0.02024000,0.01000000
2018-02-27 14:31:18,0.02023000,0.22000000
2018-02-27 14:31:29,0.02025300,3.32000000
2018-02-27 14:31:30,0.02025600,0.22000000
2018-02-27 14:31:34,0.02023300,0.23000000
2018-02-27 14:31:34,0.02023000,1.89000000
2018-02-27 14:31:35,0.02025900,0.23000000
2018-02-27 14:31:36,0.02024000,18.09000000
2018-02-27 14:31:36,0.02024000,0.30000000
2018-02-27 14:31:36,0.02024000,11.54000000
2018-02-27 14:31:36,0.02024000,0.33000000
2018-02-27 14:31:37,0.02024000,0.33000000
2018-02-27 14:31:37,0.02024000,0.23000000
2018-02-27 14:31:37,0.02023000,0.15000000
2018-02-27 14:31:38,0.02024000,4.73000000
2018-02-27 14:31:38,0.02024000,0.23000000
2018-02-27 14:31:38,0.02024000,5.46000000
2018-02-27 14:31:41,0.02024100,0.08000000
2018-02-27 14:31:43,0.02024200,0.25000000
2018-02-27 14:31:43,0.02024100,0.15000000
2018-02-27 14:31:43,0.02023200,0.09000000
2018-02-27 14:31:43,0.02023200,3.56000000
2018-02-27 14:31:43,0.02023000,1.34000000
2018-02-27 14:31:43,0.02023000,0.28000000
2018-02-27 14:31:43,0.02023000,3.11000000
2018-02-27 14:31:43,0.02026100,1.47000000
2018-02-27 14:31:43,0.02026200,0.29000000
2018-02-27 14:31:43,0.02026400,0.34000000
2018-02-27 14:31:55,0.02023200,0.34000000
2018-02-27 14:31:55,0.02023000,0.15000000
2018-02-27 14:31:56,0.02025000,0.11000000
2018-02-27 14:32:01,0.02023000,0.49000000
2018-02-27 14:32:02,0.02023000,2.60000000
2018-02-27 14:32:03,0.02023000,4.04000000
2018-02-27 14:32:06,0.02023000,1.21000000
2018-02-27 14:32:14,0.02023000,3.97000000
2018-02-27 14:32:15,0.02023000,0.49000000
2018-02-27 14:32:17,0.02023000,3.11000000
2018-02-27 14:32:28,0.02023000,0.98000000
2018-02-27 14:32:31,0.02025000,0.25000000
2018-02-27 14:32:31,0.02025100,2.22000000
2018-02-27 14:32:34,0.02023200,0.09000000
2018-02-27 14:32:34,0.02023000,0.40000000
2018-02-27 14:32:34,0.02023000,0.44000000
2018-02-27 14:32:34,0.02025100,2.47000000
2018-02-27 14:32:36,0.02025100,0.31000000
2018-02-27 14:32:36,0.02025200,0.80000000
2018-02-27 14:32:36,0.02025800,1.36000000
2018-02-27 14:32:38,0.02025800,1.16000000
2018-02-27 14:32:38,0.02025900,1.30000000
2018-02-27 14:32:38,0.02026100,0.01000000
2018-02-27 14:32:40,0.02026100,2.47000000
2018-02-27 14:32:41,0.02023100,0.23000000
2018-02-27 14:32:43,0.02023000,0.20000000
2018-02-27 14:32:44,0.02023000,0.31000000
2018-02-27 14:32:44,0.02023000,12.66000000
2018-02-27 14:32:45,0.02025400,0.09000000
2018-02-27 14:32:46,0.02023000,6.90000000
2018-02-27 14:33:02,0.02023200,0.05000000
2018-02-27 14:33:10,0.02023400,0.10000000
2018-02-27 14:33:13,0.02024000,2.95000000
2018-02-27 14:33:14,0.02024000,0.13000000
2018-02-27 14:33:14,0.02024000,0.51000000
2018-02-27 14:33:14,0.02024000,0.11000000
2018-02-27 14:33:15,0.02024000,0.69000000
2018-02-27 14:33:22,0.02025700,0.19000000
2018-02-27 14:33:27,0.02024000,0.01000000
2018-02-27 14:33:27,0.02023200,0.09000000
2018-02-27 14:33:27,0.02025700,0.40000000
2018-02-27 14:33:30,0.02023200,0.92000000
2018-02-27 14:33:30,0.02023000,1.08000000
2018-02-27 14:33:31,0.02023200,0.30000000
2018-02-27 14:33:31,0.02023200,0.53000000
2018-02-27 14:33:31,0.02023200,0.16000000
2018-02-27 14:33:31,0.02023000,1.40000000
2018-02-27 14:33:33,0.02023200,0.30000000
2018-02-27 14:33:33,0.02023200,0.43000000
2018-02-27 14:33:35,0.02023200,0.11000000
2018-02-27 14:33:35,0.02023200,0.01000000
2018-02-27 14:33:36,0.02025200,0.92000000
2018-02-27 14:33:39,0.02023000,0.26000000
2018-02-27 14:33:39,0.02022700,0.05000000
2018-02-27 14:33:40,0.02023200,0.68000000
2018-02-27 14:33:40,0.02023200,0.01000000
2018-02-27 14:33:40,0.02025200,0.32000000
2018-02-27 14:33:40,0.02025200,0.30000000
2018-02-27 14:33:45,0.02025200,0.28000000
2018-02-27 14:33:45,0.02025200,0.07000000
2018-02-27 14:33:46,0.02023000,0.05000000
2018-02-27 14:33:51,0.02025100,0.20000000
2018-02-27 14:33:52,0.02025100,0.76000000
2018-02-27 14:33:52,0.02025200,7.06000000
2018-02-27 14:33:52,0.02025200,3.94000000
2018-02-27 14:33:53,0.02022700,0.01000000
2018-02-27 14:33:53,0.02022500,0.96000000
2018-02-27 14:33:53,0.02022400,0.51000000
2018-02-27 14:33:53,0.02025100,0.31000000
2018-02-27 14:33:53,0.02025700,0.14000000
2018-02-27 14:33:53,0.02025900,0.06000000
2018-02-27 14:33:54,0.02025200,7.79000000
2018-02-27 14:33:54,0.02022400,1.61000000
2018-02-27 14:33:54,0.02025100,0.01000000
2018-02-27 14:33:54,0.02025900,1.00000000
2018-02-27 14:33:54,0.02025900,2.57000000
2018-02-27 14:33:54,0.02026300,4.15000000
2018-02-27 14:33:54,0.02026400,3.28000000
2018-02-27 14:33:54,0.02025200,2.45000000
2018-02-27 14:33:55,0.02025200,0.01000000
2018-02-27 14:33:56,0.02025100,1.00000000
2018-02-27 14:33:56,0.02025100,5.61000000
2018-02-27 14:33:56,0.02026400,4.39000000
2018-02-27 14:33:56,0.02026400,0.20000000
2018-02-27 14:33:56,0.02025100,1.00000000
2018-02-27 14:33:57,0.02025200,0.06000000
2018-02-27 14:33:57,0.02026400,0.70000000
2018-02-27 14:33:58,0.02025000,0.31000000
2018-02-27 14:33:58,0.02026400,0.19000000
2018-02-27 14:33:58,0.02022000,0.23000000
2018-02-27 14:33:58,0.02021900,5.63000000
2018-02-27 14:33:58,0.02021600,7.11000000
2018-02-27 14:33:58,0.02026400,1.00000000
2018-02-27 14:33:58,0.02024600,0.20000000
2018-02-27 14:33:59,0.02022200,1.22000000
2018-02-27 14:34:00,0.02024600,0.03000000
2018-02-27 14:34:00,0.02026200,0.97000000
2018-02-27 14:34:01,0.02026200,0.51000000
2018-02-27 14:34:01,0.02026300,1.96000000
2018-02-27 14:34:01,0.02026200,0.18000000
2018-02-27 14:34:01,0.02026200,0.20000000
2018-02-27 14:34:02,0.02025100,0.76000000
2018-02-27 14:34:02,0.02025100,1.00000000
2018-02-27 14:34:03,0.02025000,0.62000000
2018-02-27 14:34:03,0.02025100,9.38000000
2018-02-27 14:34:04,0.02025100,1.00000000
2018-02-27 14:34:04,0.02025000,1.00000000
2018-02-27 14:34:04,0.02025000,0.20000000
2018-02-27 14:34:05,0.02025000,2.95000000
2018-02-27 14:34:05,0.02025100,7.05000000
2018-02-27 14:34:06,0.02025100,0.83000000
2018-02-27 14:34:06,0.02024800,1.00000000
2018-02-27 14:34:06,0.02024800,0.20000000
2018-02-27 14:34:07,0.02024800,3.41000000
2018-02-27 14:34:07,0.02025100,0.51000000
2018-02-27 14:34:07,0.02026300,2.65000000
2018-02-27 14:34:07,0.02026400,3.43000000
2018-02-27 14:34:07,0.02026300,0.76000000
2018-02-27 14:34:07,0.02025000,2.47000000
2018-02-27 14:34:08,0.02022700,2.02000000
2018-02-27 14:34:08,0.02026300,0.20000000
2018-02-27 14:34:10,0.02026300,0.04000000
2018-02-27 14:34:10,0.02026400,0.16000000
2018-02-27 14:34:12,0.02026600,2.76000000
2018-02-27 14:34:12,0.02026800,0.04000000
2018-02-27 14:34:12,0.02026800,0.20000000
2018-02-27 14:34:13,0.02026800,0.76000000
2018-02-27 14:34:13,0.02023000,0.11000000
2018-02-27 14:34:13,0.02023200,0.28000000
2018-02-27 14:34:13,0.02026800,4.00000000
2018-02-27 14:34:13,0.02027000,4.19000000
2018-02-27 14:34:14,0.02026600,1.79000000
2018-02-27 14:34:14,0.02027000,0.15000000
2018-02-27 14:34:14,0.02026600,0.68000000
2018-02-27 14:34:15,0.02025200,0.17000000
2018-02-27 14:34:15,0.02025200,0.66000000
2018-02-27 14:34:15,0.02025100,10.00000000
2018-02-27 14:34:16,0.02025100,0.20000000
2018-02-27 14:34:17,0.02023300,0.50000000
2018-02-27 14:34:17,0.02025100,10.00000000
2018-02-27 14:34:18,0.02025100,0.75000000
2018-02-27 14:34:18,0.02025100,0.20000000
2018-02-27 14:34:19,0.02025100,1.00000000
2018-02-27 14:34:20,0.02025100,0.62000000
2018-02-27 14:34:20,0.02026600,0.20000000
2018-02-27 14:34:21,0.02026600,0.54000000
2018-02-27 14:34:21,0.02028000,0.59000000
2018-02-27 14:34:21,0.02028100,0.72000000
2018-02-27 14:34:23,0.02024200,0.39000000
2018-02-27 14:34:23,0.02028000,0.61000000
2018-02-27 14:34:23,0.02028100,0.15000000
2018-02-27 14:34:23,0.02024100,4.94000000
2018-02-27 14:34:24,0.02024200,0.60000000
2018-02-27 14:34:24,0.02027600,4.94000000
2018-02-27 14:34:24,0.02027800,3.25000000
2018-02-27 14:34:24,0.02027800,1.00000000
2018-02-27 14:34:24,0.02027800,2.46000000
2018-02-27 14:34:26,0.02027800,1.21000000
2018-02-27 14:34:26,0.02024100,5.83000000
2018-02-27 14:34:26,0.02027800,4.17000000
2018-02-27 14:34:28,0.02027700,0.25000000
2018-02-27 14:34:28,0.02027800,9.75000000
2018-02-27 14:34:28,0.02027800,2.46000000
2018-02-27 14:34:29,0.02027000,0.18000000
2018-02-27 14:34:31,0.02026000,0.40000000
2018-02-27 14:34:31,0.02027800,2.06000000
2018-02-27 14:34:33,0.02023800,0.56000000
2018-02-27 14:34:34,0.02027800,0.75000000
2018-02-27 14:34:34,0.02027800,1.00000000
2018-02-27 14:34:35,0.02023800,0.36000000
2018-02-27 14:34:35,0.02027700,0.25000000
2018-02-27 14:34:35,0.02027800,2.21000000
2018-02-27 14:34:35,0.02027800,10.00000000
2018-02-27 14:34:37,0.02027400,1.21000000
2018-02-27 14:34:37,0.02027200,0.92000000
2018-02-27 14:34:37,0.02027400,3.40000000
2018-02-27 14:34:37,0.02027800,5.68000000
2018-02-27 14:34:38,0.02024700,0.48000000
2018-02-27 14:34:38,0.02027300,0.25000000
2018-02-27 14:34:38,0.02027800,2.21000000
2018-02-27 14:34:39,0.02027800,0.76000000
2018-02-27 14:34:39,0.02027800,0.35000000
2018-02-27 14:34:39,0.02028100,1.07000000
2018-02-27 14:34:39,0.02028200,2.70000000
2018-02-27 14:34:39,0.02028400,2.03000000
2018-02-27 14:34:39,0.02028600,1.52000000
2018-02-27 14:34:39,0.02028800,2.29000000
2018-02-27 14:34:39,0.02028800,0.39000000
2018-02-27 14:34:40,0.02024700,0.30000000
2018-02-27 14:34:41,0.02024700,0.10000000
2018-02-27 14:34:42,0.02024700,0.49000000
2018-02-27 14:34:42,0.02024700,0.23000000
2018-02-27 14:34:44,0.02025100,0.75000000
2018-02-27 14:34:44,0.02024700,0.19000000
2018-02-27 14:34:44,0.02025100,1.00000000
2018-02-27 14:34:45,0.02025100,0.35000000
2018-02-27 14:34:45,0.02028500,0.68000000
2018-02-27 14:34:46,0.02028400,0.99000000
2018-02-27 14:34:46,0.02028500,9.01000000
2018-02-27 14:34:47,0.02024300,4.94000000
2018-02-27 14:34:47,0.02024100,4.29000000
2018-02-27 14:34:48,0.02028100,3.70000000
2018-02-27 14:34:49,0.02027500,1.00000000
2018-02-27 14:34:51,0.02026900,0.24000000
2018-02-27 14:34:51,0.02027100,1.00000000
2018-02-27 14:34:51,0.02027400,1.74000000
2018-02-27 14:34:51,0.02028600,0.25000000
2018-02-27 14:34:51,0.02028700,0.39000000
2018-02-27 14:34:51,0.02028800,0.39000000
2018-02-27 14:34:52,0.02024400,4.91000000
2018-02-27 14:34:54,0.02026900,1.00000000
2018-02-27 14:34:55,0.02026900,0.76000000
2018-02-27 14:34:57,0.02023300,1.47000000
2018-02-27 14:34:58,0.02026600,2.47000000
2018-02-27 14:34:58,0.02026300,0.68000000
2018-02-27 14:34:58,0.02026500,0.53000000
2018-02-27 14:35:00,0.02026500,0.02000000
2018-02-27 14:35:00,0.02027300,0.73000000
2018-02-27 14:35:02,0.02023900,0.07000000
2018-02-27 14:35:03,0.02026000,3.00000000
2018-02-27 14:35:03,0.02027300,0.74000000
2018-02-27 14:35:03,0.02027500,15.21000000
2018-02-27 14:35:04,0.02027500,2.30000000
2018-02-27 14:35:04,0.02027500,2.30000000
2018-02-27 14:35:04,0.02027500,4.61000000
2018-02-27 14:35:04,0.02027500,0.06000000
2018-02-27 14:35:04,0.02027500,8.19000000
2018-02-27 14:35:04,0.02027500,9.91000000
2018-02-27 14:35:04,0.02027200,0.50000000
2018-02-27 14:35:04,0.02027200,1.97000000
2018-02-27 14:35:04,0.02027500,10.00000000
2018-02-27 14:35:04,0.02027100,0.51000000
2018-02-27 14:35:05,0.02027500,0.76000000
2018-02-27 14:35:06,0.02027500,3.87000000
2018-02-27 14:35:06,0.02027900,6.13000000
2018-02-27 14:35:06,0.02027900,0.22000000
2018-02-27 14:35:06,0.02023700,4.90000000
2018-02-27 14:35:06,0.02023400,1.48000000
2018-02-27 14:35:06,0.02023200,3.87000000
2018-02-27 14:35:06,0.02023000,10.00000000
2018-02-27 14:35:06,0.02022700,4.38000000
2018-02-27 14:35:08,0.02025100,1.18000000
2018-02-27 14:35:25,0.02025100,0.01000000
2018-02-27 14:35:25,0.02023000,0.44000000
2018-02-27 14:35:29,0.02025100,2.00000000
2018-02-27 14:35:32,0.02024400,0.30000000
2018-02-27 14:35:33,0.02024100,0.33000000
2018-02-27 14:35:36,0.02023500,0.57000000
2018-02-27 14:35:36,0.02023500,2.00000000
2018-02-27 14:35:36,0.02023100,5.75000000
2018-02-27 14:35:36,0.02022700,0.30000000
2018-02-27 14:35:39,0.02023500,0.76000000
2018-02-27 14:35:40,0.02023500,0.94000000
2018-02-27 14:35:40,0.02025000,0.26000000
2018-02-27 14:35:40,0.02025400,0.44000000
2018-02-27 14:35:40,0.02025500,0.52000000
2018-02-27 14:35:41,0.02023500,0.21000000
2018-02-27 14:35:46,0.02023500,0.38000000
2018-02-27 14:35:50,0.02023500,0.22000000
2018-02-27 14:35:50,0.02023300,1.79000000
2018-02-27 14:35:53,0.02023300,0.16000000
2018-02-27 14:35:53,0.02025500,12.33000000
2018-02-27 14:36:00,0.02024200,1.00000000
2018-02-27 14:36:02,0.02025400,0.75000000
2018-02-27 14:36:02,0.02025500,0.47000000
2018-02-27 14:36:02,0.02023300,5.50000000
2018-02-27 14:36:10,0.02023300,0.49000000
2018-02-27 14:36:12,0.02025500,0.14000000
2018-02-27 14:36:16,0.02023300,0.49000000
2018-02-27 14:36:19,0.02025100,0.05000000
2018-02-27 14:36:22,0.02023300,1.93000000
2018-02-27 14:36:22,0.02023300,0.01000000
2018-02-27 14:36:22,0.02023000,0.48000000
2018-02-27 14:36:23,0.02025200,4.61000000
2018-02-27 14:36:23,0.02025500,2.63000000
2018-02-27 14:36:33,0.02023100,0.22000000
2018-02-27 14:36:35,0.02023000,3.90000000
2018-02-27 14:36:36,0.02022900,6.55000000
2018-02-27 14:36:38,0.02025300,0.13000000
2018-02-27 14:36:46,0.02024700,0.90000000
2018-02-27 14:36:53,0.02024600,0.25000000
2018-02-27 14:36:53,0.02024600,1.21000000
2018-02-27 14:36:53,0.02024700,0.01000000
2018-02-27 14:36:54,0.02023000,0.44000000
2018-02-27 14:36:54,0.02022900,2.20000000
2018-02-27 14:36:54,0.02022700,11.06000000
2018-02-27 14:36:54,0.02021600,8.20000000
2018-02-27 14:36:54,0.02021500,0.18000000
2018-02-27 14:36:54,0.02021400,8.52000000
2018-02-27 14:36:54,0.02020600,2.50000000
2018-02-27 14:36:54,0.02020500,1.39000000
2018-02-27 14:36:54,0.02020400,0.97000000
2018-02-27 14:36:54,0.02020200,17.00000000
2018-02-27 14:36:54,0.02020000,14.80000000
2018-02-27 14:36:54,0.02020000,0.80000000
2018-02-27 14:36:54,0.02020000,14.34000000
2018-02-27 14:36:54,0.02020000,1.74000000
2018-02-27 14:36:54,0.02020000,0.18000000
2018-02-27 14:36:54,0.02020000,0.21000000
2018-02-27 14:36:54,0.02020000,0.49000000
2018-02-27 14:36:54,0.02020000,3.83000000
2018-02-27 14:36:54,0.02020000,0.49000000
2018-02-27 14:36:54,0.02020000,2.28000000
2018-02-27 14:36:54,0.02020000,0.49000000
2018-02-27 14:36:54,0.02020000,2.28000000
2018-02-27 14:36:54,0.02020000,1.00000000
2018-02-27 14:36:54,0.02020000,0.43000000
2018-02-27 14:36:54,0.02020000,0.50000000
2018-02-27 14:36:55,0.02020000,1.08000000
2018-02-27 14:36:55,0.02020000,0.44000000
2018-02-27 14:36:55,0.02020000,0.53000000
2018-02-27 14:36:56,0.02020000,0.12000000
2018-02-27 14:36:56,0.02020000,2.48000000
2018-02-27 14:36:57,0.02020000,0.40000000
2018-02-27 14:36:57,0.02020000,3.85000000
2018-02-27 14:36:57,0.02020000,12.00000000
2018-02-27 14:36:57,0.02020000,26.20000000
2018-02-27 14:36:57,0.02023000,0.04000000
2018-02-27 14:36:59,0.02022000,0.43000000
2018-02-27 14:36:59,0.02022000,0.40000000
2018-02-27 14:36:59,0.02022000,0.33000000
2018-02-27 14:37:00,0.02024600,0.13000000
2018-02-27 14:37:00,0.02022000,1.00000000
2018-02-27 14:37:00,0.02020100,2.31000000
2018-02-27 14:37:00,0.02020000,1.32000000
2018-02-27 14:37:01,0.02024600,1.16000000
2018-02-27 14:37:02,0.02024500,0.40000000
2018-02-27 14:37:04,0.02024000,0.43000000
2018-02-27 14:37:04,0.02024000,0.30000000
2018-02-27 14:37:04,0.02023900,1.22000000
2018-02-27 14:37:06,0.02023900,0.40000000
2018-02-27 14:37:07,0.02020000,0.48000000
2018-02-27 14:37:07,0.02023800,0.43000000
2018-02-27 14:37:07,0.02023800,0.50000000
2018-02-27 14:37:08,0.02023900,0.12000000
2018-02-27 14:37:08,0.02024000,0.38000000
2018-02-27 14:37:09,0.02024000,0.43000000
2018-02-27 14:37:10,0.02023900,0.40000000
2018-02-27 14:37:11,0.02023900,0.43000000
2018-02-27 14:37:11,0.02023900,0.50000000
2018-02-27 14:37:12,0.02023900,0.09000000
2018-02-27 14:37:12,0.02023900,0.09000000
2018-02-27 14:37:12,0.02024000,0.40000000
2018-02-27 14:37:12,0.02024000,0.09000000
2018-02-27 14:37:12,0.02024000,0.53000000
2018-02-27 14:37:12,0.02024000,0.49000000
2018-02-27 14:37:12,0.02024000,0.24000000
2018-02-27 14:37:12,0.02024000,0.09000000
2018-02-27 14:37:12,0.02024000,0.24000000
2018-02-27 14:37:13,0.02024000,0.40000000
2018-02-27 14:37:13,0.02024600,0.19000000
2018-02-27 14:37:13,0.02024600,0.09000000
2018-02-27 14:37:13,0.02024600,0.30000000
2018-02-27 14:37:13,0.02024600,0.43000000
2018-02-27 14:37:14,0.02024600,0.24000000
2018-02-27 14:37:27,0.02024600,0.49000000
2018-02-27 14:37:30,0.02023900,0.49000000
2018-02-27 14:37:31,0.02024500,0.40000000
2018-02-27 14:37:32,0.02024500,0.26000000
2018-02-27 14:37:32,0.02024600,0.04000000
2018-02-27 14:37:33,0.02024600,0.40000000
2018-02-27 14:37:35,0.02024500,0.50000000
2018-02-27 14:37:36,0.02024500,0.50000000
2018-02-27 14:37:36,0.02024500,0.05000000
2018-02-27 14:37:36,0.02024600,0.35000000
2018-02-27 14:37:42,0.02024600,14.69000000
2018-02-27 14:37:42,0.02023900,0.25000000
2018-02-27 14:37:42,0.02023900,0.13000000
2018-02-27 14:37:44,0.02023900,2.53000000
2018-02-27 14:37:44,0.02020100,2.47000000
2018-02-27 14:37:45,0.02024500,0.40000000
2018-02-27 14:37:45,0.02024500,0.30000000
2018-02-27 14:37:46,0.02020600,1.01000000
2018-02-27 14:37:46,0.02024500,0.40000000
2018-02-27 14:37:47,0.02024500,0.30000000
2018-02-27 14:37:48,0.02024500,0.40000000
2018-02-27 14:37:48,0.02024500,0.67000000
2018-02-27 14:37:48,0.02024600,1.80000000
2018-02-27 14:37:48,0.02024600,0.50000000
2018-02-27 14:37:48,0.02024000,0.33000000
2018-02-27 14:37:48,0.02024000,0.40000000
2018-02-27 14:37:49,0.02023800,0.30000000
2018-02-27 14:37:49,0.02023800,0.50000000
2018-02-27 14:37:50,0.02023800,0.21000000
2018-02-27 14:37:50,0.02024500,0.99000000
2018-02-27 14:37:50,0.02024600,1.27000000
2018-02-27 14:37:50,0.02024600,0.40000000
2018-02-27 14:37:51,0.02024600,0.50000000
2018-02-27 14:37:51,0.02024000,0.53000000
2018-02-27 14:37:51,0.02024000,0.30000000
2018-02-27 14:37:52,0.02024500,0.40000000
2018-02-27 14:37:52,0.02024500,0.30000000
2018-02-27 14:37:53,0.02024500,0.30000000
2018-02-27 14:37:53,0.02020600,1.70000000
2018-02-27 14:37:53,0.02020100,0.80000000
2018-02-27 14:37:54,0.02023900,0.40000000
2018-02-27 14:37:54,0.02023900,0.30000000
2018-02-27 14:37:54,0.02024000,0.23000000
2018-02-27 14:37:55,0.02023900,0.50000000
2018-02-27 14:37:55,0.02023700,0.40000000
2018-02-27 14:37:55,0.02023700,0.40000000
2018-02-27 14:37:55,0.02023900,1.83000000
2018-02-27 14:37:55,0.02024000,0.24000000
2018-02-27 14:37:55,0.02024000,0.30000000
2018-02-27 14:37:56,0.02024000,0.53000000
2018-02-27 14:37:56,0.02024000,0.40000000
2018-02-27 14:37:57,0.02024600,0.40000000
2018-02-27 14:37:58,0.02024500,0.30000000
2018-02-27 14:37:59,0.02024500,0.30000000
2018-02-27 14:37:59,0.02024500,0.56000000
2018-02-27 14:37:59,0.02024600,1.91000000
2018-02-27 14:38:01,0.02024600,0.11000000
2018-02-27 14:38:01,0.02024600,0.54000000
2018-02-27 14:38:01,0.02024600,6.75000000
2018-02-27 14:38:02,0.02024600,2.47000000
2018-02-27 14:38:02,0.02020800,4.92000000
2018-02-27 14:38:02,0.02020300,0.98000000
2018-02-27 14:38:02,0.02020000,3.69000000
2018-02-27 14:38:03,0.02024300,0.40000000
2018-02-27 14:38:03,0.02024000,0.30000000
2018-02-27 14:38:04,0.02020800,0.30000000
2018-02-27 14:38:04,0.02020200,0.49000000
2018-02-27 14:38:04,0.02020800,0.23000000
2018-02-27 14:38:04,0.02020600,1.00000000
2018-02-27 14:38:04,0.02020600,0.53000000
2018-02-27 14:38:04,0.02020600,0.11000000
2018-02-27 14:38:04,0.02020600,0.40000000
2018-02-27 14:38:05,0.02020600,0.16000000
2018-02-27 14:38:05,0.02020600,0.40000000
2018-02-27 14:38:05,0.02020500,0.11000000
2018-02-27 14:38:05,0.02020600,0.50000000
2018-02-27 14:38:05,0.02020600,1.12000000
2018-02-27 14:38:05,0.02020800,0.13000000
2018-02-27 14:38:06,0.02020800,2.35000000
2018-02-27 14:38:06,0.02023000,0.30000000
2018-02-27 14:38:06,0.02023000,1.22000000
2018-02-27 14:38:06,0.02024500,1.25000000
2018-02-27 14:38:07,0.02024500,0.40000000
2018-02-27 14:38:08,0.02024600,2.47000000
2018-02-27 14:38:09,0.02020600,4.92000000
2018-02-27 14:38:09,0.02020600,0.11000000
2018-02-27 14:38:09,0.02020500,4.64000000
2018-02-27 14:38:09,0.02020400,0.28000000
2018-02-27 14:38:09,0.02020600,0.51000000
2018-02-27 14:38:09,0.02020600,0.93000000
2018-02-27 14:38:09,0.02020600,3.12000000
2018-02-27 14:38:10,0.02020500,2.31000000
2018-02-27 14:38:10,0.02020600,0.01000000
2018-02-27 14:38:10,0.02024600,2.46000000
2018-02-27 14:38:12,0.02024600,2.47000000
2018-02-27 14:38:18,0.02020800,4.65000000
2018-02-27 14:38:18,0.02020300,4.15000000
2018-02-27 14:38:18,0.02020200,0.99000000
2018-02-27 14:38:18,0.02020100,5.28000000
2018-02-27 14:38:18,0.02020000,30.56000000
2018-02-27 14:38:18,0.02020000,0.36000000
2018-02-27 14:38:18,0.02020000,4.66000000
2018-02-27 14:38:18,0.02020000,7.74000000
2018-02-27 14:38:20,0.02022700,2.47000000
2018-02-27 14:38:20,0.02022700,0.25000000
2018-02-27 14:38:20,0.02022700,0.11000000
2018-02-27 14:38:21,0.02022700,1.28000000
2018-02-27 14:38:26,0.02024500,15.31000000
2018-02-27 14:38:27,0.02024500,16.71000000
2018-02-27 14:38:27,0.02024400,0.67000000
2018-02-27 14:38:27,0.02024500,9.43000000
2018-02-27 14:38:29,0.02024500,2.47000000
2018-02-27 14:38:29,0.02024500,8.36000000
2018-02-27 14:38:32,0.02020800,0.37000000
2018-02-27 14:38:32,0.02020400,0.15000000
2018-02-27 14:38:33,0.02024400,0.68000000
2018-02-27 14:38:33,0.02024500,1.79000000
2018-02-27 14:38:34,0.02024500,2.47000000
2018-02-27 14:38:36,0.02024400,0.68000000
2018-02-27 14:38:36,0.02024500,0.54000000
2018-02-27 14:38:36,0.02024500,2.47000000
2018-02-27 14:38:38,0.02024400,0.68000000
2018-02-27 14:38:38,0.02024500,1.79000000
2018-02-27 14:38:40,0.02024500,0.20000000
2018-02-27 14:38:42,0.02024500,2.47000000
2018-02-27 14:38:44,0.02024500,2.47000000
2018-02-27 14:38:46,0.02024500,99.44000000
2018-02-27 14:38:46,0.02024500,19.75000000
2018-02-27 14:38:46,0.02024500,2.47000000
2018-02-27 14:38:46,0.02024500,0.25000000
2018-02-27 14:38:47,0.02024500,1.22000000
2018-02-27 14:38:48,0.02024500,2.47000000
2018-02-27 14:38:50,0.02024500,2.47000000
2018-02-27 14:38:52,0.02024500,2.47000000
2018-02-27 14:38:54,0.02024400,2.47000000
2018-02-27 14:38:54,0.02024400,0.11000000
2018-02-27 14:38:56,0.02024000,2.47000000
2018-02-27 14:38:57,0.02024000,0.70000000
2018-02-27 14:38:59,0.02024000,1.16000000
2018-02-27 14:38:59,0.02024400,1.31000000
2018-02-27 14:38:59,0.02024400,1.22000000
2018-02-27 14:39:01,0.02024300,2.47000000
2018-02-27 14:39:03,0.02024300,0.03000000
2018-02-27 14:39:03,0.02024400,2.44000000
2018-02-27 14:39:04,0.02024400,13.01000000
2018-02-27 14:39:06,0.02024400,2.47000000
2018-02-27 14:39:07,0.02024400,16.00000000
2018-02-27 14:39:07,0.02024400,8.21000000
2018-02-27 14:39:07,0.02020600,3.35000000
2018-02-27 14:39:07,0.02024400,3.00000000
2018-02-27 14:39:08,0.02024400,2.47000000
2018-02-27 14:39:08,0.02024200,0.11000000
2018-02-27 14:39:08,0.02024200,3.24000000
2018-02-27 14:39:08,0.02024400,1.53000000
2018-02-27 14:39:09,0.02024400,1.62000000
2018-02-27 14:39:10,0.02024400,2.47000000
2018-02-27 14:39:10,0.02024400,1.22000000
2018-02-27 14:39:12,0.02024400,2.47000000
2018-02-27 14:39:13,0.02024400,0.49000000
2018-02-27 14:39:14,0.02024400,6.62000000
2018-02-27 14:39:15,0.02024400,2.46000000
2018-02-27 14:39:15,0.02024400,1.48000000
2018-02-27 14:39:16,0.02024400,2.47000000
2018-02-27 14:39:16,0.02024400,1.15000000
2018-02-27 14:39:17,0.02024400,1.50000000
2018-02-27 14:39:17,0.02024400,2.31000000
2018-02-27 14:39:18,0.02024400,2.47000000
2018-02-27 14:39:19,0.02024400,4.68000000
2018-02-27 14:39:20,0.02024400,2.47000000
2018-02-27 14:39:21,0.02024400,0.32000000
2018-02-27 14:39:22,0.02024400,2.47000000
2018-02-27 14:39:22,0.02022000,0.71000000
2018-02-27 14:39:22,0.02021800,4.89000000
2018-02-27 14:39:22,0.02024400,0.09000000
2018-02-27 14:39:25,0.02024300,0.20000000
2018-02-27 14:39:25,0.02024400,2.27000000
2018-02-27 14:39:27,0.02024400,2.04000000
2018-02-27 14:39:27,0.02024400,0.49000000
2018-02-27 14:39:29,0.02024400,2.47000000
2018-02-27 14:39:30,0.02024400,0.70000000
2018-02-27 14:39:30,0.02024400,1.40000000
2018-02-27 14:39:30,0.02024400,3.43000000
2018-02-27 14:39:31,0.02024400,2.47000000
2018-02-27 14:39:32,0.02024400,0.11000000
2018-02-27 14:39:32,0.02024400,3.25000000
2018-02-27 14:39:32,0.02024400,1.47000000
2018-02-27 14:39:33,0.02024400,2.31000000
2018-02-27 14:39:34,0.02024400,1.56000000
2018-02-27 14:39:34,0.02024400,2.47000000
2018-02-27 14:39:35,0.02024400,0.11000000
2018-02-27 14:39:36,0.02024400,3.98000000
2018-02-27 14:39:36,0.02024400,2.47000000
2018-02-27 14:39:37,0.02024400,0.48000000
2018-02-27 14:39:38,0.02024400,1.50000000
2018-02-27 14:39:38,0.02024400,2.47000000
2018-02-27 14:39:39,0.02022600,0.98000000
2018-02-27 14:39:39,0.02022300,1.34000000
2018-02-27 14:39:39,0.02021300,2.68000000
2018-02-27 14:39:40,0.02024400,2.47000000
2018-02-27 14:39:41,0.02021300,0.33000000
2018-02-27 14:39:41,0.02024400,0.60000000
2018-02-27 14:39:42,0.02024400,0.10000000
2018-02-27 14:39:42,0.02021600,0.98000000
2018-02-27 14:39:42,0.02021300,0.02000000
2018-02-27 14:39:45,0.02024400,1.06000000
2018-02-27 14:39:47,0.02024400,0.11000000
2018-02-27 14:39:52,0.02024400,9.05000000
2018-02-27 14:39:52,0.02024400,0.70000000
2018-02-27 14:39:55,0.02024400,0.04000000
2018-02-27 14:39:55,0.02024400,0.11000000
2018-02-27 14:39:56,0.02024400,0.79000000
2018-02-27 14:40:00,0.02024400,2.47000000
2018-02-27 14:40:02,0.02024400,0.13000000
2018-02-27 14:40:03,0.02024500,29.05000000
2018-02-27 14:40:04,0.02021900,0.11000000
2018-02-27 14:40:04,0.02024500,1.79000000
2018-02-27 14:40:04,0.02024600,0.68000000
2018-02-27 14:40:04,0.02024600,1.25000000
2018-02-27 14:40:04,0.02024600,0.02000000
2018-02-27 14:40:04,0.02024600,0.70000000
2018-02-27 14:40:06,0.02024600,2.47000000
2018-02-27 14:40:06,0.02024600,0.40000000
2018-02-27 14:40:07,0.02024600,2.47000000
2018-02-27 14:40:09,0.02024600,0.41000000
2018-02-27 14:40:09,0.02024600,15.53000000
2018-02-27 14:40:11,0.02024600,1.22000000
2018-02-27 14:40:11,0.02024700,1.25000000
2018-02-27 14:40:13,0.02024700,2.47000000
2018-02-27 14:40:13,0.02024700,17.73000000
2018-02-27 14:40:14,0.02024700,0.70000000
2018-02-27 14:40:18,0.02024700,1.00000000
2018-02-27 14:40:18,0.02024700,0.96000000
2018-02-27 14:40:18,0.02024800,0.09000000
2018-02-27 14:40:18,0.02025000,1.42000000
2018-02-27 14:40:20,0.02025000,2.47000000
2018-02-27 14:40:20,0.02025000,0.16000000
2018-02-27 14:40:20,0.02025100,1.48000000
2018-02-27 14:40:20,0.02025400,7.88000000
2018-02-27 14:40:20,0.02025500,0.21000000
2018-02-27 14:40:23,0.02024700,0.25000000
2018-02-27 14:40:23,0.02024700,0.24000000
2018-02-27 14:40:25,0.02024700,0.75000000
2018-02-27 14:40:26,0.02025500,0.46000000
2018-02-27 14:40:27,0.02025500,9.46000000
2018-02-27 14:40:28,0.02024700,0.40000000
2018-02-27 14:40:28,0.02025500,0.02000000
2018-02-27 14:40:31,0.02024800,0.35000000
2018-02-27 14:40:32,0.02024800,0.25000000
2018-02-27 14:40:32,0.02025500,0.08000000
2018-02-27 14:40:37,0.02025500,0.37000000
2018-02-27 14:40:38,0.02024800,0.07000000
2018-02-27 14:40:40,0.02024700,0.49000000
2018-02-27 14:40:41,0.02024800,0.04000000
2018-02-27 14:40:41,0.02025000,13.00000000
2018-02-27 14:40:52,0.02025000,0.61000000
2018-02-27 14:40:56,0.02025000,0.20000000
2018-02-27 14:40:56,0.02025000,0.11000000
2018-02-27 14:41:01,0.02025400,0.39000000
2018-02-27 14:41:01,0.02025500,0.27000000
2018-02-27 14:41:02,0.02025500,0.01000000
2018-02-27 14:41:03,0.02025200,0.90000000
2018-02-27 14:41:10,0.02025200,2.00000000
2018-02-27 14:41:10,0.02025200,0.50000000
2018-02-27 14:41:10,0.02025200,1.00000000
2018-02-27 14:41:10,0.02025200,0.50000000
2018-02-27 14:41:11,0.02025200,0.03000000
2018-02-27 14:41:11,0.02025000,0.47000000
2018-02-27 14:41:15,0.02025500,0.12000000
2018-02-27 14:41:17,0.02025500,0.84000000
2018-02-27 14:41:17,0.02025700,2.16000000
2018-02-27 14:41:18,0.02025000,5.57000000
2018-02-27 14:41:18,0.02025000,0.17000000
2018-02-27 14:41:20,0.02025700,3.37000000
2018-02-27 14:41:21,0.02024700,0.38000000
2018-02-27 14:41:24,0.02025700,0.31000000
2018-02-27 14:41:24,0.02025700,0.01000000
2018-02-27 14:41:29,0.02025000,0.20000000
2018-02-27 14:41:30,0.02025000,0.10000000
2018-02-27 14:41:36,0.02025000,0.40000000
2018-02-27 14:41:49,0.02024900,0.05000000
2018-02-27 14:41:51,0.02024900,0.01000000
2018-02-27 14:41:56,0.02024700,3.99000000
2018-02-27 14:42:12,0.02024900,0.17000000
2018-02-27 14:42:12,0.02024900,0.44000000
2018-02-27 14:42:19,0.02025000,0.11000000
2018-02-27 14:42:23,0.02024900,2.89000000
2018-02-27 14:42:28,0.02025000,1.68000000
2018-02-27 14:42:30,0.02024900,0.98000000
2018-02-27 14:42:31,0.02024900,1.24000000
2018-02-27 14:42:31,0.02024700,5.64000000
2018-02-27 14:42:32,0.02024300,1.14000000
2018-02-27 14:42:37,0.02024300,4.93000000
2018-02-27 14:42:42,0.02024300,1.06000000
2018-02-27 14:42:42,0.02024300,1.22000000
2018-02-27 14:42:45,0.02024300,0.20000000
2018-02-27 14:42:45,0.02024300,0.46000000
2018-02-27 14:42:46,0.02024300,2.00000000
2018-02-27 14:42:49,0.02024300,1.01000000
2018-02-27 14:42:57,0.02024300,2.33000000
2018-02-27 14:43:00,0.02024300,1.01000000
2018-02-27 14:43:00,0.02024300,4.93000000
2018-02-27 14:43:07,0.02024300,4.39000000
2018-02-27 14:43:07,0.02024900,1.55000000
2018-02-27 14:43:07,0.02024900,2.00000000
2018-02-27 14:43:13,0.02024800,0.05000000
2018-02-27 14:43:21,0.02024800,0.62000000
2018-02-27 14:43:23,0.02024800,2.14000000
2018-02-27 14:43:23,0.02024800,0.49000000
2018-02-27 14:43:32,0.02024900,0.49000000
2018-02-27 14:43:36,0.02022400,0.47000000
2018-02-27 14:43:37,0.02024800,0.49000000
2018-02-27 14:43:38,0.02024800,0.49000000
2018-02-27 14:43:44,0.02024600,0.11000000
2018-02-27 14:43:44,0.02024600,0.14000000
2018-02-27 14:43:48,0.02024800,0.02000000
2018-02-27 14:43:48,0.02024900,0.97000000
2018-02-27 14:43:49,0.02024900,0.01000000
2018-02-27 14:43:49,0.02025000,4.92000000
2018-02-27 14:43:49,0.02025000,2.29000000
2018-02-27 14:43:50,0.02025000,1.25000000
2018-02-27 14:43:52,0.02024800,0.02000000
2018-02-27 14:43:58,0.02024800,0.11000000
2018-02-27 14:43:59,0.02025000,4.92000000
2018-02-27 14:44:02,0.02024800,0.56000000
2018-02-27 14:44:02,0.02025000,1.21000000
2018-02-27 14:44:02,0.02025000,0.25000000
2018-02-27 14:44:02,0.02024800,0.01000000
2018-02-27 14:44:04,0.02024800,0.34000000
2018-02-27 14:44:08,0.02024800,0.05000000
2018-02-27 14:44:08,0.02025000,8.20000000
2018-02-27 14:44:11,0.02025000,6.17000000
2018-02-27 14:44:14,0.02025000,11.00000000
2018-02-27 14:44:21,0.02023000,0.23000000
2018-02-27 14:44:22,0.02023000,1.07000000
2018-02-27 14:44:22,0.02023000,1.77000000
2018-02-27 14:44:23,0.02025000,1.98000000
2018-02-27 14:44:24,0.02025000,0.08000000
2018-02-27 14:44:28,0.02025000,0.05000000
2018-02-27 14:44:30,0.02025000,6.50000000
2018-02-27 14:44:37,0.02023000,0.11000000
2018-02-27 14:44:37,0.02023000,0.69000000
2018-02-27 14:44:37,0.02023000,0.04000000
2018-02-27 14:44:41,0.02023000,0.73000000
2018-02-27 14:44:41,0.02023000,0.42000000
2018-02-27 14:44:42,0.02023000,1.12000000
2018-02-27 14:44:43,0.02023000,8.38000000
2018-02-27 14:44:53,0.02024800,0.11000000
2018-02-27 14:44:53,0.02025000,9.75000000
2018-02-27 14:44:58,0.02025000,1.17000000
2018-02-27 14:45:04,0.02022600,1.02000000
2018-02-27 14:45:06,0.02025000,0.01000000
2018-02-27 14:45:08,0.02025700,0.41000000
2018-02-27 14:45:08,0.02027400,0.08000000
2018-02-27 14:45:14,0.02023200,1.48000000
2018-02-27 14:45:14,0.02022500,0.02000000
2018-02-27 14:45:22,0.02025000,0.11000000
2018-02-27 14:45:27,0.02024500,0.11000000
2018-02-27 14:45:32,0.02024500,0.11000000
2018-02-27 14:45:34,0.02024600,0.05000000
2018-02-27 14:45:34,0.02025000,0.44000000
2018-02-27 14:45:34,0.02026800,1.00000000
2018-02-27 14:45:37,0.02023200,0.01000000
2018-02-27 14:45:51,0.02024500,1.18000000
2018-02-27 14:45:53,0.02024500,8.82000000
2018-02-27 14:45:53,0.02024600,1.00000000
2018-02-27 14:45:53,0.02025000,4.46000000
2018-02-27 14:46:01,0.02025000,0.49000000
2018-02-27 14:46:03,0.02025000,5.34000000
2018-02-27 14:46:03,0.02027100,0.47000000
2018-02-27 14:46:11,0.02027000,0.49000000
2018-02-27 14:46:16,0.02027100,0.01000000
2018-02-27 14:46:16,0.02027100,2.24000000
2018-02-27 14:46:16,0.02027100,0.72000000
2018-02-27 14:46:18,0.02023000,0.94000000
2018-02-27 14:46:18,0.02022900,0.52000000
2018-02-27 14:46:18,0.02022800,0.17000000
2018-02-27 14:46:18,0.02022500,4.17000000
2018-02-27 14:46:18,0.02022400,1.38000000
2018-02-27 14:46:18,0.02022300,3.95000000
2018-02-27 14:46:18,0.02022100,1.81000000
2018-02-27 14:46:22,0.02023200,0.83000000
2018-02-27 14:46:24,0.02023200,0.98000000
2018-02-27 14:46:25,0.02026900,1.48000000
2018-02-27 14:46:35,0.02023300,4.13000000
