DATE,PRICE,VOLUME
2018-02-27 15:00:03,0.02026800,0.69000000
2018-02-27 15:00:04,0.02026600,1.44000000
2018-02-27 15:00:04,0.02026500,4.01000000
2018-02-27 15:00:05,0.02026500,0.29000000
2018-02-27 15:00:08,0.02026500,0.99000000
2018-02-27 15:00:08,0.02026500,0.39000000
2018-02-27 15:00:09,0.02026500,0.47000000
2018-02-27 15:00:09,0.02026500,3.36000000
2018-02-27 15:00:10,0.02026500,4.44000000
2018-02-27 15:00:10,0.02026500,5.74000000
2018-02-27 15:00:11,0.02026800,0.16000000
2018-02-27 15:00:11,0.02026600,0.16000000
2018-02-27 15:00:13,0.02026600,0.81000000
2018-02-27 15:00:13,0.02026600,0.16000000
2018-02-27 15:00:16,0.02026500,4.00000000
2018-02-27 15:00:16,0.02026800,6.73000000
2018-02-27 15:00:17,0.02026800,4.67000000
2018-02-27 15:00:17,0.02026800,0.01000000
2018-02-27 15:00:17,0.02027200,4.57000000
2018-02-27 15:00:19,0.02027200,0.25000000
2018-02-27 15:00:20,0.02027200,13.48000000
2018-02-27 15:00:20,0.02027500,1.72000000
2018-02-27 15:00:23,0.02026800,0.13000000
2018-02-27 15:00:24,0.02026800,0.05000000
2018-02-27 15:00:25,0.02026800,0.08000000
2018-02-27 15:00:29,0.02027500,0.01000000
2018-02-27 15:00:31,0.02028000,2.31000000
2018-02-27 15:00:32,0.02028100,0.44000000
2018-02-27 15:00:32,0.02028000,2.31000000
2018-02-27 15:00:32,0.02028000,1.80000000
2018-02-27 15:00:33,0.02028000,0.72000000
2018-02-27 15:00:35,0.02028000,0.19000000
2018-02-27 15:00:38,0.02026700,4.16000000
2018-02-27 15:00:48,0.02026800,4.00000000
2018-02-27 15:00:50,0.02026800,6.50000000
2018-02-27 15:00:51,0.02028100,0.12000000
2018-02-27 15:00:51,0.02028400,4.16000000
2018-02-27 15:00:51,0.02028500,1.77000000
2018-02-27 15:00:51,0.02028700,2.50000000
2018-02-27 15:00:51,0.02029000,2.51000000
2018-02-27 15:00:51,0.02029600,4.45000000
2018-02-27 15:00:51,0.02029700,0.49000000
2018-02-27 15:00:52,0.02029700,22.85000000
2018-02-27 15:00:52,0.02030000,1.15000000
2018-02-27 15:00:52,0.02030000,7.04000000
2018-02-27 15:00:53,0.02026700,0.25000000
2018-02-27 15:00:54,0.02029900,0.14000000
2018-02-27 15:00:54,0.02030000,8.47000000
2018-02-27 15:00:54,0.02030000,5.78000000
2018-02-27 15:00:54,0.02030000,2.11000000
2018-02-27 15:00:54,0.02030100,5.27000000
2018-02-27 15:00:55,0.02030000,1.75000000
2018-02-27 15:00:55,0.02030000,0.10000000
2018-02-27 15:00:55,0.02030000,0.16000000
2018-02-27 15:00:55,0.02030000,1.66000000
2018-02-27 15:00:55,0.02030000,0.17000000
2018-02-27 15:00:55,0.02026800,0.23000000
2018-02-27 15:00:55,0.02026700,1.40000000
2018-02-27 15:00:56,0.02026700,0.10000000
2018-02-27 15:00:56,0.02026700,0.40000000
2018-02-27 15:00:56,0.02026700,0.17000000
2018-02-27 15:00:57,0.02029400,0.22000000
2018-02-27 15:01:03,0.02026600,1.20000000
2018-02-27 15:01:03,0.02026600,0.08000000
2018-02-27 15:01:06,0.02026600,0.08000000
2018-02-27 15:01:10,0.02026600,0.08000000
2018-02-27 15:01:15,0.02026600,0.08000000
2018-02-27 15:01:18,0.02028000,6.54000000
2018-02-27 15:01:20,0.02028000,1.28000000
2018-02-27 15:01:22,0.02028900,1.68000000
2018-02-27 15:01:24,0.02028000,0.87000000
2018-02-27 15:01:24,0.02028000,0.08000000
2018-02-27 15:01:26,0.02028100,0.08000000
2018-02-27 15:01:26,0.02028100,8.64000000
2018-02-27 15:01:37,0.02028000,0.19000000
2018-02-27 15:01:38,0.02028000,2.45000000
2018-02-27 15:01:42,0.02028100,0.35000000
2018-02-27 15:01:42,0.02028100,1.21000000
2018-02-27 15:01:43,0.02028100,5.46000000
2018-02-27 15:01:45,0.02028100,0.01000000
2018-02-27 15:01:45,0.02028000,1.36000000
2018-02-27 15:01:47,0.02027800,0.64000000
2018-02-27 15:01:47,0.02027900,1.13000000
2018-02-27 15:01:47,0.02028800,1.00000000
2018-02-27 15:01:47,0.02029000,97.23000000
2018-02-27 15:01:49,0.02027900,3.60000000
2018-02-27 15:01:50,0.02026600,0.10000000
2018-02-27 15:01:54,0.02027900,2.50000000
2018-02-27 15:01:57,0.02027900,0.44000000
2018-02-27 15:01:58,0.02026600,0.44000000
2018-02-27 15:01:59,0.02027900,9.48000000
2018-02-27 15:01:59,0.02027900,0.08000000
2018-02-27 15:01:59,0.02026600,0.11000000
2018-02-27 15:02:00,0.02027900,8.68000000
2018-02-27 15:02:00,0.02027900,0.83000000
2018-02-27 15:02:00,0.02027900,8.86000000
2018-02-27 15:02:02,0.02027900,55.24000000
2018-02-27 15:02:02,0.02027900,0.08000000
2018-02-27 15:02:03,0.02027900,0.08000000
2018-02-27 15:02:03,0.02027900,70.29000000
2018-02-27 15:02:03,0.02029000,21.85000000
2018-02-27 15:02:04,0.02029500,0.58000000
2018-02-27 15:02:08,0.02029500,6.07000000
2018-02-27 15:02:08,0.02029500,1.21000000
2018-02-27 15:02:08,0.02026800,4.15000000
2018-02-27 15:02:08,0.02026700,1.98000000
2018-02-27 15:02:08,0.02026600,1.16000000
2018-02-27 15:02:09,0.02029400,0.12000000
2018-02-27 15:02:10,0.02026600,0.25000000
2018-02-27 15:02:11,0.02026600,0.08000000
2018-02-27 15:02:11,0.02026600,0.08000000
2018-02-27 15:02:20,0.02028000,0.50000000
2018-02-27 15:02:20,0.02028500,0.07000000
2018-02-27 15:02:20,0.02028500,4.10000000
2018-02-27 15:02:20,0.02028500,0.75000000
2018-02-27 15:02:20,0.02028500,3.00000000
2018-02-27 15:02:23,0.02029200,1.06000000
2018-02-27 15:02:23,0.02028500,0.50000000
2018-02-27 15:02:31,0.02029000,0.10000000
2018-02-27 15:02:31,0.02028500,0.08000000
2018-02-27 15:02:32,0.02028500,1.00000000
2018-02-27 15:02:33,0.02029000,2.39000000
2018-02-27 15:02:35,0.02029000,0.48000000
2018-02-27 15:02:35,0.02029100,1.42000000
2018-02-27 15:02:36,0.02028500,0.08000000
2018-02-27 15:02:38,0.02028500,1.05000000
2018-02-27 15:02:39,0.02028500,0.05000000
2018-02-27 15:02:42,0.02029000,1.19000000
2018-02-27 15:02:47,0.02026600,0.58000000
2018-02-27 15:02:48,0.02026600,1.50000000
2018-02-27 15:02:55,0.02028000,0.24000000
2018-02-27 15:02:55,0.02028500,1.11000000
2018-02-27 15:02:56,0.02029000,0.15000000
2018-02-27 15:02:57,0.02028500,1.11000000
2018-02-27 15:02:58,0.02028500,0.16000000
2018-02-27 15:03:00,0.02028500,0.12000000
2018-02-27 15:03:02,0.02028500,19.67000000
2018-02-27 15:03:03,0.02028500,1.19000000
2018-02-27 15:03:03,0.02028500,4.24000000
2018-02-27 15:03:03,0.02028800,0.47000000
2018-02-27 15:03:04,0.02028800,0.16000000
2018-02-27 15:03:05,0.02028500,8.60000000
2018-02-27 15:03:05,0.02028500,0.08000000
2018-02-27 15:03:06,0.02028800,1.50000000
2018-02-27 15:03:06,0.02028500,0.83000000
2018-02-27 15:03:06,0.02029000,0.16000000
2018-02-27 15:03:06,0.02028500,1.02000000
2018-02-27 15:03:08,0.02029100,0.22000000
2018-02-27 15:03:10,0.02029300,0.54000000
2018-02-27 15:03:10,0.02029500,2.96000000
2018-02-27 15:03:14,0.02029500,1.68000000
2018-02-27 15:03:15,0.02030000,1.48000000
2018-02-27 15:03:20,0.02029900,1.44000000
2018-02-27 15:03:20,0.02030000,0.04000000
2018-02-27 15:03:20,0.02029600,1.00000000
2018-02-27 15:03:25,0.02029900,0.93000000
2018-02-27 15:03:26,0.02029600,0.93000000
2018-02-27 15:03:26,0.02029600,0.08000000
2018-02-27 15:03:27,0.02029600,0.08000000
2018-02-27 15:03:28,0.02029600,0.08000000
2018-02-27 15:03:29,0.02029600,4.91000000
2018-02-27 15:03:31,0.02029900,2.63000000
2018-02-27 15:03:32,0.02029600,2.35000000
2018-02-27 15:03:32,0.02029600,0.13000000
2018-02-27 15:03:34,0.02029600,0.08000000
2018-02-27 15:03:34,0.02029600,0.99000000
2018-02-27 15:03:35,0.02029600,2.00000000
2018-02-27 15:03:36,0.02029900,0.82000000
2018-02-27 15:03:39,0.02029900,0.25000000
2018-02-27 15:03:39,0.02030000,3.97000000
2018-02-27 15:03:39,0.02030100,2.02000000
2018-02-27 15:03:39,0.02030200,1.58000000
2018-02-27 15:03:39,0.02030300,1.60000000
2018-02-27 15:03:39,0.02030700,0.30000000
2018-02-27 15:03:39,0.02031500,0.16000000
2018-02-27 15:03:39,0.02031800,3.00000000
2018-02-27 15:03:41,0.02029600,0.08000000
2018-02-27 15:03:43,0.02030000,3.56000000
2018-02-27 15:03:43,0.02030100,0.10000000
2018-02-27 15:03:44,0.02030000,0.10000000
2018-02-27 15:03:44,0.02030100,0.10000000
2018-02-27 15:03:46,0.02029600,0.13000000
2018-02-27 15:03:49,0.02029600,0.08000000
2018-02-27 15:03:49,0.02029600,0.46000000
2018-02-27 15:03:49,0.02030000,0.10000000
2018-02-27 15:03:49,0.02030100,0.10000000
2018-02-27 15:03:49,0.02030200,0.10000000
2018-02-27 15:03:49,0.02030300,0.10000000
2018-02-27 15:03:49,0.02030700,0.10000000
2018-02-27 15:03:49,0.02031500,0.10000000
2018-02-27 15:03:49,0.02031800,0.04000000
2018-02-27 15:03:50,0.02029600,0.08000000
2018-02-27 15:03:52,0.02029600,0.40000000
2018-02-27 15:03:52,0.02029900,2.04000000
2018-02-27 15:03:54,0.02029600,0.08000000
2018-02-27 15:03:55,0.02029600,25.35000000
2018-02-27 15:03:55,0.02029600,5.79000000
2018-02-27 15:03:55,0.02029600,1.34000000
2018-02-27 15:03:57,0.02029900,0.23000000
2018-02-27 15:03:57,0.02030000,0.10000000
2018-02-27 15:03:57,0.02030100,0.10000000
2018-02-27 15:03:57,0.02030200,0.02000000
2018-02-27 15:03:57,0.02029600,0.25000000
2018-02-27 15:03:57,0.02030000,0.10000000
2018-02-27 15:03:57,0.02030200,0.08000000
2018-02-27 15:03:57,0.02030300,0.10000000
2018-02-27 15:03:57,0.02030700,0.10000000
2018-02-27 15:03:57,0.02031500,0.10000000
2018-02-27 15:03:57,0.02031800,0.69000000
2018-02-27 15:03:59,0.02029600,20.70000000
2018-02-27 15:04:01,0.02029600,17.27000000
2018-02-27 15:04:02,0.02030000,0.10000000
2018-02-27 15:04:02,0.02030100,0.10000000
2018-02-27 15:04:02,0.02030200,0.20000000
2018-02-27 15:04:02,0.02030300,0.04000000
2018-02-27 15:04:02,0.02030000,0.10000000
2018-02-27 15:04:02,0.02030200,0.01000000
2018-02-27 15:04:04,0.02030100,0.10000000
2018-02-27 15:04:04,0.02029600,0.13000000
2018-02-27 15:04:05,0.02030000,0.10000000
2018-02-27 15:04:05,0.02030200,0.74000000
2018-02-27 15:04:05,0.02029600,23.06000000
2018-02-27 15:04:05,0.02030300,0.16000000
2018-02-27 15:04:05,0.02030700,0.10000000
2018-02-27 15:04:05,0.02031500,0.07000000
2018-02-27 15:04:06,0.02029600,0.30000000
2018-02-27 15:04:06,0.02030100,0.10000000
2018-02-27 15:04:07,0.02031500,0.03000000
2018-02-27 15:04:07,0.02031800,1.53000000
2018-02-27 15:04:07,0.02032100,0.33000000
2018-02-27 15:04:07,0.02030000,0.10000000
2018-02-27 15:04:07,0.02032100,0.21000000
2018-02-27 15:04:07,0.02033000,0.97000000
2018-02-27 15:04:09,0.02030200,0.10000000
2018-02-27 15:04:09,0.02030300,0.10000000
2018-02-27 15:04:09,0.02030700,0.10000000
2018-02-27 15:04:09,0.02031500,0.10000000
2018-02-27 15:04:09,0.02033000,1.19000000
2018-02-27 15:04:11,0.02030100,0.10000000
2018-02-27 15:04:11,0.02031500,0.10000000
2018-02-27 15:04:11,0.02033000,0.04000000
2018-02-27 15:04:12,0.02030100,0.10000000
2018-02-27 15:04:15,0.02030200,0.10000000
2018-02-27 15:04:15,0.02030300,0.10000000
2018-02-27 15:04:17,0.02030500,0.10000000
2018-02-27 15:04:18,0.02030700,0.10000000
2018-02-27 15:04:18,0.02031500,0.20000000
2018-02-27 15:04:18,0.02031800,0.10000000
2018-02-27 15:04:18,0.02032100,0.20000000
2018-02-27 15:04:18,0.02033000,0.26000000
2018-02-27 15:04:18,0.02033800,0.17000000
2018-02-27 15:04:18,0.02034300,0.15000000
2018-02-27 15:04:18,0.02034500,0.23000000
2018-02-27 15:04:18,0.02034700,0.14000000
2018-02-27 15:04:18,0.02035000,9.00000000
2018-02-27 15:04:18,0.02035200,0.18000000
2018-02-27 15:04:18,0.02035300,0.05000000
2018-02-27 15:04:18,0.02035800,0.21000000
2018-02-27 15:04:18,0.02036200,4.90000000
2018-02-27 15:04:18,0.02036300,0.21000000
2018-02-27 15:04:19,0.02033000,0.10000000
2018-02-27 15:04:19,0.02030700,0.10000000
2018-02-27 15:04:20,0.02031000,0.10000000
2018-02-27 15:04:20,0.02031300,0.10000000
2018-02-27 15:04:21,0.02031300,0.10000000
2018-02-27 15:04:22,0.02031300,0.10000000
2018-02-27 15:04:25,0.02031300,0.50000000
2018-02-27 15:04:25,0.02031500,0.10000000
2018-02-27 15:04:25,0.02031800,0.10000000
2018-02-27 15:04:26,0.02032100,0.10000000
2018-02-27 15:04:26,0.02033000,0.10000000
2018-02-27 15:04:26,0.02033800,0.20000000
2018-02-27 15:04:28,0.02034300,0.20000000
2018-02-27 15:04:28,0.02034500,0.20000000
2018-02-27 15:04:28,0.02034700,0.20000000
2018-02-27 15:04:28,0.02031400,0.03000000
2018-02-27 15:04:29,0.02031400,0.10000000
2018-02-27 15:04:29,0.02031400,0.10000000
2018-02-27 15:04:29,0.02031400,0.10000000
2018-02-27 15:04:31,0.02031300,0.09000000
2018-02-27 15:04:31,0.02031500,0.10000000
2018-02-27 15:04:32,0.02031800,0.10000000
2018-02-27 15:04:32,0.02031500,0.10000000
2018-02-27 15:04:33,0.02031500,0.10000000
2018-02-27 15:04:33,0.02031500,0.10000000
2018-02-27 15:04:33,0.02032100,0.10000000
2018-02-27 15:04:33,0.02033000,0.20000000
2018-02-27 15:04:33,0.02033800,0.20000000
2018-02-27 15:04:33,0.02034000,0.23000000
2018-02-27 15:04:33,0.02034300,0.20000000
2018-02-27 15:04:33,0.02034500,0.10000000
2018-02-27 15:04:34,0.02031500,0.10000000
2018-02-27 15:04:34,0.02031800,0.10000000
2018-02-27 15:04:34,0.02032100,0.10000000
2018-02-27 15:04:34,0.02033000,0.10000000
2018-02-27 15:04:34,0.02034500,0.10000000
2018-02-27 15:04:34,0.02034500,0.05000000
2018-02-27 15:04:35,0.02034500,3.75000000
2018-02-27 15:04:36,0.02033800,0.20000000
2018-02-27 15:04:36,0.02034000,0.20000000
2018-02-27 15:04:36,0.02034300,0.20000000
2018-02-27 15:04:36,0.02034500,0.20000000
2018-02-27 15:04:36,0.02034700,0.20000000
2018-02-27 15:04:36,0.02035000,0.10000000
2018-02-27 15:04:36,0.02031500,0.10000000
2018-02-27 15:04:36,0.02031600,4.16000000
2018-02-27 15:04:36,0.02031500,0.79000000
2018-02-27 15:04:36,0.02031300,0.50000000
2018-02-27 15:04:36,0.02031100,1.47000000
2018-02-27 15:04:36,0.02031000,0.99000000
2018-02-27 15:04:37,0.02031800,0.10000000
2018-02-27 15:04:37,0.02032100,0.10000000
2018-02-27 15:04:38,0.02033000,0.10000000
2018-02-27 15:04:38,0.02034500,0.16000000
2018-02-27 15:04:39,0.02033800,0.20000000
2018-02-27 15:04:39,0.02034000,0.20000000
2018-02-27 15:04:39,0.02034300,0.20000000
2018-02-27 15:04:39,0.02034500,0.04000000
2018-02-27 15:04:39,0.02034900,0.61000000
2018-02-27 15:04:40,0.02033000,0.05000000
2018-02-27 15:04:40,0.02031500,0.10000000
2018-02-27 15:04:40,0.02034500,0.03000000
2018-02-27 15:04:41,0.02031600,0.10000000
2018-02-27 15:04:41,0.02034500,0.17000000
2018-02-27 15:04:41,0.02034700,0.20000000
2018-02-27 15:04:41,0.02034900,0.08000000
2018-02-27 15:04:41,0.02031500,0.10000000
2018-02-27 15:04:41,0.02031300,0.10000000
2018-02-27 15:04:42,0.02031100,0.10000000
2018-02-27 15:04:42,0.02031100,0.10000000
2018-02-27 15:04:43,0.02031800,0.10000000
2018-02-27 15:04:43,0.02032100,0.10000000
2018-02-27 15:04:44,0.02033000,0.10000000
2018-02-27 15:04:44,0.02033800,0.20000000
2018-02-27 15:04:44,0.02034000,0.20000000
2018-02-27 15:04:44,0.02034500,0.20000000
2018-02-27 15:04:44,0.02035000,0.30000000
2018-02-27 15:04:44,0.02035200,0.20000000
2018-02-27 15:04:44,0.02035300,0.20000000
2018-02-27 15:04:44,0.02035800,0.20000000
2018-02-27 15:04:44,0.02036200,0.20000000
2018-02-27 15:04:45,0.02031100,3.70000000
2018-02-27 15:04:45,0.02031000,9.01000000
2018-02-27 15:04:45,0.02030500,2.02000000
2018-02-27 15:04:45,0.02030200,1.37000000
2018-02-27 15:04:45,0.02030100,0.30000000
2018-02-27 15:04:45,0.02030000,15.17000000
2018-02-27 15:04:45,0.02034300,0.20000000
2018-02-27 15:04:46,0.02031500,0.10000000
2018-02-27 15:04:46,0.02033000,0.10000000
2018-02-27 15:04:46,0.02033700,0.23000000
2018-02-27 15:04:46,0.02034300,3.34000000
2018-02-27 15:04:48,0.02031500,0.10000000
2018-02-27 15:04:48,0.02031500,0.10000000
2018-02-27 15:04:48,0.02031500,0.10000000
2018-02-27 15:04:49,0.02031600,0.10000000
2018-02-27 15:04:50,0.02031800,0.10000000
2018-02-27 15:04:50,0.02032100,0.10000000
2018-02-27 15:04:50,0.02033000,0.10000000
2018-02-27 15:04:50,0.02034400,0.13000000
2018-02-27 15:04:50,0.02034500,0.60000000
2018-02-27 15:04:53,0.02031500,0.10000000
2018-02-27 15:04:53,0.02031500,0.10000000
2018-02-27 15:04:53,0.02031500,0.10000000
2018-02-27 15:04:54,0.02031500,0.10000000
2018-02-27 15:04:54,0.02031500,0.10000000
2018-02-27 15:04:54,0.02031500,0.10000000
2018-02-27 15:04:56,0.02031200,0.21000000
2018-02-27 15:04:56,0.02031500,0.10000000
2018-02-27 15:04:56,0.02033000,0.10000000
2018-02-27 15:04:57,0.02031500,0.10000000
2018-02-27 15:04:57,0.02031600,0.10000000
2018-02-27 15:04:58,0.02031800,0.10000000
2018-02-27 15:04:58,0.02032100,0.10000000
2018-02-27 15:04:59,0.02032300,0.10000000
2018-02-27 15:04:59,0.02033000,0.10000000
2018-02-27 15:04:59,0.02033700,0.20000000
2018-02-27 15:04:59,0.02033800,0.20000000
2018-02-27 15:04:59,0.02034000,0.20000000
2018-02-27 15:04:59,0.02034300,0.40000000
2018-02-27 15:04:59,0.02034400,0.20000000
2018-02-27 15:04:59,0.02034500,0.40000000
2018-02-27 15:04:59,0.02034700,0.20000000
2018-02-27 15:04:59,0.02034900,0.40000000
2018-02-27 15:04:59,0.02035000,0.20000000
2018-02-27 15:04:59,0.02035200,0.23000000
2018-02-27 15:04:59,0.02032300,0.10000000
2018-02-27 15:04:59,0.02033800,0.29000000
2018-02-27 15:04:59,0.02033800,0.01000000
2018-02-27 15:04:59,0.02032300,0.09000000
2018-02-27 15:05:00,0.02032300,0.10000000
2018-02-27 15:05:00,0.02032300,0.49000000
2018-02-27 15:05:00,0.02032300,0.49000000
2018-02-27 15:05:00,0.02032300,2.79000000
2018-02-27 15:05:00,0.02033000,0.10000000
2018-02-27 15:05:00,0.02032300,0.01000000
2018-02-27 15:05:00,0.02032200,0.09000000
2018-02-27 15:05:01,0.02032200,0.10000000
2018-02-27 15:05:01,0.02032200,0.10000000
2018-02-27 15:05:02,0.02032200,1.26000000
2018-02-27 15:05:02,0.02032200,0.19000000
2018-02-27 15:05:06,0.02032300,0.10000000
2018-02-27 15:05:06,0.02033000,0.10000000
2018-02-27 15:05:06,0.02033700,0.20000000
2018-02-27 15:05:06,0.02033800,0.20000000
2018-02-27 15:05:06,0.02034000,0.20000000
2018-02-27 15:05:06,0.02034300,0.20000000
2018-02-27 15:05:06,0.02034400,0.20000000
2018-02-27 15:05:06,0.02034500,0.20000000
2018-02-27 15:05:06,0.02034700,0.20000000
2018-02-27 15:05:06,0.02034900,0.20000000
2018-02-27 15:05:06,0.02035000,0.20000000
2018-02-27 15:05:06,0.02035100,0.73000000
2018-02-27 15:05:06,0.02032200,0.83000000
2018-02-27 15:05:08,0.02032200,0.15000000
2018-02-27 15:05:09,0.02032200,0.49000000
2018-02-27 15:05:09,0.02032200,1.30000000
2018-02-27 15:05:10,0.02032200,8.39000000
2018-02-27 15:05:10,0.02031600,6.12000000
2018-02-27 15:05:20,0.02031600,1.97000000
2018-02-27 15:05:21,0.02031600,0.73000000
2018-02-27 15:05:25,0.02031600,1.68000000
2018-02-27 15:05:26,0.02031600,0.20000000
2018-02-27 15:05:29,0.02032000,0.33000000
2018-02-27 15:05:32,0.02032000,1.51000000
2018-02-27 15:05:32,0.02032000,0.49000000
2018-02-27 15:05:33,0.02032000,0.76000000
2018-02-27 15:05:34,0.02032200,0.29000000
2018-02-27 15:05:38,0.02032000,0.98000000
2018-02-27 15:05:39,0.02032000,0.09000000
2018-02-27 15:05:39,0.02032200,0.32000000
2018-02-27 15:05:39,0.02032300,0.16000000
2018-02-27 15:05:42,0.02032000,4.47000000
2018-02-27 15:05:43,0.02032300,0.29000000
2018-02-27 15:05:43,0.02033800,0.20000000
2018-02-27 15:05:43,0.02033900,3.44000000
2018-02-27 15:05:43,0.02034000,0.91000000
2018-02-27 15:05:44,0.02034000,0.10000000
2018-02-27 15:05:44,0.02034000,9.71000000
2018-02-27 15:05:44,0.02034000,0.49000000
2018-02-27 15:05:44,0.02034000,0.10000000
2018-02-27 15:05:45,0.02034100,4.18000000
2018-02-27 15:05:45,0.02034000,2.72000000
2018-02-27 15:05:46,0.02034000,3.50000000
2018-02-27 15:05:46,0.02034000,0.10000000
2018-02-27 15:05:46,0.02034000,0.16000000
2018-02-27 15:05:47,0.02034100,0.10000000
2018-02-27 15:05:47,0.02034200,0.39000000
2018-02-27 15:05:47,0.02034300,0.10000000
2018-02-27 15:05:47,0.02034400,0.10000000
2018-02-27 15:05:47,0.02034500,0.10000000
2018-02-27 15:05:47,0.02034700,0.10000000
2018-02-27 15:05:47,0.02034900,0.10000000
2018-02-27 15:05:47,0.02035000,0.10000000
2018-02-27 15:05:47,0.02035100,0.10000000
2018-02-27 15:05:47,0.02035200,0.20000000
2018-02-27 15:05:47,0.02035300,0.20000000
2018-02-27 15:05:47,0.02035800,0.20000000
2018-02-27 15:05:47,0.02036200,0.20000000
2018-02-27 15:05:47,0.02036300,0.40000000
2018-02-27 15:05:47,0.02036800,0.09000000
2018-02-27 15:05:47,0.02037900,4.18000000
2018-02-27 15:05:47,0.02038000,2.35000000
2018-02-27 15:05:48,0.02034100,0.10000000
2018-02-27 15:05:49,0.02034100,0.49000000
2018-02-27 15:05:49,0.02034100,0.25000000
2018-02-27 15:05:49,0.02034100,3.56000000
2018-02-27 15:05:49,0.02034000,3.77000000
2018-02-27 15:05:51,0.02034000,1.57000000
2018-02-27 15:05:53,0.02034000,0.08000000
2018-02-27 15:05:53,0.02034000,0.79000000
2018-02-27 15:05:54,0.02034200,0.10000000
2018-02-27 15:05:54,0.02034300,0.10000000
2018-02-27 15:05:54,0.02034400,0.10000000
2018-02-27 15:05:54,0.02034500,0.10000000
2018-02-27 15:05:54,0.02034700,0.10000000
2018-02-27 15:05:54,0.02034900,0.10000000
2018-02-27 15:05:54,0.02035000,0.10000000
2018-02-27 15:05:54,0.02035100,0.10000000
2018-02-27 15:05:54,0.02035200,0.10000000
2018-02-27 15:05:54,0.02035300,0.10000000
2018-02-27 15:05:54,0.02035800,0.10000000
2018-02-27 15:05:54,0.02036200,0.10000000
2018-02-27 15:05:54,0.02036300,0.10000000
2018-02-27 15:05:54,0.02036700,0.23000000
2018-02-27 15:05:54,0.02036800,0.10000000
2018-02-27 15:05:54,0.02037900,0.19000000
2018-02-27 15:05:54,0.02034000,0.08000000
2018-02-27 15:05:54,0.02034000,4.42000000
2018-02-27 15:05:54,0.02034000,0.10000000
2018-02-27 15:05:55,0.02034000,4.70000000
2018-02-27 15:05:56,0.02034000,0.09000000
2018-02-27 15:05:56,0.02034000,7.23000000
2018-02-27 15:05:56,0.02034000,0.90000000
2018-02-27 15:05:59,0.02034000,2.02000000
2018-02-27 15:05:59,0.02034000,0.90000000
2018-02-27 15:05:59,0.02034000,1.84000000
2018-02-27 15:05:59,0.02034000,4.94000000
2018-02-27 15:06:00,0.02034000,0.05000000
2018-02-27 15:06:00,0.02034000,0.10000000
2018-02-27 15:06:01,0.02034000,1.27000000
2018-02-27 15:06:04,0.02034000,10.26000000
2018-02-27 15:06:07,0.02034000,0.53000000
2018-02-27 15:06:08,0.02034100,0.10000000
2018-02-27 15:06:08,0.02034100,0.10000000
2018-02-27 15:06:09,0.02034100,0.09000000
2018-02-27 15:06:09,0.02034100,0.26000000
2018-02-27 15:06:09,0.02034100,0.01000000
2018-02-27 15:06:09,0.02034000,2.99000000
2018-02-27 15:06:10,0.02034000,0.99000000
2018-02-27 15:06:12,0.02034000,1.62000000
2018-02-27 15:06:12,0.02034000,0.16000000
2018-02-27 15:06:12,0.02034000,4.27000000
2018-02-27 15:06:12,0.02034000,8.86000000
2018-02-27 15:06:12,0.02034000,3.50000000
2018-02-27 15:06:12,0.02034000,8.85000000
2018-02-27 15:06:13,0.02034000,1.40000000
2018-02-27 15:06:13,0.02034000,5.89000000
2018-02-27 15:06:14,0.02033900,0.01000000
2018-02-27 15:06:14,0.02034000,1.41000000
2018-02-27 15:06:14,0.02034200,0.10000000
2018-02-27 15:06:14,0.02034300,0.10000000
2018-02-27 15:06:14,0.02034400,0.10000000
2018-02-27 15:06:14,0.02034500,0.10000000
2018-02-27 15:06:14,0.02034500,0.20000000
2018-02-27 15:06:15,0.02034500,2.41000000
2018-02-27 15:06:16,0.02034500,8.85000000
2018-02-27 15:06:16,0.02034500,8.84000000
2018-02-27 15:06:16,0.02034500,1.97000000
2018-02-27 15:06:16,0.02034500,0.57000000
2018-02-27 15:06:17,0.02034500,0.08000000
2018-02-27 15:06:17,0.02034500,0.20000000
2018-02-27 15:06:17,0.02034500,8.84000000
2018-02-27 15:06:17,0.02034500,8.83000000
2018-02-27 15:06:17,0.02034500,18.73000000
2018-02-27 15:06:17,0.02034500,8.83000000
2018-02-27 15:06:18,0.02034500,3.45000000
2018-02-27 15:06:18,0.02034500,0.10000000
2018-02-27 15:06:18,0.02034500,0.20000000
2018-02-27 15:06:18,0.02034500,18.73000000
2018-02-27 15:06:18,0.02034500,8.77000000
2018-02-27 15:06:18,0.02034000,0.01000000
2018-02-27 15:06:18,0.02031600,0.24000000
2018-02-27 15:06:21,0.02031600,0.20000000
2018-02-27 15:06:22,0.02034000,0.43000000
2018-02-27 15:06:23,0.02031600,0.58000000
2018-02-27 15:06:25,0.02031600,0.80000000
2018-02-27 15:06:26,0.02031600,39.88000000
2018-02-27 15:06:26,0.02031500,0.09000000
2018-02-27 15:06:29,0.02031600,0.24000000
2018-02-27 15:06:29,0.02034000,0.48000000
2018-02-27 15:06:30,0.02031100,0.07000000
2018-02-27 15:06:30,0.02031100,0.13000000
2018-02-27 15:06:30,0.02033800,0.46000000
2018-02-27 15:06:30,0.02034000,1.35000000
2018-02-27 15:06:30,0.02034400,0.06000000
2018-02-27 15:06:30,0.02034500,0.78000000
2018-02-27 15:06:30,0.02034500,7.22000000
2018-02-27 15:06:32,0.02031000,0.20000000
2018-02-27 15:06:32,0.02031000,0.41000000
2018-02-27 15:06:32,0.02030400,11.33000000
2018-02-27 15:06:33,0.02034700,0.10000000
2018-02-27 15:06:33,0.02034900,0.39000000
2018-02-27 15:06:34,0.02030600,1.55000000
2018-02-27 15:06:38,0.02031500,0.49000000
2018-02-27 15:06:38,0.02031500,0.51000000
2018-02-27 15:06:38,0.02030400,13.65000000
2018-02-27 15:06:38,0.02030200,1.55000000
2018-02-27 15:06:38,0.02030400,17.43000000
2018-02-27 15:06:38,0.02033000,0.69000000
2018-02-27 15:06:38,0.02033000,20.02000000
2018-02-27 15:06:39,0.02033000,2.02000000
2018-02-27 15:06:39,0.02033000,0.11000000
2018-02-27 15:06:40,0.02034000,0.98000000
2018-02-27 15:06:40,0.02034000,0.13000000
2018-02-27 15:06:40,0.02034000,4.06000000
2018-02-27 15:06:42,0.02033000,5.02000000
2018-02-27 15:06:42,0.02033000,0.81000000
2018-02-27 15:06:43,0.02033000,0.72000000
2018-02-27 15:06:43,0.02033000,2.04000000
2018-02-27 15:06:44,0.02033000,49.59000000
2018-02-27 15:06:44,0.02030500,1.98000000
2018-02-27 15:06:46,0.02030400,0.45000000
2018-02-27 15:06:47,0.02030400,100.00000000
2018-02-27 15:06:49,0.02030400,1.00000000
2018-02-27 15:06:49,0.02030400,24.06000000
2018-02-27 15:06:51,0.02030400,0.56000000
2018-02-27 15:06:53,0.02030400,0.17000000
2018-02-27 15:06:56,0.02030200,0.49000000
2018-02-27 15:06:56,0.02030400,0.42000000
2018-02-27 15:06:58,0.02030400,7.16000000
2018-02-27 15:06:59,0.02030400,0.49000000
2018-02-27 15:06:59,0.02030400,0.70000000
2018-02-27 15:07:01,0.02030400,2.63000000
2018-02-27 15:07:02,0.02030400,0.32000000
2018-02-27 15:07:02,0.02030200,0.49000000
2018-02-27 15:07:03,0.02030400,100.00000000
2018-02-27 15:07:04,0.02030400,0.27000000
2018-02-27 15:07:07,0.02030200,0.62000000
2018-02-27 15:07:08,0.02030400,32.75000000
2018-02-27 15:07:12,0.02030400,0.01000000
2018-02-27 15:07:12,0.02034200,0.19000000
2018-02-27 15:07:12,0.02030200,3.79000000
2018-02-27 15:07:12,0.02030000,0.21000000
2018-02-27 15:07:12,0.02030400,0.50000000
2018-02-27 15:07:13,0.02034200,0.10000000
2018-02-27 15:07:15,0.02034200,0.10000000
2018-02-27 15:07:17,0.02030500,0.48000000
2018-02-27 15:07:17,0.02033900,0.10000000
2018-02-27 15:07:19,0.02033100,0.10000000
2018-02-27 15:07:20,0.02033100,0.35000000
2018-02-27 15:07:20,0.02030500,0.02000000
2018-02-27 15:07:21,0.02032800,0.10000000
2018-02-27 15:07:21,0.02032800,3.04000000
2018-02-27 15:07:21,0.02032800,2.12000000
2018-02-27 15:07:22,0.02030500,0.19000000
2018-02-27 15:07:22,0.02030400,0.91000000
2018-02-27 15:07:22,0.02030000,25.56000000
2018-02-27 15:07:22,0.02029600,2.76000000
2018-02-27 15:07:22,0.02028000,0.84000000
2018-02-27 15:07:22,0.02027800,1.49000000
2018-02-27 15:07:22,0.02027700,2.50000000
2018-02-27 15:07:22,0.02027600,0.09000000
2018-02-27 15:07:22,0.02032700,0.10000000
2018-02-27 15:07:23,0.02032600,1.00000000
2018-02-27 15:07:24,0.02032700,0.10000000
2018-02-27 15:07:25,0.02032700,0.10000000
2018-02-27 15:07:27,0.02032700,0.10000000
2018-02-27 15:07:29,0.02032700,0.10000000
2018-02-27 15:07:31,0.02032700,0.10000000
2018-02-27 15:07:32,0.02032500,10.00000000
2018-02-27 15:07:34,0.02032700,0.64000000
2018-02-27 15:07:35,0.02032700,0.36000000
2018-02-27 15:07:37,0.02030100,0.49000000
2018-02-27 15:07:43,0.02032000,0.09000000
2018-02-27 15:07:44,0.02032700,0.01000000
2018-02-27 15:07:44,0.02032800,8.83000000
2018-02-27 15:07:44,0.02032800,32.17000000
2018-02-27 15:07:44,0.02032800,2.95000000
2018-02-27 15:07:44,0.02033100,0.23000000
2018-02-27 15:07:48,0.02032100,0.35000000
2018-02-27 15:07:50,0.02032000,49.22000000
2018-02-27 15:07:52,0.02033100,0.08000000
2018-02-27 15:07:54,0.02033100,1.93000000
2018-02-27 15:07:59,0.02035000,0.10000000
2018-02-27 15:07:59,0.02035100,0.10000000
2018-02-27 15:07:59,0.02035200,0.10000000
2018-02-27 15:07:59,0.02035300,0.10000000
2018-02-27 15:07:59,0.02035800,0.10000000
2018-02-27 15:07:59,0.02035900,3.69000000
2018-02-27 15:07:59,0.02036000,9.00000000
2018-02-27 15:07:59,0.02036200,0.10000000
2018-02-27 15:07:59,0.02036300,0.10000000
2018-02-27 15:07:59,0.02036700,0.10000000
2018-02-27 15:07:59,0.02036800,0.10000000
2018-02-27 15:07:59,0.02037100,0.10000000
2018-02-27 15:07:59,0.02037900,0.20000000
2018-02-27 15:07:59,0.02038000,23.74000000
2018-02-27 15:07:59,0.02035800,0.10000000
2018-02-27 15:08:00,0.02035900,0.10000000
2018-02-27 15:08:00,0.02035800,0.05000000
2018-02-27 15:08:09,0.02035800,0.05000000
2018-02-27 15:08:10,0.02035800,0.10000000
2018-02-27 15:08:10,0.02035900,0.10000000
2018-02-27 15:08:10,0.02035900,0.10000000
2018-02-27 15:08:10,0.02036000,0.10000000
2018-02-27 15:08:11,0.02036000,0.10000000
2018-02-27 15:08:11,0.02036200,0.10000000
2018-02-27 15:08:11,0.02035900,0.24000000
2018-02-27 15:08:12,0.02035900,0.10000000
2018-02-27 15:08:12,0.02036200,0.10000000
2018-02-27 15:08:14,0.02036200,0.10000000
2018-02-27 15:08:15,0.02036200,0.73000000
2018-02-27 15:08:16,0.02035800,0.20000000
2018-02-27 15:08:17,0.02035800,1.78000000
2018-02-27 15:08:18,0.02035800,0.67000000
2018-02-27 15:08:18,0.02035800,2.45000000
2018-02-27 15:08:18,0.02035900,0.05000000
2018-02-27 15:08:20,0.02035900,0.42000000
2018-02-27 15:08:21,0.02035900,0.01000000
2018-02-27 15:08:21,0.02036300,0.01000000
2018-02-27 15:08:25,0.02036300,0.19000000
2018-02-27 15:08:26,0.02032700,0.21000000
2018-02-27 15:08:28,0.02036600,0.25000000
2018-02-27 15:08:28,0.02036600,0.10000000
2018-02-27 15:08:29,0.02036700,2.25000000
2018-02-27 15:08:32,0.02036600,0.51000000
2018-02-27 15:08:33,0.02036600,3.37000000
2018-02-27 15:08:34,0.02035900,8.20000000
2018-02-27 15:08:35,0.02035900,7.33000000
2018-02-27 15:08:35,0.02035900,0.15000000
2018-02-27 15:08:35,0.02036300,0.09000000
2018-02-27 15:08:35,0.02036600,2.42000000
2018-02-27 15:08:36,0.02036300,0.10000000
2018-02-27 15:08:36,0.02036600,1.07000000
2018-02-27 15:08:37,0.02033500,0.69000000
2018-02-27 15:08:37,0.02033100,2.91000000
2018-02-27 15:08:39,0.02035000,3.85000000
2018-02-27 15:08:39,0.02035000,0.72000000
2018-02-27 15:08:41,0.02033400,0.12000000
2018-02-27 15:08:41,0.02033100,1.29000000
2018-02-27 15:08:41,0.02035000,0.80000000
2018-02-27 15:08:42,0.02035000,2.91000000
2018-02-27 15:08:44,0.02033200,0.25000000
2018-02-27 15:08:44,0.02033100,0.73000000
2018-02-27 15:08:44,0.02032900,4.20000000
2018-02-27 15:08:44,0.02032700,5.82000000
2018-02-27 15:08:46,0.02035000,1.20000000
2018-02-27 15:08:46,0.02034900,0.81000000
2018-02-27 15:08:49,0.02035000,0.08000000
2018-02-27 15:08:50,0.02036000,1.54000000
2018-02-27 15:08:51,0.02036000,0.64000000
2018-02-27 15:08:53,0.02036000,3.25000000
2018-02-27 15:08:57,0.02036000,0.88000000
2018-02-27 15:08:59,0.02033300,0.87000000
2018-02-27 15:08:59,0.02033000,1.31000000
2018-02-27 15:08:59,0.02032700,22.75000000
2018-02-27 15:09:00,0.02036000,0.06000000
2018-02-27 15:09:00,0.02033400,0.25000000
2018-02-27 15:09:00,0.02032700,13.13000000
2018-02-27 15:09:01,0.02036000,0.34000000
2018-02-27 15:09:01,0.02036000,0.25000000
2018-02-27 15:09:07,0.02036000,3.52000000
2018-02-27 15:09:07,0.02036100,0.68000000
2018-02-27 15:09:08,0.02036000,1.80000000
2018-02-27 15:09:08,0.02036000,0.10000000
2018-02-27 15:09:13,0.02036100,0.11000000
2018-02-27 15:09:13,0.02036300,0.10000000
2018-02-27 15:09:13,0.02036300,0.10000000
2018-02-27 15:09:13,0.02036300,0.10000000
2018-02-27 15:09:14,0.02036300,1.14000000
2018-02-27 15:09:14,0.02036600,0.44000000
2018-02-27 15:09:14,0.02033000,0.07000000
2018-02-27 15:09:15,0.02036600,0.01000000
2018-02-27 15:09:15,0.02033000,0.39000000
2018-02-27 15:09:15,0.02032900,0.61000000
2018-02-27 15:09:16,0.02035000,1.12000000
2018-02-27 15:09:19,0.02035600,0.46000000
2018-02-27 15:09:19,0.02036500,0.01000000
2018-02-27 15:09:21,0.02035600,0.10000000
2018-02-27 15:09:21,0.02036500,0.70000000
2018-02-27 15:09:21,0.02036500,0.10000000
2018-02-27 15:09:21,0.02036500,2.10000000
2018-02-27 15:09:22,0.02036500,0.10000000
2018-02-27 15:09:23,0.02036500,1.39000000
2018-02-27 15:09:25,0.02036600,0.45000000
2018-02-27 15:09:25,0.02036500,0.51000000
2018-02-27 15:09:25,0.02036500,2.09000000
2018-02-27 15:09:25,0.02036500,0.10000000
2018-02-27 15:09:26,0.02036500,7.16000000
2018-02-27 15:09:27,0.02036600,0.25000000
2018-02-27 15:09:27,0.02036500,5.07000000
2018-02-27 15:09:30,0.02036500,2.03000000
2018-02-27 15:09:30,0.02036500,0.09000000
2018-02-27 15:09:30,0.02036600,0.22000000
2018-02-27 15:09:30,0.02036500,0.08000000
2018-02-27 15:09:30,0.02036500,19.46000000
2018-02-27 15:09:31,0.02033400,0.27000000
2018-02-27 15:09:31,0.02033100,0.95000000
2018-02-27 15:09:32,0.02035000,6.78000000
2018-02-27 15:09:38,0.02035000,4.98000000
2018-02-27 15:09:39,0.02036500,0.48000000
2018-02-27 15:09:40,0.02036500,0.27000000
2018-02-27 15:09:41,0.02036500,0.47000000
2018-02-27 15:09:45,0.02036600,0.25000000
2018-02-27 15:09:47,0.02036500,4.37000000
2018-02-27 15:09:47,0.02034800,0.46000000
2018-02-27 15:09:47,0.02033100,0.78000000
2018-02-27 15:09:48,0.02036500,0.10000000
2018-02-27 15:09:48,0.02036600,0.02000000
2018-02-27 15:09:49,0.02036400,0.64000000
2018-02-27 15:09:51,0.02036300,0.27000000
2018-02-27 15:09:55,0.02036300,0.14000000
2018-02-27 15:09:56,0.02036300,0.25000000
2018-02-27 15:10:01,0.02036300,0.31000000
2018-02-27 15:10:01,0.02036400,0.90000000
2018-02-27 15:10:01,0.02036600,3.86000000
2018-02-27 15:10:01,0.02036700,0.57000000
2018-02-27 15:10:02,0.02036600,0.23000000
2018-02-27 15:10:02,0.02033600,0.05000000
2018-02-27 15:10:03,0.02036700,0.25000000
2018-02-27 15:10:05,0.02033600,0.18000000
2018-02-27 15:10:05,0.02033500,0.05000000
2018-02-27 15:10:06,0.02036200,0.23000000
2018-02-27 15:10:06,0.02036300,0.64000000
2018-02-27 15:10:10,0.02033500,0.08000000
2018-02-27 15:10:12,0.02033500,0.10000000
2018-02-27 15:10:13,0.02033100,4.15000000
2018-02-27 15:10:13,0.02033100,0.05000000
2018-02-27 15:10:18,0.02033500,1.00000000
2018-02-27 15:10:21,0.02033600,0.27000000
2018-02-27 15:10:22,0.02033500,0.95000000
2018-02-27 15:10:24,0.02033600,0.73000000
2018-02-27 15:10:24,0.02033600,6.51000000
2018-02-27 15:10:24,0.02033600,0.06000000
2018-02-27 15:10:25,0.02033600,41.67000000
2018-02-27 15:10:25,0.02033500,7.96000000
2018-02-27 15:10:25,0.02032700,20.37000000
2018-02-27 15:10:25,0.02033600,7.44000000
2018-02-27 15:10:25,0.02033700,15.11000000
2018-02-27 15:10:27,0.02032700,0.11000000
2018-02-27 15:10:27,0.02034900,4.20000000
2018-02-27 15:10:27,0.02035000,0.60000000
2018-02-27 15:10:27,0.02036100,0.51000000
2018-02-27 15:10:27,0.02036200,0.10000000
2018-02-27 15:10:27,0.02036300,0.40000000
2018-02-27 15:10:28,0.02032700,8.86000000
2018-02-27 15:10:28,0.02036100,0.10000000
2018-02-27 15:10:28,0.02036200,0.10000000
2018-02-27 15:10:28,0.02036100,0.10000000
2018-02-27 15:10:29,0.02036100,0.10000000
2018-02-27 15:10:29,0.02036200,0.10000000
2018-02-27 15:10:29,0.02036300,0.10000000
2018-02-27 15:10:29,0.02036200,0.10000000
2018-02-27 15:10:31,0.02032900,0.23000000
2018-02-27 15:10:32,0.02032800,0.14000000
2018-02-27 15:10:32,0.02035500,0.23000000
2018-02-27 15:10:33,0.02035400,0.25000000
2018-02-27 15:10:33,0.02035500,0.10000000
2018-02-27 15:10:38,0.02036000,0.30000000
2018-02-27 15:10:38,0.02036200,0.10000000
2018-02-27 15:10:38,0.02036300,1.40000000
2018-02-27 15:10:38,0.02036500,0.56000000
2018-02-27 15:10:38,0.02036700,0.11000000
2018-02-27 15:10:38,0.02036800,6.78000000
2018-02-27 15:10:39,0.02036000,0.10000000
2018-02-27 15:10:39,0.02036200,0.10000000
2018-02-27 15:10:39,0.02036800,1.76000000
2018-02-27 15:10:40,0.02033500,1.00000000
2018-02-27 15:10:41,0.02033500,3.00000000
2018-02-27 15:10:41,0.02032800,0.09000000
2018-02-27 15:10:41,0.02032700,4.04000000
2018-02-27 15:10:41,0.02032200,4.19000000
2018-02-27 15:10:41,0.02032100,1.00000000
2018-02-27 15:10:41,0.02033500,3.01000000
2018-02-27 15:10:42,0.02034600,4.19000000
2018-02-27 15:10:44,0.02035400,0.23000000
2018-02-27 15:10:44,0.02036000,0.10000000
2018-02-27 15:10:44,0.02036200,0.10000000
2018-02-27 15:10:44,0.02036300,0.78000000
2018-02-27 15:10:44,0.02036500,0.10000000
2018-02-27 15:10:44,0.02036700,0.10000000
2018-02-27 15:10:44,0.02036800,1.15000000
2018-02-27 15:10:45,0.02036800,2.33000000
2018-02-27 15:10:45,0.02033100,0.46000000
2018-02-27 15:10:45,0.02033000,4.19000000
2018-02-27 15:10:45,0.02032900,1.20000000
2018-02-27 15:10:45,0.02033000,0.23000000
2018-02-27 15:10:45,0.02032900,7.29000000
2018-02-27 15:10:45,0.02033000,0.51000000
2018-02-27 15:10:48,0.02033500,3.87000000
2018-02-27 15:10:48,0.02033500,0.68000000
2018-02-27 15:10:50,0.02033500,9.30000000
2018-02-27 15:10:51,0.02035400,0.34000000
2018-02-27 15:10:51,0.02033500,0.11000000
2018-02-27 15:10:51,0.02033500,0.03000000
2018-02-27 15:10:51,0.02032900,15.19000000
2018-02-27 15:10:51,0.02032900,3.30000000
2018-02-27 15:10:51,0.02030300,1.02000000
2018-02-27 15:10:51,0.02030200,2.50000000
2018-02-27 15:10:51,0.02030100,0.89000000
2018-02-27 15:10:51,0.02032900,3.31000000
2018-02-27 15:10:54,0.02035100,0.84000000
2018-02-27 15:10:54,0.02035200,1.00000000
2018-02-27 15:10:54,0.02035400,0.66000000
2018-02-27 15:11:01,0.02034900,0.50000000
2018-02-27 15:11:01,0.02031500,0.49000000
2018-02-27 15:11:01,0.02031500,0.20000000
2018-02-27 15:11:03,0.02031700,0.30000000
2018-02-27 15:11:03,0.02034900,0.10000000
2018-02-27 15:11:04,0.02031600,0.25000000
2018-02-27 15:11:04,0.02031400,1.46000000
2018-02-27 15:11:05,0.02032700,0.14000000
2018-02-27 15:11:06,0.02032700,0.06000000
2018-02-27 15:11:08,0.02030100,2.14000000
2018-02-27 15:11:08,0.02032700,0.58000000
2018-02-27 15:11:10,0.02032700,0.10000000
2018-02-27 15:11:11,0.02030100,1.50000000
2018-02-27 15:11:12,0.02030100,0.24000000
2018-02-27 15:11:13,0.02030100,0.24000000
2018-02-27 15:11:16,0.02030300,1.00000000
2018-02-27 15:11:16,0.02030100,0.21000000
2018-02-27 15:11:16,0.02030100,0.49000000
2018-02-27 15:11:17,0.02031200,0.17000000
2018-02-27 15:11:17,0.02031200,0.07000000
2018-02-27 15:11:17,0.02031200,0.93000000
2018-02-27 15:11:17,0.02031200,0.93000000
2018-02-27 15:11:18,0.02031200,0.33000000
2018-02-27 15:11:18,0.02031200,0.25000000
2018-02-27 15:11:22,0.02031200,3.93000000
2018-02-27 15:11:27,0.02031200,4.82000000
2018-02-27 15:11:31,0.02032700,0.49000000
2018-02-27 15:11:34,0.02031200,6.20000000
2018-02-27 15:11:41,0.02032700,0.81000000
2018-02-27 15:11:42,0.02032700,0.35000000
2018-02-27 15:11:42,0.02032700,0.01000000
2018-02-27 15:11:42,0.02034700,0.09000000
2018-02-27 15:11:44,0.02031200,0.27000000
2018-02-27 15:11:46,0.02031200,0.10000000
2018-02-27 15:11:46,0.02030100,0.10000000
2018-02-27 15:11:46,0.02031200,0.34000000
2018-02-27 15:11:52,0.02031200,0.46000000
2018-02-27 15:11:53,0.02030300,4.92000000
2018-02-27 15:11:53,0.02030200,0.25000000
2018-02-27 15:11:53,0.02030100,3.66000000
2018-02-27 15:11:54,0.02031200,0.10000000
2018-02-27 15:11:55,0.02031200,2.33000000
2018-02-27 15:11:55,0.02031200,2.29000000
2018-02-27 15:11:57,0.02031200,4.34000000
2018-02-27 15:11:58,0.02031200,0.07000000
2018-02-27 15:11:59,0.02033900,0.33000000
2018-02-27 15:12:02,0.02034000,2.58000000
2018-02-27 15:12:10,0.02033100,2.04000000
2018-02-27 15:12:10,0.02030200,0.24000000
2018-02-27 15:12:11,0.02033100,0.01000000
2018-02-27 15:12:11,0.02035100,0.38000000
2018-02-27 15:12:25,0.02031200,0.17000000
2018-02-27 15:12:32,0.02033000,0.23000000
2018-02-27 15:12:32,0.02033000,0.01000000
2018-02-27 15:12:32,0.02033100,0.48000000
2018-02-27 15:12:33,0.02033100,0.14000000
2018-02-27 15:12:34,0.02033100,0.98000000
2018-02-27 15:12:34,0.02034700,0.99000000
2018-02-27 15:12:34,0.02035100,0.65000000
2018-02-27 15:12:36,0.02035100,0.86000000
2018-02-27 15:12:37,0.02031400,0.38000000
2018-02-27 15:12:41,0.02035000,2.08000000
2018-02-27 15:12:42,0.02035000,0.49000000
2018-02-27 15:12:43,0.02035100,0.24000000
2018-02-27 15:12:44,0.02035100,0.30000000
2018-02-27 15:12:44,0.02031500,2.13000000
2018-02-27 15:12:47,0.02034200,0.07000000
2018-02-27 15:12:54,0.02031500,1.29000000
2018-02-27 15:12:54,0.02031300,4.19000000
2018-02-27 15:12:54,0.02031200,3.89000000
2018-02-27 15:12:54,0.02031000,5.63000000
2018-02-27 15:12:54,0.02034100,2.01000000
2018-02-27 15:12:54,0.02034200,0.03000000
2018-02-27 15:12:54,0.02035300,2.92000000
2018-02-27 15:12:57,0.02035100,0.10000000
2018-02-27 15:13:01,0.02031300,0.23000000
2018-02-27 15:13:01,0.02031000,0.07000000
2018-02-27 15:13:02,0.02033100,0.56000000
2018-02-27 15:13:03,0.02031000,2.10000000
2018-02-27 15:13:03,0.02033900,0.10000000
2018-02-27 15:13:06,0.02033900,0.13000000
2018-02-27 15:13:06,0.02035100,0.37000000
2018-02-27 15:13:06,0.02035100,0.10000000
2018-02-27 15:13:07,0.02031200,4.92000000
2018-02-27 15:13:07,0.02031100,0.23000000
2018-02-27 15:13:07,0.02031000,2.85000000
2018-02-27 15:13:09,0.02033200,0.10000000
2018-02-27 15:13:12,0.02032500,0.10000000
2018-02-27 15:13:13,0.02032200,2.70000000
2018-02-27 15:13:15,0.02031700,0.64000000
2018-02-27 15:13:15,0.02031700,0.10000000
2018-02-27 15:13:16,0.02031200,4.92000000
2018-02-27 15:13:16,0.02031000,16.63000000
2018-02-27 15:13:18,0.02031700,2.35000000
2018-02-27 15:13:18,0.02031700,0.10000000
2018-02-27 15:13:19,0.02031700,0.08000000
2018-02-27 15:13:20,0.02031700,1.55000000
2018-02-27 15:13:21,0.02031700,0.03000000
2018-02-27 15:13:21,0.02033700,0.10000000
2018-02-27 15:13:24,0.02033700,0.10000000
2018-02-27 15:13:25,0.02031700,11.86000000
2018-02-27 15:13:27,0.02033700,0.03000000
2018-02-27 15:13:27,0.02034900,0.07000000
2018-02-27 15:13:28,0.02031700,1.18000000
2018-02-27 15:13:28,0.02031000,4.63000000
2018-02-27 15:13:29,0.02031800,0.23000000
2018-02-27 15:13:30,0.02031000,0.22000000
2018-02-27 15:13:30,0.02034400,0.10000000
2018-02-27 15:13:33,0.02034400,0.10000000
2018-02-27 15:13:37,0.02032900,0.10000000
2018-02-27 15:13:38,0.02032900,0.65000000
2018-02-27 15:13:38,0.02033000,7.11000000
2018-02-27 15:13:41,0.02031200,4.92000000
2018-02-27 15:13:41,0.02031000,2.62000000
2018-02-27 15:13:41,0.02031000,4.45000000
2018-02-27 15:13:42,0.02033000,0.10000000
2018-02-27 15:13:43,0.02033000,19.67000000
2018-02-27 15:13:43,0.02031000,2.12000000
2018-02-27 15:13:44,0.02031000,0.21000000
2018-02-27 15:13:45,0.02031000,8.83000000
2018-02-27 15:13:45,0.02031000,0.84000000
2018-02-27 15:13:47,0.02031000,0.01000000
2018-02-27 15:13:50,0.02032800,0.39000000
2018-02-27 15:13:54,0.02032200,0.08000000
2018-02-27 15:13:54,0.02032200,0.08000000
2018-02-27 15:13:54,0.02032200,0.08000000
2018-02-27 15:13:55,0.02032200,0.20000000
2018-02-27 15:13:57,0.02032900,4.00000000
2018-02-27 15:14:08,0.02032300,1.48000000
2018-02-27 15:14:10,0.02032700,3.24000000
2018-02-27 15:14:10,0.02032800,0.47000000
2018-02-27 15:14:14,0.02032300,0.04000000
2018-02-27 15:14:15,0.02032800,0.10000000
2018-02-27 15:14:18,0.02032800,0.10000000
2018-02-27 15:14:19,0.02032800,0.73000000
2018-02-27 15:14:30,0.02032800,1.79000000
2018-02-27 15:14:32,0.02032800,11.62000000
2018-02-27 15:14:32,0.02033000,4.06000000
2018-02-27 15:14:44,0.02032500,2.46000000
2018-02-27 15:14:46,0.02032500,2.14000000
2018-02-27 15:14:46,0.02032500,0.32000000
2018-02-27 15:14:47,0.02032300,1.53000000
2018-02-27 15:14:47,0.02032300,2.04000000
2018-02-27 15:14:47,0.02032300,1.10000000
2018-02-27 15:14:49,0.02032300,1.17000000
2018-02-27 15:14:49,0.02032300,0.01000000
2018-02-27 15:14:49,0.02032200,0.12000000
2018-02-27 15:14:49,0.02031000,0.97000000
2018-02-27 15:14:51,0.02032500,1.10000000
2018-02-27 15:14:51,0.02032800,5.00000000
2018-02-27 15:14:51,0.02033000,9.90000000
2018-02-27 15:14:51,0.02033000,0.10000000
2018-02-27 15:14:52,0.02033000,9.87000000
2018-02-27 15:14:53,0.02033000,0.08000000
2018-02-27 15:14:58,0.02033000,1.10000000
2018-02-27 15:14:58,0.02033000,4.42000000
2018-02-27 15:14:58,0.02033000,0.83000000
2018-02-27 15:15:02,0.02033000,2.14000000
2018-02-27 15:15:03,0.02033000,0.33000000
2018-02-27 15:15:03,0.02033000,0.26000000
2018-02-27 15:15:07,0.02035000,1.98000000
2018-02-27 15:15:08,0.02035000,0.20000000
2018-02-27 15:15:08,0.02035000,0.14000000
2018-02-27 15:15:08,0.02033000,0.06000000
2018-02-27 15:15:10,0.02033000,0.37000000
2018-02-27 15:15:10,0.02031000,0.07000000
2018-02-27 15:15:16,0.02035100,1.00000000
2018-02-27 15:15:16,0.02035300,0.29000000
2018-02-27 15:15:16,0.02035400,3.00000000
2018-02-27 15:15:16,0.02035700,2.32000000
2018-02-27 15:15:20,0.02033000,0.25000000
2018-02-27 15:15:20,0.02033000,0.62000000
2018-02-27 15:15:25,0.02031500,2.34000000
2018-02-27 15:15:33,0.02031600,0.18000000
2018-02-27 15:15:36,0.02033000,1.72000000
2018-02-27 15:15:42,0.02031800,4.92000000
2018-02-27 15:15:42,0.02031600,4.18000000
2018-02-27 15:15:42,0.02031500,0.90000000
2018-02-27 15:15:42,0.02033000,0.49000000
2018-02-27 15:15:43,0.02033000,1.95000000
2018-02-27 15:15:44,0.02033000,0.01000000
2018-02-27 15:15:44,0.02033000,0.09000000
2018-02-27 15:15:46,0.02035000,0.10000000
2018-02-27 15:15:48,0.02035000,0.10000000
2018-02-27 15:15:50,0.02035000,0.23000000
2018-02-27 15:15:52,0.02035000,0.10000000
2018-02-27 15:15:54,0.02033000,5.11000000
2018-02-27 15:15:54,0.02033000,6.49000000
2018-02-27 15:15:55,0.02033000,6.49000000
2018-02-27 15:15:55,0.02032900,4.18000000
2018-02-27 15:15:55,0.02033000,3.49000000
2018-02-27 15:15:55,0.02035000,0.08000000
2018-02-27 15:15:55,0.02035100,2.00000000
2018-02-27 15:15:55,0.02035700,1.47000000
2018-02-27 15:15:55,0.02036000,3.00000000
2018-02-27 15:15:55,0.02037300,2.25000000
2018-02-27 15:15:57,0.02035000,0.10000000
2018-02-27 15:15:59,0.02033000,0.12000000
2018-02-27 15:15:59,0.02033000,0.02000000
2018-02-27 15:15:59,0.02035000,0.42000000
2018-02-27 15:16:00,0.02035000,0.10000000
2018-02-27 15:16:02,0.02035000,0.38000000
2018-02-27 15:16:03,0.02036000,0.10000000
2018-02-27 15:16:06,0.02032800,0.28000000
2018-02-27 15:16:11,0.02032500,1.47000000
2018-02-27 15:16:11,0.02032500,3.89000000
2018-02-27 15:16:11,0.02032000,4.18000000
2018-02-27 15:16:11,0.02031500,16.61000000
2018-02-27 15:16:12,0.02036000,0.10000000
2018-02-27 15:16:16,0.02037300,0.10000000
2018-02-27 15:16:17,0.02033200,1.47000000
2018-02-27 15:16:18,0.02037300,0.35000000
2018-02-27 15:16:18,0.02038000,4.79000000
2018-02-27 15:16:18,0.02038600,0.86000000
2018-02-27 15:16:22,0.02034200,4.18000000
2018-02-27 15:16:22,0.02034100,1.47000000
2018-02-27 15:16:27,0.02038000,0.10000000
2018-02-27 15:16:45,0.02034600,0.25000000
2018-02-27 15:16:54,0.02034600,1.68000000
2018-02-27 15:16:54,0.02034200,0.10000000
2018-02-27 15:16:54,0.02034100,0.96000000
2018-02-27 15:17:03,0.02037200,0.46000000
2018-02-27 15:17:03,0.02037200,0.10000000
2018-02-27 15:17:04,0.02037700,0.23000000
2018-02-27 15:17:04,0.02037700,0.11000000
2018-02-27 15:17:06,0.02038000,0.17000000
2018-02-27 15:17:06,0.02038000,0.10000000
2018-02-27 15:17:09,0.02035300,0.18000000
2018-02-27 15:17:15,0.02035300,0.08000000
2018-02-27 15:17:15,0.02035000,0.29000000
2018-02-27 15:17:15,0.02035000,0.13000000
2018-02-27 15:17:15,0.02034900,0.98000000
2018-02-27 15:17:15,0.02034500,1.47000000
2018-02-27 15:17:15,0.02034100,1.18000000
2018-02-27 15:17:15,0.02032100,4.19000000
2018-02-27 15:17:15,0.02032000,0.18000000
2018-02-27 15:17:18,0.02037900,4.19000000
2018-02-27 15:17:18,0.02037800,0.98000000
2018-02-27 15:17:19,0.02037800,0.11000000
2018-02-27 15:17:19,0.02037900,0.10000000
2018-02-27 15:17:20,0.02037900,0.10000000
2018-02-27 15:17:29,0.02037900,1.00000000
2018-02-27 15:17:30,0.02038200,0.49000000
2018-02-27 15:17:33,0.02035900,1.96000000
2018-02-27 15:17:35,0.02036000,0.03000000
2018-02-27 15:17:36,0.02038200,0.20000000
2018-02-27 15:17:37,0.02038000,1.04000000
2018-02-27 15:17:38,0.02038000,0.10000000
2018-02-27 15:17:39,0.02038200,0.41000000
2018-02-27 15:17:39,0.02038200,0.11000000
2018-02-27 15:17:43,0.02038500,1.47000000
2018-02-27 15:17:44,0.02038500,0.10000000
2018-02-27 15:17:44,0.02038500,1.52000000
2018-02-27 15:17:44,0.02038500,0.49000000
2018-02-27 15:17:45,0.02038500,0.08000000
2018-02-27 15:17:45,0.02038500,0.93000000
2018-02-27 15:17:45,0.02038300,16.53000000
2018-02-27 15:17:46,0.02037500,0.46000000
2018-02-27 15:17:46,0.02035800,0.23000000
2018-02-27 15:17:46,0.02035700,0.78000000
2018-02-27 15:17:49,0.02037500,0.39000000
2018-02-27 15:17:49,0.02037900,1.29000000
2018-02-27 15:17:50,0.02037900,0.10000000
2018-02-27 15:17:50,0.02038300,0.10000000
2018-02-27 15:17:51,0.02038300,0.10000000
2018-02-27 15:17:51,0.02038400,0.23000000
2018-02-27 15:17:52,0.02038400,0.10000000
2018-02-27 15:17:52,0.02038600,2.45000000
2018-02-27 15:17:57,0.02038200,0.83000000
2018-02-27 15:17:57,0.02038200,0.11000000
2018-02-27 15:17:58,0.02038600,0.20000000
2018-02-27 15:17:58,0.02038600,0.10000000
2018-02-27 15:17:59,0.02038600,2.00000000
2018-02-27 15:18:09,0.02038600,0.01000000
2018-02-27 15:18:14,0.02038200,0.06000000
2018-02-27 15:18:14,0.02038200,0.10000000
2018-02-27 15:18:15,0.02038200,2.45000000
2018-02-27 15:18:16,0.02038200,2.39000000
2018-02-27 15:18:16,0.02038000,0.05000000
2018-02-27 15:18:16,0.02035600,1.89000000
2018-02-27 15:18:18,0.02038000,0.10000000
2018-02-27 15:18:18,0.02038100,0.60000000
2018-02-27 15:18:18,0.02038100,0.10000000
2018-02-27 15:18:20,0.02038100,0.67000000
2018-02-27 15:18:23,0.02038100,1.07000000
2018-02-27 15:18:23,0.02035300,0.67000000
2018-02-27 15:18:28,0.02038100,0.93000000
2018-02-27 15:18:31,0.02036000,1.13000000
2018-02-27 15:18:31,0.02036000,6.22000000
2018-02-27 15:18:31,0.02035900,0.98000000
2018-02-27 15:18:31,0.02035700,4.91000000
2018-02-27 15:18:31,0.02035500,0.98000000
2018-02-27 15:18:31,0.02035400,0.46000000
2018-02-27 15:18:31,0.02035300,1.67000000
2018-02-27 15:18:31,0.02035300,3.25000000
2018-02-27 15:18:31,0.02035300,6.22000000
2018-02-27 15:18:31,0.02035300,2.62000000
2018-02-27 15:18:31,0.02034700,0.88000000
2018-02-27 15:18:31,0.02034500,1.47000000
2018-02-27 15:18:31,0.02033200,1.33000000
2018-02-27 15:18:31,0.02033100,3.96000000
2018-02-27 15:18:31,0.02032200,2.54000000
2018-02-27 15:18:31,0.02035000,2.56000000
2018-02-27 15:18:32,0.02032200,0.21000000
2018-02-27 15:18:32,0.02032100,0.04000000
2018-02-27 15:18:32,0.02036000,7.20000000
2018-02-27 15:18:34,0.02036000,0.01000000
2018-02-27 15:18:34,0.02036200,0.48000000
2018-02-27 15:18:37,0.02036200,0.49000000
2018-02-27 15:18:38,0.02036200,0.09000000
2018-02-27 15:18:41,0.02036000,0.11000000
2018-02-27 15:18:41,0.02036000,0.07000000
2018-02-27 15:18:43,0.02032900,1.78000000
2018-02-27 15:18:43,0.02032800,0.46000000
2018-02-27 15:18:43,0.02032700,0.30000000
2018-02-27 15:18:44,0.02035200,0.19000000
2018-02-27 15:18:44,0.02035200,0.11000000
2018-02-27 15:18:44,0.02035200,0.41000000
2018-02-27 15:18:45,0.02035200,0.11000000
2018-02-27 15:18:45,0.02035200,0.77000000
2018-02-27 15:18:46,0.02035300,0.23000000
2018-02-27 15:18:46,0.02035400,0.46000000
2018-02-27 15:18:51,0.02033500,0.02000000
2018-02-27 15:18:51,0.02037600,0.94000000
2018-02-27 15:18:51,0.02037700,0.46000000
2018-02-27 15:18:57,0.02037500,1.85000000
2018-02-27 15:18:57,0.02037600,0.10000000
2018-02-27 15:18:57,0.02037700,0.63000000
2018-02-27 15:18:57,0.02038200,3.71000000
2018-02-27 15:18:57,0.02038500,3.15000000
2018-02-27 15:18:57,0.02038600,10.86000000
2018-02-27 15:18:59,0.02036100,2.55000000
2018-02-27 15:18:59,0.02036100,0.10000000
2018-02-27 15:19:00,0.02036100,1.54000000
2018-02-27 15:19:00,0.02036000,0.10000000
2018-02-27 15:19:01,0.02036000,0.23000000
2018-02-27 15:19:02,0.02036000,0.05000000
2018-02-27 15:19:02,0.02036000,2.00000000
2018-02-27 15:19:10,0.02036200,0.26000000
2018-02-27 15:19:10,0.02036200,0.10000000
2018-02-27 15:19:14,0.02037500,0.10000000
2018-02-27 15:19:14,0.02037600,4.29000000
2018-02-27 15:19:14,0.02037700,9.39000000
2018-02-27 15:19:14,0.02038000,0.10000000
2018-02-27 15:19:14,0.02038000,0.10000000
2018-02-27 15:19:14,0.02038000,0.10000000
2018-02-27 15:19:14,0.02038000,8.73000000
2018-02-27 15:19:14,0.02038000,0.10000000
2018-02-27 15:19:14,0.02038000,1.86000000
2018-02-27 15:19:15,0.02038000,0.78000000
2018-02-27 15:19:17,0.02038000,0.35000000
2018-02-27 15:19:17,0.02038000,1.84000000
2018-02-27 15:19:18,0.02038000,2.56000000
2018-02-27 15:19:18,0.02038000,1.41000000
2018-02-27 15:19:18,0.02038000,7.85000000
2018-02-27 15:19:19,0.02038000,8.88000000
2018-02-27 15:19:21,0.02038000,1.38000000
2018-02-27 15:19:23,0.02038000,8.70000000
2018-02-27 15:19:23,0.02038200,0.10000000
2018-02-27 15:19:23,0.02038500,0.10000000
2018-02-27 15:19:23,0.02038600,8.43000000
2018-02-27 15:19:23,0.02039000,4.58000000
2018-02-27 15:19:23,0.02039500,1.19000000
2018-02-27 15:19:23,0.02039700,0.98000000
2018-02-27 15:19:23,0.02039900,0.73000000
2018-02-27 15:19:24,0.02038000,0.11000000
2018-02-27 15:19:24,0.02038000,0.10000000
2018-02-27 15:19:27,0.02038200,0.10000000
2018-02-27 15:19:27,0.02038200,0.10000000
2018-02-27 15:19:29,0.02038200,0.18000000
2018-02-27 15:19:29,0.02038200,1.32000000
2018-02-27 15:19:29,0.02038200,0.18000000
2018-02-27 15:19:30,0.02038200,1.47000000
2018-02-27 15:19:32,0.02038200,0.50000000
2018-02-27 15:19:32,0.02038200,1.05000000
2018-02-27 15:19:35,0.02038000,0.87000000
2018-02-27 15:19:36,0.02038000,0.10000000
2018-02-27 15:19:36,0.02038000,0.11000000
2018-02-27 15:19:42,0.02038500,0.10000000
2018-02-27 15:19:42,0.02038000,0.20000000
2018-02-27 15:19:42,0.02038000,0.10000000
2018-02-27 15:19:44,0.02038000,0.27000000
2018-02-27 15:19:46,0.02038000,0.20000000
2018-02-27 15:19:47,0.02038500,0.10000000
2018-02-27 15:19:47,0.02038600,0.10000000
2018-02-27 15:19:47,0.02038600,0.10000000
2018-02-27 15:19:47,0.02038600,0.10000000
2018-02-27 15:19:48,0.02038600,0.20000000
2018-02-27 15:19:50,0.02038600,1.60000000
2018-02-27 15:19:51,0.02038600,0.21000000
2018-02-27 15:19:51,0.02039000,0.10000000
2018-02-27 15:19:51,0.02039000,0.10000000
2018-02-27 15:19:52,0.02039000,0.25000000
2018-02-27 15:19:53,0.02038000,0.48000000
2018-02-27 15:19:53,0.02038000,0.10000000
2018-02-27 15:19:55,0.02038000,0.20000000
2018-02-27 15:19:57,0.02038100,0.20000000
2018-02-27 15:19:57,0.02038100,0.10000000
2018-02-27 15:19:58,0.02038100,0.93000000
2018-02-27 15:19:59,0.02038100,0.20000000
2018-02-27 15:19:59,0.02038100,1.50000000
2018-02-27 15:20:00,0.02038100,0.11000000
2018-02-27 15:20:00,0.02038100,0.55000000
2018-02-27 15:20:00,0.02038900,0.24000000
2018-02-27 15:20:01,0.02038100,0.20000000
2018-02-27 15:20:02,0.02038100,0.45000000
2018-02-27 15:20:02,0.02038100,4.20000000
2018-02-27 15:20:03,0.02038100,1.00000000
2018-02-27 15:20:03,0.02038100,0.10000000
2018-02-27 15:20:05,0.02038100,0.05000000
2018-02-27 15:20:05,0.02038100,0.05000000
2018-02-27 15:20:06,0.02038100,0.11000000
2018-02-27 15:20:07,0.02038100,0.20000000
2018-02-27 15:20:08,0.02038000,2.24000000
2018-02-27 15:20:08,0.02038000,0.10000000
2018-02-27 15:20:09,0.02038000,0.46000000
2018-02-27 15:20:11,0.02038000,1.14000000
2018-02-27 15:20:11,0.02038700,0.13000000
2018-02-27 15:20:12,0.02038000,0.11000000
2018-02-27 15:20:12,0.02038000,0.10000000
2018-02-27 15:20:14,0.02038000,0.39000000
2018-02-27 15:20:14,0.02038000,2.60000000
2018-02-27 15:20:15,0.02038000,0.28000000
2018-02-27 15:20:16,0.02038000,1.37000000
2018-02-27 15:20:16,0.02038600,10.84000000
2018-02-27 15:20:17,0.02038000,0.11000000
2018-02-27 15:20:17,0.02038000,0.10000000
2018-02-27 15:20:23,0.02038400,9.89000000
2018-02-27 15:20:23,0.02038500,1.77000000
2018-02-27 15:20:23,0.02038600,1.38000000
2018-02-27 15:20:23,0.02038000,0.11000000
2018-02-27 15:20:23,0.02038000,0.10000000
2018-02-27 15:20:26,0.02038000,0.11000000
2018-02-27 15:20:26,0.02038000,0.08000000
2018-02-27 15:20:27,0.02038000,1.81000000
2018-02-27 15:20:27,0.02038000,0.31000000
2018-02-27 15:20:27,0.02038000,0.06000000
2018-02-27 15:20:29,0.02038000,1.00000000
2018-02-27 15:20:37,0.02038000,0.43000000
2018-02-27 15:20:45,0.02038000,1.17000000
2018-02-27 15:20:46,0.02038300,0.49000000
2018-02-27 15:20:46,0.02038000,2.02000000
2018-02-27 15:20:47,0.02038000,0.10000000
2018-02-27 15:20:47,0.02038000,0.58000000
2018-02-27 15:20:54,0.02038000,1.46000000
2018-02-27 15:20:54,0.02036000,0.51000000
2018-02-27 15:20:56,0.02038000,2.45000000
2018-02-27 15:20:56,0.02038000,0.08000000
2018-02-27 15:20:57,0.02038000,1.97000000
2018-02-27 15:20:58,0.02038000,0.28000000
2018-02-27 15:21:05,0.02036000,0.50000000
2018-02-27 15:21:06,0.02036000,3.57000000
2018-02-27 15:21:14,0.02037600,4.65000000
2018-02-27 15:21:14,0.02037800,5.31000000
2018-02-27 15:21:25,0.02036000,3.67000000
2018-02-27 15:21:27,0.02036000,1.87000000
2018-02-27 15:21:27,0.02036000,1.27000000
2018-02-27 15:21:27,0.02035500,0.30000000
2018-02-27 15:21:27,0.02035000,1.50000000
2018-02-27 15:21:27,0.02034600,1.09000000
2018-02-27 15:21:28,0.02036100,3.07000000
2018-02-27 15:21:37,0.02037600,0.05000000
2018-02-27 15:21:46,0.02037600,0.15000000
2018-02-27 15:21:58,0.02036100,0.34000000
2018-02-27 15:21:58,0.02034500,3.02000000
2018-02-27 15:22:02,0.02037800,0.11000000
2018-02-27 15:22:06,0.02037800,1.22000000
2018-02-27 15:22:12,0.02037800,6.03000000
2018-02-27 15:22:13,0.02037800,0.17000000
2018-02-27 15:22:13,0.02037800,1.57000000
2018-02-27 15:22:14,0.02037800,8.42000000
2018-02-27 15:22:15,0.02037800,3.00000000
2018-02-27 15:22:19,0.02034700,0.25000000
2018-02-27 15:22:22,0.02038000,1.34000000
2018-02-27 15:22:22,0.02038000,0.10000000
2018-02-27 15:22:23,0.02038100,0.05000000
2018-02-27 15:22:23,0.02035400,0.46000000
2018-02-27 15:22:23,0.02034600,0.46000000
2018-02-27 15:22:23,0.02038100,0.11000000
2018-02-27 15:22:23,0.02034700,4.00000000
2018-02-27 15:22:23,0.02037200,0.19000000
2018-02-27 15:22:23,0.02037200,0.27000000
2018-02-27 15:22:23,0.02038300,10.92000000
2018-02-27 15:22:24,0.02038300,0.60000000
2018-02-27 15:22:24,0.02038200,23.64000000
2018-02-27 15:22:24,0.02038200,2.06000000
2018-02-27 15:22:27,0.02038200,14.40000000
2018-02-27 15:22:27,0.02038300,6.20000000
2018-02-27 15:22:28,0.02038300,5.08000000
2018-02-27 15:22:28,0.02038400,0.11000000
2018-02-27 15:22:29,0.02038400,0.10000000
2018-02-27 15:22:29,0.02038600,8.42000000
2018-02-27 15:22:29,0.02038600,7.88000000
2018-02-27 15:22:30,0.02038600,0.11000000
2018-02-27 15:22:31,0.02038700,0.10000000
2018-02-27 15:22:32,0.02038700,0.10000000
2018-02-27 15:22:32,0.02039000,0.20000000
2018-02-27 15:22:33,0.02039000,0.10000000
2018-02-27 15:22:35,0.02038000,0.05000000
2018-02-27 15:22:35,0.02037200,0.38000000
2018-02-27 15:22:35,0.02035600,1.47000000
2018-02-27 15:22:35,0.02035100,0.17000000
2018-02-27 15:22:36,0.02038000,0.10000000
2018-02-27 15:22:37,0.02038300,0.17000000
2018-02-27 15:22:38,0.02038300,0.10000000
2018-02-27 15:22:38,0.02038400,2.04000000
2018-02-27 15:22:38,0.02038400,0.05000000
2018-02-27 15:22:39,0.02038400,0.16000000
2018-02-27 15:22:39,0.02035500,2.28000000
2018-02-27 15:22:41,0.02038100,0.92000000
2018-02-27 15:22:41,0.02038100,0.10000000
2018-02-27 15:22:41,0.02039600,1.47000000
2018-02-27 15:22:41,0.02039700,4.00000000
2018-02-27 15:22:41,0.02039900,2.52000000
2018-02-27 15:22:41,0.02040000,5.19000000
2018-02-27 15:22:46,0.02039500,0.11000000
2018-02-27 15:22:46,0.02039500,0.98000000
2018-02-27 15:22:47,0.02039500,0.01000000
2018-02-27 15:22:47,0.02039600,0.10000000
2018-02-27 15:22:47,0.02039700,0.10000000
2018-02-27 15:22:47,0.02039900,0.10000000
2018-02-27 15:22:47,0.02040000,7.36000000
2018-02-27 15:22:48,0.02039600,0.10000000
2018-02-27 15:22:48,0.02039600,0.10000000
2018-02-27 15:22:49,0.02039700,0.10000000
2018-02-27 15:22:49,0.02039500,2.58000000
2018-02-27 15:22:51,0.02036300,1.23000000
2018-02-27 15:22:51,0.02036200,0.26000000
2018-02-27 15:22:52,0.02038800,0.13000000
2018-02-27 15:22:52,0.02038800,0.20000000
2018-02-27 15:22:53,0.02038900,0.23000000
2018-02-27 15:22:54,0.02038900,0.10000000
2018-02-27 15:22:55,0.02039500,0.10000000
2018-02-27 15:22:56,0.02039500,0.10000000
2018-02-27 15:22:57,0.02039700,0.10000000
2018-02-27 15:23:02,0.02039700,0.01000000
2018-02-27 15:23:07,0.02039700,0.08000000
2018-02-27 15:23:07,0.02039700,0.01000000
2018-02-27 15:23:07,0.02039900,0.10000000
2018-02-27 15:23:08,0.02039900,0.10000000
2018-02-27 15:23:08,0.02040000,3.56000000
2018-02-27 15:23:09,0.02039700,0.17000000
2018-02-27 15:23:09,0.02039700,0.10000000
2018-02-27 15:23:09,0.02039700,0.79000000
2018-02-27 15:23:09,0.02040000,0.10000000
2018-02-27 15:23:09,0.02040000,0.10000000
2018-02-27 15:23:10,0.02040100,4.20000000
2018-02-27 15:23:12,0.02040100,0.10000000
2018-02-27 15:23:12,0.02040200,2.54000000
2018-02-27 15:23:14,0.02040100,0.08000000
2018-02-27 15:23:15,0.02040100,6.29000000
2018-02-27 15:23:15,0.02040100,0.11000000
2018-02-27 15:23:17,0.02040100,4.20000000
2018-02-27 15:23:18,0.02040100,0.01000000
2018-02-27 15:23:18,0.02040200,2.98000000
2018-02-27 15:23:18,0.02040300,0.10000000
2018-02-27 15:23:18,0.02040300,0.10000000
2018-02-27 15:23:18,0.02040700,0.11000000
2018-02-27 15:23:18,0.02040700,1.45000000
2018-02-27 15:23:18,0.02040300,0.10000000
2018-02-27 15:23:19,0.02040300,0.10000000
2018-02-27 15:23:20,0.02040300,0.10000000
2018-02-27 15:23:21,0.02040300,0.10000000
2018-02-27 15:23:23,0.02040300,0.09000000
2018-02-27 15:23:23,0.02040300,0.10000000
2018-02-27 15:23:23,0.02040700,0.01000000
2018-02-27 15:23:23,0.02041000,0.80000000
2018-02-27 15:23:23,0.02041300,5.10000000
2018-02-27 15:23:23,0.02041400,1.21000000
2018-02-27 15:23:23,0.02041400,0.10000000
2018-02-27 15:23:23,0.02041400,0.10000000
2018-02-27 15:23:23,0.02041400,0.10000000
2018-02-27 15:23:23,0.02041400,0.10000000
2018-02-27 15:23:23,0.02041400,11.40000000
2018-02-27 15:23:23,0.02041400,0.10000000
2018-02-27 15:23:24,0.02041400,1.20000000
2018-02-27 15:23:24,0.02039700,1.10000000
2018-02-27 15:23:24,0.02039700,0.10000000
2018-02-27 15:23:24,0.02041400,0.11000000
2018-02-27 15:23:25,0.02040300,0.14000000
2018-02-27 15:23:25,0.02040300,0.10000000
2018-02-27 15:23:25,0.02041400,1.16000000
2018-02-27 15:23:25,0.02040300,0.05000000
2018-02-27 15:23:25,0.02040300,0.10000000
2018-02-27 15:23:27,0.02041400,0.11000000
2018-02-27 15:23:29,0.02041400,0.10000000
2018-02-27 15:23:29,0.02041900,13.28000000
2018-02-27 15:23:30,0.02041900,0.30000000
2018-02-27 15:23:30,0.02041900,0.01000000
2018-02-27 15:23:30,0.02041900,0.48000000
2018-02-27 15:23:30,0.02040300,1.52000000
2018-02-27 15:23:31,0.02040300,0.10000000
2018-02-27 15:23:32,0.02040300,1.29000000
2018-02-27 15:23:32,0.02040300,0.95000000
2018-02-27 15:23:32,0.02042000,1.19000000
2018-02-27 15:23:34,0.02040700,0.07000000
2018-02-27 15:23:35,0.02040700,0.10000000
2018-02-27 15:23:37,0.02041800,0.10000000
2018-02-27 15:23:37,0.02042000,0.11000000
2018-02-27 15:23:39,0.02041800,0.10000000
2018-02-27 15:23:40,0.02041300,0.10000000
2018-02-27 15:23:40,0.02041300,0.13000000
2018-02-27 15:23:40,0.02040400,0.01000000
2018-02-27 15:23:40,0.02040400,0.10000000
2018-02-27 15:23:40,0.02041800,0.10000000
2018-02-27 15:23:41,0.02041800,0.10000000
2018-02-27 15:23:42,0.02042000,0.10000000
2018-02-27 15:23:43,0.02042000,0.10000000
2018-02-27 15:23:43,0.02040800,1.96000000
2018-02-27 15:23:43,0.02040800,0.10000000
2018-02-27 15:23:44,0.02040800,0.10000000
2018-02-27 15:23:46,0.02040800,0.50000000
2018-02-27 15:23:47,0.02040800,0.70000000
2018-02-27 15:23:47,0.02042400,0.11000000
2018-02-27 15:23:47,0.02040800,0.14000000
2018-02-27 15:23:47,0.02040400,0.38000000
2018-02-27 15:23:47,0.02040400,1.42000000
2018-02-27 15:23:48,0.02040300,0.14000000
2018-02-27 15:23:48,0.02040300,0.10000000
2018-02-27 15:23:49,0.02040400,0.10000000
2018-02-27 15:23:49,0.02040800,0.10000000
2018-02-27 15:23:49,0.02041300,0.10000000
2018-02-27 15:23:49,0.02041300,0.10000000
2018-02-27 15:23:49,0.02041300,0.10000000
2018-02-27 15:23:49,0.02041300,0.57000000
2018-02-27 15:23:50,0.02042400,0.11000000
2018-02-27 15:23:50,0.02042400,1.44000000
2018-02-27 15:23:50,0.02041300,3.19000000
2018-02-27 15:23:51,0.02041300,0.10000000
2018-02-27 15:23:51,0.02041300,0.14000000
2018-02-27 15:23:52,0.02041400,0.10000000
2018-02-27 15:23:52,0.02041400,0.10000000
2018-02-27 15:23:53,0.02041400,0.27000000
2018-02-27 15:23:55,0.02042400,0.01000000
2018-02-27 15:23:55,0.02043000,0.01000000
2018-02-27 15:23:55,0.02041400,3.72000000
2018-02-27 15:23:56,0.02041300,0.11000000
2018-02-27 15:23:56,0.02041300,0.10000000
2018-02-27 15:23:57,0.02041400,0.41000000
2018-02-27 15:23:57,0.02042400,3.57000000
2018-02-27 15:23:57,0.02041400,0.10000000
2018-02-27 15:23:57,0.02041400,0.10000000
2018-02-27 15:23:59,0.02042300,0.05000000
2018-02-27 15:24:02,0.02041300,0.11000000
2018-02-27 15:24:02,0.02041300,0.10000000
2018-02-27 15:24:05,0.02041300,6.01000000
2018-02-27 15:24:08,0.02041300,4.14000000
2018-02-27 15:24:09,0.02041300,0.63000000
2018-02-27 15:24:10,0.02042300,1.08000000
2018-02-27 15:24:10,0.02041400,0.05000000
2018-02-27 15:24:14,0.02041400,0.10000000
2018-02-27 15:24:14,0.02042300,3.26000000
2018-02-27 15:24:14,0.02042300,0.10000000
2018-02-27 15:24:15,0.02042300,1.42000000
2018-02-27 15:24:16,0.02042300,0.68000000
2018-02-27 15:24:17,0.02042300,1.62000000
2018-02-27 15:24:18,0.02042300,0.66000000
2018-02-27 15:24:19,0.02042300,0.11000000
2018-02-27 15:24:31,0.02041500,0.21000000
2018-02-27 15:24:31,0.02041000,0.24000000
2018-02-27 15:24:31,0.02041000,0.10000000
2018-02-27 15:24:32,0.02041000,3.22000000
2018-02-27 15:24:33,0.02041500,0.10000000
2018-02-27 15:24:33,0.02042400,0.20000000
2018-02-27 15:24:33,0.02041500,0.10000000
2018-02-27 15:24:33,0.02042400,4.55000000
2018-02-27 15:24:33,0.02041500,0.10000000
2018-02-27 15:24:33,0.02042400,0.40000000
2018-02-27 15:24:34,0.02041500,0.10000000
2018-02-27 15:24:34,0.02042400,0.20000000
2018-02-27 15:24:35,0.02041500,0.10000000
2018-02-27 15:24:35,0.02042300,0.68000000
2018-02-27 15:24:35,0.02042400,13.51000000
2018-02-27 15:24:35,0.02043000,0.27000000
2018-02-27 15:24:35,0.02043100,0.11000000
2018-02-27 15:24:35,0.02043500,0.02000000
2018-02-27 15:24:35,0.02042400,0.08000000
2018-02-27 15:24:35,0.02042400,0.10000000
2018-02-27 15:24:35,0.02042400,0.10000000
2018-02-27 15:24:35,0.02042400,0.10000000
2018-02-27 15:24:35,0.02043000,0.10000000
2018-02-27 15:24:35,0.02043100,0.10000000
2018-02-27 15:24:35,0.02043500,0.10000000
2018-02-27 15:24:35,0.02043500,0.10000000
2018-02-27 15:24:36,0.02042400,0.82000000
2018-02-27 15:24:36,0.02042400,0.10000000
2018-02-27 15:24:36,0.02043100,0.10000000
2018-02-27 15:24:36,0.02043500,0.10000000
2018-02-27 15:24:36,0.02045000,0.28000000
2018-02-27 15:24:38,0.02042500,0.93000000
2018-02-27 15:24:38,0.02042500,0.10000000
2018-02-27 15:24:38,0.02043100,0.10000000
2018-02-27 15:24:38,0.02043500,0.10000000
2018-02-27 15:24:38,0.02045000,1.85000000
2018-02-27 15:24:40,0.02042500,0.11000000
2018-02-27 15:24:43,0.02042400,20.30000000
2018-02-27 15:24:43,0.02042400,0.10000000
2018-02-27 15:24:44,0.02042500,0.10000000
2018-02-27 15:24:44,0.02043000,0.21000000
2018-02-27 15:24:44,0.02043100,0.10000000
2018-02-27 15:24:44,0.02043500,0.10000000
2018-02-27 15:24:44,0.02045000,1.84000000
2018-02-27 15:24:44,0.02045100,0.30000000
2018-02-27 15:24:44,0.02045000,0.16000000
2018-02-27 15:24:44,0.02045000,4.67000000
2018-02-27 15:24:44,0.02045000,0.10000000
2018-02-27 15:24:44,0.02045000,8.39000000
2018-02-27 15:24:44,0.02045000,0.10000000
2018-02-27 15:24:44,0.02045000,0.10000000
2018-02-27 15:24:44,0.02045000,0.10000000
2018-02-27 15:24:44,0.02045000,2.71000000
2018-02-27 15:24:44,0.02045000,0.10000000
2018-02-27 15:24:44,0.02045000,7.37000000
2018-02-27 15:24:44,0.02045000,2.46000000
2018-02-27 15:24:44,0.02045000,0.10000000
2018-02-27 15:24:44,0.02045000,2.52000000
2018-02-27 15:24:44,0.02045000,1.19000000
2018-02-27 15:24:45,0.02045000,1.11000000
2018-02-27 15:24:46,0.02042500,1.40000000
2018-02-27 15:24:46,0.02042500,0.10000000
2018-02-27 15:24:53,0.02042500,0.17000000
2018-02-27 15:24:54,0.02042500,0.10000000
2018-02-27 15:24:56,0.02042500,0.04000000
2018-02-27 15:25:01,0.02042700,0.46000000
2018-02-27 15:25:01,0.02042700,0.10000000
2018-02-27 15:25:02,0.02042700,1.39000000
2018-02-27 15:25:02,0.02045000,0.10000000
2018-02-27 15:25:04,0.02042700,0.29000000
2018-02-27 15:25:04,0.02042700,0.10000000
2018-02-27 15:25:05,0.02042700,2.52000000
2018-02-27 15:25:06,0.02042700,0.03000000
2018-02-27 15:25:06,0.02042500,0.32000000
2018-02-27 15:25:06,0.02042500,0.10000000
2018-02-27 15:25:06,0.02045000,0.80000000
2018-02-27 15:25:06,0.02045000,0.51000000
2018-02-27 15:25:09,0.02045000,0.40000000
2018-02-27 15:25:09,0.02045100,0.31000000
2018-02-27 15:25:09,0.02045100,10.00000000
2018-02-27 15:25:10,0.02042700,0.67000000
2018-02-27 15:25:10,0.02042700,0.10000000
2018-02-27 15:25:10,0.02042700,0.05000000
2018-02-27 15:25:12,0.02042700,0.09000000
2018-02-27 15:25:12,0.02042700,0.16000000
2018-02-27 15:25:13,0.02045100,5.87000000
2018-02-27 15:25:15,0.02045100,0.10000000
2018-02-27 15:25:16,0.02042900,0.12000000
2018-02-27 15:25:16,0.02042700,0.11000000
2018-02-27 15:25:16,0.02042500,0.67000000
2018-02-27 15:25:17,0.02042500,0.10000000
2018-02-27 15:25:17,0.02042700,0.10000000
2018-02-27 15:25:17,0.02042700,0.10000000
2018-02-27 15:25:17,0.02042900,0.10000000
2018-02-27 15:25:17,0.02042900,0.10000000
2018-02-27 15:25:20,0.02045000,0.98000000
2018-02-27 15:25:20,0.02045000,0.22000000
2018-02-27 15:25:21,0.02045200,0.59000000
2018-02-27 15:25:21,0.02045200,0.11000000
2018-02-27 15:25:22,0.02046600,1.31000000
2018-02-27 15:25:22,0.02043500,0.17000000
2018-02-27 15:25:23,0.02043500,0.10000000
2018-02-27 15:25:23,0.02045200,1.11000000
2018-02-27 15:25:24,0.02043500,0.25000000
2018-02-27 15:25:24,0.02043500,0.10000000
2018-02-27 15:25:25,0.02045200,0.10000000
2018-02-27 15:25:25,0.02043500,0.34000000
2018-02-27 15:25:25,0.02043500,0.01000000
2018-02-27 15:25:25,0.02043500,0.08000000
2018-02-27 15:25:29,0.02043500,0.01000000
2018-02-27 15:25:29,0.02045200,0.10000000
2018-02-27 15:25:29,0.02046000,0.14000000
2018-02-27 15:25:31,0.02045000,1.76000000
2018-02-27 15:25:37,0.02045000,2.93000000
2018-02-27 15:25:38,0.02045000,0.07000000
2018-02-27 15:25:45,0.02043200,0.11000000
2018-02-27 15:25:45,0.02043000,4.88000000
2018-02-27 15:25:46,0.02043100,0.10000000
2018-02-27 15:25:46,0.02043100,0.10000000
2018-02-27 15:25:49,0.02043200,0.10000000
2018-02-27 15:25:50,0.02043200,0.10000000
2018-02-27 15:25:50,0.02043100,0.96000000
2018-02-27 15:25:50,0.02043100,0.10000000
2018-02-27 15:25:52,0.02043100,0.93000000
2018-02-27 15:25:53,0.02043100,8.09000000
2018-02-27 15:25:53,0.02043100,6.16000000
2018-02-27 15:25:57,0.02043100,0.14000000
2018-02-27 15:26:00,0.02043100,8.24000000
2018-02-27 15:26:01,0.02044300,1.07000000
2018-02-27 15:26:01,0.02045000,11.00000000
2018-02-27 15:26:01,0.02045100,4.06000000
2018-02-27 15:26:01,0.02045100,0.10000000
2018-02-27 15:26:01,0.02045100,0.10000000
2018-02-27 15:26:01,0.02045100,0.10000000
2018-02-27 15:26:01,0.02045100,0.23000000
2018-02-27 15:26:02,0.02045100,1.29000000
2018-02-27 15:26:03,0.02045100,0.76000000
2018-02-27 15:26:03,0.02045100,0.08000000
2018-02-27 15:26:04,0.02045100,4.43000000
2018-02-27 15:26:04,0.02045100,0.30000000
2018-02-27 15:26:05,0.02045100,0.09000000
2018-02-27 15:26:08,0.02045100,1.37000000
2018-02-27 15:26:08,0.02045100,5.56000000
2018-02-27 15:26:10,0.02045100,5.04000000
2018-02-27 15:26:11,0.02045100,8.79000000
2018-02-27 15:26:13,0.02045100,2.70000000
2018-02-27 15:26:16,0.02044300,0.25000000
2018-02-27 15:26:20,0.02043400,0.20000000
2018-02-27 15:26:20,0.02043400,0.10000000
2018-02-27 15:26:22,0.02043400,0.19000000
2018-02-27 15:26:23,0.02043100,0.05000000
2018-02-27 15:26:23,0.02043400,0.01000000
2018-02-27 15:26:23,0.02044300,0.05000000
2018-02-27 15:26:24,0.02044300,0.14000000
2018-02-27 15:26:24,0.02043200,0.20000000
2018-02-27 15:26:36,0.02044300,0.01000000
2018-02-27 15:26:36,0.02045000,0.03000000
2018-02-27 15:26:37,0.02043300,4.89000000
2018-02-27 15:26:37,0.02043100,15.62000000
2018-02-27 15:26:37,0.02043300,0.10000000
2018-02-27 15:26:37,0.02045000,0.10000000
2018-02-27 15:26:37,0.02045100,0.07000000
2018-02-27 15:26:37,0.02045000,0.10000000
2018-02-27 15:26:37,0.02045000,0.27000000
2018-02-27 15:26:37,0.02045100,1.34000000
2018-02-27 15:26:38,0.02045100,0.10000000
2018-02-27 15:26:38,0.02045200,0.21000000
2018-02-27 15:26:39,0.02045200,0.10000000
2018-02-27 15:26:39,0.02046000,3.56000000
2018-02-27 15:26:40,0.02046000,0.11000000
2018-02-27 15:26:43,0.02046600,0.10000000
2018-02-27 15:27:00,0.02046600,4.01000000
2018-02-27 15:27:02,0.02046600,0.30000000
2018-02-27 15:27:03,0.02046600,8.91000000
2018-02-27 15:27:04,0.02046600,1.00000000
2018-02-27 15:27:08,0.02046600,21.75000000
2018-02-27 15:27:09,0.02046800,1.27000000
2018-02-27 15:27:09,0.02046800,0.10000000
2018-02-27 15:27:09,0.02047000,0.41000000
2018-02-27 15:27:09,0.02047000,0.11000000
2018-02-27 15:27:09,0.02047500,0.04000000
2018-02-27 15:27:11,0.02047500,1.30000000
2018-02-27 15:27:15,0.02045000,0.04000000
2018-02-27 15:27:15,0.02045000,0.12000000
2018-02-27 15:27:15,0.02045000,0.08000000
2018-02-27 15:27:16,0.02044700,0.05000000
2018-02-27 15:27:16,0.02044700,0.20000000
2018-02-27 15:27:19,0.02044700,0.20000000
2018-02-27 15:27:24,0.02047400,0.45000000
2018-02-27 15:27:24,0.02047500,0.95000000
2018-02-27 15:27:31,0.02046600,0.10000000
2018-02-27 15:27:31,0.02047400,0.20000000
2018-02-27 15:27:31,0.02047500,7.41000000
2018-02-27 15:27:32,0.02046600,0.20000000
2018-02-27 15:27:32,0.02046600,0.20000000
2018-02-27 15:27:34,0.02045000,1.01000000
2018-02-27 15:27:34,0.02045000,0.20000000
2018-02-27 15:27:38,0.02046200,0.10000000
2018-02-27 15:27:38,0.02046200,0.20000000
2018-02-27 15:27:39,0.02046200,2.39000000
2018-02-27 15:27:41,0.02046200,0.37000000
2018-02-27 15:27:41,0.02046200,1.30000000
2018-02-27 15:27:45,0.02046200,4.84000000
2018-02-27 15:27:46,0.02046200,1.47000000
2018-02-27 15:27:46,0.02046200,4.74000000
2018-02-27 15:27:47,0.02046200,1.47000000
2018-02-27 15:27:48,0.02047400,0.20000000
2018-02-27 15:27:48,0.02047400,0.20000000
2018-02-27 15:27:50,0.02046200,2.00000000
2018-02-27 15:27:50,0.02046200,0.20000000
2018-02-27 15:27:51,0.02046200,0.65000000
2018-02-27 15:27:52,0.02046200,3.88000000
2018-02-27 15:27:53,0.02046200,1.65000000
2018-02-27 15:27:53,0.02047000,0.08000000
2018-02-27 15:27:53,0.02046200,1.27000000
2018-02-27 15:27:55,0.02046200,2.53000000
2018-02-27 15:27:56,0.02046200,6.84000000
2018-02-27 15:27:56,0.02046200,0.71000000
2018-02-27 15:27:56,0.02046200,0.23000000
2018-02-27 15:27:56,0.02046200,0.65000000
2018-02-27 15:27:56,0.02046200,0.23000000
2018-02-27 15:27:56,0.02046200,0.71000000
2018-02-27 15:27:57,0.02046200,0.25000000
2018-02-27 15:27:59,0.02047000,4.79000000
2018-02-27 15:27:59,0.02047000,0.50000000
2018-02-27 15:28:00,0.02047000,0.30000000
2018-02-27 15:28:00,0.02046200,0.10000000
2018-02-27 15:28:00,0.02046200,0.20000000
2018-02-27 15:28:00,0.02046200,7.10000000
2018-02-27 15:28:02,0.02046200,7.72000000
2018-02-27 15:28:02,0.02046200,0.45000000
2018-02-27 15:28:02,0.02046200,0.23000000
2018-02-27 15:28:02,0.02046200,4.89000000
2018-02-27 15:28:02,0.02046200,5.68000000
2018-02-27 15:28:03,0.02046200,2.41000000
2018-02-27 15:28:03,0.02047000,0.11000000
2018-02-27 15:28:03,0.02046200,0.25000000
2018-02-27 15:28:03,0.02046200,0.20000000
2018-02-27 15:28:06,0.02046300,0.71000000
2018-02-27 15:28:06,0.02046300,0.48000000
2018-02-27 15:28:06,0.02046300,1.81000000
2018-02-27 15:28:06,0.02046200,0.69000000
2018-02-27 15:28:06,0.02046200,0.71000000
2018-02-27 15:28:07,0.02046200,0.20000000
2018-02-27 15:28:07,0.02046200,0.25000000
2018-02-27 15:28:10,0.02046300,6.13000000
2018-02-27 15:28:10,0.02046500,0.20000000
2018-02-27 15:28:10,0.02046500,0.20000000
2018-02-27 15:28:10,0.02046500,1.62000000
2018-02-27 15:28:10,0.02047000,0.03000000
2018-02-27 15:28:11,0.02046500,4.08000000
2018-02-27 15:28:11,0.02046500,0.20000000
2018-02-27 15:28:12,0.02046500,27.09000000
2018-02-27 15:28:12,0.02046300,1.07000000
2018-02-27 15:28:12,0.02046200,6.27000000
2018-02-27 15:28:12,0.02045900,8.42000000
2018-02-27 15:28:16,0.02045900,2.72000000
2018-02-27 15:28:21,0.02045900,0.02000000
2018-02-27 15:28:22,0.02045900,0.20000000
2018-02-27 15:28:22,0.02045900,3.16000000
2018-02-27 15:28:24,0.02045900,7.58000000
2018-02-27 15:28:28,0.02045200,0.09000000
2018-02-27 15:28:28,0.02045000,0.23000000
2018-02-27 15:28:28,0.02044700,0.44000000
2018-02-27 15:28:28,0.02044500,5.46000000
2018-02-27 15:28:28,0.02043200,4.18000000
2018-02-27 15:28:28,0.02043100,9.65000000
2018-02-27 15:28:28,0.02042700,3.42000000
2018-02-27 15:28:28,0.02042500,1.10000000
2018-02-27 15:28:28,0.02042000,4.02000000
2018-02-27 15:28:28,0.02041700,1.30000000
2018-02-27 15:28:28,0.02041300,1.00000000
2018-02-27 15:28:28,0.02041000,10.00000000
2018-02-27 15:28:28,0.02041000,15.11000000
2018-02-27 15:28:29,0.02044500,0.10000000
2018-02-27 15:28:29,0.02044700,0.10000000
2018-02-27 15:28:29,0.02045000,0.10000000
2018-02-27 15:28:29,0.02045200,0.10000000
2018-02-27 15:28:29,0.02045800,2.72000000
2018-02-27 15:28:29,0.02045900,14.77000000
2018-02-27 15:28:29,0.02045900,0.10000000
2018-02-27 15:28:29,0.02045900,0.10000000
2018-02-27 15:28:29,0.02045900,0.10000000
2018-02-27 15:28:29,0.02045900,0.10000000
2018-02-27 15:28:29,0.02045900,0.66000000
2018-02-27 15:28:29,0.02045900,0.10000000
2018-02-27 15:28:29,0.02046100,4.17000000
2018-02-27 15:28:30,0.02046000,0.48000000
2018-02-27 15:28:31,0.02046000,9.61000000
2018-02-27 15:28:32,0.02046000,0.01000000
2018-02-27 15:28:32,0.02046100,0.10000000
2018-02-27 15:28:32,0.02046200,10.10000000
2018-02-27 15:28:32,0.02046300,0.10000000
2018-02-27 15:28:32,0.02046500,0.10000000
2018-02-27 15:28:32,0.02046500,0.10000000
2018-02-27 15:28:32,0.02046500,0.10000000
2018-02-27 15:28:32,0.02046500,0.10000000
2018-02-27 15:28:34,0.02046500,0.15000000
2018-02-27 15:28:34,0.02046500,6.26000000
2018-02-27 15:28:38,0.02046500,0.88000000
2018-02-27 15:28:41,0.02046900,0.38000000
2018-02-27 15:28:41,0.02046900,0.40000000
2018-02-27 15:28:42,0.02046900,1.14000000
2018-02-27 15:28:45,0.02046200,1.34000000
2018-02-27 15:28:45,0.02046200,0.10000000
2018-02-27 15:28:45,0.02046200,0.83000000
2018-02-27 15:28:48,0.02047000,4.99000000
2018-02-27 15:28:48,0.02047000,0.10000000
2018-02-27 15:28:49,0.02047500,8.85000000
2018-02-27 15:28:50,0.02047500,0.11000000
2018-02-27 15:28:50,0.02048000,29.64000000
2018-02-27 15:28:52,0.02046200,1.65000000
2018-02-27 15:28:52,0.02046000,29.00000000
2018-02-27 15:28:53,0.02046000,11.06000000
2018-02-27 15:28:53,0.02046200,0.10000000
2018-02-27 15:28:53,0.02048000,8.39000000
2018-02-27 15:28:53,0.02048600,1.38000000
2018-02-27 15:28:59,0.02048000,0.10000000
2018-02-27 15:29:07,0.02048300,0.23000000
2018-02-27 15:29:09,0.02048300,0.01000000
2018-02-27 15:29:09,0.02048600,3.22000000
2018-02-27 15:29:09,0.02048900,9.71000000
2018-02-27 15:29:09,0.02049000,2.90000000
2018-02-27 15:29:09,0.02049100,0.99000000
2018-02-27 15:29:09,0.02049100,0.01000000
2018-02-27 15:29:09,0.02049100,0.99000000
2018-02-27 15:29:09,0.02048900,3.67000000
2018-02-27 15:29:09,0.02049200,1.00000000
2018-02-27 15:29:09,0.02049200,6.29000000
2018-02-27 15:29:10,0.02048900,0.80000000
2018-02-27 15:29:10,0.02048900,0.61000000
2018-02-27 15:29:11,0.02048900,1.50000000
2018-02-27 15:29:11,0.02048900,0.10000000
2018-02-27 15:29:13,0.02048900,0.11000000
2018-02-27 15:29:14,0.02047500,0.46000000
2018-02-27 15:29:16,0.02048900,2.86000000
2018-02-27 15:29:17,0.02047000,0.48000000
2018-02-27 15:29:18,0.02047000,0.10000000
2018-02-27 15:29:19,0.02048900,0.11000000
2018-02-27 15:29:19,0.02048900,0.11000000
2018-02-27 15:29:20,0.02049000,9.91000000
2018-02-27 15:29:20,0.02049000,0.38000000
2018-02-27 15:29:21,0.02049200,0.11000000
2018-02-27 15:29:21,0.02049200,0.10000000
2018-02-27 15:29:24,0.02047000,0.71000000
2018-02-27 15:29:24,0.02047000,0.11000000
2018-02-27 15:29:24,0.02047000,0.17000000
2018-02-27 15:29:28,0.02047000,0.02000000
2018-02-27 15:29:31,0.02049600,0.53000000
2018-02-27 15:29:32,0.02047200,4.88000000
2018-02-27 15:29:32,0.02047000,1.65000000
2018-02-27 15:29:32,0.02045500,0.91000000
2018-02-27 15:29:32,0.02045400,4.20000000
2018-02-27 15:29:32,0.02045300,1.49000000
2018-02-27 15:29:32,0.02045000,10.64000000
2018-02-27 15:29:32,0.02044800,0.77000000
2018-02-27 15:29:32,0.02044500,1.46000000
2018-02-27 15:29:32,0.02042700,2.13000000
2018-02-27 15:29:32,0.02042500,0.05000000
2018-02-27 15:29:32,0.02041600,0.46000000
2018-02-27 15:29:32,0.02041100,0.60000000
2018-02-27 15:29:32,0.02041000,1.94000000
2018-02-27 15:29:32,0.02040300,3.04000000
2018-02-27 15:29:32,0.02040000,0.20000000
2018-02-27 15:29:32,0.02039800,2.74000000
2018-02-27 15:29:32,0.02038900,0.95000000
2018-02-27 15:29:32,0.02038800,7.77000000
2018-02-27 15:29:32,0.02047000,0.10000000
2018-02-27 15:29:34,0.02045900,0.11000000
2018-02-27 15:29:34,0.02045900,0.45000000
2018-02-27 15:29:35,0.02046300,1.45000000
2018-02-27 15:29:35,0.02046200,1.94000000
2018-02-27 15:29:38,0.02045900,0.47000000
2018-02-27 15:29:38,0.02045900,0.11000000
2018-02-27 15:29:40,0.02045900,0.20000000
2018-02-27 15:29:41,0.02045900,0.17000000
2018-02-27 15:29:41,0.02045900,10.25000000
2018-02-27 15:29:44,0.02045900,0.01000000
2018-02-27 15:29:45,0.02046200,0.10000000
2018-02-27 15:29:46,0.02046200,0.10000000
2018-02-27 15:29:48,0.02046300,0.10000000
2018-02-27 15:29:48,0.02046300,0.10000000
2018-02-27 15:29:48,0.02047200,0.10000000
2018-02-27 15:29:49,0.02047200,0.10000000
2018-02-27 15:29:49,0.02046800,2.13000000
2018-02-27 15:29:50,0.02046800,0.10000000
2018-02-27 15:29:50,0.02047900,0.05000000
2018-02-27 15:29:51,0.02047900,2.20000000
2018-02-27 15:29:52,0.02048000,0.48000000
2018-02-27 15:29:52,0.02046100,4.88000000
2018-02-27 15:29:52,0.02045900,0.22000000
2018-02-27 15:29:53,0.02045900,0.10000000
2018-02-27 15:29:53,0.02046100,0.10000000
2018-02-27 15:29:53,0.02048000,7.80000000
2018-02-27 15:29:53,0.02048000,1.82000000
2018-02-27 15:29:53,0.02048600,3.36000000
2018-02-27 15:29:53,0.02047900,0.10000000
2018-02-27 15:29:53,0.02049600,1.80000000
2018-02-27 15:29:53,0.02046100,0.10000000
2018-02-27 15:29:54,0.02046100,0.10000000
2018-02-27 15:30:02,0.02047900,0.10000000
2018-02-27 15:30:02,0.02046100,1.00000000
2018-02-27 15:30:04,0.02048000,0.17000000
2018-02-27 15:30:04,0.02048000,0.11000000
2018-02-27 15:30:05,0.02048600,0.10000000
2018-02-27 15:30:05,0.02048600,0.10000000
2018-02-27 15:30:08,0.02049600,0.48000000
2018-02-27 15:30:08,0.02049600,2.74000000
2018-02-27 15:30:08,0.02049600,0.37000000
2018-02-27 15:30:08,0.02049900,4.86000000
2018-02-27 15:30:08,0.02049600,0.10000000
2018-02-27 15:30:09,0.02049600,0.10000000
2018-02-27 15:30:09,0.02049600,3.03000000
2018-02-27 15:30:09,0.02046300,0.92000000
2018-02-27 15:30:09,0.02046200,0.70000000
2018-02-27 15:30:10,0.02049000,0.92000000
2018-02-27 15:30:10,0.02049900,0.11000000
2018-02-27 15:30:10,0.02049600,0.10000000
2018-02-27 15:30:11,0.02049400,0.32000000
2018-02-27 15:30:11,0.02046400,0.10000000
2018-02-27 15:30:11,0.02049000,0.10000000
2018-02-27 15:30:14,0.02048600,0.11000000
2018-02-27 15:30:15,0.02046800,0.97000000
2018-02-27 15:30:15,0.02048600,0.09000000
2018-02-27 15:30:15,0.02049000,0.19000000
2018-02-27 15:30:15,0.02049000,0.10000000
2018-02-27 15:30:16,0.02049000,0.10000000
2018-02-27 15:30:16,0.02049000,0.10000000
2018-02-27 15:30:16,0.02049100,0.69000000
2018-02-27 15:30:17,0.02049000,0.15000000
2018-02-27 15:30:17,0.02049000,2.31000000
2018-02-27 15:30:17,0.02049000,0.15000000
2018-02-27 15:30:18,0.02049000,0.10000000
2018-02-27 15:30:18,0.02049100,0.10000000
2018-02-27 15:30:18,0.02049400,0.10000000
2018-02-27 15:30:18,0.02049600,0.10000000
2018-02-27 15:30:18,0.02049900,1.31000000
2018-02-27 15:30:19,0.02049000,0.65000000
2018-02-27 15:30:20,0.02049000,0.07000000
2018-02-27 15:30:23,0.02049000,0.10000000
2018-02-27 15:30:23,0.02049100,0.10000000
2018-02-27 15:30:25,0.02046800,0.97000000
2018-02-27 15:30:25,0.02047900,0.82000000
2018-02-27 15:30:26,0.02047900,0.01000000
2018-02-27 15:30:26,0.02049400,0.10000000
2018-02-27 15:30:26,0.02049800,0.73000000
2018-02-27 15:30:26,0.02049900,3.16000000
2018-02-27 15:30:27,0.02049900,8.91000000
2018-02-27 15:30:30,0.02046800,0.69000000
2018-02-27 15:30:31,0.02046800,0.10000000
2018-02-27 15:30:33,0.02047900,0.10000000
2018-02-27 15:30:36,0.02049000,0.10000000
2018-02-27 15:30:36,0.02049000,0.32000000
2018-02-27 15:30:37,0.02049000,0.36000000
2018-02-27 15:30:39,0.02049000,0.31000000
2018-02-27 15:30:44,0.02049000,0.22000000
2018-02-27 15:30:46,0.02046900,3.55000000
2018-02-27 15:30:46,0.02046900,0.10000000
2018-02-27 15:30:47,0.02049000,7.74000000
2018-02-27 15:30:50,0.02049000,0.26000000
2018-02-27 15:30:51,0.02047900,8.03000000
2018-02-27 15:30:51,0.02046900,1.76000000
2018-02-27 15:30:51,0.02046900,0.10000000
2018-02-27 15:30:51,0.02047900,0.10000000
2018-02-27 15:30:52,0.02047900,0.10000000
2018-02-27 15:30:53,0.02048900,0.50000000
2018-02-27 15:30:53,0.02048900,0.13000000
2018-02-27 15:30:54,0.02049000,6.61000000
2018-02-27 15:30:55,0.02049000,4.28000000
2018-02-27 15:30:55,0.02049400,0.10000000
2018-02-27 15:30:55,0.02049500,0.69000000
2018-02-27 15:30:55,0.02049800,0.10000000
2018-02-27 15:30:55,0.02049900,1.91000000
2018-02-27 15:30:57,0.02049400,0.10000000
2018-02-27 15:30:57,0.02049400,0.10000000
2018-02-27 15:30:58,0.02049500,0.10000000
2018-02-27 15:30:59,0.02049500,0.10000000
2018-02-27 15:31:05,0.02047100,0.11000000
2018-02-27 15:31:05,0.02047100,0.10000000
2018-02-27 15:31:06,0.02047100,0.71000000
2018-02-27 15:31:06,0.02047000,4.18000000
2018-02-27 15:31:06,0.02046900,0.47000000
2018-02-27 15:31:06,0.02046800,4.12000000
2018-02-27 15:31:06,0.02047000,0.10000000
2018-02-27 15:31:06,0.02046800,0.10000000
2018-02-27 15:31:06,0.02046900,0.10000000
2018-02-27 15:31:06,0.02046800,0.10000000
2018-02-27 15:31:06,0.02047000,0.10000000
2018-02-27 15:31:06,0.02046800,0.10000000
2018-02-27 15:31:06,0.02046900,0.10000000
2018-02-27 15:31:08,0.02046800,0.60000000
2018-02-27 15:31:08,0.02046800,0.10000000
2018-02-27 15:31:09,0.02046900,0.10000000
2018-02-27 15:31:09,0.02046800,0.10000000
2018-02-27 15:31:09,0.02046800,0.10000000
2018-02-27 15:31:09,0.02049100,0.98000000
2018-02-27 15:31:09,0.02046800,0.10000000
2018-02-27 15:31:09,0.02046800,0.10000000
2018-02-27 15:31:09,0.02046900,0.10000000
2018-02-27 15:31:11,0.02049100,0.11000000
2018-02-27 15:31:17,0.02049100,3.29000000
2018-02-27 15:31:18,0.02049100,0.05000000
2018-02-27 15:31:19,0.02049100,0.30000000
2018-02-27 15:31:20,0.02049100,0.47000000
2018-02-27 15:31:21,0.02048900,0.40000000
2018-02-27 15:31:21,0.02048900,0.01000000
2018-02-27 15:31:22,0.02048900,0.09000000
2018-02-27 15:31:22,0.02049200,0.39000000
2018-02-27 15:31:28,0.02049200,1.90000000
2018-02-27 15:31:32,0.02049200,2.55000000
2018-02-27 15:31:36,0.02047000,4.88000000
2018-02-27 15:31:36,0.02046800,5.04000000
2018-02-27 15:31:36,0.02046800,6.61000000
2018-02-27 15:31:37,0.02046800,3.20000000
2018-02-27 15:31:38,0.02046800,0.14000000
2018-02-27 15:31:39,0.02046800,2.68000000
2018-02-27 15:31:40,0.02046800,7.30000000
2018-02-27 15:31:42,0.02046800,9.99000000
2018-02-27 15:31:45,0.02046400,0.39000000
2018-02-27 15:31:45,0.02046400,0.10000000
2018-02-27 15:31:47,0.02046400,0.48000000
2018-02-27 15:31:51,0.02046400,5.00000000
2018-02-27 15:31:53,0.02046800,3.70000000
2018-02-27 15:31:54,0.02046800,0.39000000
2018-02-27 15:31:56,0.02046800,0.20000000
2018-02-27 15:31:58,0.02046800,3.70000000
2018-02-27 15:31:58,0.02046800,4.53000000
2018-02-27 15:32:03,0.02046900,0.49000000
2018-02-27 15:32:05,0.02047000,0.10000000
2018-02-27 15:32:05,0.02047100,0.10000000
2018-02-27 15:32:05,0.02047100,0.10000000
2018-02-27 15:32:19,0.02047200,0.29000000
2018-02-27 15:32:19,0.02047200,0.10000000
2018-02-27 15:32:19,0.02047200,0.17000000
2018-02-27 15:32:20,0.02048000,0.35000000
2018-02-27 15:32:22,0.02047100,0.65000000
2018-02-27 15:32:22,0.02047100,0.05000000
2018-02-27 15:32:26,0.02047100,0.01000000
2018-02-27 15:32:28,0.02046400,4.87000000
2018-02-27 15:32:28,0.02046400,0.10000000
2018-02-27 15:32:28,0.02046400,1.00000000
2018-02-27 15:32:29,0.02046400,0.97000000
2018-02-27 15:32:29,0.02046400,1.35000000
2018-02-27 15:32:29,0.02046100,0.65000000
2018-02-27 15:32:32,0.02047100,0.55000000
2018-02-27 15:32:32,0.02047100,0.10000000
2018-02-27 15:32:35,0.02047100,0.30000000
2018-02-27 15:32:35,0.02047100,0.97000000
2018-02-27 15:32:38,0.02048000,1.12000000
2018-02-27 15:32:38,0.02047100,0.50000000
2018-02-27 15:32:38,0.02048000,0.48000000
2018-02-27 15:32:39,0.02047100,0.10000000
2018-02-27 15:32:39,0.02047100,0.10000000
2018-02-27 15:32:41,0.02048000,0.19000000
2018-02-27 15:32:41,0.02049100,11.52000000
2018-02-27 15:32:41,0.02049200,3.56000000
2018-02-27 15:32:41,0.02049500,0.31000000
2018-02-27 15:32:41,0.02049800,0.92000000
2018-02-27 15:32:41,0.02049900,3.50000000
2018-02-27 15:32:44,0.02047200,0.69000000
2018-02-27 15:32:44,0.02047100,0.31000000
2018-02-27 15:32:44,0.02047100,0.09000000
2018-02-27 15:32:50,0.02047100,0.01000000
2018-02-27 15:32:50,0.02047200,0.10000000
2018-02-27 15:32:51,0.02047100,1.00000000
2018-02-27 15:32:51,0.02047100,0.10000000
2018-02-27 15:32:52,0.02047100,0.03000000
2018-02-27 15:32:54,0.02046300,0.12000000
2018-02-27 15:32:54,0.02046300,0.10000000
2018-02-27 15:32:55,0.02046300,1.00000000
2018-02-27 15:32:56,0.02046300,3.66000000
2018-02-27 15:32:56,0.02046100,0.82000000
2018-02-27 15:32:56,0.02046100,3.16000000
2018-02-27 15:32:57,0.02046900,1.46000000
2018-02-27 15:33:04,0.02046400,0.34000000
2018-02-27 15:33:11,0.02046400,0.10000000
2018-02-27 15:33:11,0.02044800,1.74000000
2018-02-27 15:33:15,0.02046900,0.63000000
2018-02-27 15:33:15,0.02047200,0.88000000
2018-02-27 15:33:21,0.02046800,0.25000000
2018-02-27 15:33:26,0.02044800,0.79000000
2018-02-27 15:33:31,0.02046800,1.18000000
2018-02-27 15:33:34,0.02044800,2.50000000
2018-02-27 15:33:34,0.02046800,0.48000000
2018-02-27 15:34:02,0.02044800,8.00000000
2018-02-27 15:34:06,0.02046300,5.00000000
2018-02-27 15:34:20,0.02046200,48.74000000
2018-02-27 15:34:26,0.02046200,1.55000000
2018-02-27 15:34:27,0.02046200,8.45000000
2018-02-27 15:34:32,0.02046300,0.45000000
2018-02-27 15:34:32,0.02046800,0.03000000
2018-02-27 15:34:34,0.02046300,0.09000000
2018-02-27 15:34:36,0.02043300,0.20000000
2018-02-27 15:34:42,0.02043500,0.14000000
2018-02-27 15:34:42,0.02043300,0.03000000
2018-02-27 15:34:42,0.02043100,0.37000000
2018-02-27 15:34:45,0.02043100,0.40000000
2018-02-27 15:34:59,0.02043300,2.61000000
2018-02-27 15:35:03,0.02043500,2.85000000
2018-02-27 15:35:03,0.02043500,1.30000000
2018-02-27 15:35:03,0.02043300,0.43000000
2018-02-27 15:35:05,0.02043500,0.44000000
2018-02-27 15:35:05,0.02043300,1.42000000
2018-02-27 15:35:06,0.02043500,1.28000000
2018-02-27 15:35:08,0.02043500,2.60000000
2018-02-27 15:35:09,0.02043500,0.15000000
2018-02-27 15:35:12,0.02043500,1.00000000
2018-02-27 15:35:15,0.02043500,15.20000000
2018-02-27 15:35:16,0.02043500,1.00000000
2018-02-27 15:35:18,0.02043300,0.73000000
2018-02-27 15:35:18,0.02043100,1.21000000
2018-02-27 15:35:18,0.02042200,0.31000000
2018-02-27 15:35:18,0.02043500,0.42000000
2018-02-27 15:35:24,0.02043500,0.31000000
2018-02-27 15:35:30,0.02041400,0.08000000
2018-02-27 15:35:30,0.02041300,0.86000000
2018-02-27 15:35:35,0.02043100,0.23000000
2018-02-27 15:35:35,0.02043500,0.25000000
2018-02-27 15:35:45,0.02043500,0.21000000
2018-02-27 15:35:48,0.02041300,0.05000000
2018-02-27 15:35:48,0.02040000,0.05000000
2018-02-27 15:35:50,0.02040000,0.10000000
2018-02-27 15:35:51,0.02040300,0.10000000
2018-02-27 15:35:51,0.02040300,0.88000000
2018-02-27 15:35:51,0.02040000,0.35000000
2018-02-27 15:35:51,0.02040000,0.11000000
2018-02-27 15:35:51,0.02040000,2.37000000
2018-02-27 15:35:55,0.02040100,0.10000000
2018-02-27 15:35:56,0.02040100,0.10000000
2018-02-27 15:35:57,0.02043500,0.13000000
2018-02-27 15:35:57,0.02040300,0.10000000
2018-02-27 15:35:58,0.02040600,0.10000000
2018-02-27 15:35:59,0.02040900,0.10000000
2018-02-27 15:36:01,0.02040900,0.10000000
2018-02-27 15:36:02,0.02040900,0.10000000
2018-02-27 15:36:03,0.02040900,0.10000000
2018-02-27 15:36:04,0.02040900,0.10000000
2018-02-27 15:36:06,0.02040900,0.10000000
2018-02-27 15:36:07,0.02040900,0.10000000
2018-02-27 15:36:08,0.02040900,0.10000000
2018-02-27 15:36:08,0.02040900,4.08000000
2018-02-27 15:36:08,0.02040700,0.82000000
2018-02-27 15:36:09,0.02040700,4.28000000
2018-02-27 15:36:09,0.02040900,5.91000000
2018-02-27 15:36:10,0.02040000,0.10000000
2018-02-27 15:36:12,0.02040300,0.10000000
2018-02-27 15:36:12,0.02044800,0.82000000
2018-02-27 15:36:12,0.02044900,0.04000000
2018-02-27 15:36:13,0.02040100,0.10000000
2018-02-27 15:36:13,0.02040900,5.01000000
2018-02-27 15:36:13,0.02040700,0.20000000
2018-02-27 15:36:14,0.02041000,0.10000000
2018-02-27 15:36:15,0.02041000,0.06000000
2018-02-27 15:36:15,0.02041000,3.15000000
2018-02-27 15:36:15,0.02041000,0.10000000
2018-02-27 15:36:16,0.02041000,0.10000000
2018-02-27 15:36:18,0.02041000,0.10000000
2018-02-27 15:36:19,0.02041000,0.10000000
2018-02-27 15:36:20,0.02041000,0.10000000
2018-02-27 15:36:21,0.02041000,0.10000000
2018-02-27 15:36:23,0.02041000,0.10000000
2018-02-27 15:36:24,0.02041000,0.10000000
2018-02-27 15:36:25,0.02041000,0.10000000
2018-02-27 15:36:26,0.02041100,0.10000000
2018-02-27 15:36:28,0.02041100,0.15000000
2018-02-27 15:36:28,0.02041000,1.68000000
2018-02-27 15:36:28,0.02041000,1.46000000
2018-02-27 15:36:28,0.02041000,0.29000000
2018-02-27 15:36:28,0.02040900,4.21000000
2018-02-27 15:36:37,0.02040900,0.10000000
2018-02-27 15:36:45,0.02041000,0.45000000
2018-02-27 15:36:51,0.02044900,0.05000000
2018-02-27 15:36:51,0.02045000,0.25000000
2018-02-27 15:36:53,0.02045000,4.37000000
2018-02-27 15:36:53,0.02045400,0.32000000
2018-02-27 15:36:53,0.02046000,0.31000000
2018-02-27 15:36:59,0.02044900,2.57000000
2018-02-27 15:37:10,0.02041700,0.22000000
2018-02-27 15:37:11,0.02041700,0.78000000
2018-02-27 15:37:12,0.02041700,1.57000000
2018-02-27 15:37:12,0.02041500,4.89000000
2018-02-27 15:37:12,0.02041000,0.40000000
2018-02-27 15:37:15,0.02040900,1.43000000
2018-02-27 15:37:16,0.02040800,0.82000000
2018-02-27 15:37:17,0.02041000,1.14000000
2018-02-27 15:37:18,0.02040200,1.47000000
2018-02-27 15:37:19,0.02040500,0.83000000
2018-02-27 15:37:29,0.02040800,2.29000000
2018-02-27 15:37:33,0.02040800,2.97000000
2018-02-27 15:37:34,0.02040800,0.01000000
2018-02-27 15:37:34,0.02041000,0.51000000
2018-02-27 15:37:35,0.02041400,1.42000000
2018-02-27 15:37:37,0.02041400,0.09000000
2018-02-27 15:37:37,0.02040600,4.65000000
2018-02-27 15:37:38,0.02040500,3.22000000
2018-02-27 15:37:39,0.02040500,2.04000000
2018-02-27 15:37:45,0.02044200,0.60000000
2018-02-27 15:37:46,0.02041100,0.23000000
2018-02-27 15:37:46,0.02041000,1.22000000
2018-02-27 15:37:46,0.02041000,0.14000000
2018-02-27 15:37:48,0.02041000,0.09000000
2018-02-27 15:38:04,0.02041000,0.73000000
2018-02-27 15:38:04,0.02041000,0.52000000
2018-02-27 15:38:04,0.02040000,1.46000000
2018-02-27 15:38:04,0.02040000,0.69000000
2018-02-27 15:38:04,0.02040000,0.48000000
2018-02-27 15:38:05,0.02040500,0.11000000
2018-02-27 15:38:06,0.02040500,0.93000000
2018-02-27 15:38:08,0.02040500,3.35000000
2018-02-27 15:38:08,0.02040500,0.11000000
2018-02-27 15:38:08,0.02040000,0.51000000
2018-02-27 15:38:10,0.02040500,0.50000000
2018-02-27 15:38:10,0.02041000,0.42000000
2018-02-27 15:38:10,0.02041000,0.10000000
2018-02-27 15:38:13,0.02043300,0.25000000
2018-02-27 15:38:13,0.02043400,0.06000000
2018-02-27 15:38:13,0.02043800,0.23000000
2018-02-27 15:38:13,0.02044100,0.72000000
2018-02-27 15:38:17,0.02044100,0.70000000
2018-02-27 15:38:18,0.02040800,1.14000000
2018-02-27 15:38:18,0.02043800,1.49000000
2018-02-27 15:38:23,0.02043400,3.31000000
2018-02-27 15:38:23,0.02043800,1.00000000
2018-02-27 15:38:23,0.02044100,0.77000000
2018-02-27 15:38:23,0.02044500,4.18000000
2018-02-27 15:38:23,0.02044600,0.53000000
2018-02-27 15:38:23,0.02044600,1.64000000
2018-02-27 15:38:24,0.02044600,3.30000000
2018-02-27 15:38:24,0.02042100,3.13000000
2018-02-27 15:38:25,0.02042100,0.30000000
2018-02-27 15:38:28,0.02042100,0.25000000
2018-02-27 15:38:30,0.02042100,0.50000000
2018-02-27 15:38:44,0.02040500,2.22000000
2018-02-27 15:38:44,0.02040200,0.43000000
2018-02-27 15:38:44,0.02040100,1.98000000
2018-02-27 15:38:44,0.02040000,11.03000000
2018-02-27 15:39:03,0.02043900,0.63000000
2018-02-27 15:39:03,0.02040000,0.50000000
2018-02-27 15:39:10,0.02040000,0.28000000
2018-02-27 15:39:21,0.02040000,0.50000000
2018-02-27 15:39:24,0.02040000,0.48000000
2018-02-27 15:39:24,0.02040000,0.94000000
2018-02-27 15:39:27,0.02043700,0.48000000
2018-02-27 15:39:33,0.02040100,0.23000000
2018-02-27 15:39:33,0.02040000,21.24000000
2018-02-27 15:39:34,0.02039900,1.20000000
2018-02-27 15:39:34,0.02039200,0.64000000
2018-02-27 15:39:38,0.02039900,0.01000000
2018-02-27 15:39:38,0.02040000,1.49000000
2018-02-27 15:39:44,0.02039200,0.18000000
2018-02-27 15:39:45,0.02040900,1.41000000
2018-02-27 15:39:45,0.02041000,1.11000000
2018-02-27 15:39:47,0.02042800,0.23000000
2018-02-27 15:39:47,0.02042900,0.11000000
2018-02-27 15:39:52,0.02039600,0.40000000
2018-02-27 15:39:54,0.02039600,0.87000000
2018-02-27 15:39:56,0.02039500,0.50000000
2018-02-27 15:40:03,0.02040000,1.78000000
2018-02-27 15:40:04,0.02040000,1.54000000
2018-02-27 15:40:04,0.02039400,2.27000000
2018-02-27 15:40:04,0.02039200,1.74000000
2018-02-27 15:40:07,0.02040000,6.58000000
2018-02-27 15:40:07,0.02040000,6.54000000
2018-02-27 15:40:09,0.02040000,1.00000000
2018-02-27 15:40:09,0.02043000,0.33000000
2018-02-27 15:40:16,0.02039700,0.23000000
2018-02-27 15:40:16,0.02039500,0.46000000
2018-02-27 15:40:16,0.02039300,0.33000000
2018-02-27 15:40:16,0.02039200,2.93000000
2018-02-27 15:40:16,0.02039000,4.77000000
2018-02-27 15:40:16,0.02039000,0.18000000
2018-02-27 15:40:17,0.02039000,0.25000000
2018-02-27 15:40:17,0.02039000,1.12000000
2018-02-27 15:40:17,0.02039000,1.67000000
2018-02-27 15:40:18,0.02039000,3.70000000
2018-02-27 15:40:19,0.02039000,4.62000000
2018-02-27 15:40:20,0.02039000,7.91000000
2018-02-27 15:40:21,0.02039000,2.68000000
2018-02-27 15:40:22,0.02039000,49.02000000
2018-02-27 15:40:23,0.02039000,0.05000000
2018-02-27 15:40:24,0.02039000,0.25000000
2018-02-27 15:40:34,0.02039000,2.28000000
2018-02-27 15:40:35,0.02042300,1.98000000
2018-02-27 15:40:35,0.02042400,0.47000000
2018-02-27 15:40:47,0.02042000,0.29000000
2018-02-27 15:40:47,0.02042800,0.14000000
2018-02-27 15:40:48,0.02042700,0.23000000
2018-02-27 15:41:13,0.02039400,0.14000000
2018-02-27 15:41:13,0.02039300,0.23000000
2018-02-27 15:41:13,0.02039200,1.60000000
2018-02-27 15:41:13,0.02039000,29.94000000
2018-02-27 15:41:13,0.02038000,1.00000000
2018-02-27 15:41:13,0.02036500,1.58000000
2018-02-27 15:41:13,0.02035700,6.97000000
2018-02-27 15:41:13,0.02035600,0.08000000
2018-02-27 15:41:13,0.02035000,0.55000000
2018-02-27 15:41:13,0.02034600,0.60000000
2018-02-27 15:41:13,0.02034500,2.14000000
2018-02-27 15:41:13,0.02034000,10.00000000
2018-02-27 15:41:13,0.02033000,0.05000000
2018-02-27 15:41:13,0.02032800,12.00000000
2018-02-27 15:41:13,0.02032600,0.24000000
2018-02-27 15:41:13,0.02032400,6.88000000
2018-02-27 15:41:13,0.02032300,1.00000000
2018-02-27 15:41:13,0.02032100,0.01000000
2018-02-27 15:41:16,0.02038500,0.11000000
2018-02-27 15:41:16,0.02038500,0.49000000
2018-02-27 15:41:17,0.02038500,0.25000000
2018-02-27 15:41:18,0.02038900,0.37000000
2018-02-27 15:41:18,0.02039000,2.08000000
2018-02-27 15:41:18,0.02039000,0.41000000
2018-02-27 15:41:19,0.02039000,0.94000000
2018-02-27 15:41:19,0.02038600,2.14000000
2018-02-27 15:41:20,0.02041700,1.00000000
2018-02-27 15:41:20,0.02041900,1.45000000
2018-02-27 15:41:29,0.02039900,0.25000000
2018-02-27 15:41:33,0.02039900,0.69000000
2018-02-27 15:41:35,0.02039900,1.50000000
2018-02-27 15:41:35,0.02039800,0.24000000
2018-02-27 15:41:40,0.02039900,1.50000000
2018-02-27 15:41:40,0.02039900,0.61000000
2018-02-27 15:41:45,0.02039900,2.50000000
2018-02-27 15:41:47,0.02039900,3.50000000
2018-02-27 15:41:47,0.02040000,6.54000000
2018-02-27 15:41:47,0.02040000,1.50000000
2018-02-27 15:41:47,0.02040000,1.00000000
2018-02-27 15:41:50,0.02040000,1.89000000
2018-02-27 15:41:51,0.02040000,1.50000000
2018-02-27 15:41:55,0.02039900,0.11000000
2018-02-27 15:41:56,0.02039900,1.28000000
2018-02-27 15:41:56,0.02040000,0.22000000
2018-02-27 15:42:02,0.02040000,0.54000000
2018-02-27 15:42:05,0.02040000,0.40000000
2018-02-27 15:42:06,0.02040000,0.33000000
2018-02-27 15:42:07,0.02040000,0.69000000
2018-02-27 15:42:08,0.02040000,2.47000000
2018-02-27 15:42:08,0.02040000,0.50000000
2018-02-27 15:42:08,0.02040000,0.53000000
2018-02-27 15:42:10,0.02040000,0.40000000
2018-02-27 15:42:10,0.02040000,0.43000000
2018-02-27 15:42:16,0.02039100,0.24000000
2018-02-27 15:42:17,0.02039900,0.53000000
2018-02-27 15:42:17,0.02039900,9.67000000
2018-02-27 15:42:17,0.02040000,11.47000000
2018-02-27 15:42:19,0.02039600,1.00000000
2018-02-27 15:42:24,0.02040000,1.50000000
2018-02-27 15:42:32,0.02040000,0.32000000
2018-02-27 15:42:35,0.02039600,0.26000000
2018-02-27 15:42:35,0.02040000,1.50000000
2018-02-27 15:42:36,0.02040000,0.49000000
2018-02-27 15:42:37,0.02040000,0.22000000
2018-02-27 15:42:37,0.02039600,1.00000000
2018-02-27 15:42:39,0.02040000,2.00000000
2018-02-27 15:42:45,0.02039900,0.77000000
2018-02-27 15:42:45,0.02040000,3.44000000
