DATE,PRICE,VOLUME
2018-02-25 06:00:11,0.02107200,4.68000000
2018-02-25 06:00:11,0.02104400,0.46000000
2018-02-25 06:00:11,0.02104300,0.03000000
2018-02-25 06:00:18,0.02107200,1.00000000
2018-02-25 06:00:27,0.02107200,0.35000000
2018-02-25 06:00:30,0.02104300,0.16000000
2018-02-25 06:00:30,0.02103100,0.10000000
2018-02-25 06:00:30,0.02102900,0.47000000
2018-02-25 06:00:30,0.02102700,1.17000000
2018-02-25 06:00:31,0.02105200,0.10000000
2018-02-25 06:00:49,0.02105100,1.16000000
2018-02-25 06:00:52,0.02104300,0.19000000
2018-02-25 06:01:10,0.02104300,0.34000000
2018-02-25 06:01:20,0.02105000,0.51000000
2018-02-25 06:01:26,0.02104800,0.06000000
2018-02-25 06:01:32,0.02104900,0.84000000
2018-02-25 06:01:33,0.02104900,4.58000000
2018-02-25 06:01:41,0.02104900,2.52000000
2018-02-25 06:01:42,0.02104300,0.11000000
2018-02-25 06:01:42,0.02103100,0.10000000
2018-02-25 06:01:42,0.02102200,0.28000000
2018-02-25 06:01:47,0.02104900,0.37000000
2018-02-25 06:01:52,0.02105200,0.11000000
2018-02-25 06:01:53,0.02105200,0.56000000
2018-02-25 06:01:56,0.02102600,0.24000000
2018-02-25 06:01:56,0.02102500,0.23000000
2018-02-25 06:01:56,0.02102400,2.97000000
2018-02-25 06:02:21,0.02104800,0.49000000
2018-02-25 06:02:39,0.02104800,1.07000000
2018-02-25 06:02:39,0.02104800,0.12000000
2018-02-25 06:02:39,0.02104800,1.29000000
2018-02-25 06:02:40,0.02104900,0.97000000
2018-02-25 06:02:42,0.02104800,0.20000000
2018-02-25 06:02:48,0.02104800,2.72000000
2018-02-25 06:02:48,0.02102300,46.00000000
2018-02-25 06:02:48,0.02102200,5.20000000
2018-02-25 06:02:48,0.02102100,5.04000000
2018-02-25 06:02:48,0.02102000,1.04000000
2018-02-25 06:03:10,0.02102400,0.49000000
2018-02-25 06:03:14,0.02102400,7.01000000
2018-02-25 06:03:14,0.02102300,0.05000000
2018-02-25 06:03:14,0.02102000,10.07000000
2018-02-25 06:03:14,0.02105000,0.28000000
2018-02-25 06:03:14,0.02105000,0.10000000
2018-02-25 06:03:25,0.02104800,0.47000000
2018-02-25 06:03:30,0.02104800,0.47000000
2018-02-25 06:04:04,0.02104800,0.49000000
2018-02-25 06:04:18,0.02103100,0.38000000
2018-02-25 06:04:19,0.02103100,0.85000000
2018-02-25 06:04:19,0.02103100,0.01000000
2018-02-25 06:04:19,0.02104800,7.35000000
2018-02-25 06:04:23,0.02102900,0.05000000
2018-02-25 06:04:24,0.02104800,37.90000000
2018-02-25 06:04:24,0.02104800,1.36000000
2018-02-25 06:04:26,0.02104800,1.00000000
2018-02-25 06:04:31,0.02104800,2.16000000
2018-02-25 06:04:43,0.02105200,0.49000000
2018-02-25 06:04:45,0.02104800,5.77000000
2018-02-25 06:04:47,0.02104800,0.25000000
2018-02-25 06:04:49,0.02104100,0.72000000
2018-02-25 06:04:49,0.02102900,3.21000000
2018-02-25 06:04:53,0.02104800,0.49000000
2018-02-25 06:04:55,0.02102900,0.63000000
2018-02-25 06:04:57,0.02104800,3.96000000
2018-02-25 06:04:57,0.02102900,0.05000000
2018-02-25 06:04:58,0.02102900,1.96000000
2018-02-25 06:05:00,0.02102900,1.60000000
2018-02-25 06:05:00,0.02102900,1.42000000
2018-02-25 06:05:00,0.02102900,0.18000000
2018-02-25 06:05:02,0.02104700,0.49000000
2018-02-25 06:05:02,0.02103100,4.19000000
2018-02-25 06:05:02,0.02103100,1.18000000
2018-02-25 06:05:03,0.02103100,1.96000000
2018-02-25 06:05:03,0.02103100,2.13000000
2018-02-25 06:05:04,0.02103100,1.64000000
2018-02-25 06:05:05,0.02102700,0.11000000
2018-02-25 06:05:06,0.02103100,0.01000000
2018-02-25 06:05:17,0.02103100,5.70000000
2018-02-25 06:05:20,0.02104800,0.41000000
2018-02-25 06:05:21,0.02103200,18.37000000
2018-02-25 06:05:23,0.02103100,15.65000000
2018-02-25 06:05:25,0.02103000,1.42000000
2018-02-25 06:05:25,0.02103000,1.42000000
2018-02-25 06:05:25,0.02103000,1.18000000
2018-02-25 06:05:25,0.02103000,1.42000000
2018-02-25 06:05:26,0.02103000,1.42000000
2018-02-25 06:05:26,0.02103000,1.42000000
2018-02-25 06:05:26,0.02102000,0.96000000
2018-02-25 06:05:38,0.02103000,0.04000000
2018-02-25 06:05:38,0.02104800,2.88000000
2018-02-25 06:05:38,0.02105200,2.46000000
2018-02-25 06:05:39,0.02105200,0.27000000
2018-02-25 06:05:41,0.02102200,7.60000000
2018-02-25 06:05:41,0.02102000,24.86000000
2018-02-25 06:05:42,0.02101800,3.95000000
2018-02-25 06:05:42,0.02101800,0.10000000
2018-02-25 06:05:43,0.02101800,3.06000000
2018-02-25 06:05:44,0.02102000,0.97000000
2018-02-25 06:05:44,0.02102000,0.10000000
2018-02-25 06:05:44,0.02101400,0.49000000
2018-02-25 06:05:44,0.02102000,0.06000000
2018-02-25 06:05:44,0.02102000,0.10000000
2018-02-25 06:05:47,0.02102000,0.49000000
2018-02-25 06:06:02,0.02105200,0.06000000
2018-02-25 06:06:04,0.02102000,0.09000000
2018-02-25 06:06:04,0.02102000,0.10000000
2018-02-25 06:06:11,0.02102000,4.26000000
2018-02-25 06:06:13,0.02101900,8.33000000
2018-02-25 06:06:16,0.02102000,0.20000000
2018-02-25 06:06:16,0.02102000,0.10000000
2018-02-25 06:06:18,0.02102000,0.57000000
2018-02-25 06:06:18,0.02102000,5.88000000
2018-02-25 06:06:20,0.02102000,1.73000000
2018-02-25 06:06:21,0.02102000,0.01000000
2018-02-25 06:06:25,0.02102000,1.41000000
2018-02-25 06:06:25,0.02102000,1.69000000
2018-02-25 06:06:26,0.02105200,0.28000000
2018-02-25 06:06:29,0.02102000,0.63000000
2018-02-25 06:06:29,0.02101900,0.10000000
2018-02-25 06:06:29,0.02101400,0.33000000
2018-02-25 06:06:31,0.02104900,0.13000000
2018-02-25 06:06:31,0.02105200,0.38000000
2018-02-25 06:06:37,0.02105000,0.10000000
2018-02-25 06:06:39,0.02105000,0.51000000
2018-02-25 06:06:47,0.02105200,0.01000000
2018-02-25 06:06:47,0.02106100,0.05000000
2018-02-25 06:06:47,0.02106100,0.06000000
2018-02-25 06:06:47,0.02106100,0.36000000
2018-02-25 06:06:48,0.02106500,0.17000000
2018-02-25 06:06:48,0.02107000,1.42000000
2018-02-25 06:06:48,0.02107000,1.18000000
2018-02-25 06:06:48,0.02107300,0.10000000
2018-02-25 06:06:48,0.02108000,1.17000000
2018-02-25 06:06:48,0.02108400,0.48000000
2018-02-25 06:06:48,0.02108700,1.00000000
2018-02-25 06:06:48,0.02109000,1.00000000
2018-02-25 06:06:48,0.02109300,0.50000000
2018-02-25 06:06:48,0.02108000,1.00000000
2018-02-25 06:06:54,0.02108000,0.17000000
2018-02-25 06:06:55,0.02109300,2.39000000
2018-02-25 06:06:58,0.02109800,4.09000000
2018-02-25 06:06:59,0.02109300,3.04000000
2018-02-25 06:07:01,0.02107400,0.10000000
2018-02-25 06:07:01,0.02106700,0.30000000
2018-02-25 06:07:02,0.02109300,0.01000000
2018-02-25 06:07:02,0.02109900,0.68000000
2018-02-25 06:07:02,0.02110000,4.92000000
2018-02-25 06:07:03,0.02110000,1.41000000
2018-02-25 06:07:05,0.02110000,2.39000000
2018-02-25 06:07:05,0.02110000,6.95000000
2018-02-25 06:07:05,0.02110100,0.08000000
2018-02-25 06:07:05,0.02110900,1.00000000
2018-02-25 06:07:05,0.02112100,1.77000000
2018-02-25 06:07:05,0.02112400,0.56000000
2018-02-25 06:07:05,0.02112600,3.95000000
2018-02-25 06:07:05,0.02112700,4.87000000
2018-02-25 06:07:06,0.02109800,0.75000000
2018-02-25 06:07:09,0.02112500,8.27000000
2018-02-25 06:07:10,0.02112500,0.01000000
2018-02-25 06:07:10,0.02112700,0.23000000
2018-02-25 06:07:11,0.02112700,3.37000000
2018-02-25 06:07:11,0.02109800,1.99000000
2018-02-25 06:07:12,0.02112700,4.42000000
2018-02-25 06:07:12,0.02113000,0.50000000
2018-02-25 06:07:12,0.02113900,9.40000000
2018-02-25 06:07:12,0.02114200,4.74000000
2018-02-25 06:07:12,0.02115800,0.60000000
2018-02-25 06:07:12,0.02115900,0.14000000
2018-02-25 06:07:12,0.02116000,32.10000000
2018-02-25 06:07:12,0.02116900,21.33000000
2018-02-25 06:07:13,0.02110400,0.06000000
2018-02-25 06:07:15,0.02115000,1.22000000
2018-02-25 06:07:16,0.02111700,1.49000000
2018-02-25 06:07:16,0.02115000,7.88000000
2018-02-25 06:07:16,0.02115800,0.10000000
2018-02-25 06:07:16,0.02115900,8.31000000
2018-02-25 06:07:16,0.02115800,0.10000000
2018-02-25 06:07:16,0.02115900,0.99000000
2018-02-25 06:07:17,0.02115900,0.30000000
2018-02-25 06:07:20,0.02112900,0.10000000
2018-02-25 06:07:20,0.02112900,2.77000000
2018-02-25 06:07:20,0.02115900,0.10000000
2018-02-25 06:07:22,0.02116000,9.10000000
2018-02-25 06:07:25,0.02116000,0.10000000
2018-02-25 06:07:25,0.02116900,0.10000000
2018-02-25 06:07:25,0.02117500,0.40000000
2018-02-25 06:07:27,0.02116900,0.10000000
2018-02-25 06:07:27,0.02117500,27.45000000
2018-02-25 06:07:27,0.02116900,0.10000000
2018-02-25 06:07:27,0.02117500,10.87000000
2018-02-25 06:07:27,0.02116900,0.10000000
2018-02-25 06:07:27,0.02117500,6.26000000
2018-02-25 06:07:29,0.02116900,0.10000000
2018-02-25 06:07:29,0.02117400,9.70000000
2018-02-25 06:07:29,0.02117500,8.07000000
2018-02-25 06:07:30,0.02117500,1.21000000
2018-02-25 06:07:31,0.02115900,2.77000000
2018-02-25 06:07:31,0.02117400,0.10000000
2018-02-25 06:07:31,0.02117500,7.57000000
2018-02-25 06:07:31,0.02117900,0.20000000
2018-02-25 06:07:31,0.02118000,3.71000000
2018-02-25 06:07:31,0.02118000,0.47000000
2018-02-25 06:07:32,0.02115700,0.47000000
2018-02-25 06:07:32,0.02115700,3.95000000
2018-02-25 06:07:32,0.02115900,0.10000000
2018-02-25 06:07:32,0.02118000,1.45000000
2018-02-25 06:07:34,0.02115700,0.10000000
2018-02-25 06:07:34,0.02117500,0.10000000
2018-02-25 06:07:34,0.02117500,0.09000000
2018-02-25 06:07:34,0.02115700,0.10000000
2018-02-25 06:07:34,0.02115900,0.01000000
2018-02-25 06:07:34,0.02117900,0.10000000
2018-02-25 06:07:34,0.02118000,0.20000000
2018-02-25 06:07:37,0.02115700,0.10000000
2018-02-25 06:07:37,0.02115900,0.10000000
2018-02-25 06:07:37,0.02117900,0.10000000
2018-02-25 06:07:37,0.02118000,0.10000000
2018-02-25 06:07:37,0.02118700,0.07000000
2018-02-25 06:07:37,0.02117500,0.10000000
2018-02-25 06:07:37,0.02117500,0.10000000
2018-02-25 06:07:37,0.02117500,0.11000000
2018-02-25 06:07:37,0.02117900,0.10000000
2018-02-25 06:07:37,0.02118700,0.37000000
2018-02-25 06:07:37,0.02117500,0.03000000
2018-02-25 06:07:37,0.02117500,0.41000000
2018-02-25 06:07:37,0.02117900,0.10000000
2018-02-25 06:07:37,0.02118000,0.10000000
2018-02-25 06:07:37,0.02118700,0.75000000
2018-02-25 06:07:37,0.02118800,0.45000000
2018-02-25 06:07:39,0.02117500,0.05000000
2018-02-25 06:07:41,0.02117500,0.05000000
2018-02-25 06:07:41,0.02117900,0.10000000
2018-02-25 06:07:41,0.02118700,0.19000000
2018-02-25 06:07:41,0.02118800,1.55000000
2018-02-25 06:07:41,0.02119100,2.72000000
2018-02-25 06:07:42,0.02117500,0.10000000
2018-02-25 06:07:43,0.02117900,0.10000000
2018-02-25 06:07:43,0.02118700,0.19000000
2018-02-25 06:07:43,0.02118800,0.38000000
2018-02-25 06:07:44,0.02114800,2.49000000
2018-02-25 06:07:44,0.02114800,0.10000000
2018-02-25 06:07:45,0.02117700,2.59000000
2018-02-25 06:07:45,0.02117900,0.10000000
2018-02-25 06:07:45,0.02118700,0.19000000
2018-02-25 06:07:45,0.02117700,0.10000000
2018-02-25 06:07:45,0.02117900,0.10000000
2018-02-25 06:07:45,0.02118700,0.19000000
2018-02-25 06:07:45,0.02118800,0.08000000
2018-02-25 06:07:47,0.02117700,0.10000000
2018-02-25 06:07:47,0.02117700,0.10000000
2018-02-25 06:07:47,0.02117900,0.10000000
2018-02-25 06:07:47,0.02118700,0.19000000
2018-02-25 06:07:47,0.02118800,0.30000000
2018-02-25 06:07:47,0.02118800,1.62000000
2018-02-25 06:07:47,0.02113300,1.36000000
2018-02-25 06:07:48,0.02117900,0.10000000
2018-02-25 06:07:50,0.02117700,0.47000000
2018-02-25 06:07:51,0.02117700,0.47000000
2018-02-25 06:07:51,0.02115100,0.05000000
2018-02-25 06:07:52,0.02115100,0.10000000
2018-02-25 06:07:54,0.02115100,0.08000000
2018-02-25 06:07:54,0.02115100,1.86000000
2018-02-25 06:07:59,0.02117400,0.20000000
2018-02-25 06:08:08,0.02113500,1.51000000
2018-02-25 06:08:14,0.02113400,0.34000000
2018-02-25 06:08:15,0.02113400,4.69000000
2018-02-25 06:08:33,0.02114100,0.19000000
2018-02-25 06:08:34,0.02117400,0.32000000
2018-02-25 06:08:34,0.02117500,4.68000000
2018-02-25 06:08:38,0.02116900,0.35000000
2018-02-25 06:08:38,0.02117000,0.12000000
2018-02-25 06:08:41,0.02116900,0.01000000
2018-02-25 06:08:44,0.02114400,0.53000000
2018-02-25 06:08:48,0.02116900,0.19000000
2018-02-25 06:08:49,0.02116900,0.43000000
2018-02-25 06:08:53,0.02116900,0.89000000
2018-02-25 06:08:54,0.02116900,0.61000000
2018-02-25 06:08:54,0.02116900,0.62000000
2018-02-25 06:08:55,0.02116900,1.41000000
2018-02-25 06:08:55,0.02116900,1.41000000
2018-02-25 06:08:55,0.02116900,1.41000000
2018-02-25 06:08:55,0.02116900,1.41000000
2018-02-25 06:08:55,0.02116900,1.41000000
2018-02-25 06:08:55,0.02116900,13.57000000
2018-02-25 06:08:56,0.02116200,1.41000000
2018-02-25 06:08:56,0.02116200,1.26000000
2018-02-25 06:08:56,0.02116200,1.26000000
2018-02-25 06:08:56,0.02114400,2.22000000
2018-02-25 06:08:58,0.02113800,0.14000000
2018-02-25 06:08:58,0.02113400,0.08000000
2018-02-25 06:09:00,0.02113000,3.08000000
2018-02-25 06:09:02,0.02112700,0.10000000
2018-02-25 06:09:03,0.02112700,0.38000000
2018-02-25 06:09:03,0.02113000,0.10000000
2018-02-25 06:09:03,0.02112700,0.38000000
2018-02-25 06:09:06,0.02117000,0.10000000
2018-02-25 06:09:07,0.02113200,0.48000000
2018-02-25 06:09:09,0.02113700,2.83000000
2018-02-25 06:09:11,0.02113800,0.08000000
2018-02-25 06:09:11,0.02113800,1.41000000
2018-02-25 06:09:11,0.02113800,1.41000000
2018-02-25 06:09:11,0.02113800,0.23000000
2018-02-25 06:09:11,0.02113800,1.41000000
2018-02-25 06:09:11,0.02113800,1.41000000
2018-02-25 06:09:11,0.02113800,1.41000000
2018-02-25 06:09:12,0.02113800,1.41000000
2018-02-25 06:09:15,0.02112300,0.86000000
2018-02-25 06:09:15,0.02112000,0.47000000
2018-02-25 06:09:16,0.02111700,0.13000000
2018-02-25 06:09:16,0.02111600,0.20000000
2018-02-25 06:09:16,0.02111700,0.04000000
2018-02-25 06:09:18,0.02110800,0.74000000
2018-02-25 06:09:18,0.02111400,0.41000000
2018-02-25 06:09:20,0.02111400,0.35000000
2018-02-25 06:09:22,0.02111400,0.36000000
2018-02-25 06:09:23,0.02111400,0.31000000
2018-02-25 06:09:24,0.02111400,0.27000000
2018-02-25 06:09:25,0.02111400,0.23000000
2018-02-25 06:09:25,0.02111400,0.73000000
2018-02-25 06:09:31,0.02111600,0.47000000
2018-02-25 06:09:34,0.02111600,0.05000000
2018-02-25 06:09:34,0.02111600,0.05000000
2018-02-25 06:09:35,0.02111600,8.51000000
2018-02-25 06:09:53,0.02111600,0.01000000
2018-02-25 06:09:55,0.02112100,0.27000000
2018-02-25 06:09:56,0.02115200,0.23000000
2018-02-25 06:09:58,0.02111900,0.24000000
2018-02-25 06:09:58,0.02114800,0.27000000
2018-02-25 06:09:58,0.02115000,0.21000000
2018-02-25 06:10:01,0.02111800,0.48000000
2018-02-25 06:10:10,0.02111800,0.76000000
2018-02-25 06:10:10,0.02111800,5.63000000
2018-02-25 06:10:22,0.02112000,0.13000000
2018-02-25 06:10:22,0.02111800,0.83000000
2018-02-25 06:10:24,0.02113000,2.21000000
2018-02-25 06:10:32,0.02112300,1.87000000
2018-02-25 06:10:37,0.02112400,0.47000000
2018-02-25 06:10:38,0.02112300,0.11000000
2018-02-25 06:10:55,0.02112100,0.59000000
2018-02-25 06:11:06,0.02112000,0.59000000
2018-02-25 06:11:07,0.02112100,0.71000000
2018-02-25 06:11:08,0.02112000,1.85000000
2018-02-25 06:11:20,0.02112100,0.23000000
2018-02-25 06:11:27,0.02112100,0.48000000
2018-02-25 06:11:27,0.02111800,0.01000000
2018-02-25 06:11:27,0.02111000,0.06000000
2018-02-25 06:11:28,0.02111000,1.00000000
2018-02-25 06:11:28,0.02112100,1.21000000
2018-02-25 06:11:36,0.02111000,0.48000000
2018-02-25 06:11:52,0.02111000,25.87000000
2018-02-25 06:12:08,0.02112100,0.50000000
2018-02-25 06:12:10,0.02111300,0.17000000
2018-02-25 06:12:16,0.02111300,0.30000000
2018-02-25 06:12:16,0.02111500,3.72000000
2018-02-25 06:12:17,0.02112100,3.35000000
2018-02-25 06:12:29,0.02113000,0.23000000
2018-02-25 06:12:38,0.02113000,0.38000000
2018-02-25 06:12:38,0.02115200,0.09000000
2018-02-25 06:12:41,0.02115000,9.04000000
2018-02-25 06:12:41,0.02115100,2.33000000
2018-02-25 06:12:41,0.02115200,0.15000000
2018-02-25 06:12:41,0.02115300,0.47000000
2018-02-25 06:12:41,0.02115400,0.33000000
2018-02-25 06:12:41,0.02115500,0.68000000
2018-02-25 06:12:55,0.02113000,2.66000000
2018-02-25 06:12:57,0.02115400,4.74000000
2018-02-25 06:12:57,0.02115500,3.64000000
2018-02-25 06:12:57,0.02116900,2.09000000
2018-02-25 06:12:57,0.02117700,1.51000000
2018-02-25 06:12:57,0.02118200,0.50000000
2018-02-25 06:12:57,0.02118800,7.13000000
2018-02-25 06:12:57,0.02119100,0.16000000
2018-02-25 06:12:57,0.02119600,0.47000000
2018-02-25 06:12:57,0.02119800,0.53000000
2018-02-25 06:12:57,0.02120000,19.23000000
2018-02-25 06:13:03,0.02115100,0.20000000
2018-02-25 06:13:13,0.02115200,0.48000000
2018-02-25 06:13:13,0.02113000,0.01000000
2018-02-25 06:13:13,0.02112900,0.37000000
2018-02-25 06:13:13,0.02112900,0.10000000
2018-02-25 06:13:13,0.02112100,0.28000000
2018-02-25 06:13:13,0.02112100,0.14000000
2018-02-25 06:13:20,0.02113000,0.11000000
2018-02-25 06:13:21,0.02115100,1.49000000
2018-02-25 06:13:21,0.02113000,0.11000000
2018-02-25 06:13:21,0.02113000,0.41000000
2018-02-25 06:13:32,0.02113000,0.05000000
2018-02-25 06:13:35,0.02113000,1.22000000
2018-02-25 06:13:35,0.02112100,11.70000000
2018-02-25 06:13:49,0.02112100,0.05000000
2018-02-25 06:13:49,0.02112100,0.05000000
2018-02-25 06:13:58,0.02112100,1.31000000
2018-02-25 06:13:58,0.02112100,0.20000000
2018-02-25 06:13:59,0.02115000,0.42000000
2018-02-25 06:13:59,0.02115100,2.15000000
2018-02-25 06:14:00,0.02112100,0.11000000
2018-02-25 06:14:03,0.02115000,2.71000000
2018-02-25 06:14:05,0.02112200,0.11000000
2018-02-25 06:14:07,0.02115000,0.62000000
2018-02-25 06:14:07,0.02115100,1.41000000
2018-02-25 06:14:07,0.02115100,1.41000000
2018-02-25 06:14:07,0.02115100,1.41000000
2018-02-25 06:14:07,0.02115100,1.41000000
2018-02-25 06:14:07,0.02115100,0.07000000
2018-02-25 06:14:07,0.02115100,1.41000000
2018-02-25 06:14:07,0.02112200,1.41000000
2018-02-25 06:14:08,0.02115100,2.42000000
2018-02-25 06:14:08,0.02115200,0.39000000
2018-02-25 06:14:09,0.02112200,0.23000000
2018-02-25 06:14:11,0.02112300,0.52000000
2018-02-25 06:14:11,0.02112300,0.41000000
2018-02-25 06:14:13,0.02112300,0.07000000
2018-02-25 06:14:13,0.02112300,4.05000000
2018-02-25 06:14:24,0.02112200,0.05000000
2018-02-25 06:14:25,0.02112200,0.07000000
2018-02-25 06:14:26,0.02112200,0.80000000
2018-02-25 06:14:26,0.02112200,0.10000000
2018-02-25 06:14:27,0.02112200,0.63000000
2018-02-25 06:14:27,0.02112100,3.97000000
2018-02-25 06:14:33,0.02115100,0.09000000
2018-02-25 06:14:36,0.02113800,0.05000000
2018-02-25 06:14:36,0.02113800,0.42000000
2018-02-25 06:14:47,0.02112100,0.48000000
2018-02-25 06:14:53,0.02115100,12.87000000
2018-02-25 06:15:06,0.02112400,1.40000000
2018-02-25 06:15:06,0.02115100,6.35000000
2018-02-25 06:15:08,0.02114000,31.92000000
2018-02-25 06:15:09,0.02114000,9.29000000
2018-02-25 06:15:10,0.02112300,7.18000000
2018-02-25 06:15:11,0.02114000,0.11000000
2018-02-25 06:15:24,0.02114000,2.58000000
2018-02-25 06:15:24,0.02114000,3.55000000
2018-02-25 06:15:24,0.02114000,20.90000000
2018-02-25 06:15:33,0.02112300,1.71000000
2018-02-25 06:15:40,0.02112300,0.05000000
2018-02-25 06:15:49,0.02112300,0.25000000
2018-02-25 06:15:50,0.02113900,0.08000000
2018-02-25 06:15:52,0.02112300,0.05000000
2018-02-25 06:15:53,0.02112300,0.22000000
2018-02-25 06:15:53,0.02112100,3.97000000
2018-02-25 06:15:54,0.02112100,0.01000000
2018-02-25 06:15:54,0.02112100,0.22000000
2018-02-25 06:15:55,0.02112100,1.17000000
2018-02-25 06:16:02,0.02112100,0.88000000
2018-02-25 06:16:03,0.02112100,0.43000000
2018-02-25 06:16:03,0.02112100,1.27000000
2018-02-25 06:16:06,0.02111100,0.08000000
2018-02-25 06:16:06,0.02111100,0.05000000
2018-02-25 06:16:07,0.02111100,0.05000000
2018-02-25 06:16:08,0.02111100,0.28000000
2018-02-25 06:16:10,0.02112000,1.64000000
2018-02-25 06:16:12,0.02111200,0.20000000
2018-02-25 06:16:16,0.02111100,0.05000000
2018-02-25 06:16:16,0.02111100,0.05000000
2018-02-25 06:16:22,0.02111100,0.05000000
2018-02-25 06:16:23,0.02111100,0.05000000
2018-02-25 06:16:31,0.02111100,0.01000000
2018-02-25 06:16:32,0.02111000,1.58000000
2018-02-25 06:16:32,0.02111100,0.19000000
2018-02-25 06:16:38,0.02110500,1.01000000
2018-02-25 06:16:39,0.02111100,1.00000000
2018-02-25 06:16:39,0.02111100,1.00000000
2018-02-25 06:16:40,0.02111100,2.70000000
2018-02-25 06:16:42,0.02113300,1.01000000
2018-02-25 06:16:42,0.02113500,0.59000000
2018-02-25 06:16:47,0.02113200,4.23000000
2018-02-25 06:16:47,0.02113500,10.41000000
2018-02-25 06:16:47,0.02113500,2.30000000
2018-02-25 06:16:47,0.02113500,2.16000000
2018-02-25 06:16:48,0.02111100,8.87000000
2018-02-25 06:16:48,0.02110600,1.40000000
2018-02-25 06:16:48,0.02110800,7.09000000
2018-02-25 06:16:54,0.02110800,3.77000000
2018-02-25 06:16:55,0.02110900,0.40000000
2018-02-25 06:17:06,0.02111100,1.83000000
2018-02-25 06:17:06,0.02111000,5.11000000
2018-02-25 06:17:06,0.02113700,1.00000000
2018-02-25 06:17:07,0.02111000,0.48000000
2018-02-25 06:17:08,0.02113400,0.42000000
2018-02-25 06:17:08,0.02113400,0.36000000
2018-02-25 06:17:09,0.02113400,1.00000000
2018-02-25 06:17:13,0.02111900,4.32000000
2018-02-25 06:17:13,0.02112100,1.40000000
2018-02-25 06:17:13,0.02113700,0.13000000
2018-02-25 06:17:13,0.02113800,0.21000000
2018-02-25 06:17:13,0.02113900,0.25000000
2018-02-25 06:17:13,0.02114000,9.69000000
2018-02-25 06:17:13,0.02114000,10.00000000
2018-02-25 06:17:13,0.02114000,4.00000000
2018-02-25 06:17:14,0.02114000,4.00000000
2018-02-25 06:17:19,0.02114000,1.00000000
2018-02-25 06:17:20,0.02114000,33.72000000
2018-02-25 06:17:22,0.02114000,1.62000000
2018-02-25 06:17:33,0.02114000,0.47000000
2018-02-25 06:17:35,0.02114000,18.47000000
2018-02-25 06:17:37,0.02114000,0.48000000
2018-02-25 06:17:37,0.02114000,0.15000000
2018-02-25 06:17:46,0.02112200,0.48000000
2018-02-25 06:18:01,0.02113700,0.48000000
2018-02-25 06:18:04,0.02112100,3.63000000
2018-02-25 06:18:04,0.02112100,0.50000000
2018-02-25 06:18:04,0.02112000,0.23000000
2018-02-25 06:18:04,0.02111200,0.13000000
2018-02-25 06:18:04,0.02111100,0.41000000
2018-02-25 06:18:04,0.02111000,19.42000000
2018-02-25 06:18:04,0.02111000,0.92000000
2018-02-25 06:18:10,0.02112200,0.34000000
2018-02-25 06:18:11,0.02113700,4.35000000
2018-02-25 06:18:11,0.02114000,4.40000000
2018-02-25 06:18:12,0.02114000,0.11000000
2018-02-25 06:18:13,0.02114000,5.04000000
2018-02-25 06:18:14,0.02114000,1.77000000
2018-02-25 06:18:21,0.02113700,0.13000000
2018-02-25 06:18:21,0.02114000,0.19000000
2018-02-25 06:18:28,0.02112200,9.30000000
2018-02-25 06:18:29,0.02112200,2.95000000
2018-02-25 06:18:29,0.02114000,2.06000000
2018-02-25 06:18:30,0.02114000,7.88000000
2018-02-25 06:18:40,0.02112000,7.10000000
2018-02-25 06:18:40,0.02111800,2.66000000
2018-02-25 06:18:44,0.02111500,8.25000000
2018-02-25 06:18:44,0.02111400,0.13000000
2018-02-25 06:18:44,0.02111300,0.17000000
2018-02-25 06:18:44,0.02111200,4.93000000
2018-02-25 06:18:44,0.02111100,0.10000000
2018-02-25 06:18:44,0.02111000,29.97000000
2018-02-25 06:18:51,0.02111100,0.41000000
2018-02-25 06:18:52,0.02111100,0.08000000
2018-02-25 06:18:52,0.02111100,0.82000000
2018-02-25 06:18:53,0.02111100,0.50000000
2018-02-25 06:18:54,0.02114800,0.16000000
2018-02-25 06:18:56,0.02111100,0.04000000
2018-02-25 06:18:58,0.02111100,0.50000000
2018-02-25 06:18:58,0.02114800,6.94000000
2018-02-25 06:18:58,0.02115000,1.99000000
2018-02-25 06:19:04,0.02114200,0.13000000
2018-02-25 06:19:08,0.02114200,0.03000000
2018-02-25 06:19:10,0.02111800,0.13000000
2018-02-25 06:19:10,0.02111100,2.27000000
2018-02-25 06:19:14,0.02111800,0.83000000
2018-02-25 06:19:15,0.02111800,0.16000000
2018-02-25 06:19:15,0.02111800,4.80000000
2018-02-25 06:19:15,0.02111800,3.90000000
2018-02-25 06:19:16,0.02111800,0.40000000
2018-02-25 06:19:25,0.02111800,16.23000000
2018-02-25 06:19:27,0.02111100,0.05000000
2018-02-25 06:19:33,0.02111800,0.47000000
2018-02-25 06:19:37,0.02111800,2.14000000
2018-02-25 06:19:38,0.02111800,9.12000000
2018-02-25 06:19:47,0.02111100,0.47000000
2018-02-25 06:19:49,0.02111800,0.16000000
2018-02-25 06:19:53,0.02111800,2.73000000
2018-02-25 06:19:55,0.02111800,0.97000000
2018-02-25 06:20:09,0.02113400,0.02000000
2018-02-25 06:20:19,0.02113400,6.11000000
2018-02-25 06:20:40,0.02113400,0.13000000
2018-02-25 06:20:47,0.02113400,0.47000000
2018-02-25 06:20:57,0.02112200,0.17000000
2018-02-25 06:21:01,0.02111800,0.20000000
2018-02-25 06:21:02,0.02113400,5.00000000
2018-02-25 06:21:05,0.02113300,0.15000000
2018-02-25 06:21:05,0.02111800,0.16000000
2018-02-25 06:21:07,0.02113300,0.11000000
2018-02-25 06:21:08,0.02113300,2.97000000
2018-02-25 06:21:10,0.02113300,1.57000000
2018-02-25 06:21:11,0.02113300,1.16000000
2018-02-25 06:21:12,0.02111800,0.47000000
2018-02-25 06:21:15,0.02111800,0.74000000
2018-02-25 06:21:15,0.02111100,4.21000000
2018-02-25 06:21:33,0.02113200,0.92000000
2018-02-25 06:21:33,0.02113300,2.31000000
2018-02-25 06:21:33,0.02113400,0.15000000
2018-02-25 06:21:33,0.02113500,4.15000000
2018-02-25 06:21:33,0.02114100,0.41000000
2018-02-25 06:21:33,0.02114200,0.60000000
2018-02-25 06:21:33,0.02114800,0.20000000
2018-02-25 06:21:33,0.02114900,26.02000000
2018-02-25 06:21:33,0.02115000,2.29000000
2018-02-25 06:21:33,0.02115000,6.93000000
2018-02-25 06:21:43,0.02111200,13.10000000
2018-02-25 06:21:46,0.02111100,2.27000000
2018-02-25 06:21:46,0.02111000,2.41000000
2018-02-25 06:21:46,0.02110800,0.32000000
2018-02-25 06:21:46,0.02110800,3.09000000
2018-02-25 06:21:49,0.02111800,0.11000000
2018-02-25 06:22:07,0.02111800,0.02000000
2018-02-25 06:22:08,0.02110800,0.93000000
2018-02-25 06:22:18,0.02111800,0.05000000
2018-02-25 06:22:30,0.02111700,0.17000000
2018-02-25 06:22:30,0.02111700,0.16000000
2018-02-25 06:22:36,0.02111700,0.32000000
2018-02-25 06:22:42,0.02111600,0.32000000
2018-02-25 06:22:43,0.02111600,0.09000000
2018-02-25 06:22:49,0.02111200,0.20000000
2018-02-25 06:22:51,0.02111200,2.28000000
2018-02-25 06:22:53,0.02111200,0.32000000
2018-02-25 06:22:53,0.02111200,17.20000000
2018-02-25 06:22:58,0.02111200,0.05000000
2018-02-25 06:23:06,0.02110800,0.01000000
2018-02-25 06:23:06,0.02110600,0.16000000
2018-02-25 06:23:06,0.02110300,0.88000000
2018-02-25 06:23:06,0.02110000,1.58000000
2018-02-25 06:23:16,0.02110400,0.05000000
2018-02-25 06:23:23,0.02110600,0.23000000
2018-02-25 06:23:25,0.02111200,0.47000000
2018-02-25 06:23:30,0.02111200,1.26000000
2018-02-25 06:23:31,0.02111200,1.81000000
2018-02-25 06:23:32,0.02110400,1.00000000
2018-02-25 06:23:48,0.02111200,1.00000000
2018-02-25 06:23:49,0.02110400,3.06000000
2018-02-25 06:23:50,0.02111200,0.47000000
2018-02-25 06:23:50,0.02111600,0.06000000
2018-02-25 06:23:50,0.02111800,0.43000000
2018-02-25 06:23:50,0.02113000,0.13000000
2018-02-25 06:23:50,0.02113100,0.40000000
2018-02-25 06:23:54,0.02110400,3.00000000
2018-02-25 06:23:54,0.02110000,4.13000000
2018-02-25 06:23:54,0.02109700,0.65000000
2018-02-25 06:23:54,0.02109400,1.86000000
2018-02-25 06:23:54,0.02109300,0.05000000
2018-02-25 06:23:54,0.02109000,5.31000000
2018-02-25 06:24:02,0.02111900,0.45000000
2018-02-25 06:24:05,0.02109200,0.37000000
2018-02-25 06:24:05,0.02109000,4.77000000
2018-02-25 06:24:05,0.02107700,1.07000000
2018-02-25 06:24:05,0.02106600,0.08000000
2018-02-25 06:24:05,0.02106000,2.71000000
2018-02-25 06:24:09,0.02111900,0.10000000
2018-02-25 06:24:12,0.02108300,0.01000000
2018-02-25 06:24:20,0.02109000,0.29000000
2018-02-25 06:24:31,0.02111500,2.55000000
2018-02-25 06:24:31,0.02111500,2.18000000
2018-02-25 06:24:32,0.02111500,0.23000000
2018-02-25 06:24:37,0.02111500,0.48000000
2018-02-25 06:24:39,0.02111500,0.25000000
2018-02-25 06:24:43,0.02109200,0.19000000
2018-02-25 06:24:43,0.02108900,0.23000000
2018-02-25 06:24:43,0.02108700,0.41000000
2018-02-25 06:24:43,0.02107700,0.48000000
2018-02-25 06:24:43,0.02107600,0.24000000
2018-02-25 06:24:43,0.02107200,0.05000000
2018-02-25 06:24:43,0.02107000,7.06000000
2018-02-25 06:24:43,0.02107200,0.48000000
2018-02-25 06:24:47,0.02111500,2.59000000
2018-02-25 06:24:47,0.02111600,1.38000000
2018-02-25 06:24:49,0.02111100,0.21000000
2018-02-25 06:24:53,0.02108200,1.90000000
2018-02-25 06:24:53,0.02108200,1.42000000
2018-02-25 06:24:53,0.02108200,1.42000000
2018-02-25 06:24:53,0.02108200,2.62000000
2018-02-25 06:24:53,0.02108300,0.28000000
2018-02-25 06:24:56,0.02108300,0.25000000
2018-02-25 06:24:59,0.02110700,0.48000000
2018-02-25 06:25:02,0.02108500,0.24000000
2018-02-25 06:25:04,0.02110300,8.55000000
2018-02-25 06:25:06,0.02108400,0.05000000
2018-02-25 06:25:11,0.02110000,0.05000000
2018-02-25 06:25:19,0.02110500,1.11000000
2018-02-25 06:25:30,0.02111300,0.24000000
2018-02-25 06:25:35,0.02110500,0.17000000
2018-02-25 06:25:35,0.02110500,0.30000000
2018-02-25 06:25:37,0.02110500,0.20000000
2018-02-25 06:25:41,0.02110500,1.89000000
2018-02-25 06:25:47,0.02110400,1.02000000
2018-02-25 06:25:53,0.02110400,2.37000000
2018-02-25 06:25:53,0.02110400,0.16000000
2018-02-25 06:25:55,0.02110400,3.60000000
2018-02-25 06:25:55,0.02110500,1.44000000
2018-02-25 06:25:56,0.02111000,0.24000000
2018-02-25 06:25:56,0.02111500,0.73000000
2018-02-25 06:25:56,0.02112000,0.24000000
2018-02-25 06:25:56,0.02112200,0.68000000
2018-02-25 06:26:00,0.02112100,0.47000000
2018-02-25 06:26:00,0.02112200,11.57000000
2018-02-25 06:26:00,0.02112300,1.87000000
2018-02-25 06:26:05,0.02112300,0.11000000
2018-02-25 06:26:05,0.02112300,0.18000000
2018-02-25 06:26:05,0.02111500,3.00000000
2018-02-25 06:26:06,0.02110600,1.86000000
2018-02-25 06:26:08,0.02113000,3.99000000
2018-02-25 06:26:08,0.02113100,0.01000000
2018-02-25 06:26:09,0.02113200,0.11000000
2018-02-25 06:26:14,0.02113100,3.90000000
2018-02-25 06:26:29,0.02110400,0.23000000
2018-02-25 06:26:36,0.02113100,0.16000000
2018-02-25 06:26:40,0.02113100,9.59000000
2018-02-25 06:26:44,0.02110800,0.13000000
2018-02-25 06:26:45,0.02110100,0.28000000
2018-02-25 06:26:51,0.02113300,0.28000000
2018-02-25 06:26:51,0.02113500,0.41000000
2018-02-25 06:26:51,0.02114000,0.49000000
2018-02-25 06:27:03,0.02113600,1.12000000
2018-02-25 06:27:03,0.02114000,0.12000000
2018-02-25 06:27:03,0.02114600,1.56000000
2018-02-25 06:27:03,0.02114700,1.00000000
2018-02-25 06:27:03,0.02114800,2.10000000
2018-02-25 06:27:03,0.02115000,1.94000000
2018-02-25 06:27:03,0.02115000,1.41000000
2018-02-25 06:27:03,0.02115000,14.23000000
2018-02-25 06:27:03,0.02115000,0.50000000
2018-02-25 06:27:22,0.02114500,1.00000000
2018-02-25 06:27:25,0.02111700,0.14000000
2018-02-25 06:27:29,0.02114400,0.47000000
2018-02-25 06:27:31,0.02111300,0.47000000
2018-02-25 06:27:31,0.02110700,0.22000000
2018-02-25 06:27:31,0.02110100,0.32000000
2018-02-25 06:27:32,0.02111700,0.05000000
2018-02-25 06:27:32,0.02114400,0.38000000
2018-02-25 06:27:32,0.02111700,0.79000000
2018-02-25 06:27:35,0.02114000,0.17000000
2018-02-25 06:27:35,0.02114100,1.27000000
2018-02-25 06:27:38,0.02114000,0.95000000
2018-02-25 06:27:38,0.02110300,0.95000000
2018-02-25 06:28:12,0.02110900,1.75000000
2018-02-25 06:28:18,0.02110900,0.23000000
2018-02-25 06:28:19,0.02110600,0.11000000
2018-02-25 06:28:20,0.02110600,4.01000000
2018-02-25 06:28:20,0.02110600,0.01000000
2018-02-25 06:28:20,0.02110400,1.41000000
2018-02-25 06:28:21,0.02110400,9.24000000
2018-02-25 06:28:21,0.02110400,1.42000000
2018-02-25 06:28:33,0.02112000,0.24000000
2018-02-25 06:28:35,0.02112000,0.05000000
2018-02-25 06:28:36,0.02112000,0.02000000
2018-02-25 06:28:37,0.02110300,0.05000000
2018-02-25 06:28:37,0.02112000,6.75000000
2018-02-25 06:28:37,0.02112200,5.33000000
2018-02-25 06:28:37,0.02110300,0.05000000
2018-02-25 06:28:38,0.02110900,1.41000000
2018-02-25 06:28:40,0.02110900,6.69000000
2018-02-25 06:28:43,0.02110300,1.42000000
2018-02-25 06:28:43,0.02110300,1.42000000
2018-02-25 06:28:43,0.02110300,1.42000000
2018-02-25 06:28:43,0.02110300,1.42000000
2018-02-25 06:28:43,0.02110300,1.42000000
2018-02-25 06:29:01,0.02110300,1.44000000
2018-02-25 06:29:01,0.02110100,0.15000000
2018-02-25 06:29:01,0.02110000,1.14000000
2018-02-25 06:29:01,0.02109400,0.46000000
2018-02-25 06:29:01,0.02109000,0.92000000
2018-02-25 06:29:01,0.02108700,0.04000000
2018-02-25 06:29:03,0.02110400,0.11000000
2018-02-25 06:29:12,0.02110400,0.07000000
2018-02-25 06:29:14,0.02110400,0.42000000
2018-02-25 06:29:18,0.02110400,0.19000000
2018-02-25 06:29:22,0.02110400,1.17000000
2018-02-25 06:29:28,0.02110400,0.01000000
2018-02-25 06:29:28,0.02108800,0.10000000
2018-02-25 06:29:28,0.02108700,0.37000000
2018-02-25 06:29:58,0.02110400,0.14000000
2018-02-25 06:29:58,0.02110500,0.15000000
2018-02-25 06:29:58,0.02108800,0.10000000
2018-02-25 06:29:58,0.02110500,0.07000000
2018-02-25 06:29:58,0.02112900,0.41000000
2018-02-25 06:30:06,0.02108900,0.11000000
2018-02-25 06:30:17,0.02108800,0.28000000
2018-02-25 06:30:17,0.02108700,0.11000000
2018-02-25 06:30:59,0.02109500,0.26000000
2018-02-25 06:30:59,0.02109400,0.57000000
2018-02-25 06:30:59,0.02109300,0.12000000
2018-02-25 06:30:59,0.02108800,0.22000000
2018-02-25 06:30:59,0.02108700,2.32000000
2018-02-25 06:30:59,0.02108000,0.06000000
2018-02-25 06:31:03,0.02112000,0.25000000
2018-02-25 06:31:04,0.02109000,0.13000000
2018-02-25 06:31:04,0.02108800,0.57000000
2018-02-25 06:31:04,0.02108700,0.74000000
2018-02-25 06:31:09,0.02109000,0.05000000
2018-02-25 06:31:10,0.02111500,0.22000000
2018-02-25 06:31:16,0.02111500,0.09000000
2018-02-25 06:31:20,0.02109300,0.23000000
2018-02-25 06:31:20,0.02109100,0.44000000
2018-02-25 06:31:21,0.02108900,1.30000000
2018-02-25 06:31:21,0.02108900,0.38000000
2018-02-25 06:31:21,0.02108900,4.65000000
2018-02-25 06:31:21,0.02109000,26.92000000
2018-02-25 06:31:21,0.02109000,8.87000000
2018-02-25 06:31:28,0.02111500,2.40000000
2018-02-25 06:31:30,0.02109900,0.15000000
2018-02-25 06:31:30,0.02111500,0.75000000
2018-02-25 06:31:33,0.02111500,0.27000000
2018-02-25 06:31:41,0.02111500,2.38000000
2018-02-25 06:31:43,0.02111500,1.79000000
2018-02-25 06:31:44,0.02111500,0.11000000
2018-02-25 06:31:56,0.02108900,0.44000000
2018-02-25 06:31:56,0.02108800,0.04000000
2018-02-25 06:32:12,0.02111500,0.11000000
2018-02-25 06:32:15,0.02111500,0.11000000
2018-02-25 06:32:16,0.02111500,0.62000000
2018-02-25 06:32:19,0.02109100,0.38000000
2018-02-25 06:32:19,0.02108900,0.45000000
2018-02-25 06:32:19,0.02108800,0.09000000
2018-02-25 06:32:25,0.02111500,1.95000000
2018-02-25 06:32:27,0.02108800,0.48000000
2018-02-25 06:32:31,0.02111500,0.30000000
2018-02-25 06:32:40,0.02109500,0.25000000
2018-02-25 06:32:46,0.02109000,0.13000000
2018-02-25 06:32:47,0.02108900,0.40000000
2018-02-25 06:32:47,0.02108800,0.69000000
2018-02-25 06:32:54,0.02111500,0.31000000
2018-02-25 06:32:54,0.02112900,0.17000000
2018-02-25 06:32:57,0.02112800,0.13000000
2018-02-25 06:32:57,0.02112900,0.30000000
2018-02-25 06:32:57,0.02113000,0.04000000
2018-02-25 06:33:04,0.02109000,0.08000000
2018-02-25 06:33:10,0.02109000,0.33000000
2018-02-25 06:33:10,0.02112800,0.06000000
2018-02-25 06:33:13,0.02112700,5.99000000
2018-02-25 06:33:13,0.02112800,0.16000000
2018-02-25 06:33:13,0.02113000,3.85000000
2018-02-25 06:33:19,0.02108900,0.81000000
2018-02-25 06:33:19,0.02108800,0.18000000
2018-02-25 06:33:19,0.02108700,0.47000000
2018-02-25 06:33:19,0.02108500,0.24000000
2018-02-25 06:33:24,0.02113000,5.59000000
2018-02-25 06:33:24,0.02113000,0.01000000
2018-02-25 06:33:26,0.02113000,1.85000000
2018-02-25 06:33:33,0.02113000,16.23000000
2018-02-25 06:33:44,0.02110300,0.36000000
2018-02-25 06:33:50,0.02110300,0.14000000
2018-02-25 06:33:52,0.02109000,2.58000000
2018-02-25 06:34:04,0.02109000,0.05000000
2018-02-25 06:34:04,0.02109000,0.11000000
2018-02-25 06:34:04,0.02109000,1.42000000
2018-02-25 06:34:11,0.02111200,1.75000000
2018-02-25 06:34:12,0.02111200,1.59000000
2018-02-25 06:34:19,0.02111200,1.40000000
2018-02-25 06:34:33,0.02110500,0.12000000
2018-02-25 06:34:33,0.02110700,0.94000000
2018-02-25 06:34:33,0.02111100,0.20000000
2018-02-25 06:34:33,0.02111500,1.75000000
2018-02-25 06:34:33,0.02112600,1.77000000
2018-02-25 06:34:33,0.02113000,23.14000000
2018-02-25 06:34:33,0.02114100,1.27000000
2018-02-25 06:34:33,0.02114200,0.13000000
2018-02-25 06:34:33,0.02114500,0.99000000
2018-02-25 06:34:33,0.02115000,7.56000000
2018-02-25 06:34:33,0.02115100,3.11000000
2018-02-25 06:34:33,0.02115200,0.13000000
2018-02-25 06:34:33,0.02115300,3.29000000
2018-02-25 06:34:33,0.02116100,0.07000000
2018-02-25 06:34:33,0.02117500,1.42000000
2018-02-25 06:34:33,0.02117700,0.10000000
2018-02-25 06:34:33,0.02118000,4.44000000
2018-02-25 06:34:33,0.02118100,0.10000000
2018-02-25 06:34:33,0.02118300,0.08000000
2018-02-25 06:34:33,0.02119400,14.01000000
2018-02-25 06:34:33,0.02119800,0.50000000
2018-02-25 06:34:33,0.02119900,0.94000000
2018-02-25 06:34:33,0.02120000,94.51000000
2018-02-25 06:34:34,0.02112000,0.14000000
2018-02-25 06:34:34,0.02109800,0.50000000
2018-02-25 06:34:35,0.02112300,0.14000000
2018-02-25 06:34:35,0.02110000,0.14000000
2018-02-25 06:34:35,0.02110000,0.86000000
2018-02-25 06:34:35,0.02109900,2.43000000
2018-02-25 06:34:36,0.02112700,0.14000000
2018-02-25 06:34:36,0.02110000,0.35000000
2018-02-25 06:34:36,0.02110000,0.14000000
2018-02-25 06:34:36,0.02109400,0.14000000
2018-02-25 06:34:36,0.02110000,0.53000000
2018-02-25 06:34:36,0.02109400,0.53000000
2018-02-25 06:34:38,0.02109500,0.06000000
2018-02-25 06:34:38,0.02109500,0.12000000
2018-02-25 06:34:38,0.02109500,1.42000000
2018-02-25 06:34:39,0.02109500,0.80000000
2018-02-25 06:34:39,0.02109400,1.42000000
2018-02-25 06:34:39,0.02109400,0.80000000
2018-02-25 06:34:39,0.02109400,1.42000000
2018-02-25 06:34:39,0.02109400,0.35000000
2018-02-25 06:34:39,0.02109400,0.01000000
2018-02-25 06:34:39,0.02109300,0.28000000
2018-02-25 06:34:39,0.02109300,0.11000000
2018-02-25 06:34:40,0.02109500,0.08000000
2018-02-25 06:34:42,0.02109500,1.42000000
2018-02-25 06:34:42,0.02109500,1.42000000
2018-02-25 06:34:42,0.02109500,6.78000000
2018-02-25 06:34:43,0.02109300,0.40000000
2018-02-25 06:34:44,0.02109400,0.01000000
2018-02-25 06:34:44,0.02110000,1.00000000
2018-02-25 06:34:44,0.02110100,2.43000000
2018-02-25 06:34:44,0.02110300,4.05000000
2018-02-25 06:34:44,0.02110500,1.70000000
2018-02-25 06:34:44,0.02111200,0.69000000
2018-02-25 06:34:44,0.02114700,0.67000000
2018-02-25 06:34:44,0.02114800,2.00000000
2018-02-25 06:34:44,0.02115600,3.20000000
2018-02-25 06:34:44,0.02115700,1.60000000
2018-02-25 06:34:44,0.02115800,5.60000000
2018-02-25 06:34:44,0.02116600,4.37000000
2018-02-25 06:34:44,0.02116800,1.72000000
2018-02-25 06:34:44,0.02116900,2.00000000
2018-02-25 06:34:44,0.02117000,8.75000000
2018-02-25 06:34:44,0.02109600,1.00000000
2018-02-25 06:34:44,0.02109600,0.53000000
2018-02-25 06:34:44,0.02109600,2.27000000
2018-02-25 06:34:46,0.02109300,0.01000000
2018-02-25 06:34:46,0.02109200,4.37000000
2018-02-25 06:34:46,0.02109100,10.65000000
2018-02-25 06:34:47,0.02109300,0.06000000
2018-02-25 06:34:47,0.02109300,1.42000000
2018-02-25 06:34:48,0.02109900,0.49000000
2018-02-25 06:34:48,0.02117400,0.08000000
2018-02-25 06:34:49,0.02109400,0.60000000
2018-02-25 06:34:49,0.02109400,0.81000000
2018-02-25 06:34:49,0.02109400,0.01000000
2018-02-25 06:34:49,0.02109500,17.87000000
2018-02-25 06:34:50,0.02109500,0.49000000
2018-02-25 06:34:51,0.02109600,0.74000000
2018-02-25 06:34:52,0.02109700,0.53000000
2018-02-25 06:34:52,0.02109700,0.16000000
2018-02-25 06:34:55,0.02116700,1.42000000
2018-02-25 06:34:55,0.02116800,0.82000000
2018-02-25 06:34:55,0.02116900,1.21000000
2018-02-25 06:34:55,0.02117200,6.42000000
2018-02-25 06:34:55,0.02109900,0.06000000
2018-02-25 06:34:56,0.02110100,0.34000000
2018-02-25 06:34:56,0.02110100,0.13000000
2018-02-25 06:34:56,0.02110000,2.43000000
2018-02-25 06:34:56,0.02109900,0.36000000
2018-02-25 06:34:57,0.02110000,0.06000000
2018-02-25 06:34:58,0.02110000,0.69000000
2018-02-25 06:34:58,0.02110200,0.12000000
2018-02-25 06:35:02,0.02110400,0.32000000
2018-02-25 06:35:02,0.02110400,1.53000000
2018-02-25 06:35:07,0.02114400,0.49000000
2018-02-25 06:35:10,0.02110500,0.04000000
2018-02-25 06:35:13,0.02113500,0.06000000
2018-02-25 06:35:15,0.02113400,0.87000000
2018-02-25 06:35:15,0.02113500,4.79000000
2018-02-25 06:35:15,0.02113700,3.25000000
2018-02-25 06:35:16,0.02113500,0.11000000
2018-02-25 06:35:16,0.02113500,0.49000000
2018-02-25 06:35:16,0.02113500,4.25000000
2018-02-25 06:35:17,0.02113500,2.37000000
2018-02-25 06:35:18,0.02113500,8.90000000
2018-02-25 06:35:24,0.02110800,1.38000000
2018-02-25 06:35:25,0.02110800,0.19000000
2018-02-25 06:35:25,0.02110800,0.94000000
2018-02-25 06:35:37,0.02110400,1.42000000
2018-02-25 06:35:38,0.02111800,0.47000000
2018-02-25 06:35:46,0.02111200,0.10000000
2018-02-25 06:35:51,0.02110500,2.64000000
2018-02-25 06:35:51,0.02110400,0.35000000
2018-02-25 06:35:52,0.02111000,0.31000000
2018-02-25 06:35:54,0.02110400,0.05000000
2018-02-25 06:35:58,0.02110400,1.96000000
2018-02-25 06:36:00,0.02110400,44.69000000
2018-02-25 06:36:00,0.02110300,0.05000000
2018-02-25 06:36:00,0.02110000,0.44000000
2018-02-25 06:36:01,0.02109900,0.47000000
2018-02-25 06:36:03,0.02109400,0.08000000
2018-02-25 06:36:07,0.02109700,0.37000000
2018-02-25 06:36:13,0.02109500,0.01000000
2018-02-25 06:36:16,0.02109400,0.02000000
2018-02-25 06:36:17,0.02109300,0.17000000
2018-02-25 06:36:17,0.02109300,0.05000000
2018-02-25 06:36:19,0.02109400,2.75000000
2018-02-25 06:36:23,0.02109300,21.01000000
2018-02-25 06:36:23,0.02109300,9.76000000
2018-02-25 06:36:26,0.02109100,0.80000000
2018-02-25 06:36:29,0.02109000,0.11000000
2018-02-25 06:36:30,0.02108500,2.24000000
2018-02-25 06:36:31,0.02109000,1.00000000
2018-02-25 06:36:36,0.02108700,1.00000000
2018-02-25 06:36:37,0.02108600,0.95000000
2018-02-25 06:36:39,0.02108600,0.30000000
2018-02-25 06:36:39,0.02108600,1.52000000
2018-02-25 06:36:39,0.02108700,5.32000000
2018-02-25 06:36:42,0.02108500,6.19000000
2018-02-25 06:36:42,0.02108500,5.10000000
2018-02-25 06:36:42,0.02108500,0.08000000
2018-02-25 06:36:42,0.02108500,0.27000000
2018-02-25 06:36:45,0.02107700,0.05000000
2018-02-25 06:36:48,0.02108400,0.80000000
2018-02-25 06:36:48,0.02108500,0.20000000
2018-02-25 06:36:51,0.02108500,0.11000000
2018-02-25 06:36:55,0.02107500,0.60000000
2018-02-25 06:37:07,0.02107500,0.01000000
2018-02-25 06:37:08,0.02107500,2.97000000
2018-02-25 06:37:08,0.02107300,0.52000000
2018-02-25 06:37:08,0.02106300,0.08000000
2018-02-25 06:37:08,0.02105600,61.21000000
2018-02-25 06:37:08,0.02105500,0.07000000
2018-02-25 06:37:08,0.02105200,0.10000000
2018-02-25 06:37:08,0.02105100,0.05000000
2018-02-25 06:37:08,0.02105000,32.18000000
2018-02-25 06:37:09,0.02105000,1.10000000
2018-02-25 06:37:09,0.02105000,0.16000000
2018-02-25 06:37:09,0.02105000,0.16000000
2018-02-25 06:37:09,0.02105000,1.01000000
2018-02-25 06:37:09,0.02105000,3.51000000
2018-02-25 06:37:09,0.02107300,0.10000000
2018-02-25 06:37:09,0.02107500,0.01000000
2018-02-25 06:37:09,0.02108500,2.26000000
2018-02-25 06:37:10,0.02108500,0.10000000
2018-02-25 06:37:21,0.02106200,0.68000000
2018-02-25 06:37:24,0.02108400,0.24000000
2018-02-25 06:37:25,0.02106200,0.86000000
2018-02-25 06:37:28,0.02108400,0.94000000
2018-02-25 06:37:34,0.02108500,4.26000000
2018-02-25 06:37:37,0.02108400,2.87000000
2018-02-25 06:37:37,0.02108500,2.45000000
2018-02-25 06:37:40,0.02108500,0.48000000
2018-02-25 06:37:41,0.02108500,0.47000000
2018-02-25 06:37:43,0.02108500,0.22000000
2018-02-25 06:37:43,0.02108500,0.23000000
2018-02-25 06:37:44,0.02108500,0.03000000
2018-02-25 06:37:48,0.02108500,0.08000000
2018-02-25 06:37:48,0.02108900,0.47000000
2018-02-25 06:37:48,0.02109200,0.42000000
2018-02-25 06:37:48,0.02109300,0.32000000
2018-02-25 06:37:50,0.02109300,2.34000000
2018-02-25 06:37:50,0.02109500,0.22000000
2018-02-25 06:37:50,0.02109900,0.14000000
2018-02-25 06:37:50,0.02110000,0.29000000
2018-02-25 06:38:01,0.02110000,0.72000000
2018-02-25 06:38:07,0.02108900,0.33000000
2018-02-25 06:38:07,0.02108900,0.05000000
2018-02-25 06:38:09,0.02108900,0.08000000
2018-02-25 06:38:12,0.02110000,0.10000000
2018-02-25 06:38:12,0.02112200,0.15000000
2018-02-25 06:38:12,0.02113000,0.99000000
2018-02-25 06:38:12,0.02115000,0.59000000
2018-02-25 06:38:12,0.02117000,1.77000000
2018-02-25 06:38:12,0.02109100,4.74000000
2018-02-25 06:38:12,0.02109200,0.46000000
2018-02-25 06:38:13,0.02109200,1.13000000
2018-02-25 06:38:13,0.02109300,5.25000000
2018-02-25 06:38:15,0.02109500,0.46000000
2018-02-25 06:38:15,0.02109600,2.43000000
2018-02-25 06:38:15,0.02109500,0.01000000
2018-02-25 06:38:15,0.02109200,0.01000000
2018-02-25 06:38:15,0.02108600,1.39000000
2018-02-25 06:38:15,0.02108500,1.02000000
2018-02-25 06:38:15,0.02108500,2.43000000
2018-02-25 06:38:15,0.02108500,2.43000000
2018-02-25 06:38:16,0.02108500,1.29000000
2018-02-25 06:38:17,0.02109600,0.53000000
2018-02-25 06:38:17,0.02109500,3.25000000
2018-02-25 06:38:18,0.02108600,1.60000000
2018-02-25 06:38:18,0.02107500,0.80000000
2018-02-25 06:38:19,0.02107600,0.97000000
2018-02-25 06:38:19,0.02113800,0.10000000
2018-02-25 06:38:20,0.02107600,0.11000000
2018-02-25 06:38:21,0.02107600,0.88000000
2018-02-25 06:38:22,0.02107600,1.29000000
2018-02-25 06:38:24,0.02107700,0.89000000
2018-02-25 06:38:31,0.02111600,0.77000000
2018-02-25 06:38:34,0.02111200,0.10000000
2018-02-25 06:38:34,0.02111200,0.24000000
2018-02-25 06:38:46,0.02107700,2.35000000
2018-02-25 06:38:53,0.02108000,1.77000000
2018-02-25 06:39:02,0.02109400,0.22000000
2018-02-25 06:39:15,0.02107700,0.01000000
2018-02-25 06:39:15,0.02107600,0.17000000
2018-02-25 06:39:15,0.02107600,4.42000000
2018-02-25 06:39:15,0.02107200,0.10000000
2018-02-25 06:39:15,0.02105200,0.08000000
2018-02-25 06:39:15,0.02105200,0.02000000
2018-02-25 06:39:15,0.02105000,0.52000000
2018-02-25 06:39:15,0.02104600,0.05000000
2018-02-25 06:39:15,0.02104400,0.50000000
2018-02-25 06:39:15,0.02104200,0.71000000
2018-02-25 06:39:15,0.02104100,2.80000000
2018-02-25 06:39:23,0.02104200,1.00000000
2018-02-25 06:39:27,0.02106600,0.31000000
2018-02-25 06:39:27,0.02106700,0.16000000
2018-02-25 06:39:30,0.02106500,1.90000000
2018-02-25 06:39:30,0.02106500,0.23000000
2018-02-25 06:39:31,0.02106500,0.51000000
2018-02-25 06:39:32,0.02106600,2.29000000
2018-02-25 06:39:32,0.02107300,0.10000000
2018-02-25 06:39:35,0.02106400,0.15000000
2018-02-25 06:39:35,0.02106400,0.10000000
2018-02-25 06:39:38,0.02106400,0.08000000
2018-02-25 06:39:39,0.02106400,1.06000000
2018-02-25 06:39:48,0.02107300,0.20000000
2018-02-25 06:39:48,0.02106400,1.12000000
2018-02-25 06:39:50,0.02106400,0.77000000
2018-02-25 06:40:16,0.02109500,4.83000000
2018-02-25 06:40:16,0.02109900,0.17000000
2018-02-25 06:40:23,0.02106500,0.98000000
2018-02-25 06:40:30,0.02109500,2.66000000
2018-02-25 06:40:30,0.02109900,0.34000000
2018-02-25 06:40:37,0.02106500,0.48000000
2018-02-25 06:40:39,0.02106500,0.26000000
2018-02-25 06:40:39,0.02106500,1.42000000
2018-02-25 06:40:49,0.02109800,0.02000000
2018-02-25 06:40:54,0.02106500,0.45000000
2018-02-25 06:41:09,0.02106500,0.11000000
2018-02-25 06:41:09,0.02106500,2.37000000
2018-02-25 06:41:17,0.02106500,0.10000000
2018-02-25 06:41:26,0.02109700,0.45000000
2018-02-25 06:41:26,0.02109800,0.02000000
2018-02-25 06:41:29,0.02109800,0.47000000
2018-02-25 06:41:30,0.02109800,0.49000000
2018-02-25 06:41:30,0.02109900,1.24000000
2018-02-25 06:41:30,0.02109900,0.23000000
2018-02-25 06:41:36,0.02108500,0.17000000
2018-02-25 06:41:38,0.02109900,0.48000000
2018-02-25 06:41:44,0.02109900,0.06000000
2018-02-25 06:41:55,0.02109900,1.00000000
2018-02-25 06:42:07,0.02109800,0.17000000
2018-02-25 06:42:07,0.02109800,0.70000000
2018-02-25 06:42:11,0.02109800,2.20000000
2018-02-25 06:42:19,0.02109800,0.03000000
2018-02-25 06:42:27,0.02107200,0.24000000
2018-02-25 06:42:27,0.02106700,0.33000000
2018-02-25 06:42:32,0.02109600,0.47000000
2018-02-25 06:42:35,0.02109600,0.47000000
2018-02-25 06:42:51,0.02109600,7.36000000
2018-02-25 06:42:51,0.02109800,1.11000000
2018-02-25 06:42:51,0.02109900,13.22000000
2018-02-25 06:42:54,0.02109500,1.93000000
2018-02-25 06:43:01,0.02109600,1.59000000
2018-02-25 06:43:05,0.02109600,1.21000000
2018-02-25 06:43:06,0.02109500,0.73000000
2018-02-25 06:43:15,0.02109900,0.73000000
2018-02-25 06:43:20,0.02109900,0.81000000
2018-02-25 06:43:29,0.02109900,0.22000000
2018-02-25 06:43:29,0.02109900,4.73000000
2018-02-25 06:43:29,0.02109900,5.71000000
2018-02-25 06:43:29,0.02109800,4.80000000
2018-02-25 06:43:38,0.02109700,0.43000000
2018-02-25 06:43:38,0.02109800,0.45000000
2018-02-25 06:43:48,0.02109500,0.01000000
2018-02-25 06:43:48,0.02107600,0.47000000
2018-02-25 06:43:51,0.02107600,1.01000000
2018-02-25 06:43:56,0.02107600,0.90000000
2018-02-25 06:44:01,0.02109800,1.88000000
2018-02-25 06:44:04,0.02107600,1.46000000
2018-02-25 06:44:22,0.02109700,0.23000000
2018-02-25 06:44:31,0.02109700,0.01000000
2018-02-25 06:44:31,0.02109900,0.46000000
2018-02-25 06:44:32,0.02109900,0.05000000
2018-02-25 06:44:32,0.02109900,8.91000000
2018-02-25 06:44:34,0.02109900,0.89000000
2018-02-25 06:44:34,0.02107600,0.23000000
2018-02-25 06:44:35,0.02109900,2.45000000
2018-02-25 06:44:38,0.02109900,0.47000000
2018-02-25 06:44:39,0.02109900,1.12000000
2018-02-25 06:44:40,0.02109900,0.41000000
2018-02-25 06:44:44,0.02110400,1.02000000
2018-02-25 06:44:44,0.02110700,0.98000000
2018-02-25 06:44:48,0.02109900,4.09000000
2018-02-25 06:44:49,0.02109900,0.05000000
2018-02-25 06:44:51,0.02109900,0.48000000
2018-02-25 06:44:53,0.02109900,0.64000000
2018-02-25 06:44:54,0.02109900,0.08000000
2018-02-25 06:44:56,0.02109900,1.36000000
2018-02-25 06:44:57,0.02109900,0.51000000
2018-02-25 06:45:01,0.02109900,0.54000000
2018-02-25 06:45:05,0.02110700,0.01000000
2018-02-25 06:45:08,0.02110700,0.14000000
2018-02-25 06:45:09,0.02110000,1.86000000
2018-02-25 06:45:19,0.02109900,2.10000000
2018-02-25 06:45:24,0.02111500,0.19000000
2018-02-25 06:45:25,0.02111500,0.43000000
2018-02-25 06:45:25,0.02111600,3.10000000
2018-02-25 06:45:25,0.02111900,0.07000000
2018-02-25 06:45:25,0.02112000,3.06000000
2018-02-25 06:45:25,0.02112700,1.02000000
2018-02-25 06:45:25,0.02113100,1.75000000
2018-02-25 06:45:29,0.02110000,4.51000000
2018-02-25 06:45:32,0.02110000,0.72000000
2018-02-25 06:45:32,0.02109900,18.74000000
2018-02-25 06:45:32,0.02109800,0.05000000
2018-02-25 06:45:32,0.02108800,0.47000000
2018-02-25 06:45:32,0.02107700,14.93000000
2018-02-25 06:45:35,0.02112700,0.47000000
2018-02-25 06:45:35,0.02112800,0.62000000
2018-02-25 06:45:35,0.02112900,2.82000000
2018-02-25 06:45:37,0.02110000,3.00000000
2018-02-25 06:45:37,0.02110000,3.31000000
2018-02-25 06:45:45,0.02111500,0.07000000
2018-02-25 06:45:45,0.02113100,0.02000000
2018-02-25 06:45:45,0.02113200,5.80000000
2018-02-25 06:45:45,0.02113300,3.68000000
2018-02-25 06:45:45,0.02113400,5.52000000
2018-02-25 06:45:45,0.02113500,2.00000000
2018-02-25 06:45:45,0.02113700,0.80000000
2018-02-25 06:45:45,0.02113800,1.50000000
2018-02-25 06:45:45,0.02113900,0.80000000
2018-02-25 06:45:47,0.02108600,1.00000000
2018-02-25 06:45:47,0.02108300,1.38000000
2018-02-25 06:45:53,0.02113500,0.10000000
2018-02-25 06:45:55,0.02113300,0.10000000
2018-02-25 06:46:00,0.02110000,1.08000000
2018-02-25 06:46:04,0.02112200,0.30000000
2018-02-25 06:46:04,0.02112300,0.76000000
2018-02-25 06:46:09,0.02109900,0.06000000
2018-02-25 06:46:11,0.02111400,0.47000000
2018-02-25 06:46:20,0.02111300,0.91000000
2018-02-25 06:46:20,0.02111400,3.09000000
2018-02-25 06:46:21,0.02111400,0.22000000
2018-02-25 06:46:22,0.02111400,10.22000000
2018-02-25 06:46:25,0.02111600,0.89000000
2018-02-25 06:46:31,0.02114100,0.02000000
2018-02-25 06:46:37,0.02114100,0.21000000
2018-02-25 06:46:37,0.02114100,0.14000000
2018-02-25 06:46:37,0.02114200,0.34000000
2018-02-25 06:46:48,0.02111800,0.09000000
2018-02-25 06:46:48,0.02111500,3.74000000
2018-02-25 06:46:54,0.02113900,0.46000000
2018-02-25 06:46:55,0.02113900,0.01000000
2018-02-25 06:46:55,0.02114300,0.05000000
2018-02-25 06:46:55,0.02114400,0.42000000
2018-02-25 06:46:57,0.02114400,0.05000000
2018-02-25 06:46:57,0.02114800,0.08000000
2018-02-25 06:46:57,0.02114900,0.23000000
2018-02-25 06:46:59,0.02111800,0.06000000
2018-02-25 06:47:08,0.02114900,1.69000000
2018-02-25 06:47:08,0.02114900,5.17000000
2018-02-25 06:47:12,0.02114900,4.68000000
2018-02-25 06:47:12,0.02115000,0.93000000
2018-02-25 06:47:12,0.02115500,0.80000000
2018-02-25 06:47:12,0.02117000,0.20000000
2018-02-25 06:47:14,0.02112100,0.47000000
2018-02-25 06:47:19,0.02114400,0.47000000
2018-02-25 06:47:19,0.02114500,3.00000000
2018-02-25 06:47:19,0.02117000,28.94000000
2018-02-25 06:47:20,0.02112300,0.24000000
2018-02-25 06:47:22,0.02112400,0.47000000
2018-02-25 06:47:22,0.02112300,0.22000000
2018-02-25 06:47:35,0.02112300,0.48000000
2018-02-25 06:47:41,0.02112800,0.32000000
2018-02-25 06:47:44,0.02112700,0.24000000
2018-02-25 06:47:44,0.02112800,0.16000000
2018-02-25 06:47:48,0.02116200,0.13000000
2018-02-25 06:47:48,0.02116800,0.47000000
2018-02-25 06:47:48,0.02116900,0.22000000
2018-02-25 06:47:48,0.02117000,1.24000000
2018-02-25 06:47:54,0.02112800,4.04000000
2018-02-25 06:47:58,0.02112800,1.26000000
2018-02-25 06:47:58,0.02112300,2.99000000
2018-02-25 06:47:58,0.02112000,0.25000000
2018-02-25 06:48:05,0.02116700,0.45000000
2018-02-25 06:48:10,0.02116700,0.02000000
2018-02-25 06:48:10,0.02116800,0.25000000
2018-02-25 06:48:10,0.02116900,0.32000000
2018-02-25 06:48:11,0.02112300,0.47000000
2018-02-25 06:48:20,0.02116500,0.47000000
2018-02-25 06:48:20,0.02116600,2.16000000
2018-02-25 06:48:20,0.02117000,21.58000000
2018-02-25 06:48:22,0.02112700,3.93000000
2018-02-25 06:48:25,0.02116800,3.30000000
2018-02-25 06:48:49,0.02116800,0.47000000
2018-02-25 06:48:49,0.02116800,0.16000000
2018-02-25 06:48:49,0.02117000,0.44000000
2018-02-25 06:48:49,0.02117000,4.50000000
2018-02-25 06:48:49,0.02117000,0.20000000
2018-02-25 06:48:50,0.02116600,0.08000000
2018-02-25 06:48:50,0.02117000,4.08000000
2018-02-25 06:48:50,0.02117000,0.06000000
2018-02-25 06:48:50,0.02117000,0.06000000
2018-02-25 06:48:50,0.02117000,1.41000000
2018-02-25 06:48:51,0.02117000,1.41000000
2018-02-25 06:48:51,0.02117000,1.26000000
2018-02-25 06:48:53,0.02113500,0.49000000
2018-02-25 06:48:55,0.02116800,3.30000000
2018-02-25 06:48:57,0.02116800,0.45000000
2018-02-25 06:49:10,0.02113600,0.06000000
2018-02-25 06:49:11,0.02113600,1.41000000
2018-02-25 06:49:12,0.02113600,0.53000000
2018-02-25 06:49:14,0.02113500,0.07000000
2018-02-25 06:49:16,0.02116200,6.45000000
2018-02-25 06:49:16,0.02113500,0.11000000
2018-02-25 06:49:22,0.02116200,1.81000000
2018-02-25 06:49:22,0.02116700,1.19000000
2018-02-25 06:49:30,0.02116100,1.07000000
2018-02-25 06:49:30,0.02116800,0.85000000
2018-02-25 06:49:30,0.02117400,1.92000000
2018-02-25 06:49:30,0.02117500,0.20000000
2018-02-25 06:49:30,0.02119900,14.96000000
2018-02-25 06:49:30,0.02119800,0.48000000
2018-02-25 06:49:33,0.02119100,0.48000000
2018-02-25 06:49:34,0.02119100,0.76000000
2018-02-25 06:49:34,0.02119200,1.30000000
2018-02-25 06:49:42,0.02114800,0.05000000
2018-02-25 06:49:47,0.02114900,0.39000000
2018-02-25 06:49:53,0.02114800,0.94000000
2018-02-25 06:49:54,0.02114700,0.46000000
2018-02-25 06:50:12,0.02114700,0.01000000
2018-02-25 06:50:12,0.02114600,0.10000000
2018-02-25 06:50:14,0.02117200,0.68000000
2018-02-25 06:50:14,0.02117300,0.39000000
2018-02-25 06:50:16,0.02117100,0.47000000
2018-02-25 06:50:16,0.02117100,0.58000000
2018-02-25 06:50:16,0.02118300,1.07000000
2018-02-25 06:50:16,0.02118900,0.46000000
2018-02-25 06:50:16,0.02119200,0.10000000
2018-02-25 06:50:16,0.02119800,0.10000000
2018-02-25 06:50:16,0.02119900,9.27000000
2018-02-25 06:50:25,0.02118300,0.10000000
2018-02-25 06:50:25,0.02118900,0.10000000
2018-02-25 06:50:25,0.02119200,0.10000000
2018-02-25 06:50:25,0.02119800,0.02000000
2018-02-25 06:50:28,0.02115100,0.11000000
2018-02-25 06:50:28,0.02115000,0.37000000
2018-02-25 06:50:31,0.02115300,1.41000000
2018-02-25 06:50:31,0.02117900,0.06000000
2018-02-25 06:50:31,0.02115300,1.41000000
2018-02-25 06:50:33,0.02115400,0.05000000
2018-02-25 06:50:33,0.02115400,0.05000000
2018-02-25 06:50:33,0.02115400,0.95000000
2018-02-25 06:50:35,0.02115100,1.06000000
2018-02-25 06:50:35,0.02115100,0.25000000
2018-02-25 06:50:43,0.02117300,0.48000000
2018-02-25 06:50:43,0.02115200,1.06000000
2018-02-25 06:50:43,0.02115100,1.21000000
2018-02-25 06:50:43,0.02115100,2.57000000
2018-02-25 06:50:49,0.02115300,0.48000000
2018-02-25 06:50:50,0.02115300,2.00000000
2018-02-25 06:50:54,0.02115500,0.48000000
2018-02-25 06:51:03,0.02115500,0.70000000
2018-02-25 06:51:04,0.02115500,0.48000000
2018-02-25 06:51:15,0.02117200,0.08000000
2018-02-25 06:51:20,0.02117000,2.32000000
2018-02-25 06:51:21,0.02117000,1.14000000
2018-02-25 06:51:21,0.02117900,0.10000000
2018-02-25 06:51:21,0.02118300,0.34000000
2018-02-25 06:51:21,0.02118900,2.36000000
2018-02-25 06:51:21,0.02119000,13.06000000
2018-02-25 06:51:23,0.02117900,0.10000000
2018-02-25 06:51:23,0.02118300,0.10000000
2018-02-25 06:51:23,0.02118900,0.10000000
2018-02-25 06:51:23,0.02119000,3.04000000
2018-02-25 06:51:23,0.02119200,0.10000000
2018-02-25 06:51:23,0.02119800,0.18000000
2018-02-25 06:51:23,0.02119900,8.57000000
2018-02-25 06:51:23,0.02120000,66.75000000
2018-02-25 06:51:23,0.02120100,13.43000000
2018-02-25 06:51:23,0.02120100,0.10000000
2018-02-25 06:51:23,0.02120100,0.10000000
2018-02-25 06:51:23,0.02120100,0.10000000
2018-02-25 06:51:23,0.02120100,0.10000000
2018-02-25 06:51:23,0.02120100,0.10000000
2018-02-25 06:51:23,0.02120100,0.10000000
2018-02-25 06:51:23,0.02120100,0.10000000
2018-02-25 06:51:23,0.02120100,0.10000000
2018-02-25 06:51:23,0.02120100,0.10000000
2018-02-25 06:51:23,0.02120100,1.44000000
2018-02-25 06:51:23,0.02120100,0.12000000
2018-02-25 06:51:24,0.02120100,0.17000000
2018-02-25 06:51:24,0.02120100,0.36000000
2018-02-25 06:51:25,0.02120100,1.29000000
2018-02-25 06:51:25,0.02120100,0.44000000
2018-02-25 06:51:25,0.02120200,0.47000000
2018-02-25 06:51:26,0.02120200,0.21000000
2018-02-25 06:51:27,0.02120100,0.12000000
2018-02-25 06:51:28,0.02120100,0.10000000
2018-02-25 06:51:28,0.02120100,4.60000000
2018-02-25 06:51:30,0.02120100,2.10000000
2018-02-25 06:51:32,0.02120100,1.31000000
2018-02-25 06:51:34,0.02120100,0.41000000
2018-02-25 06:51:34,0.02120100,0.48000000
2018-02-25 06:51:36,0.02120100,1.46000000
2018-02-25 06:51:39,0.02120200,0.38000000
2018-02-25 06:51:39,0.02120200,0.10000000
2018-02-25 06:51:39,0.02120200,0.46000000
2018-02-25 06:51:39,0.02120100,0.54000000
2018-02-25 06:51:39,0.02120100,0.10000000
2018-02-25 06:51:40,0.02120200,0.36000000
2018-02-25 06:51:40,0.02120300,3.30000000
2018-02-25 06:51:40,0.02120500,0.10000000
2018-02-25 06:51:40,0.02120500,1.98000000
2018-02-25 06:51:41,0.02120100,0.51000000
2018-02-25 06:51:41,0.02120100,0.10000000
2018-02-25 06:51:44,0.02120100,0.47000000
2018-02-25 06:51:46,0.02120100,0.48000000
2018-02-25 06:51:48,0.02120100,0.47000000
2018-02-25 06:51:51,0.02120100,0.06000000
2018-02-25 06:51:51,0.02120100,0.47000000
2018-02-25 06:51:52,0.02120100,0.37000000
2018-02-25 06:51:52,0.02120000,0.10000000
2018-02-25 06:51:53,0.02120000,0.10000000
2018-02-25 06:51:58,0.02120200,0.11000000
2018-02-25 06:51:58,0.02120200,0.11000000
2018-02-25 06:51:59,0.02120300,0.10000000
2018-02-25 06:51:59,0.02120300,0.10000000
2018-02-25 06:52:00,0.02120500,0.10000000
2018-02-25 06:52:00,0.02120500,0.10000000
2018-02-25 06:52:01,0.02120000,0.32000000
2018-02-25 06:52:02,0.02119000,0.70000000
2018-02-25 06:52:02,0.02117400,0.05000000
2018-02-25 06:52:03,0.02118000,0.11000000
2018-02-25 06:52:03,0.02119000,0.01000000
2018-02-25 06:52:03,0.02121000,0.20000000
2018-02-25 06:52:04,0.02119000,0.10000000
2018-02-25 06:52:05,0.02119000,0.10000000
2018-02-25 06:52:05,0.02117400,0.26000000
2018-02-25 06:52:06,0.02117400,0.12000000
2018-02-25 06:52:11,0.02119900,0.32000000
2018-02-25 06:52:11,0.02119900,0.10000000
2018-02-25 06:52:33,0.02117500,4.86000000
2018-02-25 06:52:33,0.02117400,4.25000000
2018-02-25 06:52:33,0.02116100,8.69000000
2018-02-25 06:52:34,0.02121000,3.06000000
2018-02-25 06:52:34,0.02121200,0.08000000
2018-02-25 06:52:34,0.02121500,0.28000000
2018-02-25 06:52:35,0.02119900,0.44000000
2018-02-25 06:52:35,0.02119900,0.10000000
2018-02-25 06:52:35,0.02119900,6.18000000
2018-02-25 06:52:35,0.02119900,1.14000000
2018-02-25 06:52:39,0.02121000,0.10000000
2018-02-25 06:52:39,0.02121000,0.10000000
2018-02-25 06:52:40,0.02121000,0.02000000
2018-02-25 06:52:41,0.02119900,1.35000000
2018-02-25 06:52:41,0.02119900,0.10000000
2018-02-25 06:52:43,0.02119900,0.06000000
2018-02-25 06:52:49,0.02121000,3.12000000
2018-02-25 06:52:50,0.02119900,2.08000000
2018-02-25 06:52:50,0.02119900,0.10000000
2018-02-25 06:52:52,0.02121000,0.10000000
2018-02-25 06:52:52,0.02121200,0.10000000
2018-02-25 06:52:52,0.02121500,0.37000000
2018-02-25 06:52:52,0.02122000,1.93000000
2018-02-25 06:52:52,0.02122200,1.86000000
2018-02-25 06:52:52,0.02122500,0.50000000
2018-02-25 06:52:52,0.02123000,1.37000000
2018-02-25 06:52:52,0.02123200,0.52000000
2018-02-25 06:52:53,0.02119900,0.08000000
2018-02-25 06:52:53,0.02119900,0.10000000
2018-02-25 06:52:59,0.02120200,0.59000000
2018-02-25 06:52:59,0.02120200,0.10000000
2018-02-25 06:53:03,0.02120200,0.27000000
2018-02-25 06:53:11,0.02120200,5.36000000
2018-02-25 06:53:12,0.02120000,0.41000000
2018-02-25 06:53:17,0.02120000,0.05000000
2018-02-25 06:53:17,0.02120100,0.12000000
2018-02-25 06:53:18,0.02120000,0.78000000
2018-02-25 06:53:21,0.02120100,1.56000000
2018-02-25 06:53:22,0.02120100,1.58000000
2018-02-25 06:53:22,0.02120000,1.76000000
2018-02-25 06:53:23,0.02119900,7.09000000
2018-02-25 06:53:29,0.02120100,0.27000000
2018-02-25 06:53:32,0.02120000,0.48000000
2018-02-25 06:53:40,0.02120000,8.63000000
2018-02-25 06:53:41,0.02119900,0.89000000
2018-02-25 06:53:41,0.02119900,1.41000000
2018-02-25 06:53:41,0.02119900,0.48000000
2018-02-25 06:53:42,0.02119900,0.11000000
2018-02-25 06:53:43,0.02120000,0.05000000
2018-02-25 06:53:43,0.02119900,0.80000000
2018-02-25 06:53:44,0.02119900,4.81000000
2018-02-25 06:53:45,0.02119900,0.08000000
2018-02-25 06:53:46,0.02119900,0.20000000
2018-02-25 06:53:46,0.02119900,3.00000000
2018-02-25 06:53:50,0.02119900,0.11000000
2018-02-25 06:53:54,0.02119900,0.51000000
2018-02-25 06:53:54,0.02119900,0.03000000
2018-02-25 06:53:56,0.02117300,0.05000000
2018-02-25 06:53:56,0.02116300,0.06000000
2018-02-25 06:53:59,0.02118000,3.83000000
2018-02-25 06:53:59,0.02117500,1.73000000
2018-02-25 06:54:00,0.02119900,0.06000000
2018-02-25 06:54:00,0.02120000,0.42000000
2018-02-25 06:54:03,0.02119900,0.94000000
2018-02-25 06:54:06,0.02117600,0.23000000
2018-02-25 06:54:08,0.02117600,0.01000000
2018-02-25 06:54:08,0.02117500,0.03000000
2018-02-25 06:54:08,0.02117500,0.22000000
2018-02-25 06:54:11,0.02119600,4.82000000
2018-02-25 06:54:11,0.02119900,0.16000000
2018-02-25 06:54:11,0.02119900,1.41000000
2018-02-25 06:54:11,0.02119900,0.85000000
2018-02-25 06:54:11,0.02119900,0.15000000
2018-02-25 06:54:11,0.02119900,0.51000000
2018-02-25 06:54:12,0.02119900,15.13000000
2018-02-25 06:54:12,0.02119900,0.30000000
2018-02-25 06:54:12,0.02119900,19.99000000
2018-02-25 06:54:13,0.02119900,0.10000000
2018-02-25 06:54:14,0.02119900,0.11000000
2018-02-25 06:54:16,0.02119900,0.05000000
2018-02-25 06:54:16,0.02119900,0.05000000
2018-02-25 06:54:17,0.02119900,0.05000000
2018-02-25 06:54:17,0.02119900,0.05000000
2018-02-25 06:54:18,0.02119900,2.94000000
2018-02-25 06:54:18,0.02119900,0.59000000
2018-02-25 06:54:18,0.02119900,0.11000000
2018-02-25 06:54:20,0.02119900,3.13000000
2018-02-25 06:54:21,0.02120000,0.48000000
2018-02-25 06:54:22,0.02119900,0.05000000
2018-02-25 06:54:22,0.02119900,0.05000000
2018-02-25 06:54:23,0.02119900,0.07000000
2018-02-25 06:54:23,0.02120000,11.35000000
2018-02-25 06:54:25,0.02119900,1.41000000
2018-02-25 06:54:26,0.02119900,0.05000000
2018-02-25 06:54:26,0.02119900,2.85000000
2018-02-25 06:54:27,0.02119900,3.27000000
2018-02-25 06:54:27,0.02119900,2.84000000
2018-02-25 06:54:27,0.02116200,0.48000000
2018-02-25 06:54:29,0.02119900,0.47000000
2018-02-25 06:54:32,0.02119900,0.47000000
2018-02-25 06:54:39,0.02116300,0.24000000
2018-02-25 06:54:43,0.02119300,0.06000000
2018-02-25 06:54:51,0.02116300,0.07000000
2018-02-25 06:54:58,0.02116300,0.38000000
2018-02-25 06:55:00,0.02118300,0.40000000
2018-02-25 06:55:00,0.02118400,0.60000000
2018-02-25 06:55:07,0.02118200,0.94000000
2018-02-25 06:55:07,0.02118300,0.40000000
2018-02-25 06:55:07,0.02118400,0.46000000
2018-02-25 06:55:07,0.02119300,2.85000000
2018-02-25 06:55:08,0.02117000,1.41000000
2018-02-25 06:55:08,0.02117000,1.61000000
2018-02-25 06:55:08,0.02116300,1.41000000
2018-02-25 06:55:09,0.02119200,0.48000000
2018-02-25 06:55:12,0.02119200,0.48000000
2018-02-25 06:55:13,0.02119200,1.41000000
2018-02-25 06:55:13,0.02119200,1.05000000
2018-02-25 06:55:14,0.02116300,0.79000000
2018-02-25 06:55:19,0.02116400,0.39000000
2018-02-25 06:55:21,0.02116600,0.11000000
2018-02-25 06:55:23,0.02116400,0.32000000
2018-02-25 06:55:26,0.02116400,0.19000000
2018-02-25 06:55:50,0.02116500,0.01000000
2018-02-25 06:55:53,0.02116500,0.37000000
2018-02-25 06:55:55,0.02119000,0.17000000
2018-02-25 06:55:55,0.02119100,0.14000000
2018-02-25 06:55:55,0.02119200,2.01000000
2018-02-25 06:56:02,0.02119200,2.00000000
2018-02-25 06:56:06,0.02119200,0.58000000
2018-02-25 06:56:16,0.02116600,0.03000000
2018-02-25 06:56:25,0.02116600,0.11000000
2018-02-25 06:56:32,0.02117000,2.88000000
2018-02-25 06:56:35,0.02116800,3.67000000
2018-02-25 06:56:35,0.02116600,1.76000000
2018-02-25 06:56:35,0.02116500,0.06000000
2018-02-25 06:56:35,0.02116300,6.31000000
2018-02-25 06:56:36,0.02116600,3.08000000
2018-02-25 06:56:36,0.02117000,0.69000000
2018-02-25 06:56:46,0.02117000,1.41000000
2018-02-25 06:56:46,0.02117000,1.24000000
2018-02-25 06:56:51,0.02116600,0.99000000
2018-02-25 06:56:52,0.02116600,0.48000000
2018-02-25 06:56:56,0.02116600,1.42000000
2018-02-25 06:57:00,0.02117000,0.37000000
2018-02-25 06:57:05,0.02116800,1.61000000
2018-02-25 06:57:08,0.02117000,1.16000000
2018-02-25 06:57:11,0.02117000,4.09000000
2018-02-25 06:57:12,0.02116800,0.39000000
2018-02-25 06:57:12,0.02116600,2.70000000
2018-02-25 06:57:13,0.02116600,0.48000000
2018-02-25 06:57:13,0.02117000,1.83000000
2018-02-25 06:57:13,0.02116600,0.24000000
2018-02-25 06:57:15,0.02116600,2.23000000
2018-02-25 06:57:16,0.02116600,8.56000000
2018-02-25 06:57:16,0.02116300,1.44000000
2018-02-25 06:57:17,0.02116300,1.84000000
2018-02-25 06:57:20,0.02116300,2.22000000
2018-02-25 06:57:25,0.02116400,0.61000000
2018-02-25 06:57:29,0.02116900,1.93000000
2018-02-25 06:57:31,0.02116900,0.01000000
2018-02-25 06:57:31,0.02117000,4.06000000
2018-02-25 06:57:35,0.02116400,1.80000000
2018-02-25 06:57:37,0.02116300,1.25000000
2018-02-25 06:57:39,0.02116400,1.33000000
2018-02-25 06:57:40,0.02116900,0.64000000
2018-02-25 06:57:45,0.02116900,0.86000000
2018-02-25 06:57:48,0.02116500,0.46000000
2018-02-25 06:57:49,0.02116500,0.48000000
2018-02-25 06:57:52,0.02116800,0.48000000
2018-02-25 06:57:53,0.02116500,3.52000000
2018-02-25 06:57:56,0.02116800,0.58000000
2018-02-25 06:57:56,0.02116800,0.11000000
2018-02-25 06:57:58,0.02116800,1.41000000
2018-02-25 06:57:58,0.02116800,0.07000000
2018-02-25 06:57:58,0.02116800,0.36000000
2018-02-25 06:57:58,0.02116800,1.82000000
2018-02-25 06:57:58,0.02116900,0.43000000
2018-02-25 06:57:58,0.02116900,0.12000000
2018-02-25 06:57:59,0.02116900,1.29000000
2018-02-25 06:57:59,0.02116900,0.74000000
2018-02-25 06:57:59,0.02116900,2.52000000
2018-02-25 06:57:59,0.02116900,0.52000000
2018-02-25 06:57:59,0.02116900,1.22000000
2018-02-25 06:57:59,0.02117000,1.41000000
2018-02-25 06:57:59,0.02117000,0.14000000
2018-02-25 06:57:59,0.02119300,1.50000000
2018-02-25 06:58:02,0.02118800,0.48000000
2018-02-25 06:58:14,0.02116600,0.25000000
2018-02-25 06:58:18,0.02119300,0.08000000
2018-02-25 06:58:19,0.02119300,2.39000000
2018-02-25 06:58:20,0.02119200,0.48000000
2018-02-25 06:58:22,0.02119100,0.32000000
2018-02-25 06:58:22,0.02119200,1.62000000
2018-02-25 06:58:25,0.02116600,0.36000000
2018-02-25 06:58:33,0.02119200,0.47000000
2018-02-25 06:58:36,0.02117400,0.09000000
2018-02-25 06:58:36,0.02117000,0.71000000
2018-02-25 06:58:38,0.02119200,0.47000000
2018-02-25 06:58:39,0.02119200,0.26000000
2018-02-25 06:58:39,0.02119200,0.47000000
2018-02-25 06:58:40,0.02119200,0.47000000
2018-02-25 06:58:50,0.02119200,0.47000000
2018-02-25 06:58:55,0.02119200,0.47000000
2018-02-25 06:58:56,0.02117200,2.42000000
2018-02-25 06:58:56,0.02117200,0.90000000
2018-02-25 06:58:56,0.02117100,5.03000000
2018-02-25 06:58:56,0.02117000,2.29000000
2018-02-25 06:58:56,0.02116600,1.31000000
2018-02-25 06:59:01,0.02116600,0.05000000
2018-02-25 06:59:02,0.02116600,0.05000000
2018-02-25 06:59:03,0.02116600,2.43000000
2018-02-25 06:59:03,0.02116400,4.17000000
2018-02-25 06:59:05,0.02116700,0.13000000
2018-02-25 06:59:07,0.02116600,2.74000000
2018-02-25 06:59:07,0.02116600,0.11000000
2018-02-25 06:59:10,0.02116600,0.49000000
2018-02-25 06:59:20,0.02116600,7.92000000
2018-02-25 06:59:33,0.02118000,7.11000000
2018-02-25 06:59:33,0.02118100,0.95000000
2018-02-25 06:59:33,0.02118200,0.13000000
2018-02-25 06:59:33,0.02119900,4.36000000
2018-02-25 06:59:33,0.02120000,1.45000000
2018-02-25 06:59:42,0.02118800,0.47000000
2018-02-25 06:59:45,0.02116800,3.97000000
2018-02-25 06:59:45,0.02118800,0.47000000
2018-02-25 06:59:46,0.02116600,2.00000000
2018-02-25 06:59:46,0.02116800,0.39000000
2018-02-25 06:59:52,0.02118600,1.45000000
2018-02-25 06:59:53,0.02116600,0.01000000
2018-02-25 06:59:53,0.02116400,0.01000000
2018-02-25 06:59:53,0.02116300,0.98000000
2018-02-25 06:59:54,0.02116600,3.00000000
2018-02-25 06:59:54,0.02116300,3.68000000
2018-02-25 06:59:55,0.02116300,2.14000000
2018-02-25 06:59:55,0.02116300,0.41000000
2018-02-25 06:59:55,0.02116300,0.34000000
2018-02-25 06:59:56,0.02118600,0.50000000
2018-02-25 06:59:56,0.02118600,0.48000000
2018-02-25 06:59:58,0.02118600,0.47000000
