DATE,PRICE,VOLUME
2018-02-22 12:05:38,0.02005900,0.35000000
2018-02-22 12:05:38,0.02005700,0.25000000
2018-02-22 12:05:40,0.02005900,0.80000000
2018-02-22 12:05:40,0.02005900,1.72000000
2018-02-22 12:05:40,0.02006000,2.89000000
2018-02-22 12:05:40,0.02006600,3.19000000
2018-02-22 12:05:40,0.02007100,0.10000000
2018-02-22 12:05:40,0.02007500,0.70000000
2018-02-22 12:05:40,0.02007500,1.79000000
2018-02-22 12:05:40,0.02007700,1.40000000
2018-02-22 12:05:41,0.02007700,7.03000000
2018-02-22 12:05:57,0.02007700,0.06000000
2018-02-22 12:05:58,0.02007200,0.09000000
2018-02-22 12:05:58,0.02007000,0.18000000
2018-02-22 12:06:06,0.02007000,0.68000000
2018-02-22 12:06:08,0.02007500,0.05000000
2018-02-22 12:06:08,0.02007300,0.20000000
2018-02-22 12:06:08,0.02007300,4.32000000
2018-02-22 12:06:10,0.02007300,0.99000000
2018-02-22 12:06:16,0.02007300,0.06000000
2018-02-22 12:06:18,0.02007300,0.80000000
2018-02-22 12:06:18,0.02007300,7.99000000
2018-02-22 12:06:18,0.02007200,1.09000000
2018-02-22 12:06:18,0.02007200,4.55000000
2018-02-22 12:06:18,0.02007000,15.52000000
2018-02-22 12:06:21,0.02007000,1.11000000
2018-02-22 12:06:21,0.02007000,1.10000000
2018-02-22 12:06:26,0.02007000,1.49000000
2018-02-22 12:06:26,0.02007000,1.49000000
2018-02-22 12:06:30,0.02007100,2.05000000
2018-02-22 12:06:30,0.02007000,12.17000000
2018-02-22 12:06:33,0.02007000,0.10000000
2018-02-22 12:06:37,0.02007000,0.40000000
2018-02-22 12:06:38,0.02007900,0.10000000
2018-02-22 12:06:38,0.02008000,2.90000000
2018-02-22 12:06:45,0.02007100,0.08000000
2018-02-22 12:06:56,0.02007100,0.02000000
2018-02-22 12:06:56,0.02007000,2.06000000
2018-02-22 12:06:56,0.02006400,2.46000000
2018-02-22 12:06:56,0.02006300,0.10000000
2018-02-22 12:06:56,0.02005800,0.14000000
2018-02-22 12:06:56,0.02005700,6.28000000
2018-02-22 12:06:59,0.02005700,1.60000000
2018-02-22 12:06:59,0.02005600,49.86000000
2018-02-22 12:06:59,0.02005500,0.10000000
2018-02-22 12:06:59,0.02004700,0.10000000
2018-02-22 12:06:59,0.02004500,9.09000000
2018-02-22 12:06:59,0.02004000,3.12000000
2018-02-22 12:06:59,0.02003900,0.75000000
2018-02-22 12:06:59,0.02003200,0.05000000
2018-02-22 12:06:59,0.02003100,1.10000000
2018-02-22 12:06:59,0.02002600,29.23000000
2018-02-22 12:07:01,0.02003900,0.10000000
2018-02-22 12:07:05,0.02004700,0.10000000
2018-02-22 12:07:05,0.02005500,0.10000000
2018-02-22 12:07:06,0.02005900,36.59000000
2018-02-22 12:07:06,0.02006000,5.83000000
2018-02-22 12:07:07,0.02006300,0.10000000
2018-02-22 12:07:07,0.02006900,0.37000000
2018-02-22 12:07:07,0.02006900,0.27000000
2018-02-22 12:07:07,0.02006100,0.37000000
2018-02-22 12:07:07,0.02006900,0.27000000
2018-02-22 12:07:07,0.02006900,0.41000000
2018-02-22 12:07:07,0.02007100,0.74000000
2018-02-22 12:07:16,0.02006900,0.24000000
2018-02-22 12:07:18,0.02006900,0.06000000
2018-02-22 12:07:19,0.02006300,0.20000000
2018-02-22 12:07:19,0.02005600,1.49000000
2018-02-22 12:07:19,0.02005600,0.54000000
2018-02-22 12:07:31,0.02005600,0.80000000
2018-02-22 12:07:41,0.02005600,0.16000000
2018-02-22 12:07:41,0.02005600,0.16000000
2018-02-22 12:07:45,0.02005800,0.14000000
2018-02-22 12:07:45,0.02005600,0.86000000
2018-02-22 12:07:50,0.02005600,1.49000000
2018-02-22 12:07:50,0.02005600,1.86000000
2018-02-22 12:07:51,0.02005600,2.10000000
2018-02-22 12:07:54,0.02006500,4.86000000
2018-02-22 12:07:58,0.02006500,0.92000000
2018-02-22 12:07:58,0.02005500,0.10000000
2018-02-22 12:08:09,0.02006300,0.07000000
2018-02-22 12:08:27,0.02006300,1.03000000
2018-02-22 12:08:27,0.02006300,0.21000000
2018-02-22 12:08:27,0.02006700,2.08000000
2018-02-22 12:08:33,0.02006700,0.22000000
2018-02-22 12:08:33,0.02006800,0.14000000
2018-02-22 12:08:33,0.02006900,0.25000000
2018-02-22 12:08:34,0.02007100,0.22000000
2018-02-22 12:08:34,0.02007900,0.10000000
2018-02-22 12:08:34,0.02008000,2.39000000
2018-02-22 12:08:36,0.02008000,0.01000000
2018-02-22 12:08:36,0.02008700,0.19000000
2018-02-22 12:08:36,0.02009000,0.74000000
2018-02-22 12:08:37,0.02009400,1.29000000
2018-02-22 12:08:39,0.02009500,0.24000000
2018-02-22 12:08:39,0.02010000,1.33000000
2018-02-22 12:08:42,0.02010000,0.78000000
2018-02-22 12:08:45,0.02009300,0.39000000
2018-02-22 12:08:46,0.02009200,0.63000000
2018-02-22 12:08:47,0.02009200,0.19000000
2018-02-22 12:08:50,0.02009200,0.07000000
2018-02-22 12:08:50,0.02009200,0.09000000
2018-02-22 12:08:56,0.02009200,0.09000000
2018-02-22 12:08:57,0.02009300,1.78000000
2018-02-22 12:08:58,0.02010000,0.95000000
2018-02-22 12:09:03,0.02010000,0.07000000
2018-02-22 12:09:03,0.02010000,0.18000000
2018-02-22 12:09:03,0.02010000,0.18000000
2018-02-22 12:09:03,0.02010000,0.70000000
2018-02-22 12:09:03,0.02010000,0.70000000
2018-02-22 12:09:07,0.02010000,0.33000000
2018-02-22 12:09:07,0.02010000,0.33000000
2018-02-22 12:09:19,0.02009200,0.41000000
2018-02-22 12:09:19,0.02010000,2.81000000
2018-02-22 12:09:19,0.02010000,0.66000000
2018-02-22 12:09:22,0.02010000,0.22000000
2018-02-22 12:09:22,0.02008900,3.95000000
2018-02-22 12:09:22,0.02008700,0.62000000
2018-02-22 12:09:33,0.02008700,0.40000000
2018-02-22 12:09:37,0.02008800,4.42000000
2018-02-22 12:09:42,0.02009500,0.10000000
2018-02-22 12:09:42,0.02010200,1.29000000
2018-02-22 12:09:43,0.02008800,0.09000000
2018-02-22 12:09:43,0.02008700,0.10000000
2018-02-22 12:09:43,0.02007900,0.10000000
2018-02-22 12:09:43,0.02007100,2.09000000
2018-02-22 12:09:43,0.02006800,0.18000000
2018-02-22 12:09:43,0.02006700,3.52000000
2018-02-22 12:09:45,0.02007900,0.10000000
2018-02-22 12:09:46,0.02008700,0.73000000
2018-02-22 12:09:53,0.02009500,0.10000000
2018-02-22 12:09:53,0.02010100,1.99000000
2018-02-22 12:09:53,0.02010200,2.83000000
2018-02-22 12:09:53,0.02010200,0.01000000
2018-02-22 12:09:53,0.02010300,0.10000000
2018-02-22 12:09:53,0.02010900,1.44000000
2018-02-22 12:09:53,0.02010900,2.42000000
2018-02-22 12:09:53,0.02010900,3.93000000
2018-02-22 12:09:53,0.02011000,0.38000000
2018-02-22 12:09:53,0.02011100,0.10000000
2018-02-22 12:09:53,0.02011800,0.93000000
2018-02-22 12:09:53,0.02011900,0.34000000
2018-02-22 12:09:57,0.02010900,1.49000000
2018-02-22 12:09:57,0.02010900,2.15000000
2018-02-22 12:09:57,0.02010800,1.49000000
2018-02-22 12:09:57,0.02011900,5.56000000
2018-02-22 12:09:57,0.02012000,0.10000000
2018-02-22 12:09:57,0.02012100,2.47000000
2018-02-22 12:09:57,0.02010300,0.10000000
2018-02-22 12:09:57,0.02009500,0.20000000
2018-02-22 12:09:57,0.02009100,5.83000000
2018-02-22 12:09:57,0.02009000,10.50000000
2018-02-22 12:09:57,0.02008700,0.10000000
2018-02-22 12:09:57,0.02008200,7.36000000
2018-02-22 12:09:57,0.02007900,0.10000000
2018-02-22 12:09:58,0.02007900,0.80000000
2018-02-22 12:09:58,0.02007900,2.93000000
2018-02-22 12:09:58,0.02012100,0.24000000
2018-02-22 12:09:59,0.02011200,0.10000000
2018-02-22 12:10:04,0.02008700,0.10000000
2018-02-22 12:10:10,0.02009400,1.00000000
2018-02-22 12:10:10,0.02009500,0.01000000
2018-02-22 12:10:12,0.02009500,0.09000000
2018-02-22 12:10:12,0.02009700,0.16000000
2018-02-22 12:10:13,0.02009700,0.69000000
2018-02-22 12:10:16,0.02008800,2.07000000
2018-02-22 12:10:16,0.02008700,0.10000000
2018-02-22 12:10:20,0.02008700,0.03000000
2018-02-22 12:10:21,0.02009500,0.10000000
2018-02-22 12:10:21,0.02009700,0.15000000
2018-02-22 12:10:25,0.02008700,3.05000000
2018-02-22 12:10:27,0.02009700,0.07000000
2018-02-22 12:10:30,0.02008800,0.14000000
2018-02-22 12:10:35,0.02009300,3.00000000
2018-02-22 12:10:41,0.02009700,3.79000000
2018-02-22 12:10:45,0.02009700,0.97000000
2018-02-22 12:10:54,0.02009700,1.86000000
2018-02-22 12:10:54,0.02009500,1.89000000
2018-02-22 12:10:58,0.02008900,0.14000000
2018-02-22 12:10:58,0.02008700,0.46000000
2018-02-22 12:11:04,0.02008700,2.18000000
2018-02-22 12:11:14,0.02008700,0.18000000
2018-02-22 12:11:17,0.02008700,0.59000000
2018-02-22 12:11:17,0.02008700,0.41000000
2018-02-22 12:11:25,0.02009500,0.10000000
2018-02-22 12:11:25,0.02009800,0.18000000
2018-02-22 12:11:25,0.02010000,0.21000000
2018-02-22 12:11:47,0.02010000,0.06000000
2018-02-22 12:11:48,0.02010300,0.10000000
2018-02-22 12:11:48,0.02010800,0.05000000
2018-02-22 12:11:54,0.02010000,1.97000000
2018-02-22 12:11:59,0.02010000,0.65000000
2018-02-22 12:12:05,0.02010200,0.06000000
2018-02-22 12:12:18,0.02010200,0.28000000
2018-02-22 12:12:18,0.02010000,0.37000000
2018-02-22 12:12:33,0.02010300,0.58000000
2018-02-22 12:12:44,0.02011000,0.17000000
2018-02-22 12:13:02,0.02011100,0.96000000
2018-02-22 12:13:02,0.02012000,0.65000000
2018-02-22 12:13:02,0.02011000,5.05000000
2018-02-22 12:13:03,0.02012000,4.29000000
2018-02-22 12:13:03,0.02011200,0.10000000
2018-02-22 12:13:03,0.02011100,0.60000000
2018-02-22 12:13:03,0.02011000,25.42000000
2018-02-22 12:13:12,0.02011000,1.83000000
2018-02-22 12:13:12,0.02011900,3.29000000
2018-02-22 12:13:12,0.02012000,13.07000000
2018-02-22 12:13:12,0.02012200,21.14000000
2018-02-22 12:13:12,0.02012200,0.80000000
2018-02-22 12:13:13,0.02012200,0.57000000
2018-02-22 12:13:17,0.02012200,1.38000000
2018-02-22 12:13:19,0.02012500,6.78000000
2018-02-22 12:13:19,0.02012600,0.08000000
2018-02-22 12:13:19,0.02012600,8.27000000
2018-02-22 12:13:20,0.02012600,0.80000000
2018-02-22 12:13:20,0.02012600,0.47000000
2018-02-22 12:13:20,0.02012600,0.38000000
2018-02-22 12:13:20,0.02012700,0.56000000
2018-02-22 12:13:22,0.02012700,0.43000000
2018-02-22 12:13:22,0.02012800,0.25000000
2018-02-22 12:13:22,0.02012900,0.09000000
2018-02-22 12:13:22,0.02013000,0.57000000
2018-02-22 12:13:22,0.02013600,0.06000000
2018-02-22 12:13:26,0.02012300,0.48000000
2018-02-22 12:13:28,0.02013600,0.04000000
2018-02-22 12:13:29,0.02013600,1.01000000
2018-02-22 12:13:31,0.02013600,0.13000000
2018-02-22 12:13:33,0.02014200,0.36000000
2018-02-22 12:13:33,0.02014400,2.70000000
2018-02-22 12:13:33,0.02014600,0.19000000
2018-02-22 12:13:33,0.02015000,5.56000000
2018-02-22 12:13:33,0.02015100,0.60000000
2018-02-22 12:13:33,0.02015200,19.19000000
2018-02-22 12:13:34,0.02013600,0.97000000
2018-02-22 12:13:34,0.02014400,0.10000000
2018-02-22 12:13:38,0.02015200,0.08000000
2018-02-22 12:13:39,0.02014000,0.49000000
2018-02-22 12:13:41,0.02014100,0.80000000
2018-02-22 12:13:41,0.02014100,2.18000000
2018-02-22 12:13:41,0.02014200,0.25000000
2018-02-22 12:13:42,0.02014500,0.22000000
2018-02-22 12:13:42,0.02014100,4.38000000
2018-02-22 12:13:42,0.02014000,1.22000000
2018-02-22 12:13:42,0.02013800,2.16000000
2018-02-22 12:13:42,0.02013600,1.29000000
2018-02-22 12:13:42,0.02012800,0.10000000
2018-02-22 12:13:42,0.02012600,6.11000000
2018-02-22 12:13:50,0.02012200,1.94000000
2018-02-22 12:13:54,0.02012300,1.69000000
2018-02-22 12:13:57,0.02012000,0.10000000
2018-02-22 12:13:57,0.02012000,0.74000000
2018-02-22 12:13:57,0.02012000,0.39000000
2018-02-22 12:13:58,0.02012000,0.64000000
2018-02-22 12:13:58,0.02011300,2.20000000
2018-02-22 12:13:59,0.02011300,0.54000000
2018-02-22 12:14:03,0.02012000,0.82000000
2018-02-22 12:14:03,0.02011300,1.00000000
2018-02-22 12:14:04,0.02012000,2.64000000
2018-02-22 12:14:07,0.02011400,0.33000000
2018-02-22 12:14:07,0.02011300,2.26000000
2018-02-22 12:14:12,0.02012000,0.69000000
2018-02-22 12:14:16,0.02012000,0.02000000
2018-02-22 12:14:16,0.02012600,1.00000000
2018-02-22 12:14:16,0.02012800,0.10000000
2018-02-22 12:14:16,0.02013600,0.10000000
2018-02-22 12:14:16,0.02014100,2.36000000
2018-02-22 12:14:18,0.02014000,0.99000000
2018-02-22 12:14:19,0.02012800,0.10000000
2018-02-22 12:14:19,0.02012000,0.22000000
2018-02-22 12:14:20,0.02011300,0.57000000
2018-02-22 12:14:29,0.02012800,0.10000000
2018-02-22 12:14:40,0.02012000,0.10000000
2018-02-22 12:14:40,0.02011500,0.90000000
2018-02-22 12:14:40,0.02011400,0.22000000
2018-02-22 12:14:41,0.02013600,0.10000000
2018-02-22 12:14:41,0.02013900,0.35000000
2018-02-22 12:14:41,0.02014100,5.00000000
2018-02-22 12:14:41,0.02014200,0.33000000
2018-02-22 12:14:41,0.02014400,0.09000000
2018-02-22 12:14:42,0.02012800,0.10000000
2018-02-22 12:14:46,0.02014400,0.01000000
2018-02-22 12:14:46,0.02015200,0.20000000
2018-02-22 12:14:46,0.02015400,0.08000000
2018-02-22 12:14:46,0.02015700,0.20000000
2018-02-22 12:14:49,0.02014400,0.10000000
2018-02-22 12:14:51,0.02013600,0.10000000
2018-02-22 12:14:51,0.02013000,5.57000000
2018-02-22 12:14:53,0.02014400,0.10000000
2018-02-22 12:14:54,0.02013000,0.44000000
2018-02-22 12:15:06,0.02014000,0.06000000
2018-02-22 12:15:07,0.02014000,0.20000000
2018-02-22 12:15:08,0.02014000,0.20000000
2018-02-22 12:15:08,0.02014000,0.02000000
2018-02-22 12:15:11,0.02014000,0.60000000
2018-02-22 12:15:11,0.02014000,0.21000000
2018-02-22 12:15:16,0.02014000,0.49000000
2018-02-22 12:15:17,0.02014000,3.23000000
2018-02-22 12:15:17,0.02015200,0.10000000
2018-02-22 12:15:17,0.02015700,2.63000000
2018-02-22 12:15:17,0.02015700,2.60000000
2018-02-22 12:15:17,0.02015800,0.24000000
2018-02-22 12:15:17,0.02016000,0.10000000
2018-02-22 12:15:17,0.02016100,0.29000000
2018-02-22 12:15:17,0.02016100,1.82000000
2018-02-22 12:15:17,0.02016300,7.34000000
2018-02-22 12:15:17,0.02016300,1.09000000
2018-02-22 12:15:17,0.02016300,1.48000000
2018-02-22 12:15:17,0.02016300,1.58000000
2018-02-22 12:15:17,0.02016700,0.08000000
2018-02-22 12:15:18,0.02016700,0.73000000
2018-02-22 12:15:25,0.02016700,0.22000000
2018-02-22 12:15:26,0.02016700,0.12000000
2018-02-22 12:15:27,0.02016700,0.32000000
2018-02-22 12:15:27,0.02016700,0.59000000
2018-02-22 12:15:34,0.02016800,0.10000000
2018-02-22 12:15:34,0.02017000,0.08000000
2018-02-22 12:15:34,0.02017000,0.92000000
2018-02-22 12:15:34,0.02017600,0.10000000
2018-02-22 12:15:34,0.02018000,0.29000000
2018-02-22 12:15:34,0.02018300,0.15000000
2018-02-22 12:15:34,0.02018400,0.10000000
2018-02-22 12:15:34,0.02018800,1.00000000
2018-02-22 12:15:34,0.02019200,0.10000000
2018-02-22 12:15:34,0.02019700,0.49000000
2018-02-22 12:15:34,0.02019800,6.00000000
2018-02-22 12:15:34,0.02019900,2.46000000
2018-02-22 12:15:34,0.02019900,0.63000000
2018-02-22 12:15:37,0.02018400,0.10000000
2018-02-22 12:15:37,0.02017600,0.10000000
2018-02-22 12:15:38,0.02019700,6.23000000
2018-02-22 12:15:40,0.02017000,5.77000000
2018-02-22 12:15:40,0.02016800,0.10000000
2018-02-22 12:15:40,0.02016700,2.11000000
2018-02-22 12:15:42,0.02017100,0.23000000
2018-02-22 12:15:42,0.02016700,0.48000000
2018-02-22 12:15:42,0.02016500,1.31000000
2018-02-22 12:15:43,0.02017200,0.99000000
2018-02-22 12:15:43,0.02016500,7.54000000
2018-02-22 12:15:44,0.02016100,5.00000000
2018-02-22 12:15:44,0.02016000,6.45000000
2018-02-22 12:15:44,0.02017600,0.10000000
2018-02-22 12:15:44,0.02018400,0.10000000
2018-02-22 12:15:44,0.02018400,0.55000000
2018-02-22 12:15:44,0.02015700,2.08000000
2018-02-22 12:15:44,0.02015200,0.10000000
2018-02-22 12:15:44,0.02014500,1.13000000
2018-02-22 12:15:45,0.02015000,4.12000000
2018-02-22 12:15:45,0.02016000,0.10000000
2018-02-22 12:15:46,0.02016800,0.10000000
2018-02-22 12:15:47,0.02014700,2.62000000
2018-02-22 12:15:49,0.02016800,0.10000000
2018-02-22 12:15:49,0.02016000,0.07000000
2018-02-22 12:15:49,0.02016900,0.66000000
2018-02-22 12:15:49,0.02016900,0.33000000
2018-02-22 12:15:51,0.02016100,0.09000000
2018-02-22 12:15:54,0.02016200,0.25000000
2018-02-22 12:15:54,0.02016100,0.90000000
2018-02-22 12:15:54,0.02016000,1.62000000
2018-02-22 12:15:55,0.02016200,0.92000000
2018-02-22 12:16:00,0.02016000,1.08000000
2018-02-22 12:16:01,0.02016600,2.62000000
2018-02-22 12:16:03,0.02016800,0.10000000
2018-02-22 12:16:03,0.02017100,1.12000000
2018-02-22 12:16:03,0.02017100,0.01000000
2018-02-22 12:16:03,0.02017600,0.10000000
2018-02-22 12:16:03,0.02017700,0.85000000
2018-02-22 12:16:03,0.02017700,2.40000000
2018-02-22 12:16:03,0.02017700,1.12000000
2018-02-22 12:16:03,0.02017700,1.40000000
2018-02-22 12:16:03,0.02018000,1.39000000
2018-02-22 12:16:03,0.02018000,0.86000000
2018-02-22 12:16:03,0.02018000,3.52000000
2018-02-22 12:16:03,0.02018000,4.70000000
2018-02-22 12:16:03,0.02018200,1.98000000
2018-02-22 12:16:03,0.02018400,0.61000000
2018-02-22 12:16:03,0.02019200,0.10000000
2018-02-22 12:16:03,0.02019300,0.23000000
2018-02-22 12:16:03,0.02019700,0.23000000
2018-02-22 12:16:03,0.02019800,0.32000000
2018-02-22 12:16:03,0.02018000,2.10000000
2018-02-22 12:16:03,0.02017800,3.52000000
2018-02-22 12:16:03,0.02017700,1.40000000
2018-02-22 12:16:04,0.02017600,1.83000000
2018-02-22 12:16:04,0.02019800,1.69000000
2018-02-22 12:16:04,0.02015600,0.82000000
2018-02-22 12:16:05,0.02018400,0.10000000
2018-02-22 12:16:05,0.02016000,1.98000000
2018-02-22 12:16:05,0.02015900,1.18000000
2018-02-22 12:16:05,0.02017600,0.10000000
2018-02-22 12:16:17,0.02018200,0.44000000
2018-02-22 12:16:17,0.02016800,0.10000000
2018-02-22 12:16:17,0.02016500,4.12000000
2018-02-22 12:16:20,0.02017400,1.56000000
2018-02-22 12:16:20,0.02017600,0.10000000
2018-02-22 12:16:20,0.02018400,0.10000000
2018-02-22 12:16:20,0.02019200,0.10000000
2018-02-22 12:16:20,0.02019700,2.64000000
2018-02-22 12:16:22,0.02018400,0.10000000
2018-02-22 12:16:27,0.02018400,1.62000000
2018-02-22 12:16:27,0.02018400,16.49000000
2018-02-22 12:16:27,0.02018500,0.49000000
2018-02-22 12:16:28,0.02018500,5.27000000
2018-02-22 12:16:28,0.02017600,0.10000000
2018-02-22 12:16:28,0.02017000,0.84000000
2018-02-22 12:16:30,0.02017600,3.38000000
2018-02-22 12:16:30,0.02017600,2.67000000
2018-02-22 12:16:32,0.02017600,0.80000000
2018-02-22 12:16:34,0.02017600,1.48000000
2018-02-22 12:16:34,0.02017600,0.10000000
2018-02-22 12:16:34,0.02017600,0.49000000
2018-02-22 12:16:34,0.02016800,0.10000000
2018-02-22 12:16:34,0.02016500,0.24000000
2018-02-22 12:16:34,0.02016500,2.57000000
2018-02-22 12:16:34,0.02016000,0.10000000
2018-02-22 12:16:38,0.02015200,0.32000000
2018-02-22 12:16:39,0.02016800,0.10000000
2018-02-22 12:16:39,0.02017600,0.01000000
2018-02-22 12:16:41,0.02016000,0.10000000
2018-02-22 12:16:42,0.02015100,18.10000000
2018-02-22 12:16:42,0.02015200,0.32000000
2018-02-22 12:16:45,0.02015200,0.10000000
2018-02-22 12:16:45,0.02015000,0.24000000
2018-02-22 12:16:45,0.02014900,7.02000000
2018-02-22 12:16:46,0.02014800,7.33000000
2018-02-22 12:16:47,0.02014800,0.03000000
2018-02-22 12:16:49,0.02014400,0.10000000
2018-02-22 12:16:50,0.02013600,0.10000000
2018-02-22 12:16:54,0.02012900,0.30000000
2018-02-22 12:17:01,0.02012800,0.15000000
2018-02-22 12:17:02,0.02012800,0.47000000
2018-02-22 12:17:02,0.02012800,0.25000000
2018-02-22 12:17:03,0.02013700,0.77000000
2018-02-22 12:17:03,0.02013800,2.19000000
2018-02-22 12:17:04,0.02012800,0.46000000
2018-02-22 12:17:04,0.02012800,0.70000000
2018-02-22 12:17:06,0.02013600,0.10000000
2018-02-22 12:17:06,0.02013900,0.99000000
2018-02-22 12:17:06,0.02014000,0.84000000
2018-02-22 12:17:06,0.02014400,0.10000000
2018-02-22 12:17:06,0.02015100,0.55000000
2018-02-22 12:17:09,0.02013600,0.10000000
2018-02-22 12:17:09,0.02013100,0.99000000
2018-02-22 12:17:09,0.02013000,0.19000000
2018-02-22 12:17:10,0.02014700,0.08000000
2018-02-22 12:17:10,0.02013000,0.11000000
2018-02-22 12:17:17,0.02014400,0.10000000
2018-02-22 12:17:17,0.02014700,0.78000000
2018-02-22 12:17:21,0.02013600,0.04000000
2018-02-22 12:17:21,0.02014700,0.56000000
2018-02-22 12:17:22,0.02014700,0.99000000
2018-02-22 12:17:22,0.02014700,1.00000000
2018-02-22 12:17:22,0.02014700,0.99000000
2018-02-22 12:17:28,0.02014700,0.99000000
2018-02-22 12:17:37,0.02014500,1.42000000
2018-02-22 12:17:37,0.02014600,0.18000000
2018-02-22 12:17:38,0.02014600,0.53000000
2018-02-22 12:17:39,0.02013800,2.75000000
2018-02-22 12:17:39,0.02014600,1.48000000
2018-02-22 12:17:39,0.02014600,0.80000000
2018-02-22 12:17:39,0.02014700,1.48000000
2018-02-22 12:17:39,0.02014700,1.48000000
2018-02-22 12:17:39,0.02014700,0.88000000
2018-02-22 12:17:43,0.02014700,9.30000000
2018-02-22 12:17:43,0.02014700,9.30000000
2018-02-22 12:17:50,0.02014600,1.50000000
2018-02-22 12:17:53,0.02014700,7.50000000
2018-02-22 12:17:53,0.02014600,0.49000000
2018-02-22 12:18:03,0.02014500,1.21000000
2018-02-22 12:18:03,0.02014500,1.54000000
2018-02-22 12:18:04,0.02013600,0.06000000
2018-02-22 12:18:04,0.02014500,1.00000000
2018-02-22 12:18:14,0.02014300,0.47000000
2018-02-22 12:18:14,0.02014400,0.10000000
2018-02-22 12:18:14,0.02014500,1.18000000
2018-02-22 12:18:14,0.02013600,0.10000000
2018-02-22 12:18:18,0.02014400,0.88000000
2018-02-22 12:18:26,0.02014400,3.73000000
2018-02-22 12:18:27,0.02014400,0.88000000
2018-02-22 12:18:28,0.02014400,1.34000000
2018-02-22 12:18:28,0.02014400,6.97000000
2018-02-22 12:18:28,0.02014400,4.80000000
2018-02-22 12:18:29,0.02014400,1.93000000
2018-02-22 12:18:29,0.02014500,1.53000000
2018-02-22 12:18:29,0.02015200,0.10000000
2018-02-22 12:18:29,0.02015500,1.62000000
2018-02-22 12:18:45,0.02015000,1.53000000
2018-02-22 12:18:47,0.02015500,0.46000000
2018-02-22 12:18:58,0.02015500,0.46000000
2018-02-22 12:18:58,0.02014500,0.99000000
2018-02-22 12:19:01,0.02014400,0.10000000
2018-02-22 12:19:01,0.02013600,0.10000000
2018-02-22 12:19:01,0.02012800,0.10000000
2018-02-22 12:19:01,0.02012000,0.10000000
2018-02-22 12:19:01,0.02011800,0.60000000
2018-02-22 12:19:02,0.02012800,0.09000000
2018-02-22 12:19:02,0.02012800,0.01000000
2018-02-22 12:19:03,0.02013600,0.10000000
2018-02-22 12:19:04,0.02012800,0.09000000
2018-02-22 12:19:04,0.02012400,4.50000000
2018-02-22 12:19:17,0.02014400,0.10000000
2018-02-22 12:19:17,0.02015000,0.22000000
2018-02-22 12:19:17,0.02015200,0.10000000
2018-02-22 12:19:17,0.02015400,0.02000000
2018-02-22 12:19:27,0.02014400,0.10000000
2018-02-22 12:19:27,0.02013600,0.10000000
2018-02-22 12:19:27,0.02012900,6.76000000
2018-02-22 12:19:28,0.02012900,3.09000000
2018-02-22 12:19:28,0.02012800,0.10000000
2018-02-22 12:19:28,0.02012400,1.79000000
2018-02-22 12:19:28,0.02012400,0.02000000
2018-02-22 12:19:29,0.02014400,0.10000000
2018-02-22 12:19:31,0.02013600,0.09000000
2018-02-22 12:19:31,0.02013600,0.01000000
2018-02-22 12:19:31,0.02014800,0.08000000
2018-02-22 12:19:31,0.02013000,1.25000000
2018-02-22 12:19:32,0.02014800,4.53000000
2018-02-22 12:19:39,0.02014900,0.39000000
2018-02-22 12:19:44,0.02014900,0.51000000
2018-02-22 12:19:44,0.02014900,0.80000000
2018-02-22 12:19:44,0.02014900,1.48000000
2018-02-22 12:19:46,0.02014900,7.85000000
2018-02-22 12:19:52,0.02014900,0.52000000
2018-02-22 12:19:52,0.02014900,0.52000000
2018-02-22 12:19:52,0.02014800,0.52000000
2018-02-22 12:19:56,0.02014900,0.67000000
2018-02-22 12:19:56,0.02014900,0.71000000
2018-02-22 12:19:56,0.02014900,0.78000000
2018-02-22 12:19:56,0.02015000,1.38000000
2018-02-22 12:19:57,0.02015000,1.47000000
2018-02-22 12:19:57,0.02015200,0.10000000
2018-02-22 12:19:57,0.02015500,0.58000000
2018-02-22 12:19:57,0.02015500,0.39000000
2018-02-22 12:19:57,0.02015500,0.39000000
2018-02-22 12:19:57,0.02014900,0.39000000
2018-02-22 12:19:57,0.02015500,0.30000000
2018-02-22 12:19:58,0.02014900,0.69000000
2018-02-22 12:20:03,0.02015500,0.71000000
2018-02-22 12:20:10,0.02014900,0.50000000
2018-02-22 12:20:10,0.02014800,1.53000000
2018-02-22 12:20:15,0.02015900,0.14000000
2018-02-22 12:20:17,0.02015900,0.44000000
2018-02-22 12:20:30,0.02015900,1.40000000
2018-02-22 12:20:31,0.02016000,0.08000000
2018-02-22 12:20:44,0.02015900,0.68000000
2018-02-22 12:20:45,0.02016000,0.02000000
2018-02-22 12:20:45,0.02016800,0.10000000
2018-02-22 12:20:45,0.02016900,0.05000000
2018-02-22 12:20:45,0.02017100,0.22000000
2018-02-22 12:20:45,0.02017600,0.09000000
2018-02-22 12:20:45,0.02017900,0.92000000
2018-02-22 12:20:46,0.02014800,0.40000000
2018-02-22 12:20:48,0.02016800,0.10000000
2018-02-22 12:20:48,0.02016000,0.10000000
2018-02-22 12:20:48,0.02015200,0.10000000
2018-02-22 12:20:48,0.02014900,0.23000000
2018-02-22 12:20:48,0.02014800,0.30000000
2018-02-22 12:20:48,0.02014600,1.75000000
2018-02-22 12:20:52,0.02014600,0.30000000
2018-02-22 12:20:59,0.02016000,0.10000000
2018-02-22 12:21:00,0.02016000,0.12000000
2018-02-22 12:21:00,0.02015300,0.03000000
2018-02-22 12:21:02,0.02016800,0.25000000
2018-02-22 12:21:03,0.02016800,0.10000000
2018-02-22 12:21:07,0.02016000,0.10000000
2018-02-22 12:21:09,0.02015300,0.20000000
2018-02-22 12:21:15,0.02015900,0.80000000
2018-02-22 12:21:17,0.02015900,0.44000000
2018-02-22 12:21:18,0.02015900,1.53000000
2018-02-22 12:21:25,0.02015900,3.62000000
2018-02-22 12:21:25,0.02015900,2.41000000
2018-02-22 12:21:25,0.02015900,2.26000000
2018-02-22 12:21:25,0.02015400,0.63000000
2018-02-22 12:21:25,0.02015400,3.08000000
2018-02-22 12:21:25,0.02015300,5.68000000
2018-02-22 12:21:26,0.02015900,7.99000000
2018-02-22 12:21:27,0.02015300,0.49000000
2018-02-22 12:21:28,0.02015900,0.80000000
2018-02-22 12:21:30,0.02015300,0.89000000
2018-02-22 12:21:30,0.02015200,0.10000000
2018-02-22 12:21:30,0.02015000,0.01000000
2018-02-22 12:21:31,0.02015100,2.48000000
2018-02-22 12:21:33,0.02015000,0.05000000
2018-02-22 12:21:33,0.02014600,2.43000000
2018-02-22 12:21:33,0.02015900,0.18000000
2018-02-22 12:21:36,0.02016000,0.20000000
2018-02-22 12:21:52,0.02016800,0.10000000
2018-02-22 12:22:03,0.02017300,3.58000000
2018-02-22 12:22:08,0.02017400,3.62000000
2018-02-22 12:22:09,0.02017400,0.29000000
2018-02-22 12:22:10,0.02017400,3.45000000
2018-02-22 12:22:13,0.02016800,1.88000000
2018-02-22 12:22:13,0.02016100,2.79000000
2018-02-22 12:22:13,0.02016000,4.51000000
2018-02-22 12:22:13,0.02015900,5.00000000
2018-02-22 12:22:13,0.02015300,1.11000000
2018-02-22 12:22:13,0.02015300,2.48000000
2018-02-22 12:22:15,0.02015300,3.77000000
2018-02-22 12:22:15,0.02015200,8.10000000
2018-02-22 12:22:15,0.02014600,6.62000000
2018-02-22 12:22:15,0.02014500,7.00000000
2018-02-22 12:22:15,0.02014400,4.15000000
2018-02-22 12:22:17,0.02015200,0.10000000
2018-02-22 12:22:17,0.02016800,0.10000000
2018-02-22 12:22:17,0.02017400,0.24000000
2018-02-22 12:22:18,0.02014400,0.12000000
2018-02-22 12:22:19,0.02016000,0.10000000
2018-02-22 12:22:24,0.02016400,2.85000000
2018-02-22 12:22:27,0.02016400,1.73000000
2018-02-22 12:22:31,0.02016400,0.90000000
2018-02-22 12:22:31,0.02016400,0.42000000
2018-02-22 12:22:50,0.02016400,0.29000000
2018-02-22 12:22:51,0.02016400,0.30000000
2018-02-22 12:22:56,0.02016400,0.20000000
2018-02-22 12:23:06,0.02016500,1.00000000
2018-02-22 12:23:18,0.02016400,0.44000000
2018-02-22 12:23:26,0.02016400,3.39000000
2018-02-22 12:23:26,0.02016600,0.12000000
2018-02-22 12:23:44,0.02015300,0.66000000
2018-02-22 12:23:44,0.02015200,0.10000000
2018-02-22 12:23:45,0.02014500,1.48000000
2018-02-22 12:23:45,0.02014500,0.10000000
2018-02-22 12:23:46,0.02015300,0.25000000
2018-02-22 12:23:46,0.02016400,0.09000000
2018-02-22 12:23:46,0.02016400,0.10000000
2018-02-22 12:23:46,0.02016400,1.48000000
2018-02-22 12:23:46,0.02016400,0.52000000
2018-02-22 12:23:46,0.02016400,4.56000000
2018-02-22 12:23:46,0.02014500,6.42000000
2018-02-22 12:23:46,0.02014400,2.93000000
2018-02-22 12:23:46,0.02014400,8.00000000
2018-02-22 12:23:46,0.02013600,0.10000000
2018-02-22 12:23:46,0.02013100,38.52000000
2018-02-22 12:23:46,0.02013100,7.48000000
2018-02-22 12:23:47,0.02012800,0.10000000
2018-02-22 12:23:47,0.02012700,2.46000000
2018-02-22 12:23:47,0.02012800,1.00000000
2018-02-22 12:23:48,0.02013200,1.49000000
2018-02-22 12:23:48,0.02013200,3.46000000
2018-02-22 12:23:48,0.02013000,1.14000000
2018-02-22 12:23:48,0.02013000,1.49000000
2018-02-22 12:23:49,0.02012500,0.26000000
2018-02-22 12:23:50,0.02012300,1.34000000
2018-02-22 12:23:50,0.02012300,1.35000000
2018-02-22 12:23:50,0.02012300,0.80000000
2018-02-22 12:23:50,0.02012300,1.08000000
2018-02-22 12:23:51,0.02012300,0.10000000
2018-02-22 12:23:53,0.02012300,2.74000000
2018-02-22 12:23:53,0.02012500,4.55000000
2018-02-22 12:23:55,0.02012400,2.67000000
2018-02-22 12:23:55,0.02012500,0.15000000
2018-02-22 12:23:55,0.02012300,0.69000000
2018-02-22 12:23:56,0.02012300,2.06000000
2018-02-22 12:23:57,0.02012500,0.14000000
2018-02-22 12:23:57,0.02012800,0.50000000
2018-02-22 12:23:57,0.02013000,0.12000000
2018-02-22 12:23:58,0.02013600,0.10000000
2018-02-22 12:23:58,0.02014400,0.10000000
2018-02-22 12:23:58,0.02014800,7.36000000
2018-02-22 12:23:58,0.02014900,29.21000000
2018-02-22 12:23:59,0.02013000,3.51000000
2018-02-22 12:23:59,0.02014900,3.28000000
2018-02-22 12:23:59,0.02013600,0.10000000
2018-02-22 12:24:01,0.02012800,0.10000000
2018-02-22 12:24:02,0.02012300,1.49000000
2018-02-22 12:24:03,0.02014400,0.10000000
2018-02-22 12:24:03,0.02014600,0.02000000
2018-02-22 12:24:05,0.02013600,0.10000000
2018-02-22 12:24:06,0.02013000,0.80000000
2018-02-22 12:24:06,0.02013000,0.80000000
2018-02-22 12:24:08,0.02014600,3.68000000
2018-02-22 12:24:08,0.02014400,0.10000000
2018-02-22 12:24:08,0.02014600,0.79000000
2018-02-22 12:24:08,0.02012800,0.10000000
2018-02-22 12:24:09,0.02014600,0.40000000
2018-02-22 12:24:10,0.02012400,1.49000000
2018-02-22 12:24:11,0.02013600,0.10000000
2018-02-22 12:24:11,0.02012300,0.76000000
2018-02-22 12:24:12,0.02012000,0.10000000
2018-02-22 12:24:13,0.02012800,0.10000000
2018-02-22 12:24:14,0.02011600,1.49000000
2018-02-22 12:24:14,0.02011600,0.70000000
2018-02-22 12:24:14,0.02011600,1.49000000
2018-02-22 12:24:14,0.02011700,1.49000000
2018-02-22 12:24:14,0.02011700,1.49000000
2018-02-22 12:24:14,0.02011700,1.56000000
2018-02-22 12:24:15,0.02011700,2.82000000
2018-02-22 12:24:15,0.02011600,3.24000000
2018-02-22 12:24:15,0.02011600,0.68000000
2018-02-22 12:24:15,0.02011300,1.33000000
2018-02-22 12:24:15,0.02011300,5.30000000
2018-02-22 12:24:16,0.02011300,0.10000000
2018-02-22 12:24:17,0.02011200,0.10000000
2018-02-22 12:24:17,0.02010300,0.10000000
2018-02-22 12:24:17,0.02009500,1.56000000
2018-02-22 12:24:17,0.02011300,0.46000000
2018-02-22 12:24:18,0.02011300,2.76000000
2018-02-22 12:24:18,0.02011400,5.22000000
2018-02-22 12:24:20,0.02010300,0.10000000
2018-02-22 12:24:20,0.02011200,0.15000000
2018-02-22 12:24:21,0.02011100,0.10000000
2018-02-22 12:24:21,0.02011200,1.50000000
2018-02-22 12:24:23,0.02010000,0.60000000
2018-02-22 12:24:26,0.02011100,0.22000000
2018-02-22 12:24:26,0.02010300,0.10000000
2018-02-22 12:24:26,0.02010000,0.90000000
2018-02-22 12:24:28,0.02011100,0.10000000
2018-02-22 12:24:28,0.02010500,0.15000000
2018-02-22 12:24:28,0.02010300,1.98000000
2018-02-22 12:24:28,0.02010000,0.61000000
2018-02-22 12:24:28,0.02011200,0.47000000
2018-02-22 12:24:28,0.02011200,1.75000000
2018-02-22 12:24:28,0.02011200,1.44000000
2018-02-22 12:24:28,0.02011400,4.53000000
2018-02-22 12:24:28,0.02011400,1.24000000
2018-02-22 12:24:28,0.02011300,0.92000000
2018-02-22 12:24:28,0.02011300,1.49000000
2018-02-22 12:24:29,0.02011500,0.29000000
2018-02-22 12:24:29,0.02011100,0.84000000
2018-02-22 12:24:30,0.02011400,1.49000000
2018-02-22 12:24:35,0.02011400,1.64000000
2018-02-22 12:24:35,0.02011500,1.26000000
2018-02-22 12:24:37,0.02010800,5.77000000
2018-02-22 12:24:37,0.02010600,1.55000000
2018-02-22 12:24:37,0.02010300,0.10000000
2018-02-22 12:24:40,0.02010000,4.97000000
2018-02-22 12:24:41,0.02010000,1.13000000
2018-02-22 12:24:42,0.02010000,21.96000000
2018-02-22 12:24:43,0.02011100,0.10000000
2018-02-22 12:24:43,0.02011300,0.25000000
2018-02-22 12:24:45,0.02011000,0.32000000
2018-02-22 12:24:45,0.02011000,0.19000000
2018-02-22 12:24:48,0.02011000,0.13000000
2018-02-22 12:24:51,0.02010300,0.10000000
2018-02-22 12:24:53,0.02009500,0.15000000
2018-02-22 12:24:53,0.02008800,0.06000000
2018-02-22 12:24:54,0.02010200,0.12000000
2018-02-22 12:24:54,0.02008800,6.08000000
2018-02-22 12:24:58,0.02008800,8.29000000
2018-02-22 12:25:01,0.02008800,27.55000000
2018-02-22 12:25:01,0.02008800,0.30000000
2018-02-22 12:25:01,0.02008800,0.30000000
2018-02-22 12:25:01,0.02008800,0.30000000
2018-02-22 12:25:01,0.02008800,0.55000000
2018-02-22 12:25:02,0.02009900,0.32000000
2018-02-22 12:25:02,0.02010000,0.85000000
2018-02-22 12:25:03,0.02008700,1.35000000
2018-02-22 12:25:03,0.02007900,0.10000000
2018-02-22 12:25:03,0.02007100,1.36000000
2018-02-22 12:25:03,0.02007100,1.01000000
2018-02-22 12:25:05,0.02007900,0.10000000
2018-02-22 12:25:08,0.02006700,5.82000000
2018-02-22 12:25:08,0.02006700,0.80000000
2018-02-22 12:25:08,0.02006700,0.91000000
2018-02-22 12:25:08,0.02006700,0.18000000
2018-02-22 12:25:08,0.02006300,0.10000000
2018-02-22 12:25:08,0.02005500,0.10000000
2018-02-22 12:25:08,0.02004700,0.10000000
2018-02-22 12:25:08,0.02003900,0.40000000
2018-02-22 12:25:08,0.02003100,0.10000000
2018-02-22 12:25:08,0.02003000,9.95000000
2018-02-22 12:25:08,0.02008300,0.41000000
2018-02-22 12:25:08,0.02007800,0.41000000
2018-02-22 12:25:10,0.02007100,0.10000000
2018-02-22 12:25:11,0.02004700,0.10000000
2018-02-22 12:25:11,0.02007700,0.10000000
2018-02-22 12:25:11,0.02007700,0.10000000
2018-02-22 12:25:12,0.02005000,1.38000000
2018-02-22 12:25:12,0.02005000,8.32000000
2018-02-22 12:25:12,0.02005000,0.25000000
2018-02-22 12:25:13,0.02005000,1.49000000
2018-02-22 12:25:13,0.02005000,0.94000000
2018-02-22 12:25:14,0.02005000,0.06000000
2018-02-22 12:25:14,0.02004100,0.30000000
2018-02-22 12:25:14,0.02004100,0.21000000
2018-02-22 12:25:15,0.02004900,0.05000000
2018-02-22 12:25:15,0.02003300,0.61000000
2018-02-22 12:25:15,0.02003000,0.41000000
2018-02-22 12:25:15,0.02002800,0.05000000
2018-02-22 12:25:15,0.02002600,0.33000000
2018-02-22 12:25:15,0.02004900,3.37000000
2018-02-22 12:25:15,0.02005000,0.06000000
2018-02-22 12:25:15,0.02005500,0.10000000
2018-02-22 12:25:15,0.02006300,0.10000000
2018-02-22 12:25:15,0.02006700,0.51000000
2018-02-22 12:25:15,0.02007000,5.02000000
2018-02-22 12:25:18,0.02005800,0.89000000
2018-02-22 12:25:19,0.02005000,0.10000000
2018-02-22 12:25:20,0.02004700,0.10000000
2018-02-22 12:25:20,0.02003900,0.10000000
2018-02-22 12:25:21,0.02005000,0.26000000
2018-02-22 12:25:21,0.02005000,0.87000000
2018-02-22 12:25:21,0.02005400,0.18000000
2018-02-22 12:25:22,0.02004700,0.10000000
2018-02-22 12:25:24,0.02005300,3.67000000
2018-02-22 12:25:24,0.02005300,2.16000000
2018-02-22 12:25:24,0.02005400,5.83000000
2018-02-22 12:25:28,0.02005300,2.44000000
2018-02-22 12:25:30,0.02004300,0.11000000
2018-02-22 12:25:30,0.02004300,1.49000000
2018-02-22 12:25:30,0.02004300,1.49000000
2018-02-22 12:25:30,0.02004300,1.49000000
2018-02-22 12:25:30,0.02004300,0.80000000
2018-02-22 12:25:30,0.02004100,0.96000000
2018-02-22 12:25:30,0.02004300,0.45000000
2018-02-22 12:25:31,0.02005300,0.79000000
2018-02-22 12:25:31,0.02005300,1.76000000
2018-02-22 12:25:31,0.02005300,0.24000000
2018-02-22 12:25:31,0.02005300,1.29000000
2018-02-22 12:25:32,0.02005300,0.79000000
2018-02-22 12:25:32,0.02003900,0.10000000
2018-02-22 12:25:32,0.02003200,0.17000000
2018-02-22 12:25:32,0.02003300,1.49000000
2018-02-22 12:25:33,0.02003300,1.29000000
2018-02-22 12:25:33,0.02004300,0.24000000
2018-02-22 12:25:33,0.02003200,1.49000000
2018-02-22 12:25:33,0.02004300,2.09000000
2018-02-22 12:25:37,0.02003200,1.10000000
2018-02-22 12:25:38,0.02003900,0.11000000
2018-02-22 12:25:38,0.02004000,0.38000000
2018-02-22 12:25:40,0.02003200,1.51000000
2018-02-22 12:25:41,0.02004000,1.74000000
2018-02-22 12:25:41,0.02004000,0.15000000
2018-02-22 12:25:47,0.02004000,0.15000000
2018-02-22 12:25:48,0.02004000,1.49000000
2018-02-22 12:25:52,0.02004000,0.37000000
2018-02-22 12:25:52,0.02004000,1.24000000
2018-02-22 12:25:59,0.02003800,0.10000000
2018-02-22 12:26:05,0.02003800,2.14000000
2018-02-22 12:26:05,0.02003800,0.54000000
2018-02-22 12:26:07,0.02003700,1.10000000
2018-02-22 12:26:07,0.02003500,0.16000000
2018-02-22 12:26:08,0.02003200,0.95000000
2018-02-22 12:26:09,0.02003600,0.08000000
2018-02-22 12:26:12,0.02003100,0.41000000
2018-02-22 12:26:12,0.02003100,7.33000000
2018-02-22 12:26:13,0.02003100,2.30000000
2018-02-22 12:26:16,0.02002900,1.54000000
2018-02-22 12:26:18,0.02002600,0.50000000
2018-02-22 12:26:18,0.02002300,0.68000000
2018-02-22 12:26:19,0.02002100,0.49000000
2018-02-22 12:26:19,0.02001900,1.49000000
2018-02-22 12:26:19,0.02001900,1.49000000
2018-02-22 12:26:19,0.02001900,4.86000000
2018-02-22 12:26:20,0.02001500,1.49000000
2018-02-22 12:26:20,0.02001500,1.49000000
2018-02-22 12:26:20,0.02001800,0.35000000
2018-02-22 12:26:22,0.02001800,1.45000000
2018-02-22 12:26:28,0.02002200,0.12000000
2018-02-22 12:26:28,0.02002200,0.11000000
2018-02-22 12:26:34,0.02002200,0.76000000
2018-02-22 12:26:34,0.02002300,0.10000000
2018-02-22 12:26:34,0.02002800,9.70000000
2018-02-22 12:26:34,0.02003000,0.44000000
2018-02-22 12:26:35,0.02003000,0.56000000
2018-02-22 12:26:35,0.02003100,0.20000000
2018-02-22 12:26:41,0.02003000,0.13000000
2018-02-22 12:26:41,0.02003100,1.03000000
2018-02-22 12:26:45,0.02003100,1.11000000
2018-02-22 12:26:47,0.02003500,0.12000000
2018-02-22 12:26:47,0.02003600,3.70000000
2018-02-22 12:26:47,0.02003600,0.11000000
2018-02-22 12:26:47,0.02003600,0.56000000
2018-02-22 12:26:47,0.02003600,0.39000000
2018-02-22 12:26:47,0.02003600,1.07000000
2018-02-22 12:26:47,0.02003800,0.37000000
2018-02-22 12:26:48,0.02003800,1.30000000
2018-02-22 12:26:48,0.02003500,0.12000000
2018-02-22 12:26:48,0.02003500,3.68000000
2018-02-22 12:26:48,0.02003500,4.74000000
2018-02-22 12:26:48,0.02003500,1.46000000
2018-02-22 12:26:49,0.02003700,2.00000000
2018-02-22 12:26:52,0.02003800,1.03000000
2018-02-22 12:26:55,0.02003800,0.74000000
2018-02-22 12:26:56,0.02003800,0.93000000
2018-02-22 12:26:59,0.02003800,1.49000000
2018-02-22 12:27:02,0.02003900,3.68000000
2018-02-22 12:27:02,0.02003900,0.51000000
2018-02-22 12:27:02,0.02003900,1.49000000
2018-02-22 12:27:02,0.02003900,1.49000000
2018-02-22 12:27:02,0.02003900,0.93000000
2018-02-22 12:27:02,0.02004000,1.49000000
2018-02-22 12:27:02,0.02004000,3.68000000
2018-02-22 12:27:02,0.02004000,0.51000000
2018-02-22 12:27:03,0.02004000,0.63000000
2018-02-22 12:27:04,0.02004000,2.24000000
2018-02-22 12:27:06,0.02004000,7.21000000
2018-02-22 12:27:09,0.02004000,4.98000000
2018-02-22 12:27:10,0.02004000,1.41000000
2018-02-22 12:27:10,0.02004000,0.79000000
2018-02-22 12:27:10,0.02004000,1.17000000
2018-02-22 12:27:10,0.02004000,0.91000000
2018-02-22 12:27:12,0.02003900,0.06000000
2018-02-22 12:27:12,0.02004000,3.24000000
2018-02-22 12:27:13,0.02004700,0.10000000
2018-02-22 12:27:13,0.02005000,0.75000000
2018-02-22 12:27:15,0.02005400,1.98000000
2018-02-22 12:27:15,0.02005500,0.10000000
2018-02-22 12:27:16,0.02005900,0.61000000
2018-02-22 12:27:18,0.02006300,0.10000000
2018-02-22 12:27:19,0.02006400,0.13000000
2018-02-22 12:27:19,0.02007100,0.10000000
2018-02-22 12:27:19,0.02007800,0.83000000
2018-02-22 12:27:19,0.02006300,0.45000000
2018-02-22 12:27:24,0.02006400,0.26000000
2018-02-22 12:27:24,0.02006400,0.24000000
2018-02-22 12:27:35,0.02006400,0.39000000
2018-02-22 12:27:35,0.02006300,0.59000000
2018-02-22 12:27:39,0.02006300,0.90000000
2018-02-22 12:27:41,0.02006300,2.60000000
2018-02-22 12:27:44,0.02006300,1.53000000
2018-02-22 12:27:44,0.02006300,0.80000000
2018-02-22 12:27:44,0.02006300,3.18000000
2018-02-22 12:27:54,0.02007100,0.10000000
2018-02-22 12:27:54,0.02007600,0.09000000
2018-02-22 12:27:54,0.02007800,1.48000000
2018-02-22 12:27:54,0.02007800,1.46000000
2018-02-22 12:27:54,0.02007900,0.09000000
2018-02-22 12:27:54,0.02007900,0.01000000
2018-02-22 12:27:54,0.02008700,0.10000000
2018-02-22 12:27:54,0.02009000,0.17000000
2018-02-22 12:27:54,0.02009500,0.10000000
2018-02-22 12:27:54,0.02010200,0.39000000
2018-02-22 12:27:56,0.02007000,0.15000000
2018-02-22 12:27:57,0.02007000,0.30000000
2018-02-22 12:27:57,0.02007000,0.10000000
2018-02-22 12:27:57,0.02007000,0.65000000
2018-02-22 12:27:57,0.02007000,2.99000000
2018-02-22 12:27:57,0.02007200,0.70000000
2018-02-22 12:27:58,0.02008700,0.10000000
2018-02-22 12:27:58,0.02007200,0.07000000
2018-02-22 12:27:59,0.02007200,0.90000000
2018-02-22 12:27:59,0.02007200,0.41000000
2018-02-22 12:28:00,0.02007100,0.10000000
2018-02-22 12:28:00,0.02007000,2.21000000
2018-02-22 12:28:03,0.02007000,1.29000000
2018-02-22 12:28:05,0.02006400,0.49000000
2018-02-22 12:28:05,0.02007700,0.08000000
2018-02-22 12:28:10,0.02006400,1.51000000
2018-02-22 12:28:10,0.02006300,0.10000000
2018-02-22 12:28:10,0.02005900,1.99000000
2018-02-22 12:28:10,0.02005500,0.10000000
2018-02-22 12:28:10,0.02004700,0.10000000
2018-02-22 12:28:10,0.02004300,7.81000000
2018-02-22 12:28:11,0.02005500,0.10000000
2018-02-22 12:28:11,0.02007400,2.00000000
2018-02-22 12:28:11,0.02007600,1.99000000
2018-02-22 12:28:11,0.02007700,1.91000000
2018-02-22 12:28:15,0.02006300,0.10000000
2018-02-22 12:28:18,0.02005500,0.10000000
2018-02-22 12:28:18,0.02005100,0.49000000
2018-02-22 12:28:18,0.02005000,10.00000000
2018-02-22 12:28:18,0.02004700,0.10000000
2018-02-22 12:28:18,0.02004000,0.49000000
2018-02-22 12:28:19,0.02005500,0.10000000
2018-02-22 12:28:19,0.02007100,0.09000000
2018-02-22 12:28:19,0.02006300,0.10000000
2018-02-22 12:28:23,0.02005500,0.10000000
2018-02-22 12:28:23,0.02004700,0.10000000
2018-02-22 12:28:23,0.02004600,3.53000000
2018-02-22 12:28:24,0.02007100,0.01000000
2018-02-22 12:28:25,0.02007100,0.25000000
2018-02-22 12:28:25,0.02007000,0.27000000
2018-02-22 12:28:25,0.02005500,0.09000000
2018-02-22 12:28:25,0.02005500,0.01000000
2018-02-22 12:28:25,0.02006300,0.09000000
2018-02-22 12:28:27,0.02006300,0.01000000
2018-02-22 12:28:34,0.02007100,3.53000000
2018-02-22 12:28:34,0.02007200,1.29000000
2018-02-22 12:28:34,0.02007300,5.90000000
2018-02-22 12:28:34,0.02007400,1.04000000
2018-02-22 12:28:35,0.02007000,6.47000000
2018-02-22 12:28:35,0.02006300,0.09000000
2018-02-22 12:28:35,0.02007000,0.07000000
2018-02-22 12:28:36,0.02006900,1.47000000
2018-02-22 12:28:36,0.02006900,1.77000000
2018-02-22 12:28:38,0.02006300,0.85000000
2018-02-22 12:28:38,0.02005500,0.36000000
2018-02-22 12:28:39,0.02004800,1.01000000
2018-02-22 12:28:41,0.02006300,0.95000000
2018-02-22 12:28:41,0.02007100,0.10000000
2018-02-22 12:28:41,0.02007900,0.10000000
2018-02-22 12:28:41,0.02008300,0.23000000
2018-02-22 12:28:43,0.02006300,0.10000000
2018-02-22 12:28:43,0.02008300,6.29000000
2018-02-22 12:28:43,0.02008300,0.84000000
2018-02-22 12:28:43,0.02008500,0.49000000
2018-02-22 12:28:43,0.02008700,0.10000000
2018-02-22 12:28:43,0.02009300,0.90000000
2018-02-22 12:28:44,0.02007900,0.10000000
2018-02-22 12:28:44,0.02006100,0.10000000
2018-02-22 12:28:44,0.02007100,0.10000000
2018-02-22 12:28:48,0.02006200,0.10000000
2018-02-22 12:28:49,0.02006300,0.66000000
2018-02-22 12:28:49,0.02006300,0.75000000
2018-02-22 12:28:49,0.02006300,0.75000000
2018-02-22 12:28:50,0.02006300,0.06000000
2018-02-22 12:28:50,0.02006200,3.15000000
2018-02-22 12:28:51,0.02006200,1.49000000
2018-02-22 12:28:51,0.02006200,1.49000000
2018-02-22 12:28:51,0.02006200,1.49000000
2018-02-22 12:28:51,0.02006200,6.84000000
2018-02-22 12:28:51,0.02006200,0.80000000
2018-02-22 12:28:52,0.02006200,0.19000000
2018-02-22 12:28:54,0.02006200,1.31000000
2018-02-22 12:29:05,0.02006100,0.08000000
2018-02-22 12:29:07,0.02006100,0.43000000
2018-02-22 12:29:08,0.02006100,0.84000000
2018-02-22 12:29:08,0.02006300,0.79000000
2018-02-22 12:29:08,0.02006900,1.55000000
2018-02-22 12:29:11,0.02005800,0.18000000
2018-02-22 12:29:16,0.02006900,0.77000000
2018-02-22 12:29:17,0.02006000,0.26000000
2018-02-22 12:29:17,0.02006000,0.27000000
2018-02-22 12:29:18,0.02006000,0.24000000
2018-02-22 12:29:21,0.02006100,5.35000000
2018-02-22 12:29:22,0.02006000,2.36000000
2018-02-22 12:29:24,0.02006000,0.37000000
2018-02-22 12:29:24,0.02006000,5.00000000
2018-02-22 12:29:25,0.02006000,0.49000000
2018-02-22 12:29:26,0.02006000,0.08000000
2018-02-22 12:29:26,0.02006000,3.00000000
2018-02-22 12:29:26,0.02006000,1.05000000
2018-02-22 12:29:26,0.02006000,0.01000000
2018-02-22 12:29:26,0.02006100,1.04000000
2018-02-22 12:29:27,0.02006100,4.72000000
2018-02-22 12:29:27,0.02006100,4.73000000
2018-02-22 12:29:27,0.02006100,11.18000000
2018-02-22 12:29:27,0.02006100,2.45000000
2018-02-22 12:29:27,0.02006100,5.79000000
2018-02-22 12:29:27,0.02006100,5.79000000
2018-02-22 12:29:27,0.02006100,0.20000000
2018-02-22 12:29:27,0.02006100,4.98000000
2018-02-22 12:29:27,0.02006100,43.80000000
2018-02-22 12:29:27,0.02006100,3.68000000
2018-02-22 12:29:27,0.02006100,21.07000000
2018-02-22 12:29:27,0.02006000,2.89000000
2018-02-22 12:29:27,0.02005900,0.97000000
2018-02-22 12:29:28,0.02006200,0.58000000
2018-02-22 12:29:28,0.02006200,0.43000000
2018-02-22 12:29:28,0.02007100,0.10000000
2018-02-22 12:29:28,0.02007500,5.26000000
2018-02-22 12:29:30,0.02006400,0.49000000
2018-02-22 12:29:30,0.02006300,0.10000000
2018-02-22 12:29:30,0.02006100,0.26000000
2018-02-22 12:29:30,0.02005900,5.11000000
2018-02-22 12:29:30,0.02006300,0.99000000
2018-02-22 12:29:31,0.02006300,0.80000000
2018-02-22 12:29:31,0.02006300,3.00000000
2018-02-22 12:29:31,0.02006300,1.62000000
2018-02-22 12:29:35,0.02006300,0.49000000
2018-02-22 12:29:36,0.02006300,0.89000000
2018-02-22 12:29:37,0.02006300,1.12000000
2018-02-22 12:29:37,0.02006300,1.12000000
2018-02-22 12:29:42,0.02005900,8.10000000
2018-02-22 12:29:55,0.02006100,0.07000000
2018-02-22 12:29:59,0.02006100,0.80000000
2018-02-22 12:30:00,0.02005900,0.26000000
2018-02-22 12:30:00,0.02006100,0.80000000
2018-02-22 12:30:02,0.02006100,3.31000000
2018-02-22 12:30:02,0.02006200,3.01000000
2018-02-22 12:30:07,0.02006200,1.99000000
2018-02-22 12:30:07,0.02006300,0.72000000
2018-02-22 12:30:07,0.02006300,0.26000000
2018-02-22 12:30:09,0.02007100,0.10000000
2018-02-22 12:30:09,0.02007500,1.89000000
2018-02-22 12:30:10,0.02007500,1.48000000
2018-02-22 12:30:13,0.02007500,0.34000000
2018-02-22 12:30:14,0.02007500,14.12000000
2018-02-22 12:30:17,0.02007900,0.10000000
2018-02-22 12:30:17,0.02008700,0.10000000
2018-02-22 12:30:17,0.02009300,0.11000000
2018-02-22 12:30:17,0.02009400,0.14000000
2018-02-22 12:30:20,0.02007900,0.10000000
2018-02-22 12:30:20,0.02009200,4.92000000
2018-02-22 12:30:25,0.02008700,0.10000000
2018-02-22 12:30:25,0.02009000,1.03000000
2018-02-22 12:30:30,0.02009000,1.08000000
2018-02-22 12:30:30,0.02009000,0.70000000
2018-02-22 12:30:32,0.02009400,0.12000000
2018-02-22 12:30:33,0.02009100,7.39000000
2018-02-22 12:30:33,0.02009100,1.49000000
2018-02-22 12:30:33,0.02009100,1.49000000
2018-02-22 12:30:33,0.02009100,1.49000000
2018-02-22 12:30:33,0.02009100,0.50000000
2018-02-22 12:30:33,0.02009000,0.50000000
2018-02-22 12:30:34,0.02009000,1.49000000
2018-02-22 12:30:34,0.02009000,1.49000000
2018-02-22 12:30:34,0.02009000,1.49000000
2018-02-22 12:30:34,0.02009000,1.49000000
2018-02-22 12:30:35,0.02009000,1.49000000
2018-02-22 12:30:35,0.02009000,1.49000000
2018-02-22 12:30:35,0.02009000,1.49000000
2018-02-22 12:30:35,0.02009000,1.49000000
2018-02-22 12:30:35,0.02009000,1.49000000
2018-02-22 12:30:35,0.02009000,1.49000000
2018-02-22 12:30:35,0.02009000,1.49000000
2018-02-22 12:30:35,0.02009000,1.49000000
2018-02-22 12:30:35,0.02009000,1.49000000
2018-02-22 12:30:36,0.02009000,1.49000000
2018-02-22 12:30:36,0.02009000,1.49000000
2018-02-22 12:30:36,0.02009000,1.49000000
2018-02-22 12:30:40,0.02009000,0.50000000
2018-02-22 12:30:41,0.02009000,0.69000000
2018-02-22 12:30:43,0.02009000,1.13000000
2018-02-22 12:30:43,0.02009000,3.65000000
2018-02-22 12:30:51,0.02008000,0.06000000
2018-02-22 12:30:54,0.02009300,0.41000000
2018-02-22 12:30:57,0.02008000,1.49000000
2018-02-22 12:30:59,0.02008000,1.49000000
2018-02-22 12:31:00,0.02008000,1.49000000
2018-02-22 12:31:00,0.02008000,1.49000000
2018-02-22 12:31:00,0.02008000,1.49000000
2018-02-22 12:31:06,0.02008000,0.49000000
2018-02-22 12:31:07,0.02008000,0.15000000
2018-02-22 12:31:16,0.02008100,5.65000000
2018-02-22 12:31:20,0.02008100,0.12000000
2018-02-22 12:31:22,0.02008100,0.12000000
2018-02-22 12:31:24,0.02008100,1.49000000
2018-02-22 12:31:24,0.02008100,0.62000000
2018-02-22 12:31:25,0.02008000,1.49000000
2018-02-22 12:31:25,0.02008000,1.49000000
2018-02-22 12:31:25,0.02008000,1.49000000
2018-02-22 12:31:25,0.02008000,1.49000000
2018-02-22 12:31:25,0.02008000,1.49000000
2018-02-22 12:31:25,0.02008000,1.49000000
2018-02-22 12:31:25,0.02008000,1.49000000
2018-02-22 12:31:25,0.02008000,1.49000000
2018-02-22 12:31:26,0.02008000,1.49000000
2018-02-22 12:31:26,0.02008000,1.49000000
2018-02-22 12:31:27,0.02008000,1.49000000
2018-02-22 12:31:28,0.02009100,0.24000000
2018-02-22 12:31:28,0.02009200,0.58000000
2018-02-22 12:31:28,0.02009400,0.01000000
2018-02-22 12:31:29,0.02008000,1.49000000
2018-02-22 12:31:29,0.02008000,1.49000000
2018-02-22 12:31:29,0.02008000,2.63000000
2018-02-22 12:31:29,0.02008000,3.70000000
2018-02-22 12:31:29,0.02008000,2.64000000
2018-02-22 12:31:29,0.02008000,1.49000000
2018-02-22 12:31:30,0.02008000,1.49000000
2018-02-22 12:31:30,0.02008000,1.49000000
2018-02-22 12:31:30,0.02008000,1.49000000
2018-02-22 12:31:30,0.02008000,1.49000000
2018-02-22 12:31:31,0.02008000,1.49000000
2018-02-22 12:31:31,0.02008000,1.49000000
2018-02-22 12:31:31,0.02008000,1.49000000
2018-02-22 12:31:31,0.02008000,1.49000000
2018-02-22 12:31:31,0.02008000,1.49000000
2018-02-22 12:31:31,0.02008100,1.49000000
2018-02-22 12:31:31,0.02008100,1.49000000
2018-02-22 12:31:32,0.02008100,1.49000000
2018-02-22 12:31:36,0.02008100,0.09000000
2018-02-22 12:31:40,0.02008100,1.44000000
2018-02-22 12:31:40,0.02008000,0.80000000
2018-02-22 12:31:40,0.02008000,0.80000000
2018-02-22 12:31:40,0.02008100,52.94000000
2018-02-22 12:31:41,0.02008100,1.49000000
2018-02-22 12:31:42,0.02008100,2.79000000
2018-02-22 12:31:42,0.02008100,0.80000000
2018-02-22 12:31:42,0.02008100,1.49000000
2018-02-22 12:31:43,0.02009300,0.22000000
2018-02-22 12:31:46,0.02008100,0.80000000
2018-02-22 12:31:47,0.02008100,1.49000000
2018-02-22 12:31:48,0.02008100,1.49000000
2018-02-22 12:31:48,0.02008100,1.93000000
2018-02-22 12:31:48,0.02008100,1.93000000
2018-02-22 12:31:48,0.02008100,1.93000000
2018-02-22 12:31:48,0.02008100,1.49000000
2018-02-22 12:31:51,0.02008200,1.50000000
2018-02-22 12:31:51,0.02008100,1.49000000
2018-02-22 12:31:51,0.02008100,0.35000000
2018-02-22 12:31:51,0.02008100,0.35000000
2018-02-22 12:31:51,0.02008100,1.49000000
2018-02-22 12:31:52,0.02008100,1.49000000
2018-02-22 12:31:52,0.02008200,81.57000000
2018-02-22 12:31:52,0.02008100,1.49000000
2018-02-22 12:31:53,0.02008200,1.49000000
2018-02-22 12:31:54,0.02008800,1.50000000
2018-02-22 12:31:54,0.02008900,6.11000000
2018-02-22 12:31:54,0.02008900,1.50000000
2018-02-22 12:31:54,0.02009100,4.62000000
2018-02-22 12:31:55,0.02009100,1.50000000
2018-02-22 12:31:56,0.02008300,1.49000000
2018-02-22 12:31:56,0.02008300,1.49000000
2018-02-22 12:31:56,0.02008300,1.49000000
2018-02-22 12:31:58,0.02008300,1.44000000
2018-02-22 12:31:58,0.02008200,9.26000000
2018-02-22 12:32:00,0.02008200,0.98000000
2018-02-22 12:32:02,0.02008400,4.68000000
2018-02-22 12:32:03,0.02008400,0.22000000
2018-02-22 12:32:09,0.02008400,0.93000000
2018-02-22 12:32:09,0.02008200,6.43000000
2018-02-22 12:32:09,0.02008200,1.49000000
2018-02-22 12:32:09,0.02008200,1.08000000
2018-02-22 12:32:09,0.02008200,1.09000000
2018-02-22 12:32:09,0.02008200,0.93000000
2018-02-22 12:32:09,0.02008200,1.49000000
2018-02-22 12:32:09,0.02008200,1.30000000
2018-02-22 12:32:09,0.02008200,3.86000000
2018-02-22 12:32:09,0.02008200,1.30000000
2018-02-22 12:32:11,0.02008400,0.16000000
2018-02-22 12:32:14,0.02008200,1.49000000
2018-02-22 12:32:14,0.02008200,1.49000000
2018-02-22 12:32:16,0.02008200,25.66000000
2018-02-22 12:32:17,0.02008100,2.94000000
2018-02-22 12:32:17,0.02008100,0.83000000
2018-02-22 12:32:18,0.02008300,0.43000000
2018-02-22 12:32:18,0.02008400,1.26000000
2018-02-22 12:32:18,0.02009000,5.91000000
2018-02-22 12:32:18,0.02009100,2.24000000
2018-02-22 12:32:18,0.02008100,0.23000000
2018-02-22 12:32:19,0.02008100,1.49000000
2018-02-22 12:32:21,0.02008200,5.92000000
2018-02-22 12:32:21,0.02008100,24.14000000
2018-02-22 12:32:21,0.02008100,0.23000000
2018-02-22 12:32:22,0.02008100,0.80000000
2018-02-22 12:32:22,0.02009100,0.33000000
2018-02-22 12:32:23,0.02008100,0.77000000
2018-02-22 12:32:23,0.02008000,4.44000000
2018-02-22 12:32:23,0.02008000,3.07000000
2018-02-22 12:32:23,0.02007900,0.10000000
2018-02-22 12:32:23,0.02007100,0.10000000
2018-02-22 12:32:23,0.02006400,0.10000000
2018-02-22 12:32:23,0.02006300,2.09000000
2018-02-22 12:32:23,0.02006200,0.68000000
2018-02-22 12:32:23,0.02006200,0.77000000
2018-02-22 12:32:27,0.02006200,30.06000000
2018-02-22 12:32:28,0.02006200,0.06000000
2018-02-22 12:32:29,0.02007100,0.09000000
2018-02-22 12:32:29,0.02006200,5.86000000
2018-02-22 12:32:32,0.02006100,1.60000000
2018-02-22 12:32:33,0.02006000,0.61000000
2018-02-22 12:32:33,0.02006100,4.07000000
2018-02-22 12:32:35,0.02005900,1.49000000
2018-02-22 12:32:35,0.02005900,1.49000000
2018-02-22 12:32:36,0.02005900,1.49000000
2018-02-22 12:32:39,0.02005900,10.75000000
2018-02-22 12:32:39,0.02005900,0.80000000
2018-02-22 12:32:39,0.02005900,7.99000000
2018-02-22 12:32:42,0.02005900,9.75000000
2018-02-22 12:32:43,0.02005900,0.44000000
2018-02-22 12:32:45,0.02005900,0.58000000
2018-02-22 12:32:45,0.02005500,0.03000000
2018-02-22 12:32:48,0.02005500,0.07000000
2018-02-22 12:32:48,0.02005400,0.36000000
2018-02-22 12:32:48,0.02004700,0.10000000
2018-02-22 12:32:49,0.02004100,6.54000000
2018-02-22 12:32:49,0.02003900,8.36000000
2018-02-22 12:32:49,0.02003800,1.00000000
2018-02-22 12:32:49,0.02003500,2.22000000
2018-02-22 12:32:51,0.02003200,0.70000000
2018-02-22 12:32:52,0.02003200,2.20000000
2018-02-22 12:32:53,0.02004700,0.09000000
2018-02-22 12:32:57,0.02003200,1.49000000
2018-02-22 12:32:57,0.02003200,0.17000000
2018-02-22 12:32:58,0.02003100,0.10000000
2018-02-22 12:32:58,0.02002300,0.10000000
2018-02-22 12:32:58,0.02002000,0.11000000
2018-02-22 12:33:10,0.02002800,0.30000000
2018-02-22 12:33:10,0.02002800,3.34000000
2018-02-22 12:33:10,0.02002800,1.09000000
2018-02-22 12:33:10,0.02002800,0.22000000
2018-02-22 12:33:10,0.02003000,0.81000000
2018-02-22 12:33:10,0.02003100,0.10000000
2018-02-22 12:33:10,0.02003200,0.01000000
2018-02-22 12:33:10,0.02003900,0.10000000
2018-02-22 12:33:10,0.02004500,0.04000000
2018-02-22 12:33:10,0.02002800,0.30000000
2018-02-22 12:33:11,0.02003000,0.40000000
2018-02-22 12:33:11,0.02002800,0.98000000
2018-02-22 12:33:12,0.02002800,0.10000000
2018-02-22 12:33:12,0.02002300,0.10000000
2018-02-22 12:33:13,0.02001700,0.31000000
2018-02-22 12:33:16,0.02001700,0.46000000
2018-02-22 12:33:17,0.02002000,7.49000000
2018-02-22 12:33:18,0.02001700,0.06000000
2018-02-22 12:33:19,0.02001700,0.43000000
2018-02-22 12:33:21,0.02001900,0.20000000
2018-02-22 12:33:21,0.02001500,5.00000000
2018-02-22 12:33:21,0.02001500,0.94000000
2018-02-22 12:33:22,0.02001900,0.40000000
2018-02-22 12:33:23,0.02001500,1.61000000
2018-02-22 12:33:23,0.02001300,0.08000000
2018-02-22 12:33:23,0.02000800,0.81000000
2018-02-22 12:33:24,0.02000800,0.07000000
2018-02-22 12:33:25,0.02000800,2.50000000
2018-02-22 12:33:25,0.02000800,1.49000000
2018-02-22 12:33:25,0.02000800,0.80000000
2018-02-22 12:33:25,0.02000700,1.43000000
2018-02-22 12:33:25,0.02000000,1.18000000
2018-02-22 12:33:27,0.02000100,0.68000000
2018-02-22 12:33:27,0.02000100,0.80000000
2018-02-22 12:33:27,0.02000100,1.67000000
2018-02-22 12:33:27,0.02000100,7.04000000
2018-02-22 12:33:27,0.02000000,4.23000000
2018-02-22 12:33:27,0.01999900,3.20000000
2018-02-22 12:33:27,0.01999700,0.07000000
2018-02-22 12:33:27,0.01999200,22.21000000
2018-02-22 12:33:27,0.01999200,15.05000000
2018-02-22 12:33:28,0.01999700,0.10000000
2018-02-22 12:33:28,0.01999200,0.55000000
2018-02-22 12:33:28,0.01999700,0.10000000
2018-02-22 12:33:28,0.01999200,8.39000000
2018-02-22 12:33:28,0.01999100,40.62000000
2018-02-22 12:33:28,0.01998900,13.70000000
2018-02-22 12:33:28,0.01999700,0.10000000
2018-02-22 12:33:28,0.01999200,0.10000000
2018-02-22 12:33:28,0.01999100,0.10000000
2018-02-22 12:33:29,0.01999700,0.10000000
2018-02-22 12:33:29,0.01999200,0.10000000
2018-02-22 12:33:29,0.01999700,0.10000000
2018-02-22 12:33:29,0.01999200,0.10000000
2018-02-22 12:33:29,0.01999700,0.10000000
2018-02-22 12:33:30,0.01999200,0.10000000
2018-02-22 12:33:30,0.01999700,0.10000000
2018-02-22 12:33:30,0.01999200,0.10000000
2018-02-22 12:33:30,0.01999100,0.10000000
2018-02-22 12:33:30,0.01999700,0.10000000
2018-02-22 12:33:30,0.01998900,0.08000000
2018-02-22 12:33:30,0.01999200,0.10000000
2018-02-22 12:33:30,0.01999100,0.10000000
2018-02-22 12:33:30,0.01998900,0.02000000
2018-02-22 12:33:30,0.01998800,0.08000000
2018-02-22 12:33:30,0.01999700,0.10000000
2018-02-22 12:33:30,0.01998300,0.10000000
2018-02-22 12:33:30,0.01998200,0.19000000
2018-02-22 12:33:30,0.01997500,0.10000000
2018-02-22 12:33:30,0.01997200,3.66000000
2018-02-22 12:33:30,0.01997000,0.11000000
2018-02-22 12:33:30,0.01996700,5.10000000
2018-02-22 12:33:30,0.01996300,0.47000000
2018-02-22 12:33:30,0.01996200,0.01000000
2018-02-22 12:33:31,0.01999200,0.10000000
2018-02-22 12:33:31,0.01998900,0.10000000
2018-02-22 12:33:31,0.01999100,0.10000000
2018-02-22 12:33:31,0.01998900,0.10000000
2018-02-22 12:33:31,0.01999700,0.10000000
2018-02-22 12:33:31,0.01998800,0.10000000
2018-02-22 12:33:31,0.01998300,0.10000000
2018-02-22 12:33:32,0.01998200,0.10000000
2018-02-22 12:33:32,0.01997500,0.10000000
2018-02-22 12:33:32,0.01996400,0.30000000
2018-02-22 12:33:32,0.01997200,0.10000000
2018-02-22 12:33:32,0.01997000,0.10000000
2018-02-22 12:33:33,0.01997500,0.10000000
2018-02-22 12:33:33,0.01998300,0.10000000
2018-02-22 12:33:33,0.01998600,0.10000000
2018-02-22 12:33:33,0.01998600,0.10000000
2018-02-22 12:33:33,0.01996700,0.10000000
2018-02-22 12:33:33,0.01998600,0.10000000
2018-02-22 12:33:33,0.01996300,0.10000000
2018-02-22 12:33:33,0.01998800,0.10000000
2018-02-22 12:33:33,0.01996200,0.10000000
2018-02-22 12:33:33,0.01999100,0.10000000
2018-02-22 12:33:34,0.01998300,0.10000000
2018-02-22 12:33:34,0.01998200,0.10000000
2018-02-22 12:33:34,0.01997500,0.20000000
2018-02-22 12:33:35,0.01998600,0.10000000
2018-02-22 12:33:35,0.01998300,0.10000000
2018-02-22 12:33:35,0.01997200,0.10000000
2018-02-22 12:33:35,0.01998600,0.09000000
2018-02-22 12:33:35,0.01998800,0.10000000
2018-02-22 12:33:35,0.01998600,0.01000000
2018-02-22 12:33:35,0.01998600,0.08000000
2018-02-22 12:33:36,0.01999100,0.02000000
2018-02-22 12:33:36,0.01998600,0.10000000
2018-02-22 12:33:36,0.01998300,0.10000000
2018-02-22 12:33:36,0.01998200,0.10000000
2018-02-22 12:33:36,0.01997500,0.10000000
2018-02-22 12:33:36,0.01997000,0.10000000
2018-02-22 12:33:36,0.01996700,0.20000000
2018-02-22 12:33:36,0.01996400,0.10000000
2018-02-22 12:33:36,0.01996300,0.10000000
2018-02-22 12:33:36,0.01996200,0.10000000
2018-02-22 12:33:36,0.01996000,0.18000000
2018-02-22 12:33:36,0.01995900,0.10000000
2018-02-22 12:33:36,0.01995800,0.26000000
2018-02-22 12:33:36,0.01998300,0.10000000
2018-02-22 12:33:36,0.01995800,0.32000000
2018-02-22 12:33:36,0.01997500,0.10000000
2018-02-22 12:33:36,0.01997200,0.10000000
2018-02-22 12:33:36,0.01995800,0.72000000
2018-02-22 12:33:37,0.01998800,0.10000000
2018-02-22 12:33:37,0.01998600,0.20000000
2018-02-22 12:33:37,0.01999100,0.10000000
2018-02-22 12:33:37,0.01998600,0.10000000
2018-02-22 12:33:37,0.01998300,0.20000000
2018-02-22 12:33:37,0.01998200,0.10000000
2018-02-22 12:33:37,0.01997500,0.10000000
2018-02-22 12:33:37,0.01997000,0.06000000
2018-02-22 12:33:38,0.01998200,0.10000000
2018-02-22 12:33:39,0.01998100,0.28000000
2018-02-22 12:33:39,0.01998100,0.27000000
2018-02-22 12:33:39,0.01998100,0.80000000
2018-02-22 12:33:39,0.01998100,0.10000000
2018-02-22 12:33:39,0.01997500,0.10000000
2018-02-22 12:33:39,0.01998100,0.10000000
2018-02-22 12:33:39,0.01998100,0.87000000
2018-02-22 12:33:39,0.01998100,0.10000000
2018-02-22 12:33:39,0.01998100,0.10000000
2018-02-22 12:33:40,0.01998100,0.10000000
2018-02-22 12:33:40,0.01998100,0.10000000
2018-02-22 12:33:40,0.01997200,0.08000000
2018-02-22 12:33:40,0.01997500,0.10000000
2018-02-22 12:33:40,0.01997200,0.02000000
2018-02-22 12:33:40,0.01997000,0.14000000
2018-02-22 12:33:40,0.01996700,0.07000000
2018-02-22 12:33:40,0.01998000,0.10000000
2018-02-22 12:33:40,0.01998000,0.10000000
2018-02-22 12:33:41,0.01998000,0.10000000
2018-02-22 12:33:41,0.01997500,0.08000000
2018-02-22 12:33:41,0.01997800,0.10000000
2018-02-22 12:33:42,0.01997500,0.12000000
2018-02-22 12:33:42,0.01997800,0.10000000
2018-02-22 12:33:42,0.01997500,0.10000000
2018-02-22 12:33:42,0.01997500,0.10000000
2018-02-22 12:33:42,0.01997800,0.10000000
2018-02-22 12:33:42,0.01997200,0.20000000
2018-02-22 12:33:42,0.01997800,0.10000000
2018-02-22 12:33:42,0.01997500,0.10000000
2018-02-22 12:33:43,0.01997800,0.10000000
2018-02-22 12:33:43,0.01997500,0.10000000
2018-02-22 12:33:43,0.01997200,0.01000000
2018-02-22 12:33:43,0.01997700,0.10000000
2018-02-22 12:33:43,0.01997700,0.40000000
2018-02-22 12:33:43,0.01997500,0.10000000
2018-02-22 12:33:43,0.01997700,0.10000000
2018-02-22 12:33:43,0.01997200,0.19000000
2018-02-22 12:33:44,0.01997600,0.10000000
2018-02-22 12:33:44,0.01997500,0.10000000
2018-02-22 12:33:44,0.01997600,0.10000000
2018-02-22 12:33:44,0.01997500,0.10000000
2018-02-22 12:33:44,0.01997500,0.10000000
2018-02-22 12:33:44,0.01997500,0.10000000
2018-02-22 12:33:44,0.01997200,0.10000000
2018-02-22 12:33:45,0.01997200,0.10000000
2018-02-22 12:33:45,0.01997000,0.10000000
2018-02-22 12:33:45,0.01997000,0.10000000
2018-02-22 12:33:46,0.01996700,0.22000000
2018-02-22 12:33:47,0.01996700,0.01000000
2018-02-22 12:33:47,0.01996400,0.10000000
2018-02-22 12:33:47,0.01996300,0.10000000
2018-02-22 12:33:47,0.01996200,0.10000000
2018-02-22 12:33:47,0.01996000,0.10000000
2018-02-22 12:33:47,0.01995900,0.50000000
2018-02-22 12:33:47,0.01995800,0.50000000
2018-02-22 12:33:49,0.01996700,0.10000000
2018-02-22 12:33:49,0.01997000,0.23000000
2018-02-22 12:33:50,0.01997000,7.41000000
2018-02-22 12:33:51,0.01997000,4.54000000
2018-02-22 12:33:51,0.01996700,0.10000000
2018-02-22 12:33:51,0.01996400,0.10000000
2018-02-22 12:33:51,0.01996300,0.10000000
2018-02-22 12:33:51,0.01996200,0.10000000
2018-02-22 12:33:51,0.01996000,0.10000000
2018-02-22 12:33:51,0.01995900,0.20000000
2018-02-22 12:33:51,0.01995800,0.10000000
2018-02-22 12:33:51,0.01995600,0.06000000
2018-02-22 12:33:51,0.01995500,0.07000000
2018-02-22 12:33:51,0.01995400,3.14000000
2018-02-22 12:33:51,0.01995100,0.10000000
2018-02-22 12:33:51,0.01995000,4.00000000
2018-02-22 12:33:51,0.01994700,4.00000000
2018-02-22 12:33:53,0.01996700,0.10000000
2018-02-22 12:33:57,0.01996400,0.10000000
2018-02-22 12:33:58,0.01996400,0.11000000
2018-02-22 12:34:01,0.01996300,0.10000000
2018-02-22 12:34:01,0.01996200,0.10000000
2018-02-22 12:34:02,0.01996000,0.10000000
2018-02-22 12:34:03,0.01996200,0.01000000
2018-02-22 12:34:04,0.01995800,0.10000000
2018-02-22 12:34:04,0.01995100,0.10000000
2018-02-22 12:34:06,0.01994300,0.10000000
2018-02-22 12:34:06,0.01994100,0.21000000
2018-02-22 12:34:06,0.01994000,2.10000000
2018-02-22 12:34:09,0.01995100,0.10000000
2018-02-22 12:34:11,0.01995100,1.03000000
2018-02-22 12:34:12,0.01995200,15.00000000
2018-02-22 12:34:13,0.01995100,0.23000000
2018-02-22 12:34:15,0.01994300,0.10000000
2018-02-22 12:34:15,0.01993500,0.10000000
2018-02-22 12:34:15,0.01992700,0.10000000
2018-02-22 12:34:15,0.01991700,0.67000000
2018-02-22 12:34:15,0.01991600,2.61000000
2018-02-22 12:34:20,0.01991700,3.72000000
2018-02-22 12:34:22,0.01991700,4.68000000
2018-02-22 12:34:22,0.01993100,0.28000000
2018-02-22 12:34:22,0.01993000,1.71000000
2018-02-22 12:34:23,0.01991700,1.50000000
2018-02-22 12:34:23,0.01991700,1.50000000
2018-02-22 12:34:23,0.01991700,1.50000000
2018-02-22 12:34:24,0.01992900,7.36000000
2018-02-22 12:34:24,0.01993000,0.07000000
2018-02-22 12:34:24,0.01992900,0.17000000
2018-02-22 12:34:24,0.01991700,0.17000000
2018-02-22 12:34:25,0.01992800,0.10000000
2018-02-22 12:34:29,0.01992800,0.18000000
2018-02-22 12:34:31,0.01992600,0.29000000
2018-02-22 12:34:33,0.01992000,1.09000000
2018-02-22 12:34:33,0.01991900,0.17000000
2018-02-22 12:34:33,0.01991700,1.50000000
2018-02-22 12:34:33,0.01991700,3.37000000
2018-02-22 12:34:33,0.01992500,0.26000000
2018-02-22 12:34:33,0.01992500,0.12000000
2018-02-22 12:34:34,0.01991700,0.06000000
2018-02-22 12:34:34,0.01991700,1.50000000
2018-02-22 12:34:34,0.01991600,1.50000000
2018-02-22 12:34:34,0.01991600,1.68000000
2018-02-22 12:34:34,0.01991600,3.50000000
2018-02-22 12:34:35,0.01992500,4.32000000
2018-02-22 12:34:35,0.01992600,5.54000000
2018-02-22 12:34:36,0.01992500,2.40000000
2018-02-22 12:34:37,0.01992500,0.50000000
2018-02-22 12:34:37,0.01992500,3.09000000
2018-02-22 12:34:37,0.01992600,20.08000000
2018-02-22 12:34:37,0.01992700,2.58000000
2018-02-22 12:34:41,0.01992900,0.60000000
2018-02-22 12:34:42,0.01992900,3.26000000
2018-02-22 12:34:42,0.01992800,0.75000000
2018-02-22 12:34:43,0.01992900,0.52000000
2018-02-22 12:34:43,0.01992900,3.62000000
2018-02-22 12:34:48,0.01993500,0.10000000
2018-02-22 12:34:48,0.01994300,0.10000000
2018-02-22 12:34:48,0.01994500,0.37000000
2018-02-22 12:34:50,0.01993500,1.50000000
2018-02-22 12:34:50,0.01993500,1.50000000
2018-02-22 12:34:50,0.01993500,1.50000000
2018-02-22 12:34:50,0.01993500,1.50000000
2018-02-22 12:34:52,0.01994200,4.85000000
2018-02-22 12:34:53,0.01993500,1.50000000
2018-02-22 12:34:53,0.01993500,1.80000000
2018-02-22 12:34:53,0.01994200,0.17000000
2018-02-22 12:34:56,0.01994300,0.10000000
2018-02-22 12:34:56,0.01994500,0.22000000
2018-02-22 12:34:56,0.01994500,0.49000000
2018-02-22 12:35:03,0.01994600,0.06000000
2018-02-22 12:35:04,0.01994600,0.07000000
2018-02-22 12:35:04,0.01994600,0.10000000
2018-02-22 12:35:04,0.01993500,0.10000000
2018-02-22 12:35:04,0.01993300,0.56000000
2018-02-22 12:35:06,0.01994300,0.10000000
2018-02-22 12:35:06,0.01994600,5.29000000
2018-02-22 12:35:06,0.01995100,0.10000000
2018-02-22 12:35:06,0.01995900,0.10000000
2018-02-22 12:35:06,0.01996000,1.99000000
2018-02-22 12:35:06,0.01996700,0.10000000
2018-02-22 12:35:06,0.01997000,7.40000000
2018-02-22 12:35:06,0.01994700,1.40000000
2018-02-22 12:35:06,0.01993500,0.10000000
2018-02-22 12:35:09,0.01996900,0.15000000
2018-02-22 12:35:09,0.01996900,0.20000000
2018-02-22 12:35:12,0.01996900,0.14000000
2018-02-22 12:35:15,0.01997000,1.50000000
2018-02-22 12:35:15,0.01997000,11.69000000
2018-02-22 12:35:15,0.01997500,0.10000000
2018-02-22 12:35:15,0.01998300,1.40000000
2018-02-22 12:35:16,0.01995900,0.10000000
2018-02-22 12:35:16,0.01995300,0.02000000
2018-02-22 12:35:17,0.01997500,0.10000000
2018-02-22 12:35:18,0.01997000,1.50000000
2018-02-22 12:35:19,0.01997800,0.12000000
2018-02-22 12:35:19,0.01997900,4.12000000
2018-02-22 12:35:19,0.01998000,9.00000000
2018-02-22 12:35:19,0.01998300,4.80000000
2018-02-22 12:35:19,0.01998400,0.56000000
2018-02-22 12:35:19,0.01999000,1.55000000
2018-02-22 12:35:19,0.01999100,0.10000000
2018-02-22 12:35:19,0.01999900,0.10000000
2018-02-22 12:35:19,0.02000100,0.69000000
2018-02-22 12:35:19,0.02000700,0.10000000
2018-02-22 12:35:19,0.02000900,3.11000000
2018-02-22 12:35:19,0.01997200,1.50000000
2018-02-22 12:35:19,0.01997200,1.50000000
2018-02-22 12:35:20,0.01999100,0.10000000
2018-02-22 12:35:20,0.01999900,0.10000000
2018-02-22 12:35:21,0.01998300,0.10000000
2018-02-22 12:35:21,0.01997300,0.10000000
2018-02-22 12:35:21,0.01997300,0.10000000
2018-02-22 12:35:22,0.01997100,0.23000000
2018-02-22 12:35:22,0.01997000,2.28000000
2018-02-22 12:35:23,0.01997100,1.42000000
2018-02-22 12:35:23,0.01997000,4.47000000
2018-02-22 12:35:24,0.01996700,0.10000000
2018-02-22 12:35:24,0.01995900,0.15000000
2018-02-22 12:35:24,0.01997100,1.57000000
2018-02-22 12:35:24,0.01997100,0.01000000
2018-02-22 12:35:24,0.01997300,1.57000000
2018-02-22 12:35:24,0.01997300,0.28000000
2018-02-22 12:35:24,0.01997300,1.49000000
2018-02-22 12:35:24,0.01997300,21.86000000
2018-02-22 12:35:24,0.01997300,0.28000000
2018-02-22 12:35:24,0.01997300,14.08000000
2018-02-22 12:35:24,0.01997300,4.95000000
2018-02-22 12:35:24,0.01997100,0.88000000
2018-02-22 12:35:24,0.01995900,9.85000000
2018-02-22 12:35:24,0.01995800,1.80000000
2018-02-22 12:35:24,0.01995500,7.36000000
2018-02-22 12:35:24,0.01995400,0.42000000
2018-02-22 12:35:24,0.01997300,1.50000000
2018-02-22 12:35:24,0.01997300,15.19000000
2018-02-22 12:35:24,0.01997300,10.24000000
2018-02-22 12:35:24,0.01997300,0.79000000
2018-02-22 12:35:24,0.01995400,0.88000000
2018-02-22 12:35:24,0.01995100,0.10000000
2018-02-22 12:35:24,0.01994500,4.70000000
2018-02-22 12:35:24,0.01997300,3.49000000
2018-02-22 12:35:24,0.01994700,0.97000000
2018-02-22 12:35:24,0.01994700,1.50000000
2018-02-22 12:35:27,0.01997000,0.12000000
2018-02-22 12:35:27,0.01997000,0.28000000
2018-02-22 12:35:27,0.01997000,1.50000000
2018-02-22 12:35:27,0.01997000,1.03000000
2018-02-22 12:35:28,0.01997000,0.16000000
2018-02-22 12:35:29,0.01997000,3.47000000
2018-02-22 12:35:29,0.01995900,0.10000000
2018-02-22 12:35:29,0.01995300,2.87000000
2018-02-22 12:35:32,0.01995400,0.80000000
2018-02-22 12:35:32,0.01995400,0.80000000
2018-02-22 12:35:32,0.01995300,2.65000000
2018-02-22 12:35:32,0.01995100,0.20000000
2018-02-22 12:35:32,0.01995000,0.50000000
2018-02-22 12:35:32,0.01994700,2.01000000
2018-02-22 12:35:35,0.01995400,0.50000000
2018-02-22 12:35:35,0.01994800,1.56000000
2018-02-22 12:35:35,0.01994700,0.92000000
2018-02-22 12:35:35,0.01995400,0.29000000
2018-02-22 12:35:36,0.01995400,0.08000000
2018-02-22 12:35:36,0.01995600,0.71000000
2018-02-22 12:35:36,0.01995600,0.25000000
2018-02-22 12:35:36,0.01995300,0.79000000
2018-02-22 12:35:36,0.01994900,0.25000000
2018-02-22 12:35:36,0.01995300,0.33000000
2018-02-22 12:35:37,0.01995300,0.25000000
2018-02-22 12:35:37,0.01994900,2.25000000
2018-02-22 12:35:37,0.01994700,1.32000000
2018-02-22 12:35:37,0.01994700,0.50000000
2018-02-22 12:35:37,0.01995900,0.10000000
2018-02-22 12:35:41,0.01996700,0.10000000
2018-02-22 12:35:41,0.01996800,0.80000000
2018-02-22 12:35:41,0.01996800,3.25000000
2018-02-22 12:35:41,0.01996800,3.60000000
2018-02-22 12:35:43,0.01997000,1.50000000
2018-02-22 12:35:43,0.01997000,1.02000000
2018-02-22 12:35:44,0.01996900,0.66000000
2018-02-22 12:35:44,0.01995900,0.10000000
2018-02-22 12:35:44,0.01995100,0.10000000
2018-02-22 12:35:44,0.01995000,0.04000000
2018-02-22 12:35:45,0.01997500,1.50000000
2018-02-22 12:35:45,0.01997500,1.50000000
2018-02-22 12:35:45,0.01997500,1.50000000
2018-02-22 12:35:46,0.01995900,0.10000000
2018-02-22 12:35:46,0.01997500,1.50000000
2018-02-22 12:35:46,0.01997500,1.50000000
2018-02-22 12:35:46,0.01997500,1.50000000
2018-02-22 12:35:46,0.01995200,1.00000000
2018-02-22 12:35:46,0.01995000,9.00000000
2018-02-22 12:35:46,0.01997500,1.50000000
2018-02-22 12:35:46,0.01996700,0.10000000
2018-02-22 12:35:48,0.01995500,0.99000000
2018-02-22 12:35:48,0.01997500,0.80000000
2018-02-22 12:35:48,0.01997500,0.79000000
2018-02-22 12:35:48,0.01997500,0.71000000
2018-02-22 12:35:48,0.01997500,0.06000000
2018-02-22 12:35:49,0.01997500,1.50000000
2018-02-22 12:35:49,0.01997500,1.50000000
2018-02-22 12:35:49,0.01996700,0.10000000
2018-02-22 12:35:49,0.01995600,0.89000000
2018-02-22 12:35:49,0.01997600,0.80000000
2018-02-22 12:35:49,0.01997600,1.20000000
2018-02-22 12:35:50,0.01995900,0.10000000
2018-02-22 12:35:50,0.01995700,2.42000000
2018-02-22 12:35:51,0.01995700,2.52000000
2018-02-22 12:35:51,0.01998000,0.50000000
2018-02-22 12:35:51,0.01998000,0.50000000
2018-02-22 12:35:52,0.01995700,0.25000000
2018-02-22 12:35:52,0.01995800,1.00000000
2018-02-22 12:35:52,0.01995700,0.96000000
2018-02-22 12:35:52,0.01995700,0.64000000
2018-02-22 12:35:52,0.01995600,0.11000000
2018-02-22 12:35:52,0.01995100,0.10000000
2018-02-22 12:35:52,0.01995000,9.15000000
2018-02-22 12:35:53,0.01996000,0.50000000
2018-02-22 12:35:53,0.01995900,1.00000000
2018-02-22 12:35:54,0.01995900,1.49000000
2018-02-22 12:35:54,0.01995900,0.01000000
2018-02-22 12:35:54,0.01996700,0.10000000
2018-02-22 12:35:54,0.01997500,0.10000000
2018-02-22 12:35:54,0.01997900,1.07000000
2018-02-22 12:35:54,0.01997900,0.80000000
2018-02-22 12:35:54,0.01997900,0.80000000
2018-02-22 12:35:54,0.01997900,0.80000000
2018-02-22 12:35:54,0.01997900,1.39000000
2018-02-22 12:35:54,0.01997000,0.21000000
2018-02-22 12:35:55,0.01996000,0.10000000
2018-02-22 12:35:55,0.01997000,1.50000000
2018-02-22 12:35:55,0.01997000,1.40000000
2018-02-22 12:35:55,0.01997800,1.40000000
2018-02-22 12:35:55,0.01997800,0.34000000
2018-02-22 12:35:55,0.01998300,0.10000000
2018-02-22 12:35:55,0.01999100,0.10000000
2018-02-22 12:35:55,0.01999700,0.13000000
2018-02-22 12:35:55,0.01999700,0.15000000
2018-02-22 12:35:55,0.01999700,0.01000000
2018-02-22 12:35:55,0.01999900,0.10000000
2018-02-22 12:35:55,0.02000600,0.04000000
2018-02-22 12:35:55,0.02000600,2.91000000
2018-02-22 12:35:55,0.02000600,1.27000000
2018-02-22 12:35:55,0.02000600,3.14000000
2018-02-22 12:35:55,0.02000700,17.07000000
2018-02-22 12:35:55,0.01997800,0.34000000
2018-02-22 12:35:55,0.01997800,1.41000000
2018-02-22 12:35:55,0.01997800,0.26000000
2018-02-22 12:35:55,0.02000700,1.58000000
2018-02-22 12:35:55,0.02000500,2.35000000
2018-02-22 12:35:55,0.02000700,5.81000000
2018-02-22 12:35:56,0.02000700,0.77000000
2018-02-22 12:35:56,0.02000700,0.01000000
2018-02-22 12:35:56,0.01999700,0.16000000
2018-02-22 12:35:56,0.01999000,1.26000000
2018-02-22 12:35:56,0.01999000,1.49000000
2018-02-22 12:35:56,0.01999000,0.16000000
2018-02-22 12:35:56,0.01999000,1.51000000
2018-02-22 12:35:56,0.01999000,4.42000000
2018-02-22 12:35:56,0.02000500,0.50000000
2018-02-22 12:35:56,0.02001500,0.10000000
2018-02-22 12:35:56,0.02002300,0.10000000
2018-02-22 12:35:56,0.02003000,0.47000000
2018-02-22 12:35:56,0.02003100,0.10000000
2018-02-22 12:35:56,0.02003900,0.10000000
2018-02-22 12:35:56,0.02004700,3.04000000
2018-02-22 12:35:56,0.02000400,5.51000000
2018-02-22 12:35:56,0.02000400,0.01000000
2018-02-22 12:35:57,0.02000500,0.11000000
2018-02-22 12:35:57,0.02000500,0.02000000
2018-02-22 12:35:57,0.02002800,1.35000000
2018-02-22 12:35:57,0.02004600,1.53000000
2018-02-22 12:35:58,0.01998100,0.15000000
2018-02-22 12:35:58,0.01997900,2.37000000
2018-02-22 12:35:58,0.01997900,5.12000000
2018-02-22 12:35:58,0.01997800,0.23000000
2018-02-22 12:35:58,0.01997700,0.62000000
2018-02-22 12:35:58,0.01997300,1.87000000
2018-02-22 12:35:58,0.01997000,2.16000000
2018-02-22 12:35:58,0.01997800,0.80000000
2018-02-22 12:35:58,0.02000400,0.10000000
2018-02-22 12:35:58,0.01997900,28.29000000
2018-02-22 12:35:58,0.01997800,3.68000000
2018-02-22 12:35:58,0.01997000,13.49000000
2018-02-22 12:35:58,0.01996900,3.80000000
2018-02-22 12:35:58,0.01998300,0.15000000
2018-02-22 12:35:58,0.01996800,0.15000000
2018-02-22 12:35:59,0.01997600,0.10000000
2018-02-22 12:35:59,0.01996800,0.15000000
2018-02-22 12:35:59,0.01997600,7.39000000
2018-02-22 12:35:59,0.01997800,0.45000000
2018-02-22 12:35:59,0.01996800,3.71000000
2018-02-22 12:35:59,0.01997800,2.07000000
2018-02-22 12:35:59,0.01997900,0.80000000
2018-02-22 12:35:59,0.01997900,0.80000000
2018-02-22 12:35:59,0.01997900,1.50000000
2018-02-22 12:35:59,0.02000300,0.10000000
2018-02-22 12:35:59,0.01997900,0.36000000
2018-02-22 12:35:59,0.01996800,4.04000000
2018-02-22 12:35:59,0.01996700,0.10000000
2018-02-22 12:35:59,0.01995900,0.10000000
2018-02-22 12:35:59,0.01995400,0.60000000
2018-02-22 12:35:59,0.01995300,5.66000000
2018-02-22 12:35:59,0.01998300,0.15000000
2018-02-22 12:36:00,0.01997000,10.50000000
2018-02-22 12:36:00,0.01995300,4.43000000
2018-02-22 12:36:00,0.01995200,2.00000000
2018-02-22 12:36:00,0.01995100,2.91000000
2018-02-22 12:36:00,0.01995000,40.00000000
2018-02-22 12:36:00,0.01994700,6.44000000
2018-02-22 12:36:00,0.01997700,0.10000000
2018-02-22 12:36:00,0.01994900,7.49000000
2018-02-22 12:36:00,0.01994700,0.56000000
2018-02-22 12:36:00,0.01997700,1.45000000
2018-02-22 12:36:00,0.01997700,1.18000000
2018-02-22 12:36:00,0.01999400,0.10000000
2018-02-22 12:36:01,0.01997600,1.50000000
2018-02-22 12:36:01,0.01997600,0.88000000
2018-02-22 12:36:01,0.01997600,0.56000000
2018-02-22 12:36:01,0.01997500,0.10000000
2018-02-22 12:36:01,0.01997500,1.38000000
2018-02-22 12:36:01,0.01997500,0.12000000
2018-02-22 12:36:01,0.01997300,6.46000000
2018-02-22 12:36:01,0.01997300,1.03000000
2018-02-22 12:36:02,0.01997500,0.10000000
2018-02-22 12:36:02,0.01997200,0.15000000
2018-02-22 12:36:02,0.01997500,0.88000000
2018-02-22 12:36:02,0.01997500,0.10000000
2018-02-22 12:36:02,0.01997500,1.00000000
2018-02-22 12:36:03,0.01997400,0.10000000
2018-02-22 12:36:04,0.01995000,0.24000000
2018-02-22 12:36:04,0.01994800,0.23000000
2018-02-22 12:36:04,0.01994700,1.00000000
2018-02-22 12:36:04,0.01994700,0.56000000
2018-02-22 12:36:04,0.01994700,0.10000000
2018-02-22 12:36:04,0.01994700,1.50000000
2018-02-22 12:36:04,0.01994700,2.48000000
2018-02-22 12:36:04,0.01994700,1.64000000
2018-02-22 12:36:05,0.01994600,0.69000000
2018-02-22 12:36:08,0.01994600,0.10000000
2018-02-22 12:36:09,0.01996500,0.50000000
2018-02-22 12:36:09,0.01996500,0.80000000
2018-02-22 12:36:09,0.01996500,0.50000000
2018-02-22 12:36:10,0.01996500,2.01000000
2018-02-22 12:36:11,0.01996500,1.50000000
2018-02-22 12:36:11,0.01996500,1.95000000
2018-02-22 12:36:11,0.01996400,1.95000000
2018-02-22 12:36:12,0.01996400,1.95000000
2018-02-22 12:36:12,0.01996400,0.22000000
2018-02-22 12:36:12,0.01996000,2.86000000
2018-02-22 12:36:12,0.01996000,2.86000000
2018-02-22 12:36:12,0.01996000,1.50000000
2018-02-22 12:36:12,0.01996000,1.50000000
2018-02-22 12:36:16,0.01995900,0.10000000
2018-02-22 12:36:17,0.01996000,0.70000000
2018-02-22 12:36:18,0.01995800,0.26000000
2018-02-22 12:36:18,0.01995700,0.68000000
2018-02-22 12:36:18,0.01995700,1.42000000
2018-02-22 12:36:19,0.01995700,0.54000000
2018-02-22 12:36:19,0.01995700,1.50000000
2018-02-22 12:36:20,0.01995700,0.51000000
2018-02-22 12:36:20,0.01995700,2.19000000
2018-02-22 12:36:20,0.01995700,2.19000000
2018-02-22 12:36:22,0.01995700,3.52000000
2018-02-22 12:36:23,0.01995700,15.18000000
2018-02-22 12:36:23,0.01995800,3.65000000
2018-02-22 12:36:25,0.01995100,0.33000000
2018-02-22 12:36:26,0.01995100,0.17000000
2018-02-22 12:36:26,0.01994700,2.77000000
2018-02-22 12:36:26,0.01995800,1.74000000
2018-02-22 12:36:26,0.01996000,1.08000000
2018-02-22 12:36:26,0.01996000,0.10000000
2018-02-22 12:36:29,0.01996300,2.82000000
2018-02-22 12:36:31,0.01996400,0.50000000
2018-02-22 12:36:31,0.01996400,0.50000000
2018-02-22 12:36:32,0.01996700,0.10000000
2018-02-22 12:36:32,0.01997200,0.25000000
2018-02-22 12:36:32,0.01997400,0.15000000
2018-02-22 12:36:35,0.01996100,0.71000000
2018-02-22 12:36:36,0.01996100,3.88000000
2018-02-22 12:36:36,0.01995900,0.10000000
2018-02-22 12:36:36,0.01995100,0.60000000
2018-02-22 12:36:36,0.01994600,17.81000000
2018-02-22 12:36:37,0.01996100,0.25000000
2018-02-22 12:36:37,0.01997000,0.10000000
2018-02-22 12:36:38,0.01997000,0.10000000
2018-02-22 12:36:40,0.01997400,0.06000000
2018-02-22 12:36:43,0.01997000,0.80000000
2018-02-22 12:36:44,0.01997000,1.23000000
2018-02-22 12:36:44,0.01997000,1.50000000
2018-02-22 12:36:44,0.01997000,1.50000000
2018-02-22 12:36:44,0.01997000,1.50000000
2018-02-22 12:36:44,0.01997000,1.50000000
2018-02-22 12:36:48,0.01996800,1.50000000
2018-02-22 12:36:48,0.01996800,5.86000000
2018-02-22 12:36:48,0.01996900,1.09000000
2018-02-22 12:36:48,0.01997000,0.51000000
2018-02-22 12:36:48,0.01997400,1.80000000
2018-02-22 12:36:49,0.01997400,20.92000000
2018-02-22 12:36:49,0.01996900,0.13000000
2018-02-22 12:36:55,0.01996900,0.67000000
2018-02-22 12:37:01,0.01996800,0.06000000
2018-02-22 12:37:02,0.01996000,0.06000000
2018-02-22 12:37:02,0.01995900,0.10000000
2018-02-22 12:37:15,0.01995300,7.36000000
2018-02-22 12:37:15,0.01995200,7.23000000
2018-02-22 12:37:15,0.01995100,0.10000000
2018-02-22 12:37:15,0.01994700,13.40000000
2018-02-22 12:37:15,0.01996700,0.10000000
2018-02-22 12:37:15,0.01996900,2.90000000
2018-02-22 12:37:17,0.01997100,0.10000000
2018-02-22 12:37:20,0.01997100,0.07000000
2018-02-22 12:37:26,0.01997500,0.10000000
2018-02-22 12:37:26,0.01998300,0.10000000
2018-02-22 12:37:26,0.01998400,0.15000000
2018-02-22 12:37:26,0.01999100,0.10000000
2018-02-22 12:37:26,0.01999200,0.05000000
2018-02-22 12:37:26,0.01997100,1.01000000
2018-02-22 12:37:28,0.01998400,0.06000000
2018-02-22 12:37:28,0.01999000,0.44000000
2018-02-22 12:37:31,0.01999200,0.13000000
2018-02-22 12:37:31,0.01999300,0.37000000
2018-02-22 12:37:39,0.01998300,0.10000000
2018-02-22 12:37:39,0.01997500,0.10000000
2018-02-22 12:37:44,0.01997500,0.10000000
2018-02-22 12:37:44,0.01997500,0.20000000
2018-02-22 12:37:44,0.01997500,0.20000000
2018-02-22 12:37:44,0.01997500,0.74000000
2018-02-22 12:37:57,0.01997800,6.67000000
2018-02-22 12:37:57,0.01997700,5.60000000
2018-02-22 12:37:57,0.01997500,0.53000000
2018-02-22 12:38:03,0.01997500,0.21000000
2018-02-22 12:38:03,0.01997500,0.88000000
2018-02-22 12:38:11,0.01998300,0.10000000
2018-02-22 12:38:11,0.01999100,0.10000000
2018-02-22 12:38:11,0.01999400,0.31000000
2018-02-22 12:38:16,0.01999400,0.15000000
2018-02-22 12:38:16,0.01999600,8.01000000
2018-02-22 12:38:26,0.01999600,2.69000000
2018-02-22 12:38:29,0.01999600,0.50000000
2018-02-22 12:38:29,0.01999600,1.44000000
2018-02-22 12:38:30,0.01999600,1.50000000
2018-02-22 12:38:30,0.01999600,1.50000000
2018-02-22 12:38:30,0.01999600,0.80000000
2018-02-22 12:38:30,0.01999600,1.50000000
2018-02-22 12:38:31,0.01999600,1.50000000
2018-02-22 12:38:31,0.01999600,1.50000000
2018-02-22 12:38:31,0.01999600,1.50000000
2018-02-22 12:38:31,0.01999600,1.50000000
2018-02-22 12:38:31,0.01999600,1.50000000
2018-02-22 12:38:31,0.01999600,0.35000000
2018-02-22 12:38:31,0.01999600,1.50000000
2018-02-22 12:38:31,0.01999600,1.50000000
2018-02-22 12:38:32,0.01999600,0.80000000
2018-02-22 12:38:32,0.01999600,1.50000000
2018-02-22 12:38:33,0.01999600,1.50000000
2018-02-22 12:38:33,0.01999600,1.50000000
2018-02-22 12:38:33,0.01999600,0.13000000
2018-02-22 12:38:33,0.01999600,1.50000000
2018-02-22 12:38:33,0.01999600,1.50000000
2018-02-22 12:38:33,0.01999600,1.50000000
2018-02-22 12:38:34,0.01999600,1.00000000
2018-02-22 12:38:34,0.01999600,1.48000000
2018-02-22 12:38:34,0.01998300,1.02000000
2018-02-22 12:38:34,0.01998400,4.15000000
2018-02-22 12:38:35,0.01998400,1.00000000
2018-02-22 12:38:37,0.01998300,1.50000000
2018-02-22 12:38:38,0.01998300,17.92000000
2018-02-22 12:38:41,0.01997500,1.50000000
2018-02-22 12:38:42,0.01997500,0.03000000
2018-02-22 12:38:42,0.01997100,0.02000000
2018-02-22 12:38:42,0.01997100,0.19000000
2018-02-22 12:38:43,0.01997100,6.06000000
2018-02-22 12:38:43,0.01997100,1.24000000
2018-02-22 12:38:44,0.01996700,0.10000000
2018-02-22 12:38:44,0.01996000,1.50000000
2018-02-22 12:38:44,0.01996000,1.50000000
2018-02-22 12:38:44,0.01996000,1.50000000
2018-02-22 12:38:45,0.01996000,0.35000000
2018-02-22 12:38:45,0.01995900,1.50000000
2018-02-22 12:38:45,0.01995900,0.14000000
2018-02-22 12:38:45,0.01995300,1.50000000
2018-02-22 12:38:45,0.01995300,1.50000000
2018-02-22 12:38:45,0.01995300,1.50000000
2018-02-22 12:38:45,0.01995300,1.50000000
2018-02-22 12:38:45,0.01995300,1.50000000
2018-02-22 12:38:46,0.01995100,0.10000000
2018-02-22 12:38:46,0.01995000,1.50000000
2018-02-22 12:38:46,0.01995000,1.50000000
2018-02-22 12:38:46,0.01995000,1.50000000
2018-02-22 12:38:46,0.01995000,1.50000000
2018-02-22 12:38:46,0.01995000,1.50000000
2018-02-22 12:38:46,0.01995000,1.50000000
2018-02-22 12:38:46,0.01995000,0.80000000
2018-02-22 12:38:50,0.01995000,0.03000000
2018-02-22 12:38:50,0.01994700,0.06000000
2018-02-22 12:38:50,0.01994300,0.10000000
2018-02-22 12:38:50,0.01994100,1.77000000
2018-02-22 12:38:50,0.01994100,7.63000000
2018-02-22 12:38:50,0.01994100,0.20000000
2018-02-22 12:38:50,0.01993500,4.34000000
2018-02-22 12:38:50,0.01992700,0.10000000
2018-02-22 12:38:51,0.01992600,0.20000000
2018-02-22 12:38:51,0.01992600,0.27000000
2018-02-22 12:38:51,0.01992400,0.47000000
2018-02-22 12:38:51,0.01992400,0.56000000
2018-02-22 12:38:52,0.01992400,2.00000000
2018-02-22 12:38:53,0.01992100,0.14000000
2018-02-22 12:38:54,0.01992100,1.20000000
2018-02-22 12:38:56,0.01991500,3.13000000
2018-02-22 12:38:56,0.01991700,1.00000000
2018-02-22 12:38:58,0.01991400,0.10000000
2018-02-22 12:38:58,0.01991400,0.46000000
2018-02-22 12:38:58,0.01992600,0.19000000
2018-02-22 12:38:58,0.01993500,0.10000000
2018-02-22 12:38:58,0.01994200,0.17000000
2018-02-22 12:38:58,0.01994200,0.08000000
2018-02-22 12:39:00,0.01992700,0.10000000
2018-02-22 12:39:01,0.01993800,1.20000000
2018-02-22 12:39:02,0.01992400,1.00000000
2018-02-22 12:39:02,0.01992400,1.00000000
2018-02-22 12:39:03,0.01992400,0.56000000
2018-02-22 12:39:03,0.01992400,0.01000000
2018-02-22 12:39:03,0.01991700,0.33000000
2018-02-22 12:39:03,0.01991400,0.46000000
2018-02-22 12:39:03,0.01991200,0.20000000
2018-02-22 12:39:04,0.01991200,1.00000000
2018-02-22 12:39:05,0.01991200,0.66000000
2018-02-22 12:39:05,0.01991100,0.34000000
2018-02-22 12:39:06,0.01993200,0.15000000
2018-02-22 12:39:06,0.01991100,0.17000000
2018-02-22 12:39:06,0.01991000,0.83000000
2018-02-22 12:39:08,0.01991100,0.15000000
2018-02-22 12:39:08,0.01991000,0.85000000
2018-02-22 12:39:09,0.01991000,1.00000000
2018-02-22 12:39:15,0.01991000,2.47000000
2018-02-22 12:39:15,0.01991000,6.31000000
2018-02-22 12:39:15,0.01992300,0.90000000
2018-02-22 12:39:16,0.01992500,1.31000000
2018-02-22 12:39:17,0.01992500,0.35000000
2018-02-22 12:39:19,0.01992500,2.43000000
2018-02-22 12:39:21,0.01992500,3.28000000
2018-02-22 12:39:21,0.01992500,0.34000000
2018-02-22 12:39:21,0.01992500,0.33000000
2018-02-22 12:39:21,0.01992500,1.50000000
2018-02-22 12:39:21,0.01992500,1.50000000
2018-02-22 12:39:22,0.01992500,8.46000000
2018-02-22 12:39:22,0.01992500,1.50000000
2018-02-22 12:39:22,0.01992500,1.74000000
2018-02-22 12:39:23,0.01992500,1.50000000
2018-02-22 12:39:23,0.01992500,0.12000000
2018-02-22 12:39:23,0.01992500,6.11000000
2018-02-22 12:39:27,0.01991000,7.45000000
2018-02-22 12:39:27,0.01991000,9.08000000
2018-02-22 12:39:27,0.01991000,0.42000000
2018-02-22 12:39:28,0.01991000,0.54000000
2018-02-22 12:39:31,0.01990900,2.53000000
2018-02-22 12:39:31,0.01990900,1.56000000
2018-02-22 12:39:32,0.01990000,0.23000000
2018-02-22 12:39:39,0.01990900,0.88000000
2018-02-22 12:39:39,0.01991000,0.66000000
2018-02-22 12:39:44,0.01991000,4.60000000
2018-02-22 12:39:47,0.01990000,2.89000000
2018-02-22 12:39:47,0.01989000,2.00000000
2018-02-22 12:39:47,0.01988900,0.45000000
2018-02-22 12:39:47,0.01988900,0.75000000
2018-02-22 12:39:47,0.01988700,0.06000000
2018-02-22 12:39:47,0.01988500,0.06000000
2018-02-22 12:39:48,0.01988500,1.50000000
2018-02-22 12:39:48,0.01988500,3.76000000
2018-02-22 12:39:48,0.01988500,1.50000000
2018-02-22 12:39:48,0.01988500,1.50000000
2018-02-22 12:39:48,0.01988500,0.92000000
2018-02-22 12:39:48,0.01988200,1.50000000
2018-02-22 12:39:50,0.01989700,0.25000000
2018-02-22 12:39:50,0.01989700,0.29000000
2018-02-22 12:39:51,0.01989700,2.62000000
2018-02-22 12:39:57,0.01989700,0.40000000
2018-02-22 12:39:59,0.01989700,0.56000000
2018-02-22 12:39:59,0.01990000,5.78000000
2018-02-22 12:39:59,0.01991000,0.18000000
2018-02-22 12:40:01,0.01990900,0.65000000
2018-02-22 12:40:05,0.01990600,1.03000000
2018-02-22 12:40:06,0.01990900,9.11000000
2018-02-22 12:40:10,0.01991000,1.04000000
2018-02-22 12:40:10,0.01990900,0.80000000
2018-02-22 12:40:10,0.01990900,1.50000000
2018-02-22 12:40:10,0.01990900,1.50000000
2018-02-22 12:40:11,0.01991000,0.22000000
2018-02-22 12:40:12,0.01990900,3.00000000
2018-02-22 12:40:12,0.01990900,0.18000000
2018-02-22 12:40:13,0.01990900,0.80000000
2018-02-22 12:40:20,0.01990900,1.13000000
2018-02-22 12:40:21,0.01991000,2.54000000
2018-02-22 12:40:21,0.01991100,0.80000000
2018-02-22 12:40:21,0.01991100,1.68000000
2018-02-22 12:40:21,0.01990900,8.26000000
2018-02-22 12:40:24,0.01990900,0.16000000
2018-02-22 12:40:31,0.01990000,0.39000000
2018-02-22 12:40:39,0.01992400,3.21000000
2018-02-22 12:40:39,0.01990000,0.21000000
2018-02-22 12:40:40,0.01990000,7.75000000
2018-02-22 12:40:41,0.01990000,11.93000000
2018-02-22 12:40:47,0.01989500,0.43000000
2018-02-22 12:40:48,0.01989100,0.60000000
2018-02-22 12:40:48,0.01989000,4.85000000
2018-02-22 12:40:49,0.01988000,0.06000000
2018-02-22 12:40:58,0.01989400,1.63000000
2018-02-22 12:41:03,0.01989100,3.39000000
2018-02-22 12:41:07,0.01989300,0.06000000
2018-02-22 12:41:09,0.01989300,0.78000000
2018-02-22 12:41:09,0.01987900,0.78000000
2018-02-22 12:41:09,0.01987900,0.67000000
2018-02-22 12:41:09,0.01987900,0.08000000
2018-02-22 12:41:09,0.01987600,1.50000000
2018-02-22 12:41:09,0.01987600,4.86000000
2018-02-22 12:41:09,0.01987600,1.45000000
2018-02-22 12:41:09,0.01987900,0.09000000
2018-02-22 12:41:10,0.01987900,1.28000000
2018-02-22 12:41:10,0.01989100,1.50000000
2018-02-22 12:41:10,0.01989100,2.96000000
2018-02-22 12:41:10,0.01989100,0.72000000
2018-02-22 12:41:10,0.01989100,0.52000000
2018-02-22 12:41:11,0.01987500,7.04000000
2018-02-22 12:41:11,0.01987300,0.08000000
2018-02-22 12:41:11,0.01987100,1.51000000
2018-02-22 12:41:12,0.01989100,0.14000000
2018-02-22 12:41:12,0.01989100,2.04000000
2018-02-22 12:41:13,0.01988900,0.05000000
2018-02-22 12:41:13,0.01988700,0.50000000
2018-02-22 12:41:14,0.01988600,0.45000000
2018-02-22 12:41:14,0.01987100,1.78000000
2018-02-22 12:41:15,0.01987200,1.50000000
2018-02-22 12:41:15,0.01988600,3.07000000
2018-02-22 12:41:15,0.01988700,1.11000000
2018-02-22 12:41:15,0.01988900,0.14000000
2018-02-22 12:41:16,0.01987100,0.21000000
2018-02-22 12:41:17,0.01988900,0.16000000
2018-02-22 12:41:17,0.01988600,0.26000000
2018-02-22 12:41:17,0.01988600,0.26000000
2018-02-22 12:41:17,0.01988900,0.03000000
2018-02-22 12:41:18,0.01987000,0.06000000
2018-02-22 12:41:18,0.01986900,0.06000000
2018-02-22 12:41:18,0.01986900,0.16000000
2018-02-22 12:41:19,0.01986900,1.50000000
2018-02-22 12:41:19,0.01986900,0.21000000
2018-02-22 12:41:20,0.01986900,0.80000000
2018-02-22 12:41:20,0.01986900,1.50000000
2018-02-22 12:41:20,0.01986900,1.50000000
2018-02-22 12:41:20,0.01986900,1.50000000
2018-02-22 12:41:21,0.01986900,1.50000000
2018-02-22 12:41:22,0.01986900,1.27000000
2018-02-22 12:41:22,0.01986500,0.80000000
2018-02-22 12:41:22,0.01986500,0.06000000
2018-02-22 12:41:24,0.01986200,1.51000000
2018-02-22 12:41:24,0.01986200,0.38000000
2018-02-22 12:41:25,0.01986000,0.38000000
2018-02-22 12:41:25,0.01988400,0.12000000
2018-02-22 12:41:25,0.01988700,0.13000000
2018-02-22 12:41:25,0.01988700,2.85000000
2018-02-22 12:41:28,0.01986100,0.50000000
2018-02-22 12:41:28,0.01986100,0.19000000
2018-02-22 12:41:29,0.01986100,0.31000000
2018-02-22 12:41:29,0.01988500,0.50000000
2018-02-22 12:41:30,0.01988500,8.31000000
2018-02-22 12:41:31,0.01988600,0.46000000
2018-02-22 12:41:31,0.01986100,0.62000000
2018-02-22 12:41:32,0.01988400,0.50000000
2018-02-22 12:41:36,0.01988100,0.41000000
2018-02-22 12:41:36,0.01988300,1.01000000
2018-02-22 12:41:39,0.01988400,0.15000000
2018-02-22 12:41:43,0.01986200,0.70000000
2018-02-22 12:41:43,0.01988400,0.04000000
2018-02-22 12:41:43,0.01988400,0.06000000
2018-02-22 12:41:43,0.01986200,0.64000000
2018-02-22 12:41:43,0.01986200,1.51000000
2018-02-22 12:41:43,0.01986200,1.53000000
2018-02-22 12:41:43,0.01988400,0.99000000
2018-02-22 12:41:45,0.01988500,0.50000000
2018-02-22 12:41:46,0.01988500,0.40000000
2018-02-22 12:41:47,0.01986000,1.51000000
2018-02-22 12:41:47,0.01986000,6.37000000
2018-02-22 12:41:47,0.01986000,0.72000000
2018-02-22 12:41:48,0.01985900,0.06000000
2018-02-22 12:41:49,0.01985600,2.26000000
2018-02-22 12:41:51,0.01986000,0.80000000
2018-02-22 12:41:51,0.01986000,0.61000000
2018-02-22 12:41:52,0.01986000,0.85000000
2018-02-22 12:41:52,0.01986200,0.05000000
2018-02-22 12:41:53,0.01986200,5.78000000
2018-02-22 12:41:53,0.01986200,0.84000000
2018-02-22 12:41:53,0.01986200,0.50000000
2018-02-22 12:41:54,0.01985400,0.63000000
2018-02-22 12:41:56,0.01986200,1.60000000
2018-02-22 12:41:57,0.01986200,0.59000000
2018-02-22 12:41:57,0.01988300,7.36000000
2018-02-22 12:41:57,0.01988400,6.54000000
2018-02-22 12:41:57,0.01988500,2.00000000
2018-02-22 12:41:57,0.01988600,5.00000000
2018-02-22 12:41:57,0.01988700,22.51000000
2018-02-22 12:41:59,0.01988600,0.50000000
2018-02-22 12:42:03,0.01988700,2.05000000
2018-02-22 12:42:05,0.01986100,0.16000000
2018-02-22 12:42:06,0.01988400,0.40000000
2018-02-22 12:42:10,0.01986300,1.51000000
2018-02-22 12:42:10,0.01986300,0.80000000
2018-02-22 12:42:10,0.01986300,1.51000000
2018-02-22 12:42:11,0.01986300,1.51000000
2018-02-22 12:42:11,0.01986300,0.66000000
2018-02-22 12:42:21,0.01988300,0.10000000
2018-02-22 12:42:22,0.01988300,5.31000000
2018-02-22 12:42:22,0.01986100,0.80000000
2018-02-22 12:42:29,0.01986300,5.00000000
2018-02-22 12:42:30,0.01988200,0.14000000
2018-02-22 12:42:32,0.01986300,3.76000000
2018-02-22 12:42:32,0.01986300,1.51000000
2018-02-22 12:42:32,0.01986300,1.86000000
2018-02-22 12:42:32,0.01986300,0.01000000
2018-02-22 12:42:32,0.01986100,0.80000000
2018-02-22 12:42:33,0.01986100,0.80000000
2018-02-22 12:42:33,0.01986100,1.50000000
2018-02-22 12:42:33,0.01986200,0.50000000
2018-02-22 12:42:40,0.01986100,1.80000000
2018-02-22 12:42:40,0.01986100,1.80000000
2018-02-22 12:42:40,0.01986100,0.64000000
2018-02-22 12:42:41,0.01985600,2.01000000
2018-02-22 12:42:41,0.01985500,0.51000000
2018-02-22 12:42:41,0.01985500,1.51000000
2018-02-22 12:42:42,0.01985500,1.18000000
2018-02-22 12:42:42,0.01985500,1.51000000
2018-02-22 12:42:42,0.01985500,0.80000000
2018-02-22 12:42:42,0.01985500,1.49000000
2018-02-22 12:42:42,0.01985400,1.51000000
2018-02-22 12:42:42,0.01985400,1.51000000
2018-02-22 12:42:43,0.01985400,1.51000000
2018-02-22 12:42:43,0.01986200,0.08000000
2018-02-22 12:42:43,0.01985400,1.51000000
2018-02-22 12:42:43,0.01986200,0.22000000
2018-02-22 12:42:43,0.01986200,15.18000000
2018-02-22 12:42:43,0.01986200,2.52000000
2018-02-22 12:42:44,0.01986200,0.80000000
2018-02-22 12:42:44,0.01986200,0.11000000
2018-02-22 12:42:44,0.01986200,1.05000000
2018-02-22 12:42:44,0.01986200,0.80000000
2018-02-22 12:42:44,0.01986200,1.35000000
2018-02-22 12:42:44,0.01986200,0.30000000
2018-02-22 12:42:45,0.01986200,1.00000000
2018-02-22 12:42:45,0.01986300,0.80000000
2018-02-22 12:42:45,0.01986300,2.52000000
2018-02-22 12:42:46,0.01986300,0.56000000
2018-02-22 12:42:46,0.01987600,1.19000000
2018-02-22 12:42:46,0.01987700,5.97000000
2018-02-22 12:42:46,0.01988100,5.99000000
2018-02-22 12:42:46,0.01988200,0.09000000
2018-02-22 12:42:46,0.01988600,7.00000000
2018-02-22 12:42:46,0.01988700,20.37000000
2018-02-22 12:42:46,0.01986300,2.40000000
2018-02-22 12:42:47,0.01986300,1.12000000
2018-02-22 12:42:47,0.01986400,0.53000000
2018-02-22 12:42:47,0.01986400,1.76000000
2018-02-22 12:42:47,0.01986400,1.01000000
2018-02-22 12:42:47,0.01986400,2.69000000
2018-02-22 12:42:47,0.01986300,0.50000000
2018-02-22 12:42:47,0.01986300,0.03000000
2018-02-22 12:42:47,0.01986200,0.48000000
2018-02-22 12:42:47,0.01985500,2.50000000
2018-02-22 12:42:47,0.01985400,0.02000000
2018-02-22 12:42:48,0.01986200,0.80000000
2018-02-22 12:42:48,0.01986200,1.51000000
2018-02-22 12:42:48,0.01986200,0.32000000
2018-02-22 12:42:48,0.01986200,2.17000000
2018-02-22 12:42:50,0.01985400,1.50000000
2018-02-22 12:42:50,0.01985400,0.80000000
2018-02-22 12:42:52,0.01985400,0.33000000
2018-02-22 12:42:52,0.01985400,3.03000000
2018-02-22 12:42:52,0.01985400,0.20000000
2018-02-22 12:42:53,0.01985400,0.32000000
2018-02-22 12:42:53,0.01985400,0.77000000
2018-02-22 12:42:53,0.01985400,1.53000000
2018-02-22 12:42:53,0.01985400,1.47000000
2018-02-22 12:42:54,0.01986000,0.12000000
2018-02-22 12:42:55,0.01985400,0.44000000
2018-02-22 12:42:56,0.01985400,2.10000000
2018-02-22 12:42:56,0.01985400,0.09000000
2018-02-22 12:42:56,0.01985400,2.45000000
2018-02-22 12:42:56,0.01985300,0.92000000
2018-02-22 12:42:56,0.01985300,1.51000000
2018-02-22 12:42:57,0.01985300,1.51000000
2018-02-22 12:42:57,0.01985300,1.51000000
2018-02-22 12:42:57,0.01985300,1.51000000
2018-02-22 12:42:57,0.01985300,1.51000000
2018-02-22 12:42:57,0.01985300,0.98000000
2018-02-22 12:42:57,0.01985300,0.98000000
2018-02-22 12:42:57,0.01985300,1.51000000
2018-02-22 12:42:57,0.01985300,0.21000000
2018-02-22 12:42:57,0.01985300,2.51000000
2018-02-22 12:42:57,0.01985300,1.51000000
2018-02-22 12:42:58,0.01985300,1.51000000
2018-02-22 12:42:58,0.01985300,1.51000000
2018-02-22 12:42:58,0.01985300,1.51000000
2018-02-22 12:42:58,0.01985300,5.11000000
2018-02-22 12:42:58,0.01985300,2.51000000
2018-02-22 12:42:58,0.01985300,2.51000000
2018-02-22 12:42:58,0.01985300,1.51000000
2018-02-22 12:42:58,0.01985300,0.89000000
2018-02-22 12:42:58,0.01985300,1.67000000
2018-02-22 12:42:58,0.01985300,1.61000000
2018-02-22 12:42:58,0.01985300,4.31000000
2018-02-22 12:42:58,0.01985300,1.51000000
2018-02-22 12:42:58,0.01985300,0.18000000
2018-02-22 12:42:58,0.01985300,12.59000000
2018-02-22 12:42:58,0.01985300,1.51000000
2018-02-22 12:42:59,0.01985300,2.50000000
2018-02-22 12:42:59,0.01985300,1.51000000
2018-02-22 12:42:59,0.01985300,1.51000000
2018-02-22 12:42:59,0.01985300,3.39000000
2018-02-22 12:42:59,0.01985000,1.51000000
2018-02-22 12:42:59,0.01985000,1.51000000
2018-02-22 12:42:59,0.01985000,0.95000000
2018-02-22 12:42:59,0.01984700,0.51000000
2018-02-22 12:42:59,0.01983800,4.37000000
2018-02-22 12:42:59,0.01985000,0.24000000
2018-02-22 12:42:59,0.01985300,1.61000000
2018-02-22 12:42:59,0.01985400,1.48000000
2018-02-22 12:43:00,0.01985400,3.00000000
2018-02-22 12:43:01,0.01983800,2.49000000
2018-02-22 12:43:01,0.01983700,0.25000000
2018-02-22 12:43:01,0.01983000,9.26000000
2018-02-22 12:43:01,0.01984000,0.74000000
2018-02-22 12:43:04,0.01982700,1.00000000
2018-02-22 12:43:05,0.01982400,0.16000000
2018-02-22 12:43:05,0.01982300,0.64000000
2018-02-22 12:43:05,0.01985200,0.06000000
2018-02-22 12:43:05,0.01985200,0.06000000
2018-02-22 12:43:06,0.01985100,0.08000000
2018-02-22 12:43:07,0.01985100,0.07000000
2018-02-22 12:43:07,0.01985200,0.40000000
2018-02-22 12:43:08,0.01982300,0.06000000
2018-02-22 12:43:08,0.01982200,1.51000000
2018-02-22 12:43:08,0.01982200,2.97000000
2018-02-22 12:43:08,0.01985100,0.08000000
2018-02-22 12:43:09,0.01982200,1.51000000
2018-02-22 12:43:09,0.01982200,1.01000000
2018-02-22 12:43:09,0.01982000,1.51000000
2018-02-22 12:43:09,0.01982000,3.78000000
2018-02-22 12:43:09,0.01981800,1.51000000
2018-02-22 12:43:09,0.01981800,1.51000000
2018-02-22 12:43:09,0.01981800,0.01000000
2018-02-22 12:43:09,0.01981700,1.00000000
2018-02-22 12:43:10,0.01981700,1.01000000
2018-02-22 12:43:10,0.01981000,1.01000000
2018-02-22 12:43:10,0.01981600,2.82000000
2018-02-22 12:43:10,0.01981600,2.47000000
2018-02-22 12:43:10,0.01981800,1.51000000
2018-02-22 12:43:10,0.01981900,6.41000000
2018-02-22 12:43:10,0.01982000,1.51000000
2018-02-22 12:43:10,0.01982000,0.10000000
2018-02-22 12:43:11,0.01984600,1.50000000
2018-02-22 12:43:11,0.01981300,1.64000000
2018-02-22 12:43:11,0.01981300,0.77000000
2018-02-22 12:43:11,0.01981500,1.51000000
2018-02-22 12:43:12,0.01981500,0.14000000
2018-02-22 12:43:12,0.01981500,1.51000000
2018-02-22 12:43:12,0.01981500,0.80000000
2018-02-22 12:43:13,0.01981500,0.80000000
2018-02-22 12:43:13,0.01981500,2.81000000
2018-02-22 12:43:13,0.01981300,0.09000000
2018-02-22 12:43:13,0.01981000,0.64000000
2018-02-22 12:43:14,0.01981000,0.74000000
2018-02-22 12:43:14,0.01980700,0.50000000
2018-02-22 12:43:14,0.01984200,7.57000000
2018-02-22 12:43:14,0.01980900,0.85000000
2018-02-22 12:43:15,0.01980900,0.80000000
2018-02-22 12:43:15,0.01983700,0.50000000
2018-02-22 12:43:15,0.01984100,5.99000000
2018-02-22 12:43:15,0.01984200,2.12000000
2018-02-22 12:43:15,0.01984200,0.12000000
2018-02-22 12:43:15,0.01984200,0.70000000
2018-02-22 12:43:15,0.01984200,8.00000000
2018-02-22 12:43:15,0.01984200,0.61000000
2018-02-22 12:43:15,0.01980700,0.50000000
2018-02-22 12:43:15,0.01980600,0.13000000
2018-02-22 12:43:15,0.01980400,0.45000000
2018-02-22 12:43:15,0.01980300,6.09000000
2018-02-22 12:43:15,0.01983600,0.09000000
2018-02-22 12:43:15,0.01980300,7.20000000
2018-02-22 12:43:16,0.01983400,1.26000000
2018-02-22 12:43:16,0.01981000,1.51000000
2018-02-22 12:43:16,0.01980200,3.00000000
2018-02-22 12:43:16,0.01980000,8.89000000
2018-02-22 12:43:16,0.01980000,0.22000000
2018-02-22 12:43:16,0.01980000,1.81000000
2018-02-22 12:43:16,0.01983300,0.06000000
2018-02-22 12:43:16,0.01980000,1.51000000
2018-02-22 12:43:18,0.01980300,4.48000000
2018-02-22 12:43:18,0.01980100,1.63000000
2018-02-22 12:43:18,0.01980000,0.39000000
2018-02-22 12:43:18,0.01980000,0.24000000
2018-02-22 12:43:19,0.01980000,2.41000000
2018-02-22 12:43:19,0.01982900,0.08000000
2018-02-22 12:43:20,0.01982800,0.25000000
2018-02-22 12:43:20,0.01982800,0.50000000
2018-02-22 12:43:20,0.01980100,6.36000000
2018-02-22 12:43:21,0.01980100,0.75000000
2018-02-22 12:43:21,0.01980100,0.93000000
2018-02-22 12:43:21,0.01982400,5.43000000
2018-02-22 12:43:22,0.01980000,1.99000000
2018-02-22 12:43:22,0.01980400,2.94000000
2018-02-22 12:43:22,0.01980000,0.13000000
2018-02-22 12:43:22,0.01980000,0.13000000
2018-02-22 12:43:22,0.01980000,0.14000000
2018-02-22 12:43:22,0.01980000,4.99000000
2018-02-22 12:43:22,0.01980000,1.51000000
2018-02-22 12:43:23,0.01980000,1.12000000
2018-02-22 12:43:23,0.01980000,0.37000000
