DATE,PRICE,VOLUME
2018-02-25 00:00:02,0.02133000,1.20000000
2018-02-25 00:00:06,0.02131200,1.65000000
2018-02-25 00:00:07,0.02131200,1.65000000
2018-02-25 00:00:11,0.02131000,0.10000000
2018-02-25 00:00:11,0.02133000,0.23000000
2018-02-25 00:00:16,0.02133000,2.28000000
2018-02-25 00:00:16,0.02131000,1.13000000
2018-02-25 00:00:16,0.02133000,11.17000000
2018-02-25 00:00:31,0.02133000,6.56000000
2018-02-25 00:00:32,0.02133000,0.11000000
2018-02-25 00:00:33,0.02133000,6.62000000
2018-02-25 00:00:34,0.02134000,0.11000000
2018-02-25 00:00:37,0.02134000,2.08000000
2018-02-25 00:00:46,0.02134000,0.32000000
2018-02-25 00:00:47,0.02134000,4.90000000
2018-02-25 00:00:48,0.02134000,0.35000000
2018-02-25 00:00:48,0.02134000,0.07000000
2018-02-25 00:00:48,0.02134000,0.20000000
2018-02-25 00:00:49,0.02134000,0.49000000
2018-02-25 00:00:49,0.02134100,30.97000000
2018-02-25 00:00:50,0.02134000,0.89000000
2018-02-25 00:00:51,0.02134000,0.27000000
2018-02-25 00:00:51,0.02134000,0.93000000
2018-02-25 00:00:51,0.02134000,0.11000000
2018-02-25 00:00:52,0.02134000,5.87000000
2018-02-25 00:00:53,0.02134100,0.35000000
2018-02-25 00:00:55,0.02134100,1.60000000
2018-02-25 00:00:55,0.02134200,4.97000000
2018-02-25 00:00:55,0.02134500,2.75000000
2018-02-25 00:00:55,0.02135000,0.68000000
2018-02-25 00:00:55,0.02134000,0.01000000
2018-02-25 00:00:55,0.02133000,0.48000000
2018-02-25 00:00:55,0.02133000,0.65000000
2018-02-25 00:00:55,0.02132000,0.33000000
2018-02-25 00:00:55,0.02132000,0.52000000
2018-02-25 00:00:56,0.02132000,0.11000000
2018-02-25 00:01:02,0.02132500,0.27000000
2018-02-25 00:01:03,0.02131000,1.11000000
2018-02-25 00:01:03,0.02131000,2.83000000
2018-02-25 00:01:05,0.02135000,0.46000000
2018-02-25 00:01:05,0.02135000,0.46000000
2018-02-25 00:01:05,0.02131200,0.60000000
2018-02-25 00:01:07,0.02131500,0.11000000
2018-02-25 00:01:07,0.02135000,0.46000000
2018-02-25 00:01:15,0.02131100,0.08000000
2018-02-25 00:01:15,0.02133800,0.11000000
2018-02-25 00:01:15,0.02134000,4.89000000
2018-02-25 00:01:34,0.02131700,1.00000000
2018-02-25 00:01:34,0.02131700,1.17000000
2018-02-25 00:01:34,0.02131100,0.17000000
2018-02-25 00:01:37,0.02131100,0.52000000
2018-02-25 00:01:38,0.02131100,2.22000000
2018-02-25 00:01:38,0.02131700,1.16000000
2018-02-25 00:01:39,0.02131700,0.99000000
2018-02-25 00:01:39,0.02131000,0.94000000
2018-02-25 00:01:40,0.02131700,0.49000000
2018-02-25 00:01:45,0.02131200,7.03000000
2018-02-25 00:01:46,0.02131100,2.25000000
2018-02-25 00:01:46,0.02131000,0.46000000
2018-02-25 00:01:49,0.02131000,2.07000000
2018-02-25 00:01:49,0.02131000,0.07000000
2018-02-25 00:01:53,0.02130000,1.15000000
2018-02-25 00:01:53,0.02130000,0.47000000
2018-02-25 00:01:54,0.02131000,0.93000000
2018-02-25 00:01:59,0.02130000,1.45000000
2018-02-25 00:02:00,0.02131000,0.46000000
2018-02-25 00:02:01,0.02130000,2.96000000
2018-02-25 00:02:02,0.02130000,0.15000000
2018-02-25 00:02:07,0.02129000,0.49000000
2018-02-25 00:02:11,0.02129800,0.54000000
2018-02-25 00:02:13,0.02129000,4.51000000
2018-02-25 00:02:14,0.02128800,0.25000000
2018-02-25 00:02:14,0.02129000,0.24000000
2018-02-25 00:02:14,0.02129000,2.81000000
2018-02-25 00:02:15,0.02126100,1.18000000
2018-02-25 00:02:20,0.02128900,0.46000000
2018-02-25 00:02:23,0.02128900,0.72000000
2018-02-25 00:02:25,0.02128900,0.05000000
2018-02-25 00:02:26,0.02129000,4.69000000
2018-02-25 00:02:26,0.02128900,0.01000000
2018-02-25 00:02:32,0.02126100,0.49000000
2018-02-25 00:02:32,0.02126000,4.56000000
2018-02-25 00:02:34,0.02128800,0.42000000
2018-02-25 00:02:35,0.02128800,0.07000000
2018-02-25 00:02:35,0.02128900,1.31000000
2018-02-25 00:02:35,0.02129000,1.97000000
2018-02-25 00:02:35,0.02129000,0.62000000
2018-02-25 00:02:35,0.02129000,1.66000000
2018-02-25 00:02:35,0.02126000,0.25000000
2018-02-25 00:02:36,0.02129000,1.49000000
2018-02-25 00:02:36,0.02129000,0.46000000
2018-02-25 00:02:36,0.02129000,0.22000000
2018-02-25 00:02:37,0.02129000,2.80000000
2018-02-25 00:02:37,0.02129000,0.50000000
2018-02-25 00:02:37,0.02129000,0.43000000
2018-02-25 00:02:37,0.02129000,0.50000000
2018-02-25 00:02:38,0.02129000,0.28000000
2018-02-25 00:02:38,0.02129000,0.17000000
2018-02-25 00:02:39,0.02130000,0.16000000
2018-02-25 00:02:39,0.02131000,0.24000000
2018-02-25 00:02:39,0.02131000,0.33000000
2018-02-25 00:02:40,0.02129000,0.25000000
2018-02-25 00:02:40,0.02131000,0.46000000
2018-02-25 00:02:41,0.02131000,1.65000000
2018-02-25 00:02:41,0.02126300,2.44000000
2018-02-25 00:02:42,0.02126600,4.57000000
2018-02-25 00:02:42,0.02126400,2.43000000
2018-02-25 00:02:42,0.02125500,3.00000000
2018-02-25 00:02:42,0.02125500,10.00000000
2018-02-25 00:02:43,0.02125300,7.00000000
2018-02-25 00:02:43,0.02125300,0.01000000
2018-02-25 00:02:43,0.02125400,2.43000000
2018-02-25 00:02:43,0.02125500,0.69000000
2018-02-25 00:02:44,0.02125500,7.86000000
2018-02-25 00:02:44,0.02125500,0.10000000
2018-02-25 00:02:44,0.02125500,10.00000000
2018-02-25 00:02:44,0.02125500,5.36000000
2018-02-25 00:02:44,0.02125500,8.75000000
2018-02-25 00:02:44,0.02125500,1.25000000
2018-02-25 00:02:44,0.02125500,4.80000000
2018-02-25 00:02:44,0.02125300,0.38000000
2018-02-25 00:02:44,0.02125500,2.35000000
2018-02-25 00:02:44,0.02125500,0.69000000
2018-02-25 00:02:44,0.02125500,0.57000000
2018-02-25 00:02:45,0.02125500,0.30000000
2018-02-25 00:02:45,0.02125500,0.33000000
2018-02-25 00:02:45,0.02125500,4.70000000
2018-02-25 00:02:45,0.02125500,9.68000000
2018-02-25 00:02:45,0.02125500,0.90000000
2018-02-25 00:02:46,0.02125500,0.48000000
2018-02-25 00:02:46,0.02125500,0.63000000
2018-02-25 00:02:46,0.02125500,2.35000000
2018-02-25 00:02:47,0.02125500,0.40000000
2018-02-25 00:02:47,0.02125500,0.33000000
2018-02-25 00:02:49,0.02125300,0.24000000
2018-02-25 00:02:49,0.02125500,0.50000000
2018-02-25 00:02:49,0.02125500,0.43000000
2018-02-25 00:02:49,0.02125500,10.73000000
2018-02-25 00:02:49,0.02125500,0.06000000
2018-02-25 00:02:50,0.02125500,7.21000000
2018-02-25 00:02:50,0.02125500,0.50000000
2018-02-25 00:02:50,0.02125300,1.24000000
2018-02-25 00:02:50,0.02125000,5.00000000
2018-02-25 00:02:50,0.02124700,1.90000000
2018-02-25 00:02:50,0.02124500,0.15000000
2018-02-25 00:02:51,0.02125500,0.35000000
2018-02-25 00:02:51,0.02125500,0.05000000
2018-02-25 00:02:51,0.02125500,0.17000000
2018-02-25 00:02:52,0.02125500,0.57000000
2018-02-25 00:02:52,0.02125500,0.30000000
2018-02-25 00:02:52,0.02125500,0.43000000
2018-02-25 00:02:52,0.02125500,0.57000000
2018-02-25 00:02:53,0.02125500,2.35000000
2018-02-25 00:02:53,0.02125500,1.00000000
2018-02-25 00:02:54,0.02125500,1.41000000
2018-02-25 00:02:54,0.02125500,0.85000000
2018-02-25 00:02:54,0.02125500,0.51000000
2018-02-25 00:02:54,0.02125500,0.40000000
2018-02-25 00:02:54,0.02125500,0.33000000
2018-02-25 00:02:55,0.02125500,1.84000000
2018-02-25 00:02:56,0.02125400,0.50000000
2018-02-25 00:02:56,0.02125400,0.43000000
2018-02-25 00:02:58,0.02125400,1.40000000
2018-02-25 00:02:59,0.02125400,2.37000000
2018-02-25 00:02:59,0.02125400,0.01000000
2018-02-25 00:02:59,0.02125500,2.28000000
2018-02-25 00:02:59,0.02125500,0.61000000
2018-02-25 00:02:59,0.02125500,0.61000000
2018-02-25 00:02:59,0.02125500,0.30000000
2018-02-25 00:02:59,0.02125500,0.53000000
2018-02-25 00:02:59,0.02124500,0.05000000
2018-02-25 00:02:59,0.02125300,0.07000000
2018-02-25 00:03:01,0.02125300,0.30000000
2018-02-25 00:03:01,0.02125300,0.43000000
2018-02-25 00:03:01,0.02125300,0.53000000
2018-02-25 00:03:01,0.02125500,5.35000000
2018-02-25 00:03:01,0.02125500,0.42000000
2018-02-25 00:03:01,0.02125500,2.93000000
2018-02-25 00:03:03,0.02125500,0.19000000
2018-02-25 00:03:03,0.02125500,0.50000000
2018-02-25 00:03:04,0.02125500,0.33000000
2018-02-25 00:03:05,0.02124500,1.58000000
2018-02-25 00:03:06,0.02125500,0.50000000
2018-02-25 00:03:06,0.02125500,0.43000000
2018-02-25 00:03:06,0.02125500,1.82000000
2018-02-25 00:03:08,0.02125500,0.33000000
2018-02-25 00:03:09,0.02125500,0.40000000
2018-02-25 00:03:10,0.02124600,0.70000000
2018-02-25 00:03:10,0.02124500,2.58000000
2018-02-25 00:03:10,0.02124400,13.07000000
2018-02-25 00:03:11,0.02125500,0.40000000
2018-02-25 00:03:11,0.02125500,0.33000000
2018-02-25 00:03:13,0.02125500,0.48000000
2018-02-25 00:03:13,0.02125500,0.40000000
2018-02-25 00:03:13,0.02125500,0.43000000
2018-02-25 00:03:15,0.02124400,1.07000000
2018-02-25 00:03:15,0.02125500,0.50000000
2018-02-25 00:03:15,0.02125500,0.33000000
2018-02-25 00:03:18,0.02125500,0.40000000
2018-02-25 00:03:18,0.02125500,0.53000000
2018-02-25 00:03:20,0.02125500,0.40000000
2018-02-25 00:03:20,0.02125500,0.33000000
2018-02-25 00:03:22,0.02125500,0.40000000
2018-02-25 00:03:22,0.02125400,0.05000000
2018-02-25 00:03:22,0.02125500,0.33000000
2018-02-25 00:03:24,0.02125500,0.09000000
2018-02-25 00:03:24,0.02125500,0.10000000
2018-02-25 00:03:25,0.02125500,0.50000000
2018-02-25 00:03:25,0.02125500,0.43000000
2018-02-25 00:03:26,0.02125400,0.99000000
2018-02-25 00:03:26,0.02124400,17.28000000
2018-02-25 00:03:26,0.02124400,3.01000000
2018-02-25 00:03:27,0.02125500,0.40000000
2018-02-25 00:03:27,0.02125500,0.43000000
2018-02-25 00:03:27,0.02124400,22.38000000
2018-02-25 00:03:28,0.02124400,14.00000000
2018-02-25 00:03:29,0.02124400,3.68000000
2018-02-25 00:03:29,0.02124400,16.81000000
2018-02-25 00:03:29,0.02125500,0.18000000
2018-02-25 00:03:29,0.02125500,0.40000000
2018-02-25 00:03:29,0.02125500,0.43000000
2018-02-25 00:03:31,0.02125500,1.00000000
2018-02-25 00:03:31,0.02124400,15.48000000
2018-02-25 00:03:31,0.02125500,0.55000000
2018-02-25 00:03:32,0.02125500,0.40000000
2018-02-25 00:03:32,0.02125500,0.43000000
2018-02-25 00:03:32,0.02124400,11.02000000
2018-02-25 00:03:32,0.02124000,10.24000000
2018-02-25 00:03:32,0.02124000,4.47000000
2018-02-25 00:03:32,0.02123600,13.99000000
2018-02-25 00:03:35,0.02125400,1.00000000
2018-02-25 00:03:39,0.02125000,1.01000000
2018-02-25 00:03:40,0.02122700,1.00000000
2018-02-25 00:03:40,0.02122600,0.44000000
2018-02-25 00:03:40,0.02122500,4.71000000
2018-02-25 00:03:40,0.02122300,0.09000000
2018-02-25 00:03:40,0.02121900,1.33000000
2018-02-25 00:03:40,0.02121600,0.08000000
2018-02-25 00:03:40,0.02121100,0.47000000
2018-02-25 00:03:40,0.02120000,18.82000000
2018-02-25 00:03:40,0.02120000,1.98000000
2018-02-25 00:03:41,0.02122500,0.48000000
2018-02-25 00:03:41,0.02120500,0.38000000
2018-02-25 00:03:41,0.02120400,0.47000000
2018-02-25 00:03:41,0.02120000,0.87000000
2018-02-25 00:03:44,0.02121600,0.47000000
2018-02-25 00:03:44,0.02120500,0.01000000
2018-02-25 00:03:44,0.02123900,4.41000000
2018-02-25 00:03:45,0.02120700,0.48000000
2018-02-25 00:03:45,0.02120800,0.47000000
2018-02-25 00:03:45,0.02121000,0.48000000
2018-02-25 00:03:46,0.02121000,0.47000000
2018-02-25 00:03:46,0.02121000,0.48000000
2018-02-25 00:03:46,0.02121000,0.48000000
2018-02-25 00:03:47,0.02120000,0.10000000
2018-02-25 00:03:47,0.02120100,0.48000000
2018-02-25 00:03:47,0.02120100,0.47000000
2018-02-25 00:03:48,0.02123800,0.05000000
2018-02-25 00:03:49,0.02120400,0.47000000
2018-02-25 00:03:50,0.02120400,0.48000000
2018-02-25 00:03:52,0.02120400,0.48000000
2018-02-25 00:03:52,0.02120400,0.48000000
2018-02-25 00:03:58,0.02120400,2.38000000
2018-02-25 00:03:58,0.02120400,0.05000000
2018-02-25 00:03:58,0.02120400,0.16000000
2018-02-25 00:03:58,0.02120400,0.07000000
2018-02-25 00:03:58,0.02120200,2.34000000
2018-02-25 00:03:59,0.02120400,0.19000000
2018-02-25 00:03:59,0.02120200,2.31000000
2018-02-25 00:03:59,0.02120000,0.53000000
2018-02-25 00:03:59,0.02120400,0.17000000
2018-02-25 00:04:00,0.02120400,0.33000000
2018-02-25 00:04:00,0.02120400,0.05000000
2018-02-25 00:04:01,0.02120400,0.07000000
2018-02-25 00:04:01,0.02120400,0.48000000
2018-02-25 00:04:01,0.02120400,0.97000000
2018-02-25 00:04:03,0.02120000,15.79000000
2018-02-25 00:04:03,0.02120000,0.20000000
2018-02-25 00:04:04,0.02122000,10.67000000
2018-02-25 00:04:05,0.02124900,0.57000000
2018-02-25 00:04:06,0.02120800,1.70000000
2018-02-25 00:04:10,0.02122800,0.07000000
2018-02-25 00:04:13,0.02122800,1.63000000
2018-02-25 00:04:13,0.02123000,4.44000000
2018-02-25 00:04:16,0.02120200,0.39000000
2018-02-25 00:04:16,0.02120100,0.10000000
2018-02-25 00:04:16,0.02120000,0.51000000
2018-02-25 00:04:17,0.02123000,0.89000000
2018-02-25 00:04:17,0.02123000,0.89000000
2018-02-25 00:04:17,0.02123000,0.89000000
2018-02-25 00:04:17,0.02123000,0.89000000
2018-02-25 00:04:17,0.02123000,0.89000000
2018-02-25 00:04:17,0.02123000,0.89000000
2018-02-25 00:04:17,0.02123000,0.92000000
2018-02-25 00:04:17,0.02123000,0.92000000
2018-02-25 00:04:17,0.02120000,0.92000000
2018-02-25 00:04:19,0.02120400,0.47000000
2018-02-25 00:04:19,0.02120300,0.37000000
2018-02-25 00:04:19,0.02120000,5.38000000
2018-02-25 00:04:19,0.02120000,171.00000000
2018-02-25 00:04:19,0.02120000,0.13000000
2018-02-25 00:04:19,0.02120000,0.13000000
2018-02-25 00:04:19,0.02120000,0.70000000
2018-02-25 00:04:19,0.02120000,0.34000000
2018-02-25 00:04:19,0.02120000,0.70000000
2018-02-25 00:04:19,0.02120000,0.75000000
2018-02-25 00:04:19,0.02120000,0.75000000
2018-02-25 00:04:19,0.02119800,0.70000000
2018-02-25 00:04:19,0.02119800,0.75000000
2018-02-25 00:04:19,0.02120000,0.08000000
2018-02-25 00:04:19,0.02120000,0.13000000
2018-02-25 00:04:20,0.02119800,2.86000000
2018-02-25 00:04:20,0.02120000,0.14000000
2018-02-25 00:04:20,0.02120000,1.41000000
2018-02-25 00:04:20,0.02120000,1.41000000
2018-02-25 00:04:20,0.02119800,1.41000000
2018-02-25 00:04:20,0.02120000,0.22000000
2018-02-25 00:04:23,0.02119800,3.91000000
2018-02-25 00:04:23,0.02119800,2.11000000
2018-02-25 00:04:24,0.02120000,0.34000000
2018-02-25 00:04:24,0.02120000,3.91000000
2018-02-25 00:04:25,0.02120000,0.23000000
2018-02-25 00:04:25,0.02120000,0.50000000
2018-02-25 00:04:26,0.02120000,0.11000000
2018-02-25 00:04:29,0.02120000,16.13000000
2018-02-25 00:04:29,0.02119800,1.83000000
2018-02-25 00:04:29,0.02120000,0.38000000
2018-02-25 00:04:30,0.02120000,1.41000000
2018-02-25 00:04:30,0.02120000,1.41000000
2018-02-25 00:04:30,0.02119800,0.13000000
2018-02-25 00:04:30,0.02119000,1.59000000
2018-02-25 00:04:30,0.02118800,3.40000000
2018-02-25 00:04:30,0.02118800,4.60000000
2018-02-25 00:04:30,0.02118800,1.41000000
2018-02-25 00:04:31,0.02118800,12.49000000
2018-02-25 00:04:35,0.02118200,0.33000000
2018-02-25 00:04:35,0.02118000,0.05000000
2018-02-25 00:04:35,0.02117700,0.53000000
2018-02-25 00:04:35,0.02117000,0.15000000
2018-02-25 00:04:35,0.02117000,1.35000000
2018-02-25 00:04:35,0.02116800,0.05000000
2018-02-25 00:04:35,0.02116500,1.12000000
2018-02-25 00:04:35,0.02116200,0.04000000
2018-02-25 00:04:35,0.02120000,2.15000000
2018-02-25 00:04:35,0.02120000,4.06000000
2018-02-25 00:04:35,0.02120000,4.06000000
2018-02-25 00:04:36,0.02120000,4.06000000
2018-02-25 00:04:37,0.02119900,0.47000000
2018-02-25 00:04:38,0.02119900,0.93000000
2018-02-25 00:04:44,0.02119800,0.46000000
2018-02-25 00:04:44,0.02119800,1.41000000
2018-02-25 00:04:44,0.02119800,2.83000000
2018-02-25 00:04:45,0.02120000,3.99000000
2018-02-25 00:04:45,0.02122000,0.96000000
2018-02-25 00:04:47,0.02117800,0.24000000
2018-02-25 00:04:48,0.02122000,0.05000000
2018-02-25 00:04:50,0.02121800,0.24000000
2018-02-25 00:04:50,0.02122000,1.17000000
2018-02-25 00:04:51,0.02122000,1.41000000
2018-02-25 00:04:51,0.02122000,1.41000000
2018-02-25 00:04:51,0.02122000,1.01000000
2018-02-25 00:04:51,0.02122000,0.22000000
2018-02-25 00:04:51,0.02122000,1.12000000
2018-02-25 00:04:53,0.02122000,3.54000000
2018-02-25 00:04:53,0.02122000,2.87000000
2018-02-25 00:04:54,0.02120100,0.60000000
2018-02-25 00:04:54,0.02122000,5.94000000
2018-02-25 00:04:54,0.02122000,0.52000000
2018-02-25 00:04:55,0.02122000,3.66000000
2018-02-25 00:04:55,0.02122000,2.55000000
2018-02-25 00:04:55,0.02122000,1.41000000
2018-02-25 00:04:55,0.02122000,0.06000000
2018-02-25 00:04:56,0.02120100,0.20000000
2018-02-25 00:05:06,0.02119900,0.13000000
2018-02-25 00:05:07,0.02119900,3.58000000
2018-02-25 00:05:08,0.02122000,7.03000000
2018-02-25 00:05:09,0.02122000,1.00000000
2018-02-25 00:05:09,0.02122600,0.88000000
2018-02-25 00:05:09,0.02122800,0.12000000
2018-02-25 00:05:09,0.02118900,7.06000000
2018-02-25 00:05:09,0.02118700,0.47000000
2018-02-25 00:05:09,0.02117700,0.60000000
2018-02-25 00:05:11,0.02118000,0.19000000
2018-02-25 00:05:12,0.02118100,2.46000000
2018-02-25 00:05:14,0.02117900,2.84000000
2018-02-25 00:05:14,0.02117900,1.41000000
2018-02-25 00:05:16,0.02116800,0.61000000
2018-02-25 00:05:16,0.02116600,1.78000000
2018-02-25 00:05:17,0.02117600,0.10000000
2018-02-25 00:05:18,0.02116600,0.15000000
2018-02-25 00:05:18,0.02117300,0.40000000
2018-02-25 00:05:19,0.02117300,1.44000000
2018-02-25 00:05:20,0.02117000,0.86000000
2018-02-25 00:05:21,0.02116600,4.33000000
2018-02-25 00:05:21,0.02116200,3.85000000
2018-02-25 00:05:21,0.02116000,2.94000000
2018-02-25 00:05:21,0.02116000,0.11000000
2018-02-25 00:05:21,0.02117000,0.01000000
2018-02-25 00:05:21,0.02117200,2.30000000
2018-02-25 00:05:22,0.02117200,0.08000000
2018-02-25 00:05:22,0.02116800,0.11000000
2018-02-25 00:05:22,0.02116800,0.10000000
2018-02-25 00:05:24,0.02117200,0.08000000
2018-02-25 00:05:24,0.02118100,0.10000000
2018-02-25 00:05:24,0.02118400,0.31000000
2018-02-25 00:05:26,0.02117100,0.90000000
2018-02-25 00:05:26,0.02117100,1.47000000
2018-02-25 00:05:26,0.02117400,7.08000000
2018-02-25 00:05:26,0.02116000,0.89000000
2018-02-25 00:05:26,0.02116600,0.14000000
2018-02-25 00:05:26,0.02121300,0.48000000
2018-02-25 00:05:26,0.02121400,0.27000000
2018-02-25 00:05:27,0.02116100,0.15000000
2018-02-25 00:05:28,0.02117100,0.05000000
2018-02-25 00:05:30,0.02116000,0.10000000
2018-02-25 00:05:31,0.02116500,0.47000000
2018-02-25 00:05:32,0.02116200,1.06000000
2018-02-25 00:05:33,0.02116000,5.14000000
2018-02-25 00:05:33,0.02115900,16.74000000
2018-02-25 00:05:33,0.02116200,0.14000000
2018-02-25 00:05:33,0.02116200,1.02000000
2018-02-25 00:05:33,0.02116000,12.22000000
2018-02-25 00:05:33,0.02115900,5.80000000
2018-02-25 00:05:33,0.02115000,12.03000000
2018-02-25 00:05:35,0.02115900,0.09000000
2018-02-25 00:05:35,0.02115000,51.73000000
2018-02-25 00:05:36,0.02115900,0.47000000
2018-02-25 00:05:36,0.02115600,0.09000000
2018-02-25 00:05:37,0.02115000,1.00000000
2018-02-25 00:05:38,0.02115600,0.12000000
2018-02-25 00:05:38,0.02115000,0.47000000
2018-02-25 00:05:41,0.02115100,9.38000000
2018-02-25 00:05:44,0.02114500,0.61000000
2018-02-25 00:05:44,0.02114200,2.13000000
2018-02-25 00:05:45,0.02114200,0.83000000
2018-02-25 00:05:45,0.02114400,0.15000000
2018-02-25 00:05:45,0.02114700,1.06000000
2018-02-25 00:05:45,0.02115000,0.86000000
2018-02-25 00:05:45,0.02116000,0.10000000
2018-02-25 00:05:45,0.02116000,0.26000000
2018-02-25 00:05:45,0.02116500,0.57000000
2018-02-25 00:05:49,0.02116500,1.26000000
2018-02-25 00:05:49,0.02117200,3.24000000
2018-02-25 00:05:50,0.02117300,0.11000000
2018-02-25 00:05:53,0.02117300,0.07000000
2018-02-25 00:05:53,0.02117300,1.50000000
2018-02-25 00:05:53,0.02115400,1.07000000
2018-02-25 00:05:53,0.02115200,3.24000000
2018-02-25 00:05:53,0.02115100,0.57000000
2018-02-25 00:05:54,0.02115100,2.70000000
2018-02-25 00:05:54,0.02115100,1.41000000
2018-02-25 00:05:54,0.02115100,0.23000000
2018-02-25 00:05:54,0.02115100,0.03000000
2018-02-25 00:05:55,0.02117300,6.87000000
2018-02-25 00:05:55,0.02117500,5.47000000
2018-02-25 00:05:55,0.02119200,0.05000000
2018-02-25 00:05:59,0.02117000,1.84000000
2018-02-25 00:05:59,0.02119700,0.15000000
2018-02-25 00:06:07,0.02119200,0.47000000
2018-02-25 00:06:07,0.02119600,0.23000000
2018-02-25 00:06:07,0.02119800,0.99000000
2018-02-25 00:06:10,0.02119700,0.09000000
2018-02-25 00:06:13,0.02119700,0.10000000
2018-02-25 00:06:13,0.02120000,11.15000000
2018-02-25 00:06:15,0.02120000,0.05000000
2018-02-25 00:06:18,0.02120000,7.20000000
2018-02-25 00:06:21,0.02120000,11.00000000
2018-02-25 00:06:21,0.02120000,0.49000000
2018-02-25 00:06:24,0.02120000,1.75000000
2018-02-25 00:06:28,0.02120900,0.84000000
2018-02-25 00:06:28,0.02121000,14.70000000
2018-02-25 00:06:29,0.02121000,1.28000000
2018-02-25 00:06:29,0.02117700,1.28000000
2018-02-25 00:06:30,0.02120700,0.47000000
2018-02-25 00:06:36,0.02120000,0.13000000
2018-02-25 00:06:36,0.02117500,0.99000000
2018-02-25 00:06:36,0.02117400,0.17000000
2018-02-25 00:06:36,0.02117300,3.13000000
2018-02-25 00:06:36,0.02117100,1.17000000
2018-02-25 00:06:36,0.02116200,2.91000000
2018-02-25 00:06:38,0.02120700,2.89000000
2018-02-25 00:06:38,0.02120900,2.91000000
2018-02-25 00:06:38,0.02120600,0.05000000
2018-02-25 00:06:42,0.02118000,2.12000000
2018-02-25 00:06:42,0.02118000,0.85000000
2018-02-25 00:06:43,0.02120500,0.05000000
2018-02-25 00:06:46,0.02118200,0.52000000
2018-02-25 00:06:46,0.02118000,0.19000000
2018-02-25 00:06:49,0.02120500,0.11000000
2018-02-25 00:06:56,0.02119800,0.17000000
2018-02-25 00:06:57,0.02120100,0.29000000
2018-02-25 00:06:57,0.02120100,0.01000000
2018-02-25 00:06:58,0.02120300,0.49000000
2018-02-25 00:07:01,0.02120300,1.26000000
2018-02-25 00:07:02,0.02120200,1.11000000
2018-02-25 00:07:02,0.02120300,0.95000000
2018-02-25 00:07:02,0.02120500,2.94000000
2018-02-25 00:07:02,0.02120100,0.08000000
2018-02-25 00:07:04,0.02120500,4.39000000
2018-02-25 00:07:04,0.02120600,0.61000000
2018-02-25 00:07:07,0.02120500,1.00000000
2018-02-25 00:07:14,0.02120500,1.69000000
2018-02-25 00:07:18,0.02120500,1.41000000
2018-02-25 00:07:18,0.02120500,0.06000000
2018-02-25 00:07:18,0.02120500,0.44000000
2018-02-25 00:07:23,0.02120100,0.21000000
2018-02-25 00:07:23,0.02120500,0.04000000
2018-02-25 00:07:26,0.02117300,1.49000000
2018-02-25 00:07:40,0.02119400,0.15000000
2018-02-25 00:07:50,0.02117300,0.57000000
2018-02-25 00:08:07,0.02117400,3.05000000
2018-02-25 00:08:10,0.02118600,0.68000000
2018-02-25 00:08:10,0.02118600,0.47000000
2018-02-25 00:08:13,0.02117400,1.00000000
2018-02-25 00:08:17,0.02117400,0.96000000
2018-02-25 00:08:19,0.02118600,0.19000000
2018-02-25 00:08:20,0.02117300,1.00000000
2018-02-25 00:08:21,0.02118700,1.82000000
2018-02-25 00:08:21,0.02118700,0.29000000
2018-02-25 00:08:22,0.02118700,0.94000000
2018-02-25 00:08:22,0.02118700,1.82000000
2018-02-25 00:08:23,0.02117400,2.95000000
2018-02-25 00:08:23,0.02117300,45.94000000
2018-02-25 00:08:23,0.02117100,15.00000000
2018-02-25 00:08:23,0.02117100,6.11000000
2018-02-25 00:08:24,0.02117100,18.59000000
2018-02-25 00:08:24,0.02117100,1.00000000
2018-02-25 00:08:26,0.02117100,10.41000000
2018-02-25 00:08:28,0.02116200,1.47000000
2018-02-25 00:08:28,0.02116000,1.09000000
2018-02-25 00:08:28,0.02115000,0.12000000
2018-02-25 00:08:28,0.02114700,0.18000000
2018-02-25 00:08:28,0.02118500,0.19000000
2018-02-25 00:08:29,0.02118500,0.47000000
2018-02-25 00:08:32,0.02115200,0.49000000
2018-02-25 00:08:33,0.02118500,0.36000000
2018-02-25 00:08:33,0.02118900,0.09000000
2018-02-25 00:08:33,0.02119400,0.47000000
2018-02-25 00:08:33,0.02119800,0.13000000
2018-02-25 00:08:36,0.02119000,2.83000000
2018-02-25 00:08:40,0.02115700,0.13000000
2018-02-25 00:08:40,0.02115600,0.60000000
2018-02-25 00:08:43,0.02118800,0.28000000
2018-02-25 00:08:44,0.02115600,20.42000000
2018-02-25 00:08:44,0.02118800,0.21000000
2018-02-25 00:08:44,0.02118900,0.60000000
2018-02-25 00:08:44,0.02119000,3.28000000
2018-02-25 00:08:44,0.02119200,0.12000000
2018-02-25 00:08:44,0.02119700,1.42000000
2018-02-25 00:08:49,0.02119000,0.24000000
2018-02-25 00:08:54,0.02119000,1.76000000
2018-02-25 00:08:55,0.02117900,0.40000000
2018-02-25 00:09:02,0.02116400,0.49000000
2018-02-25 00:09:05,0.02117700,0.25000000
2018-02-25 00:09:11,0.02116200,0.08000000
2018-02-25 00:09:14,0.02116800,0.24000000
2018-02-25 00:09:14,0.02117000,1.10000000
2018-02-25 00:09:18,0.02117000,0.85000000
2018-02-25 00:09:19,0.02116000,6.12000000
2018-02-25 00:09:22,0.02115500,9.14000000
2018-02-25 00:09:24,0.02115500,1.50000000
2018-02-25 00:09:24,0.02117000,0.58000000
2018-02-25 00:09:24,0.02117700,25.00000000
2018-02-25 00:09:24,0.02118000,3.05000000
2018-02-25 00:09:24,0.02119500,4.41000000
2018-02-25 00:09:24,0.02119600,5.23000000
2018-02-25 00:09:25,0.02115900,2.47000000
2018-02-25 00:09:26,0.02116100,7.07000000
2018-02-25 00:09:28,0.02117700,2.35000000
2018-02-25 00:09:29,0.02115700,0.49000000
2018-02-25 00:09:32,0.02117700,0.79000000
2018-02-25 00:09:36,0.02117400,0.11000000
2018-02-25 00:09:39,0.02117400,3.81000000
2018-02-25 00:09:40,0.02117400,0.01000000
2018-02-25 00:09:40,0.02117600,1.40000000
2018-02-25 00:09:40,0.02117600,1.41000000
2018-02-25 00:09:40,0.02117600,1.41000000
2018-02-25 00:09:41,0.02117600,0.11000000
2018-02-25 00:09:42,0.02117600,0.11000000
2018-02-25 00:09:43,0.02117600,1.41000000
2018-02-25 00:09:43,0.02116500,1.45000000
2018-02-25 00:09:43,0.02116300,0.02000000
2018-02-25 00:09:44,0.02117400,0.15000000
2018-02-25 00:09:44,0.02117900,1.88000000
2018-02-25 00:09:44,0.02116400,0.11000000
2018-02-25 00:09:44,0.02116300,0.38000000
2018-02-25 00:09:47,0.02117900,0.01000000
2018-02-25 00:09:48,0.02117900,0.49000000
2018-02-25 00:09:48,0.02116400,0.24000000
2018-02-25 00:09:48,0.02116300,4.32000000
2018-02-25 00:09:48,0.02116200,1.70000000
2018-02-25 00:09:48,0.02116100,6.00000000
2018-02-25 00:09:48,0.02115600,5.82000000
2018-02-25 00:10:00,0.02117800,0.40000000
2018-02-25 00:10:00,0.02116100,0.15000000
2018-02-25 00:10:00,0.02116000,0.36000000
2018-02-25 00:10:00,0.02117800,0.11000000
2018-02-25 00:10:05,0.02117800,2.83000000
2018-02-25 00:10:07,0.02117600,1.04000000
2018-02-25 00:10:08,0.02116200,0.41000000
2018-02-25 00:10:10,0.02116200,3.89000000
2018-02-25 00:10:11,0.02117600,0.94000000
2018-02-25 00:10:12,0.02116300,0.01000000
2018-02-25 00:10:14,0.02116300,0.49000000
2018-02-25 00:10:17,0.02117600,0.94000000
2018-02-25 00:10:22,0.02117600,2.30000000
2018-02-25 00:10:22,0.02117700,0.86000000
2018-02-25 00:10:22,0.02119600,4.14000000
2018-02-25 00:10:22,0.02119900,4.41000000
2018-02-25 00:10:22,0.02120000,19.59000000
2018-02-25 00:10:22,0.02116500,3.43000000
2018-02-25 00:10:23,0.02120000,0.94000000
2018-02-25 00:10:27,0.02119800,0.18000000
2018-02-25 00:10:30,0.02119800,0.49000000
2018-02-25 00:10:32,0.02119800,0.19000000
2018-02-25 00:10:33,0.02119800,0.49000000
2018-02-25 00:10:34,0.02119800,0.15000000
2018-02-25 00:10:37,0.02117700,4.41000000
2018-02-25 00:10:37,0.02117500,10.20000000
2018-02-25 00:10:37,0.02116300,16.92000000
2018-02-25 00:10:37,0.02116200,3.49000000
2018-02-25 00:10:39,0.02119800,0.47000000
2018-02-25 00:10:43,0.02119200,0.23000000
2018-02-25 00:10:43,0.02119200,0.94000000
2018-02-25 00:10:48,0.02118900,0.28000000
2018-02-25 00:11:04,0.02118600,0.94000000
2018-02-25 00:11:04,0.02118600,0.25000000
2018-02-25 00:11:08,0.02118600,2.30000000
2018-02-25 00:11:08,0.02118900,0.08000000
2018-02-25 00:11:12,0.02118900,0.87000000
2018-02-25 00:11:12,0.02118900,0.49000000
2018-02-25 00:11:12,0.02118900,0.05000000
2018-02-25 00:11:14,0.02118900,3.50000000
2018-02-25 00:11:15,0.02118900,0.01000000
2018-02-25 00:11:15,0.02119700,4.41000000
2018-02-25 00:11:15,0.02119800,5.00000000
2018-02-25 00:11:15,0.02120000,10.18000000
2018-02-25 00:11:15,0.02120200,0.09000000
2018-02-25 00:11:15,0.02120500,2.81000000
2018-02-25 00:11:15,0.02120800,13.86000000
2018-02-25 00:11:16,0.02120800,6.14000000
2018-02-25 00:11:16,0.02121000,0.85000000
2018-02-25 00:11:16,0.02118800,0.05000000
2018-02-25 00:11:17,0.02117900,1.62000000
2018-02-25 00:11:18,0.02118800,1.85000000
2018-02-25 00:11:23,0.02118900,18.54000000
2018-02-25 00:11:24,0.02118900,13.36000000
2018-02-25 00:11:24,0.02121000,2.71000000
2018-02-25 00:11:25,0.02118900,0.06000000
2018-02-25 00:11:28,0.02120900,0.94000000
2018-02-25 00:11:30,0.02120800,0.11000000
2018-02-25 00:11:32,0.02119200,0.94000000
2018-02-25 00:11:32,0.02119100,0.96000000
2018-02-25 00:11:32,0.02118900,0.60000000
2018-02-25 00:11:37,0.02120800,0.05000000
2018-02-25 00:11:38,0.02120800,0.11000000
2018-02-25 00:11:40,0.02120800,0.42000000
2018-02-25 00:11:40,0.02120800,1.88000000
2018-02-25 00:11:41,0.02120000,3.97000000
2018-02-25 00:11:44,0.02120000,1.37000000
2018-02-25 00:11:44,0.02120000,1.99000000
2018-02-25 00:11:44,0.02118900,0.15000000
2018-02-25 00:11:46,0.02120000,1.41000000
2018-02-25 00:11:46,0.02118900,1.50000000
2018-02-25 00:11:48,0.02120000,0.63000000
2018-02-25 00:11:49,0.02118900,0.14000000
2018-02-25 00:11:53,0.02120000,0.32000000
2018-02-25 00:11:53,0.02120000,0.50000000
2018-02-25 00:11:53,0.02120700,1.46000000
2018-02-25 00:11:53,0.02120800,1.85000000
2018-02-25 00:11:53,0.02120800,4.58000000
2018-02-25 00:11:56,0.02118900,0.25000000
2018-02-25 00:11:58,0.02118900,1.41000000
2018-02-25 00:12:02,0.02116700,2.13000000
2018-02-25 00:12:03,0.02116700,0.24000000
2018-02-25 00:12:04,0.02118900,0.94000000
2018-02-25 00:12:05,0.02118900,0.47000000
2018-02-25 00:12:07,0.02118900,0.38000000
2018-02-25 00:12:08,0.02118900,0.11000000
2018-02-25 00:12:11,0.02118900,0.94000000
2018-02-25 00:12:12,0.02118900,0.06000000
2018-02-25 00:12:12,0.02118900,0.12000000
2018-02-25 00:12:12,0.02118900,1.41000000
2018-02-25 00:12:12,0.02118900,0.67000000
2018-02-25 00:12:12,0.02117000,1.41000000
2018-02-25 00:12:13,0.02120800,0.27000000
2018-02-25 00:12:14,0.02117600,0.20000000
2018-02-25 00:12:15,0.02117800,0.86000000
2018-02-25 00:12:15,0.02120600,0.21000000
2018-02-25 00:12:15,0.02120800,0.28000000
2018-02-25 00:12:16,0.02116900,0.22000000
2018-02-25 00:12:16,0.02116900,3.89000000
2018-02-25 00:12:17,0.02116900,0.12000000
2018-02-25 00:12:17,0.02116900,0.08000000
2018-02-25 00:12:23,0.02116900,1.26000000
2018-02-25 00:12:30,0.02116900,0.49000000
2018-02-25 00:12:31,0.02120300,1.00000000
2018-02-25 00:12:34,0.02118900,0.68000000
2018-02-25 00:12:38,0.02120000,1.00000000
2018-02-25 00:12:40,0.02118900,0.01000000
2018-02-25 00:12:40,0.02116800,4.06000000
2018-02-25 00:12:41,0.02116900,0.17000000
2018-02-25 00:12:42,0.02116900,0.05000000
2018-02-25 00:12:49,0.02116900,0.40000000
2018-02-25 00:13:05,0.02117000,0.61000000
2018-02-25 00:13:07,0.02117000,1.08000000
2018-02-25 00:13:14,0.02118900,0.05000000
2018-02-25 00:13:21,0.02119600,1.17000000
2018-02-25 00:13:39,0.02118900,0.01000000
2018-02-25 00:13:40,0.02118800,1.38000000
2018-02-25 00:13:40,0.02118800,1.49000000
2018-02-25 00:13:40,0.02118800,1.18000000
2018-02-25 00:13:42,0.02118800,0.01000000
2018-02-25 00:13:42,0.02118900,0.48000000
2018-02-25 00:13:46,0.02117400,0.92000000
2018-02-25 00:13:49,0.02118900,0.73000000
2018-02-25 00:13:49,0.02118900,0.49000000
2018-02-25 00:13:52,0.02118900,2.10000000
2018-02-25 00:13:54,0.02117400,16.00000000
2018-02-25 00:14:01,0.02118900,1.17000000
2018-02-25 00:14:09,0.02118800,0.28000000
2018-02-25 00:14:17,0.02118800,0.48000000
2018-02-25 00:14:19,0.02118800,4.25000000
2018-02-25 00:14:24,0.02118800,1.14000000
2018-02-25 00:14:24,0.02118800,0.20000000
2018-02-25 00:14:33,0.02118800,0.01000000
2018-02-25 00:14:34,0.02118900,1.63000000
2018-02-25 00:14:41,0.02118900,0.01000000
2018-02-25 00:14:41,0.02119000,0.30000000
2018-02-25 00:14:41,0.02119000,0.05000000
2018-02-25 00:14:41,0.02119000,0.11000000
2018-02-25 00:14:43,0.02119000,0.11000000
2018-02-25 00:14:44,0.02119000,9.89000000
2018-02-25 00:14:45,0.02119000,0.35000000
2018-02-25 00:14:45,0.02119000,12.60000000
2018-02-25 00:14:53,0.02118800,0.10000000
2018-02-25 00:14:53,0.02117700,0.39000000
2018-02-25 00:15:01,0.02118900,0.47000000
2018-02-25 00:15:06,0.02118900,6.29000000
2018-02-25 00:15:06,0.02119000,1.93000000
2018-02-25 00:15:07,0.02119000,0.16000000
2018-02-25 00:15:07,0.02119000,0.10000000
2018-02-25 00:15:09,0.02119000,0.37000000
2018-02-25 00:15:15,0.02119000,0.13000000
2018-02-25 00:15:26,0.02119000,0.11000000
2018-02-25 00:15:35,0.02119000,0.28000000
2018-02-25 00:15:38,0.02119000,1.00000000
2018-02-25 00:15:40,0.02119000,0.47000000
2018-02-25 00:15:45,0.02119000,0.62000000
2018-02-25 00:15:47,0.02119000,0.19000000
2018-02-25 00:15:47,0.02119000,10.40000000
2018-02-25 00:15:49,0.02119000,0.78000000
2018-02-25 00:15:49,0.02119000,0.19000000
2018-02-25 00:15:51,0.02118800,0.09000000
2018-02-25 00:15:51,0.02119000,3.82000000
2018-02-25 00:15:51,0.02119000,2.54000000
2018-02-25 00:15:51,0.02119000,0.19000000
2018-02-25 00:15:51,0.02117900,0.23000000
2018-02-25 00:15:51,0.02117700,0.16000000
2018-02-25 00:15:51,0.02117600,0.36000000
2018-02-25 00:15:51,0.02117500,0.86000000
2018-02-25 00:15:52,0.02119000,4.45000000
2018-02-25 00:15:52,0.02120000,2.00000000
2018-02-25 00:15:52,0.02122000,4.41000000
2018-02-25 00:15:52,0.02122100,2.13000000
2018-02-25 00:15:53,0.02122500,2.54000000
2018-02-25 00:15:55,0.02122500,3.46000000
2018-02-25 00:15:55,0.02122500,3.93000000
2018-02-25 00:15:55,0.02122500,0.07000000
2018-02-25 00:15:55,0.02119700,0.12000000
2018-02-25 00:15:55,0.02119700,1.01000000
2018-02-25 00:15:56,0.02122600,0.48000000
2018-02-25 00:15:57,0.02122500,0.11000000
2018-02-25 00:15:57,0.02122500,0.08000000
2018-02-25 00:16:00,0.02123000,0.62000000
2018-02-25 00:16:04,0.02120100,2.18000000
2018-02-25 00:16:07,0.02120100,2.27000000
2018-02-25 00:16:07,0.02119700,3.28000000
2018-02-25 00:16:07,0.02119000,0.19000000
2018-02-25 00:16:07,0.02118700,0.47000000
2018-02-25 00:16:07,0.02117600,36.45000000
2018-02-25 00:16:13,0.02118900,0.89000000
2018-02-25 00:16:13,0.02118900,0.08000000
2018-02-25 00:16:18,0.02119900,32.85000000
2018-02-25 00:16:19,0.02119900,1.13000000
2018-02-25 00:16:21,0.02118900,0.66000000
2018-02-25 00:16:23,0.02118400,0.10000000
2018-02-25 00:16:23,0.02118900,0.10000000
2018-02-25 00:16:24,0.02118800,0.81000000
2018-02-25 00:16:25,0.02118900,1.39000000
2018-02-25 00:16:25,0.02119900,2.07000000
2018-02-25 00:16:26,0.02119900,0.40000000
2018-02-25 00:16:26,0.02120000,0.09000000
2018-02-25 00:16:32,0.02119900,0.49000000
2018-02-25 00:16:35,0.02120000,0.22000000
2018-02-25 00:16:36,0.02120000,0.08000000
2018-02-25 00:16:38,0.02120000,0.40000000
2018-02-25 00:16:38,0.02119900,0.49000000
2018-02-25 00:16:39,0.02120000,0.10000000
2018-02-25 00:16:40,0.02120000,0.17000000
2018-02-25 00:16:47,0.02119900,0.49000000
2018-02-25 00:16:48,0.02120000,10.30000000
2018-02-25 00:16:52,0.02119900,0.70000000
2018-02-25 00:16:52,0.02120000,3.37000000
2018-02-25 00:16:53,0.02119900,0.14000000
2018-02-25 00:16:56,0.02120000,16.89000000
2018-02-25 00:16:56,0.02119900,0.49000000
2018-02-25 00:17:00,0.02119900,0.49000000
2018-02-25 00:17:02,0.02119900,0.34000000
2018-02-25 00:17:02,0.02119900,25.47000000
2018-02-25 00:17:04,0.02119900,4.63000000
2018-02-25 00:17:06,0.02120000,0.49000000
2018-02-25 00:17:07,0.02120000,0.08000000
2018-02-25 00:17:07,0.02120000,10.36000000
2018-02-25 00:17:07,0.02118800,0.09000000
2018-02-25 00:17:07,0.02117800,0.10000000
2018-02-25 00:17:13,0.02120000,1.00000000
2018-02-25 00:17:14,0.02120000,0.05000000
2018-02-25 00:17:14,0.02120000,0.07000000
2018-02-25 00:17:15,0.02120000,0.23000000
2018-02-25 00:17:17,0.02120000,1.01000000
2018-02-25 00:17:17,0.02120000,1.41000000
2018-02-25 00:17:17,0.02120000,1.41000000
2018-02-25 00:17:17,0.02120000,1.41000000
2018-02-25 00:17:17,0.02120000,1.41000000
2018-02-25 00:17:17,0.02120000,1.41000000
2018-02-25 00:17:17,0.02120000,1.41000000
2018-02-25 00:17:17,0.02120000,5.45000000
2018-02-25 00:17:17,0.02120000,1.41000000
2018-02-25 00:17:17,0.02120000,0.34000000
2018-02-25 00:17:17,0.02120000,1.41000000
2018-02-25 00:17:17,0.02120000,1.41000000
2018-02-25 00:17:17,0.02120000,1.41000000
2018-02-25 00:17:17,0.02120000,1.41000000
2018-02-25 00:17:18,0.02120000,1.41000000
2018-02-25 00:17:19,0.02120000,0.05000000
2018-02-25 00:17:19,0.02120000,80.62000000
2018-02-25 00:17:20,0.02120000,14.15000000
2018-02-25 00:17:22,0.02120000,33.36000000
2018-02-25 00:17:22,0.02120000,1.66000000
2018-02-25 00:17:25,0.02120000,1.34000000
2018-02-25 00:17:26,0.02123000,0.47000000
2018-02-25 00:17:30,0.02123000,0.50000000
2018-02-25 00:17:31,0.02123000,0.50000000
2018-02-25 00:17:32,0.02124900,0.47000000
2018-02-25 00:17:32,0.02123000,0.01000000
2018-02-25 00:17:33,0.02120300,0.22000000
2018-02-25 00:17:36,0.02120000,0.98000000
2018-02-25 00:17:40,0.02120000,4.99000000
2018-02-25 00:17:44,0.02120000,0.08000000
2018-02-25 00:17:48,0.02122300,0.49000000
2018-02-25 00:17:49,0.02122300,0.16000000
2018-02-25 00:17:49,0.02122400,0.24000000
2018-02-25 00:17:49,0.02122500,0.13000000
2018-02-25 00:17:57,0.02120000,0.05000000
2018-02-25 00:17:58,0.02122100,0.19000000
2018-02-25 00:18:03,0.02120000,0.05000000
2018-02-25 00:18:03,0.02120000,0.05000000
2018-02-25 00:18:03,0.02120000,0.11000000
2018-02-25 00:18:04,0.02120000,1.21000000
2018-02-25 00:18:08,0.02120000,2.00000000
2018-02-25 00:18:09,0.02120000,0.10000000
2018-02-25 00:18:11,0.02120000,0.71000000
2018-02-25 00:18:12,0.02120000,1.35000000
2018-02-25 00:18:12,0.02120000,0.80000000
2018-02-25 00:18:14,0.02120100,4.31000000
2018-02-25 00:18:16,0.02121600,0.45000000
2018-02-25 00:18:21,0.02121600,0.28000000
2018-02-25 00:18:23,0.02121600,0.01000000
2018-02-25 00:18:24,0.02121700,0.38000000
2018-02-25 00:18:24,0.02121600,0.11000000
2018-02-25 00:18:26,0.02123000,0.02000000
2018-02-25 00:18:26,0.02121600,0.07000000
2018-02-25 00:18:27,0.02120300,1.26000000
2018-02-25 00:18:27,0.02120300,0.07000000
2018-02-25 00:18:32,0.02120400,0.10000000
2018-02-25 00:18:34,0.02120400,4.31000000
2018-02-25 00:18:34,0.02120300,0.53000000
2018-02-25 00:18:40,0.02120500,0.46000000
2018-02-25 00:18:42,0.02120500,1.03000000
2018-02-25 00:18:45,0.02120500,1.13000000
2018-02-25 00:18:48,0.02120500,0.34000000
2018-02-25 00:18:53,0.02121500,0.50000000
2018-02-25 00:18:57,0.02120500,6.21000000
2018-02-25 00:18:58,0.02120500,4.29000000
2018-02-25 00:18:58,0.02120500,1.00000000
2018-02-25 00:18:59,0.02120500,3.30000000
2018-02-25 00:19:02,0.02120500,3.13000000
2018-02-25 00:19:07,0.02120300,0.05000000
2018-02-25 00:19:07,0.02120300,0.05000000
2018-02-25 00:19:09,0.02120500,0.22000000
2018-02-25 00:19:11,0.02120300,1.68000000
2018-02-25 00:19:13,0.02120300,0.67000000
2018-02-25 00:19:15,0.02120300,0.25000000
2018-02-25 00:19:16,0.02120300,3.24000000
2018-02-25 00:19:16,0.02120100,15.69000000
2018-02-25 00:19:16,0.02120000,0.57000000
2018-02-25 00:19:16,0.02120000,0.18000000
2018-02-25 00:19:21,0.02120000,2.36000000
2018-02-25 00:19:21,0.02120000,0.05000000
2018-02-25 00:19:21,0.02120000,0.05000000
2018-02-25 00:19:22,0.02120000,0.46000000
2018-02-25 00:19:22,0.02120000,1.00000000
2018-02-25 00:19:23,0.02120000,2.36000000
2018-02-25 00:19:23,0.02120000,0.11000000
2018-02-25 00:19:26,0.02120000,0.90000000
2018-02-25 00:19:27,0.02120000,0.08000000
2018-02-25 00:19:36,0.02120000,0.10000000
2018-02-25 00:19:39,0.02120400,0.14000000
2018-02-25 00:19:41,0.02120000,0.10000000
2018-02-25 00:19:42,0.02120000,1.69000000
2018-02-25 00:19:45,0.02120000,14.54000000
2018-02-25 00:19:45,0.02119000,0.10000000
2018-02-25 00:19:47,0.02119000,4.03000000
2018-02-25 00:19:51,0.02120000,0.19000000
2018-02-25 00:19:53,0.02120000,0.19000000
2018-02-25 00:19:55,0.02120000,0.72000000
2018-02-25 00:19:57,0.02119000,0.47000000
2018-02-25 00:19:58,0.02120000,0.20000000
2018-02-25 00:20:01,0.02120000,0.19000000
2018-02-25 00:20:02,0.02120000,0.70000000
2018-02-25 00:20:04,0.02119900,0.51000000
2018-02-25 00:20:12,0.02119000,0.01000000
2018-02-25 00:20:12,0.02118000,8.07000000
2018-02-25 00:20:20,0.02118000,0.06000000
2018-02-25 00:20:29,0.02118000,3.44000000
2018-02-25 00:20:39,0.02118000,0.47000000
2018-02-25 00:20:43,0.02117500,1.09000000
2018-02-25 00:20:46,0.02118000,0.10000000
2018-02-25 00:20:48,0.02117500,1.00000000
2018-02-25 00:20:55,0.02117900,0.34000000
2018-02-25 00:20:59,0.02117500,2.87000000
2018-02-25 00:21:00,0.02117800,1.44000000
2018-02-25 00:21:04,0.02117800,0.01000000
2018-02-25 00:21:04,0.02117900,0.48000000
2018-02-25 00:21:08,0.02117500,0.26000000
2018-02-25 00:21:10,0.02117900,0.49000000
2018-02-25 00:21:12,0.02117500,1.02000000
2018-02-25 00:21:15,0.02117900,0.72000000
2018-02-25 00:21:17,0.02117900,0.72000000
2018-02-25 00:21:19,0.02117900,0.49000000
2018-02-25 00:21:19,0.02117900,0.20000000
2018-02-25 00:21:21,0.02117900,0.82000000
2018-02-25 00:21:22,0.02117900,0.34000000
2018-02-25 00:21:24,0.02117900,0.34000000
2018-02-25 00:21:26,0.02117900,0.19000000
2018-02-25 00:21:37,0.02117900,0.20000000
2018-02-25 00:21:37,0.02117900,0.19000000
2018-02-25 00:21:39,0.02117900,0.43000000
2018-02-25 00:21:41,0.02117900,11.41000000
2018-02-25 00:21:42,0.02117900,0.19000000
2018-02-25 00:21:44,0.02117900,0.19000000
2018-02-25 00:21:46,0.02117900,0.19000000
2018-02-25 00:21:57,0.02117900,0.59000000
2018-02-25 00:22:00,0.02117900,0.15000000
2018-02-25 00:22:07,0.02117500,0.11000000
2018-02-25 00:22:07,0.02117800,1.00000000
2018-02-25 00:22:09,0.02117500,3.27000000
2018-02-25 00:22:09,0.02117000,2.35000000
2018-02-25 00:22:10,0.02117000,0.11000000
2018-02-25 00:22:16,0.02116500,1.59000000
2018-02-25 00:22:18,0.02116500,6.19000000
2018-02-25 00:22:20,0.02116500,1.50000000
2018-02-25 00:22:24,0.02116500,19.27000000
2018-02-25 00:22:24,0.02116400,0.09000000
2018-02-25 00:22:24,0.02116100,0.94000000
2018-02-25 00:22:28,0.02116400,0.10000000
2018-02-25 00:22:28,0.02116100,2.84000000
2018-02-25 00:22:29,0.02117800,0.07000000
2018-02-25 00:22:33,0.02116400,0.10000000
2018-02-25 00:22:33,0.02116100,0.54000000
2018-02-25 00:22:38,0.02117800,1.21000000
2018-02-25 00:22:44,0.02117800,2.36000000
2018-02-25 00:22:47,0.02116500,0.82000000
2018-02-25 00:22:47,0.02116400,0.10000000
2018-02-25 00:22:47,0.02116100,1.07000000
2018-02-25 00:22:47,0.02117800,2.36000000
2018-02-25 00:22:49,0.02116500,0.10000000
2018-02-25 00:22:49,0.02116400,0.10000000
2018-02-25 00:22:49,0.02116100,0.06000000
2018-02-25 00:22:50,0.02117800,2.36000000
2018-02-25 00:22:51,0.02117800,2.36000000
2018-02-25 00:22:53,0.02117800,2.36000000
2018-02-25 00:22:54,0.02117800,1.02000000
2018-02-25 00:22:55,0.02117800,2.36000000
2018-02-25 00:22:56,0.02117800,24.06000000
2018-02-25 00:22:56,0.02117800,9.21000000
2018-02-25 00:22:56,0.02117900,6.36000000
2018-02-25 00:22:56,0.02118000,8.43000000
2018-02-25 00:22:56,0.02118000,20.23000000
2018-02-25 00:22:56,0.02118300,0.11000000
2018-02-25 00:22:57,0.02120000,2.36000000
2018-02-25 00:22:58,0.02119900,3.91000000
2018-02-25 00:22:58,0.02120000,2.36000000
2018-02-25 00:23:06,0.02118400,2.72000000
2018-02-25 00:23:06,0.02117000,14.28000000
2018-02-25 00:23:15,0.02117100,1.76000000
2018-02-25 00:23:22,0.02118900,0.93000000
2018-02-25 00:23:31,0.02117100,0.71000000
2018-02-25 00:23:38,0.02117100,0.08000000
2018-02-25 00:23:44,0.02118900,1.37000000
2018-02-25 00:23:49,0.02119000,1.00000000
2018-02-25 00:23:56,0.02119000,0.67000000
2018-02-25 00:23:58,0.02118900,0.11000000
2018-02-25 00:23:59,0.02118900,0.49000000
2018-02-25 00:24:06,0.02118900,2.84000000
2018-02-25 00:24:08,0.02118900,1.89000000
2018-02-25 00:24:14,0.02118900,1.64000000
2018-02-25 00:24:20,0.02117900,0.10000000
2018-02-25 00:24:20,0.02117800,0.29000000
2018-02-25 00:24:20,0.02117100,0.56000000
2018-02-25 00:24:24,0.02118900,0.45000000
2018-02-25 00:24:29,0.02118900,0.47000000
2018-02-25 00:24:30,0.02117900,0.10000000
2018-02-25 00:24:30,0.02117800,0.10000000
2018-02-25 00:24:30,0.02117100,0.29000000
2018-02-25 00:24:33,0.02117900,0.10000000
2018-02-25 00:24:33,0.02117800,0.10000000
2018-02-25 00:24:33,0.02117100,6.82000000
2018-02-25 00:24:38,0.02118900,0.47000000
2018-02-25 00:24:39,0.02118900,0.78000000
2018-02-25 00:24:39,0.02119000,0.46000000
2018-02-25 00:24:40,0.02117900,0.10000000
2018-02-25 00:24:49,0.02119000,3.66000000
2018-02-25 00:24:51,0.02117900,0.10000000
2018-02-25 00:24:51,0.02117800,0.10000000
2018-02-25 00:24:51,0.02117100,0.29000000
2018-02-25 00:24:51,0.02117100,1.27000000
2018-02-25 00:24:53,0.02117900,2.36000000
2018-02-25 00:24:53,0.02117900,0.10000000
2018-02-25 00:24:55,0.02117900,3.49000000
2018-02-25 00:24:55,0.02119000,0.84000000
2018-02-25 00:24:55,0.02119900,9.00000000
2018-02-25 00:24:55,0.02120000,19.65000000
2018-02-25 00:24:55,0.02120400,0.47000000
2018-02-25 00:24:55,0.02120500,1.00000000
2018-02-25 00:24:55,0.02120600,0.09000000
2018-02-25 00:24:55,0.02122400,0.43000000
2018-02-25 00:24:55,0.02122400,0.05000000
2018-02-25 00:24:55,0.02122900,0.13000000
2018-02-25 00:24:55,0.02123000,0.17000000
2018-02-25 00:24:55,0.02123600,1.20000000
2018-02-25 00:24:55,0.02123600,0.47000000
2018-02-25 00:24:56,0.02123500,0.07000000
2018-02-25 00:24:59,0.02119600,0.16000000
2018-02-25 00:25:00,0.02119700,2.45000000
2018-02-25 00:25:00,0.02119400,0.94000000
2018-02-25 00:25:00,0.02119000,14.70000000
2018-02-25 00:25:00,0.02118500,0.24000000
2018-02-25 00:25:00,0.02117900,2.00000000
2018-02-25 00:25:00,0.02117800,0.10000000
2018-02-25 00:25:00,0.02117100,2.76000000
2018-02-25 00:25:00,0.02117100,6.90000000
2018-02-25 00:25:00,0.02117100,1.27000000
2018-02-25 00:25:00,0.02117100,1.41000000
2018-02-25 00:25:00,0.02117100,0.57000000
2018-02-25 00:25:00,0.02117100,1.52000000
2018-02-25 00:25:00,0.02117100,0.25000000
2018-02-25 00:25:00,0.02117100,0.21000000
2018-02-25 00:25:00,0.02117100,0.10000000
2018-02-25 00:25:00,0.02117100,0.32000000
2018-02-25 00:25:00,0.02117100,0.26000000
2018-02-25 00:25:00,0.02117100,0.26000000
2018-02-25 00:25:01,0.02117100,1.41000000
2018-02-25 00:25:01,0.02117100,0.10000000
2018-02-25 00:25:01,0.02117000,0.10000000
2018-02-25 00:25:01,0.02116900,1.53000000
2018-02-25 00:25:01,0.02116900,0.10000000
2018-02-25 00:25:01,0.02116900,0.06000000
2018-02-25 00:25:01,0.02116900,0.28000000
2018-02-25 00:25:01,0.02116900,0.10000000
2018-02-25 00:25:01,0.02116900,1.41000000
2018-02-25 00:25:01,0.02116900,1.35000000
2018-02-25 00:25:01,0.02116900,2.13000000
2018-02-25 00:25:01,0.02117100,1.41000000
2018-02-25 00:25:01,0.02117100,0.10000000
2018-02-25 00:25:01,0.02117100,1.41000000
2018-02-25 00:25:01,0.02117000,1.41000000
2018-02-25 00:25:01,0.02117000,0.10000000
2018-02-25 00:25:01,0.02117000,0.94000000
2018-02-25 00:25:01,0.02117100,0.33000000
2018-02-25 00:25:01,0.02117100,1.41000000
2018-02-25 00:25:01,0.02117100,0.10000000
2018-02-25 00:25:01,0.02117100,1.41000000
2018-02-25 00:25:01,0.02117100,1.41000000
2018-02-25 00:25:01,0.02117100,1.41000000
2018-02-25 00:25:01,0.02117100,19.57000000
2018-02-25 00:25:02,0.02117100,1.41000000
2018-02-25 00:25:02,0.02117100,1.45000000
2018-02-25 00:25:02,0.02117100,1.71000000
2018-02-25 00:25:02,0.02117100,0.26000000
2018-02-25 00:25:02,0.02117100,1.71000000
2018-02-25 00:25:02,0.02117100,1.71000000
2018-02-25 00:25:02,0.02117100,3.72000000
2018-02-25 00:25:02,0.02117100,0.40000000
2018-02-25 00:25:02,0.02117100,1.05000000
2018-02-25 00:25:03,0.02117100,1.05000000
2018-02-25 00:25:03,0.02117100,1.41000000
2018-02-25 00:25:03,0.02117100,1.41000000
2018-02-25 00:25:03,0.02117100,1.27000000
2018-02-25 00:25:03,0.02117100,1.50000000
2018-02-25 00:25:04,0.02117100,0.39000000
2018-02-25 00:25:04,0.02117100,0.24000000
2018-02-25 00:25:06,0.02116400,0.49000000
2018-02-25 00:25:07,0.02117100,1.50000000
2018-02-25 00:25:07,0.02117100,0.10000000
2018-02-25 00:25:09,0.02117100,5.74000000
2018-02-25 00:25:10,0.02116500,0.24000000
2018-02-25 00:25:10,0.02116400,0.82000000
2018-02-25 00:25:10,0.02117100,1.41000000
2018-02-25 00:25:10,0.02117100,1.41000000
2018-02-25 00:25:10,0.02117100,0.10000000
2018-02-25 00:25:10,0.02117100,1.41000000
2018-02-25 00:25:11,0.02117100,0.23000000
2018-02-25 00:25:11,0.02117100,0.23000000
2018-02-25 00:25:11,0.02117100,0.21000000
2018-02-25 00:25:11,0.02117100,1.50000000
2018-02-25 00:25:13,0.02117100,0.11000000
2018-02-25 00:25:15,0.02117100,2.00000000
2018-02-25 00:25:16,0.02117100,1.50000000
2018-02-25 00:25:16,0.02117100,0.31000000
2018-02-25 00:25:16,0.02117100,2.36000000
2018-02-25 00:25:17,0.02117100,0.41000000
2018-02-25 00:25:18,0.02117100,2.36000000
2018-02-25 00:25:18,0.02117100,18.89000000
2018-02-25 00:25:20,0.02117100,2.36000000
2018-02-25 00:25:21,0.02117100,27.45000000
2018-02-25 00:25:22,0.02117100,2.38000000
2018-02-25 00:25:22,0.02117100,2.36000000
2018-02-25 00:25:22,0.02117100,13.04000000
2018-02-25 00:25:22,0.02120000,1.00000000
2018-02-25 00:25:22,0.02121900,3.74000000
2018-02-25 00:25:23,0.02121900,0.40000000
2018-02-25 00:25:23,0.02122000,1.10000000
2018-02-25 00:25:30,0.02121000,0.22000000
2018-02-25 00:25:32,0.02120200,7.07000000
2018-02-25 00:25:32,0.02120000,0.86000000
2018-02-25 00:25:32,0.02120000,1.26000000
2018-02-25 00:25:33,0.02120000,3.41000000
2018-02-25 00:25:33,0.02120000,3.25000000
2018-02-25 00:25:37,0.02122000,0.28000000
2018-02-25 00:25:37,0.02122000,0.11000000
2018-02-25 00:25:39,0.02122000,1.55000000
2018-02-25 00:25:39,0.02122000,0.83000000
2018-02-25 00:25:44,0.02122000,1.54000000
2018-02-25 00:25:47,0.02122000,0.06000000
2018-02-25 00:25:50,0.02122000,1.34000000
2018-02-25 00:25:50,0.02122000,1.00000000
2018-02-25 00:25:52,0.02122000,0.22000000
2018-02-25 00:25:53,0.02121800,4.04000000
2018-02-25 00:25:55,0.02121800,2.32000000
2018-02-25 00:26:13,0.02120700,0.05000000
2018-02-25 00:26:13,0.02120700,0.05000000
2018-02-25 00:26:13,0.02120700,0.06000000
2018-02-25 00:26:21,0.02120000,6.13000000
2018-02-25 00:26:30,0.02120000,4.03000000
2018-02-25 00:26:32,0.02120000,1.11000000
2018-02-25 00:26:34,0.02120000,6.55000000
2018-02-25 00:26:34,0.02120000,0.05000000
2018-02-25 00:26:34,0.02119900,0.55000000
2018-02-25 00:26:35,0.02119900,0.92000000
2018-02-25 00:26:36,0.02119900,0.26000000
2018-02-25 00:26:37,0.02119900,0.52000000
2018-02-25 00:26:38,0.02119900,1.00000000
2018-02-25 00:26:41,0.02120000,0.29000000
2018-02-25 00:26:52,0.02119900,0.40000000
2018-02-25 00:27:03,0.02120000,1.41000000
2018-02-25 00:27:03,0.02120000,1.41000000
2018-02-25 00:27:03,0.02120000,1.16000000
2018-02-25 00:27:04,0.02120000,0.40000000
2018-02-25 00:27:05,0.02120000,1.00000000
2018-02-25 00:27:07,0.02120000,0.49000000
2018-02-25 00:27:08,0.02119900,0.18000000
2018-02-25 00:27:17,0.02119000,0.53000000
2018-02-25 00:27:17,0.02118100,0.23000000
2018-02-25 00:27:17,0.02118000,2.01000000
2018-02-25 00:27:26,0.02118200,0.22000000
2018-02-25 00:27:26,0.02118100,0.23000000
2018-02-25 00:27:26,0.02118000,12.79000000
2018-02-25 00:27:26,0.02117000,0.36000000
2018-02-25 00:27:26,0.02116900,4.99000000
2018-02-25 00:27:31,0.02119800,1.41000000
2018-02-25 00:27:31,0.02119800,3.22000000
2018-02-25 00:27:31,0.02119800,0.36000000
2018-02-25 00:27:31,0.02119900,2.86000000
2018-02-25 00:27:36,0.02117300,0.09000000
2018-02-25 00:27:45,0.02119900,0.21000000
2018-02-25 00:27:55,0.02119900,0.14000000
2018-02-25 00:28:02,0.02119900,0.68000000
2018-02-25 00:28:11,0.02119900,0.49000000
2018-02-25 00:28:21,0.02119900,0.20000000
2018-02-25 00:28:34,0.02119900,1.00000000
2018-02-25 00:28:34,0.02118200,0.05000000
2018-02-25 00:28:34,0.02119900,0.47000000
2018-02-25 00:28:38,0.02118200,0.19000000
2018-02-25 00:28:39,0.02119900,1.12000000
2018-02-25 00:28:49,0.02119900,5.06000000
2018-02-25 00:29:11,0.02119900,0.10000000
2018-02-25 00:29:15,0.02119900,1.41000000
2018-02-25 00:29:15,0.02119900,7.90000000
2018-02-25 00:29:15,0.02119900,4.36000000
2018-02-25 00:29:15,0.02119900,1.41000000
2018-02-25 00:29:15,0.02119900,1.41000000
2018-02-25 00:29:15,0.02119900,1.41000000
2018-02-25 00:29:15,0.02119900,1.41000000
2018-02-25 00:29:15,0.02119900,1.41000000
2018-02-25 00:29:15,0.02119900,1.41000000
2018-02-25 00:29:16,0.02119900,1.53000000
2018-02-25 00:29:16,0.02119900,1.41000000
2018-02-25 00:29:33,0.02120000,0.62000000
2018-02-25 00:29:40,0.02118300,0.23000000
2018-02-25 00:29:40,0.02118000,0.63000000
2018-02-25 00:29:44,0.02118200,0.23000000
2018-02-25 00:29:44,0.02118000,3.29000000
2018-02-25 00:29:45,0.02118000,11.58000000
2018-02-25 00:29:45,0.02117200,0.42000000
2018-02-25 00:29:45,0.02117200,12.00000000
2018-02-25 00:29:51,0.02118100,0.17000000
2018-02-25 00:29:51,0.02117200,8.17000000
2018-02-25 00:29:54,0.02119000,0.13000000
2018-02-25 00:29:55,0.02119100,11.55000000
2018-02-25 00:29:57,0.02117200,8.96000000
2018-02-25 00:30:02,0.02119100,0.53000000
2018-02-25 00:30:02,0.02119100,0.49000000
2018-02-25 00:30:05,0.02119000,0.11000000
2018-02-25 00:30:09,0.02117300,2.06000000
2018-02-25 00:30:09,0.02117200,0.55000000
2018-02-25 00:30:09,0.02117000,2.30000000
2018-02-25 00:30:14,0.02119000,0.42000000
2018-02-25 00:30:18,0.02117300,0.10000000
2018-02-25 00:30:18,0.02117200,0.10000000
2018-02-25 00:30:18,0.02117000,0.29000000
2018-02-25 00:30:21,0.02118300,0.95000000
2018-02-25 00:30:22,0.02118300,9.27000000
2018-02-25 00:30:27,0.02117300,0.10000000
2018-02-25 00:30:27,0.02117200,0.10000000
2018-02-25 00:30:27,0.02117000,0.29000000
2018-02-25 00:30:36,0.02118800,0.46000000
2018-02-25 00:30:38,0.02118800,10.42000000
2018-02-25 00:30:39,0.02117300,0.10000000
2018-02-25 00:30:39,0.02117300,0.60000000
2018-02-25 00:30:41,0.02118800,0.01000000
2018-02-25 00:30:41,0.02118900,0.11000000
2018-02-25 00:30:41,0.02118900,1.31000000
2018-02-25 00:30:41,0.02119000,1.41000000
2018-02-25 00:30:41,0.02119000,1.41000000
2018-02-25 00:30:41,0.02119000,1.41000000
2018-02-25 00:30:41,0.02119000,1.41000000
2018-02-25 00:30:45,0.02119100,0.12000000
2018-02-25 00:30:49,0.02117300,0.10000000
2018-02-25 00:30:49,0.02117200,0.10000000
2018-02-25 00:30:49,0.02117000,8.97000000
2018-02-25 00:30:55,0.02119000,0.11000000
2018-02-25 00:30:56,0.02119000,1.41000000
2018-02-25 00:30:56,0.02119000,0.12000000
2018-02-25 00:30:56,0.02119000,1.41000000
2018-02-25 00:30:56,0.02119000,0.21000000
2018-02-25 00:30:56,0.02119000,0.22000000
2018-02-25 00:30:56,0.02119000,1.06000000
2018-02-25 00:30:59,0.02119100,0.11000000
2018-02-25 00:31:00,0.02119000,0.64000000
2018-02-25 00:31:03,0.02119000,0.47000000
2018-02-25 00:31:03,0.02119000,0.19000000
2018-02-25 00:31:03,0.02119100,0.30000000
2018-02-25 00:31:04,0.02119100,5.66000000
2018-02-25 00:31:11,0.02119000,1.41000000
2018-02-25 00:31:11,0.02119000,2.75000000
2018-02-25 00:31:32,0.02119000,0.64000000
2018-02-25 00:31:58,0.02117200,0.10000000
2018-02-25 00:32:00,0.02117200,0.10000000
2018-02-25 00:32:00,0.02117000,0.39000000
2018-02-25 00:32:04,0.02118200,0.96000000
2018-02-25 00:32:04,0.02119000,14.71000000
2018-02-25 00:32:05,0.02119100,1.16000000
2018-02-25 00:32:11,0.02119000,0.05000000
2018-02-25 00:32:11,0.02119000,0.05000000
2018-02-25 00:32:12,0.02119000,0.11000000
2018-02-25 00:32:14,0.02119000,0.11000000
2018-02-25 00:32:15,0.02119000,1.00000000
2018-02-25 00:32:18,0.02119100,0.49000000
2018-02-25 00:32:20,0.02119100,1.50000000
2018-02-25 00:32:22,0.02119000,9.17000000
2018-02-25 00:32:24,0.02117000,0.49000000
2018-02-25 00:32:34,0.02119000,0.47000000
2018-02-25 00:32:36,0.02117000,1.41000000
2018-02-25 00:32:36,0.02117000,13.56000000
2018-02-25 00:32:36,0.02117000,1.41000000
2018-02-25 00:32:36,0.02117000,1.41000000
2018-02-25 00:32:37,0.02117000,1.41000000
2018-02-25 00:32:37,0.02117000,1.41000000
2018-02-25 00:32:37,0.02117000,1.41000000
2018-02-25 00:32:37,0.02119000,1.50000000
2018-02-25 00:32:37,0.02117000,1.41000000
2018-02-25 00:32:37,0.02117000,1.41000000
2018-02-25 00:32:38,0.02118900,0.05000000
2018-02-25 00:32:41,0.02119000,2.40000000
2018-02-25 00:32:45,0.02119000,0.18000000
2018-02-25 00:32:45,0.02119000,0.60000000
2018-02-25 00:33:00,0.02118900,0.34000000
2018-02-25 00:33:00,0.02119000,0.61000000
2018-02-25 00:33:05,0.02119000,0.55000000
2018-02-25 00:33:09,0.02119000,3.80000000
2018-02-25 00:33:12,0.02117000,1.67000000
2018-02-25 00:33:17,0.02117100,0.26000000
2018-02-25 00:33:17,0.02117000,0.21000000
2018-02-25 00:33:19,0.02117100,0.10000000
2018-02-25 00:33:19,0.02117000,0.39000000
2018-02-25 00:33:22,0.02118900,0.89000000
2018-02-25 00:33:22,0.02119000,0.61000000
2018-02-25 00:33:24,0.02117100,0.10000000
2018-02-25 00:33:24,0.02117100,0.10000000
2018-02-25 00:33:25,0.02117000,1.90000000
2018-02-25 00:33:25,0.02119000,0.60000000
2018-02-25 00:33:27,0.02119000,0.40000000
2018-02-25 00:33:27,0.02117000,0.51000000
2018-02-25 00:33:28,0.02119100,0.11000000
2018-02-25 00:33:33,0.02117000,1.45000000
2018-02-25 00:33:36,0.02119000,0.37000000
2018-02-25 00:33:39,0.02119000,0.05000000
2018-02-25 00:33:45,0.02118800,0.14000000
2018-02-25 00:33:45,0.02118800,0.46000000
2018-02-25 00:33:55,0.02118700,0.67000000
2018-02-25 00:33:58,0.02117000,1.59000000
2018-02-25 00:34:00,0.02118700,2.29000000
2018-02-25 00:34:04,0.02118500,4.31000000
2018-02-25 00:34:04,0.02118700,1.93000000
2018-02-25 00:34:04,0.02119000,1.67000000
2018-02-25 00:34:04,0.02119100,2.85000000
2018-02-25 00:34:04,0.02119800,0.20000000
2018-02-25 00:34:04,0.02120000,5.04000000
2018-02-25 00:34:05,0.02120000,4.00000000
2018-02-25 00:34:05,0.02120000,3.85000000
2018-02-25 00:34:06,0.02120000,1.49000000
2018-02-25 00:34:08,0.02120000,1.07000000
2018-02-25 00:34:09,0.02119000,0.28000000
2018-02-25 00:34:19,0.02119700,0.19000000
2018-02-25 00:34:24,0.02119000,0.49000000
2018-02-25 00:34:24,0.02119000,0.08000000
2018-02-25 00:34:27,0.02119000,0.34000000
2018-02-25 00:34:30,0.02119000,4.29000000
2018-02-25 00:34:30,0.02117100,4.29000000
2018-02-25 00:34:40,0.02118800,1.87000000
2018-02-25 00:34:51,0.02117100,2.24000000
2018-02-25 00:35:00,0.02117100,0.47000000
2018-02-25 00:35:12,0.02117200,0.23000000
2018-02-25 00:35:12,0.02117100,1.84000000
2018-02-25 00:35:12,0.02117200,0.10000000
2018-02-25 00:35:12,0.02117100,1.57000000
2018-02-25 00:35:22,0.02117200,0.10000000
2018-02-25 00:35:22,0.02117100,0.02000000
2018-02-25 00:35:29,0.02117200,0.10000000
2018-02-25 00:35:29,0.02117100,0.39000000
2018-02-25 00:35:30,0.02120000,4.89000000
2018-02-25 00:35:30,0.02120000,0.04000000
2018-02-25 00:35:32,0.02117200,0.08000000
2018-02-25 00:35:34,0.02117200,0.13000000
2018-02-25 00:35:34,0.02117200,0.25000000
2018-02-25 00:35:35,0.02117200,0.68000000
2018-02-25 00:35:36,0.02117200,1.06000000
2018-02-25 00:35:37,0.02117100,4.87000000
2018-02-25 00:35:41,0.02117100,3.02000000
2018-02-25 00:35:46,0.02117100,4.91000000
2018-02-25 00:35:47,0.02117200,0.76000000
2018-02-25 00:35:48,0.02117200,0.10000000
2018-02-25 00:35:49,0.02117100,9.60000000
2018-02-25 00:35:50,0.02117700,0.49000000
2018-02-25 00:35:50,0.02117100,2.01000000
2018-02-25 00:35:51,0.02117700,0.10000000
2018-02-25 00:35:51,0.02117100,1.35000000
2018-02-25 00:35:57,0.02117700,0.24000000
2018-02-25 00:35:57,0.02117100,5.65000000
2018-02-25 00:36:02,0.02117700,0.10000000
2018-02-25 00:36:02,0.02117100,1.90000000
2018-02-25 00:36:02,0.02119900,0.15000000
2018-02-25 00:36:04,0.02119900,0.13000000
2018-02-25 00:36:06,0.02119900,0.71000000
2018-02-25 00:36:07,0.02119900,0.55000000
2018-02-25 00:36:17,0.02119000,3.39000000
2018-02-25 00:36:20,0.02119000,0.13000000
2018-02-25 00:36:23,0.02117900,0.06000000
2018-02-25 00:36:23,0.02117700,0.06000000
2018-02-25 00:36:26,0.02117900,0.10000000
2018-02-25 00:36:26,0.02117900,0.10000000
2018-02-25 00:36:28,0.02117700,0.54000000
2018-02-25 00:36:28,0.02117100,4.12000000
2018-02-25 00:36:32,0.02118900,0.19000000
2018-02-25 00:36:34,0.02117700,0.10000000
2018-02-25 00:36:35,0.02117700,0.10000000
2018-02-25 00:36:35,0.02117100,1.31000000
2018-02-25 00:36:35,0.02117100,1.41000000
2018-02-25 00:36:35,0.02117100,1.41000000
2018-02-25 00:36:35,0.02117100,0.70000000
2018-02-25 00:36:39,0.02117100,0.34000000
2018-02-25 00:36:41,0.02117100,0.01000000
2018-02-25 00:36:41,0.02117100,0.05000000
2018-02-25 00:36:42,0.02117100,0.05000000
2018-02-25 00:36:46,0.02117100,5.21000000
2018-02-25 00:36:48,0.02117100,1.41000000
2018-02-25 00:36:48,0.02117100,9.25000000
2018-02-25 00:36:49,0.02117100,1.41000000
2018-02-25 00:36:52,0.02117100,0.05000000
2018-02-25 00:36:54,0.02117100,7.91000000
2018-02-25 00:36:56,0.02117100,0.72000000
2018-02-25 00:37:00,0.02117100,1.14000000
2018-02-25 00:37:01,0.02117100,0.90000000
2018-02-25 00:37:02,0.02117100,6.96000000
2018-02-25 00:37:12,0.02117100,0.01000000
2018-02-25 00:37:12,0.02117000,0.75000000
2018-02-25 00:37:12,0.02117000,1.41000000
2018-02-25 00:37:13,0.02117000,0.36000000
2018-02-25 00:37:15,0.02117000,6.63000000
2018-02-25 00:37:17,0.02117000,0.22000000
2018-02-25 00:37:17,0.02117000,0.22000000
2018-02-25 00:37:18,0.02117000,11.63000000
2018-02-25 00:37:20,0.02117000,4.29000000
2018-02-25 00:37:27,0.02117000,1.76000000
2018-02-25 00:37:27,0.02117000,0.94000000
2018-02-25 00:37:28,0.02117000,1.41000000
2018-02-25 00:37:28,0.02117000,17.28000000
2018-02-25 00:37:29,0.02117000,0.44000000
2018-02-25 00:37:30,0.02117000,1.20000000
2018-02-25 00:37:30,0.02117000,1.25000000
2018-02-25 00:37:32,0.02117000,11.82000000
2018-02-25 00:37:32,0.02117000,54.77000000
2018-02-25 00:37:34,0.02116900,0.11000000
2018-02-25 00:37:34,0.02117000,0.28000000
2018-02-25 00:37:34,0.02117000,0.10000000
2018-02-25 00:37:36,0.02116900,0.22000000
2018-02-25 00:37:38,0.02117000,7.29000000
2018-02-25 00:37:38,0.02117000,0.10000000
2018-02-25 00:37:48,0.02116900,3.96000000
2018-02-25 00:37:48,0.02117000,0.11000000
2018-02-25 00:37:48,0.02117000,0.10000000
2018-02-25 00:37:49,0.02116900,0.22000000
2018-02-25 00:37:49,0.02116900,0.10000000
2018-02-25 00:37:50,0.02116100,0.89000000
2018-02-25 00:37:51,0.02117000,0.10000000
2018-02-25 00:37:51,0.02117000,0.10000000
2018-02-25 00:37:53,0.02117000,0.11000000
2018-02-25 00:37:54,0.02117000,6.00000000
2018-02-25 00:37:56,0.02117000,0.05000000
2018-02-25 00:37:59,0.02117000,0.56000000
2018-02-25 00:37:59,0.02117000,0.56000000
2018-02-25 00:38:00,0.02117000,0.05000000
2018-02-25 00:38:02,0.02116900,0.11000000
2018-02-25 00:38:02,0.02116900,0.10000000
2018-02-25 00:38:02,0.02116900,0.50000000
2018-02-25 00:38:03,0.02117000,2.45000000
2018-02-25 00:38:03,0.02117000,0.10000000
2018-02-25 00:38:03,0.02117000,4.08000000
2018-02-25 00:38:05,0.02117000,0.95000000
2018-02-25 00:38:06,0.02117000,0.09000000
2018-02-25 00:38:08,0.02116300,0.25000000
2018-02-25 00:38:10,0.02116300,4.57000000
2018-02-25 00:38:17,0.02116300,11.53000000
2018-02-25 00:38:17,0.02116300,0.08000000
2018-02-25 00:38:19,0.02116100,4.09000000
2018-02-25 00:38:20,0.02116100,1.89000000
2018-02-25 00:38:20,0.02116100,6.32000000
2018-02-25 00:38:20,0.02115900,0.10000000
2018-02-25 00:38:21,0.02116300,1.50000000
2018-02-25 00:38:21,0.02116300,0.10000000
2018-02-25 00:38:22,0.02116300,0.12000000
2018-02-25 00:38:22,0.02116300,1.41000000
2018-02-25 00:38:22,0.02116300,1.41000000
2018-02-25 00:38:22,0.02116300,1.41000000
2018-02-25 00:38:22,0.02116300,1.41000000
2018-02-25 00:38:22,0.02116300,1.41000000
2018-02-25 00:38:22,0.02116300,0.54000000
2018-02-25 00:38:23,0.02117000,1.41000000
2018-02-25 00:38:23,0.02117000,0.10000000
2018-02-25 00:38:23,0.02117000,0.30000000
2018-02-25 00:38:23,0.02117100,1.41000000
2018-02-25 00:38:23,0.02117100,1.41000000
2018-02-25 00:38:23,0.02117100,0.10000000
2018-02-25 00:38:23,0.02117100,16.71000000
2018-02-25 00:38:23,0.02117100,1.41000000
2018-02-25 00:38:24,0.02117100,0.11000000
2018-02-25 00:38:28,0.02117100,0.11000000
2018-02-25 00:38:39,0.02116300,0.07000000
2018-02-25 00:38:45,0.02117100,0.54000000
2018-02-25 00:38:48,0.02115900,0.08000000
2018-02-25 00:38:50,0.02117100,0.12000000
2018-02-25 00:38:55,0.02117100,2.99000000
2018-02-25 00:38:55,0.02117100,2.08000000
2018-02-25 00:38:57,0.02117100,0.01000000
2018-02-25 00:39:01,0.02117100,1.41000000
2018-02-25 00:39:01,0.02115900,0.02000000
2018-02-25 00:39:01,0.02115000,8.82000000
2018-02-25 00:39:06,0.02116300,0.23000000
2018-02-25 00:39:09,0.02115000,1.00000000
2018-02-25 00:39:10,0.02116300,1.36000000
2018-02-25 00:39:10,0.02117100,0.95000000
2018-02-25 00:39:17,0.02115000,0.50000000
2018-02-25 00:39:26,0.02117100,0.01000000
2018-02-25 00:39:31,0.02118900,0.06000000
2018-02-25 00:39:31,0.02119000,0.48000000
2018-02-25 00:39:34,0.02119000,0.49000000
2018-02-25 00:39:42,0.02117100,1.41000000
2018-02-25 00:39:46,0.02119000,0.19000000
2018-02-25 00:39:48,0.02119000,0.19000000
2018-02-25 00:39:48,0.02117100,0.01000000
2018-02-25 00:39:59,0.02117000,0.48000000
2018-02-25 00:40:04,0.02117100,0.49000000
2018-02-25 00:40:07,0.02115000,0.49000000
2018-02-25 00:40:10,0.02117100,0.12000000
2018-02-25 00:40:11,0.02117100,1.27000000
2018-02-25 00:40:12,0.02115000,2.88000000
2018-02-25 00:40:13,0.02115000,1.38000000
2018-02-25 00:40:20,0.02115000,2.12000000
2018-02-25 00:40:27,0.02115000,1.21000000
2018-02-25 00:40:33,0.02117100,0.11000000
2018-02-25 00:40:40,0.02115000,0.49000000
2018-02-25 00:40:42,0.02115000,0.17000000
2018-02-25 00:40:43,0.02117100,0.47000000
2018-02-25 00:40:58,0.02117100,0.49000000
2018-02-25 00:40:59,0.02115000,0.47000000
2018-02-25 00:41:03,0.02117100,0.05000000
2018-02-25 00:41:03,0.02117100,0.10000000
2018-02-25 00:41:03,0.02117100,0.11000000
2018-02-25 00:41:14,0.02115000,0.47000000
2018-02-25 00:41:17,0.02115000,0.03000000
2018-02-25 00:41:20,0.02117000,0.07000000
2018-02-25 00:41:20,0.02117000,0.10000000
2018-02-25 00:41:20,0.02117000,0.12000000
2018-02-25 00:41:44,0.02117000,1.06000000
2018-02-25 00:41:44,0.02117100,3.91000000
2018-02-25 00:41:44,0.02117100,0.10000000
2018-02-25 00:41:50,0.02117100,0.05000000
2018-02-25 00:41:51,0.02117000,0.08000000
2018-02-25 00:41:51,0.02117000,0.10000000
2018-02-25 00:41:53,0.02117000,0.26000000
2018-02-25 00:41:53,0.02117100,0.23000000
2018-02-25 00:41:53,0.02117100,0.10000000
2018-02-25 00:41:57,0.02117100,1.66000000
2018-02-25 00:42:03,0.02115200,4.72000000
2018-02-25 00:42:03,0.02115000,2.11000000
2018-02-25 00:42:14,0.02115200,0.10000000
2018-02-25 00:42:14,0.02115000,0.34000000
2018-02-25 00:42:31,0.02115200,0.10000000
2018-02-25 00:42:31,0.02115000,0.20000000
2018-02-25 00:42:34,0.02115200,0.10000000
2018-02-25 00:42:34,0.02115000,0.38000000
2018-02-25 00:42:53,0.02115200,0.10000000
2018-02-25 00:42:53,0.02115000,105.81000000
2018-02-25 00:42:56,0.02116700,1.46000000
2018-02-25 00:42:56,0.02116700,0.01000000
2018-02-25 00:42:56,0.02116700,0.08000000
2018-02-25 00:42:59,0.02116700,0.01000000
2018-02-25 00:42:59,0.02115200,0.10000000
2018-02-25 00:42:59,0.02115000,1.49000000
2018-02-25 00:43:02,0.02116700,0.48000000
2018-02-25 00:43:02,0.02116700,0.11000000
2018-02-25 00:43:09,0.02115200,0.10000000
2018-02-25 00:43:09,0.02115200,0.10000000
2018-02-25 00:43:11,0.02115000,0.28000000
2018-02-25 00:43:15,0.02115000,1.09000000
2018-02-25 00:43:15,0.02115000,0.90000000
2018-02-25 00:43:17,0.02116400,0.95000000
2018-02-25 00:43:17,0.02116400,0.10000000
2018-02-25 00:43:17,0.02115000,0.49000000
2018-02-25 00:43:19,0.02116400,0.95000000
2018-02-25 00:43:19,0.02116400,0.10000000
2018-02-25 00:43:21,0.02116400,0.19000000
2018-02-25 00:43:22,0.02116400,0.16000000
2018-02-25 00:43:28,0.02115000,1.00000000
2018-02-25 00:43:32,0.02116300,0.56000000
2018-02-25 00:43:32,0.02116300,0.01000000
2018-02-25 00:43:32,0.02116300,0.09000000
2018-02-25 00:43:32,0.02115000,0.72000000
2018-02-25 00:43:32,0.02116400,0.48000000
2018-02-25 00:43:32,0.02116400,0.01000000
2018-02-25 00:43:33,0.02116600,0.05000000
2018-02-25 00:43:33,0.02116600,0.10000000
2018-02-25 00:43:39,0.02116400,0.05000000
2018-02-25 00:43:42,0.02116400,0.05000000
2018-02-25 00:43:42,0.02116600,1.71000000
2018-02-25 00:43:42,0.02116400,0.09000000
2018-02-25 00:43:42,0.02116200,0.10000000
2018-02-25 00:43:42,0.02116200,0.10000000
2018-02-25 00:43:42,0.02116200,0.10000000
2018-02-25 00:43:50,0.02115000,1.53000000
2018-02-25 00:43:50,0.02114600,0.15000000
2018-02-25 00:43:50,0.02114100,0.10000000
2018-02-25 00:43:50,0.02114100,0.10000000
2018-02-25 00:43:50,0.02114100,0.10000000
2018-02-25 00:43:51,0.02114100,0.52000000
2018-02-25 00:43:52,0.02114100,0.14000000
2018-02-25 00:43:54,0.02114100,0.25000000
2018-02-25 00:43:55,0.02114100,1.41000000
2018-02-25 00:43:56,0.02115000,1.00000000
2018-02-25 00:43:56,0.02115000,0.10000000
2018-02-25 00:43:59,0.02115000,0.01000000
2018-02-25 00:44:06,0.02115000,1.72000000
2018-02-25 00:44:14,0.02114100,0.80000000
2018-02-25 00:44:27,0.02115000,0.52000000
2018-02-25 00:44:27,0.02115000,0.10000000
2018-02-25 00:44:27,0.02115000,0.10000000
2018-02-25 00:44:27,0.02115000,0.10000000
2018-02-25 00:44:27,0.02115000,0.10000000
2018-02-25 00:44:27,0.02115000,0.56000000
2018-02-25 00:44:27,0.02115000,8.65000000
2018-02-25 00:44:31,0.02116400,0.47000000
2018-02-25 00:44:32,0.02116400,0.03000000
2018-02-25 00:44:36,0.02116700,0.27000000
2018-02-25 00:44:36,0.02117000,0.22000000
2018-02-25 00:44:37,0.02117000,0.40000000
2018-02-25 00:44:38,0.02116700,0.10000000
2018-02-25 00:44:38,0.02116400,0.07000000
2018-02-25 00:44:38,0.02116400,0.10000000
2018-02-25 00:44:38,0.02116400,0.47000000
2018-02-25 00:44:39,0.02116400,0.11000000
2018-02-25 00:44:45,0.02116400,0.11000000
2018-02-25 00:44:48,0.02116400,0.11000000
2018-02-25 00:44:56,0.02116300,5.12000000
2018-02-25 00:44:56,0.02116300,0.10000000
2018-02-25 00:44:56,0.02116300,0.78000000
2018-02-25 00:45:02,0.02116400,10.03000000
2018-02-25 00:45:02,0.02116400,0.01000000
2018-02-25 00:45:13,0.02116500,0.73000000
2018-02-25 00:45:14,0.02117000,0.38000000
2018-02-25 00:45:14,0.02117100,1.59000000
2018-02-25 00:45:39,0.02117500,4.91000000
2018-02-25 00:45:39,0.02116500,1.72000000
2018-02-25 00:45:39,0.02117700,1.00000000
2018-02-25 00:45:43,0.02118900,0.49000000
2018-02-25 00:45:43,0.02118000,11.52000000
2018-02-25 00:45:45,0.02117100,0.32000000
2018-02-25 00:45:46,0.02116600,0.49000000
2018-02-25 00:45:46,0.02117100,0.68000000
2018-02-25 00:45:49,0.02117700,0.38000000
2018-02-25 00:45:49,0.02117700,0.38000000
2018-02-25 00:45:50,0.02118600,0.08000000
2018-02-25 00:45:51,0.02118600,0.40000000
2018-02-25 00:45:51,0.02118600,0.01000000
2018-02-25 00:45:55,0.02118300,0.47000000
2018-02-25 00:45:56,0.02117700,0.47000000
2018-02-25 00:46:02,0.02118800,0.47000000
2018-02-25 00:46:02,0.02117700,0.14000000
2018-02-25 00:46:02,0.02117700,0.38000000
2018-02-25 00:46:02,0.02117700,0.14000000
2018-02-25 00:46:03,0.02116500,0.61000000
2018-02-25 00:46:10,0.02118300,15.64000000
2018-02-25 00:46:10,0.02118300,0.55000000
2018-02-25 00:46:11,0.02118300,2.36000000
2018-02-25 00:46:13,0.02118300,2.36000000
2018-02-25 00:46:14,0.02118700,0.47000000
2018-02-25 00:46:14,0.02118300,1.41000000
2018-02-25 00:46:14,0.02118300,1.61000000
2018-02-25 00:46:17,0.02117200,0.47000000
2018-02-25 00:46:19,0.02116500,0.10000000
2018-02-25 00:46:19,0.02114400,0.39000000
2018-02-25 00:46:24,0.02115000,0.16000000
2018-02-25 00:46:38,0.02116500,1.85000000
2018-02-25 00:46:39,0.02116500,0.23000000
2018-02-25 00:46:41,0.02117100,0.39000000
2018-02-25 00:46:41,0.02117200,0.01000000
2018-02-25 00:46:41,0.02117200,0.43000000
2018-02-25 00:46:44,0.02116500,0.12000000
2018-02-25 00:46:44,0.02116000,4.24000000
2018-02-25 00:46:44,0.02115000,1.43000000
2018-02-25 00:46:52,0.02117000,0.49000000
2018-02-25 00:46:59,0.02116000,0.15000000
2018-02-25 00:47:00,0.02116000,0.25000000
2018-02-25 00:47:00,0.02115000,0.38000000
2018-02-25 00:47:08,0.02115000,0.15000000
2018-02-25 00:47:17,0.02115000,1.00000000
2018-02-25 00:47:18,0.02115000,0.15000000
2018-02-25 00:47:22,0.02115000,1.49000000
2018-02-25 00:47:24,0.02116200,0.07000000
2018-02-25 00:47:24,0.02116300,0.40000000
2018-02-25 00:47:27,0.02116300,0.47000000
2018-02-25 00:47:29,0.02115000,0.15000000
2018-02-25 00:47:31,0.02116300,0.47000000
2018-02-25 00:47:32,0.02116300,0.47000000
2018-02-25 00:47:32,0.02116300,0.82000000
2018-02-25 00:47:39,0.02115000,0.15000000
2018-02-25 00:47:43,0.02115000,0.22000000
2018-02-25 00:47:44,0.02115000,0.22000000
2018-02-25 00:47:45,0.02116000,0.47000000
2018-02-25 00:47:45,0.02116000,0.10000000
2018-02-25 00:47:45,0.02115000,2.91000000
2018-02-25 00:47:48,0.02115000,0.15000000
2018-02-25 00:47:48,0.02115000,1.41000000
2018-02-25 00:47:48,0.02115000,1.41000000
2018-02-25 00:47:48,0.02115000,1.41000000
2018-02-25 00:47:49,0.02115000,1.41000000
2018-02-25 00:47:49,0.02115000,1.01000000
2018-02-25 00:47:50,0.02115000,0.01000000
2018-02-25 00:47:56,0.02115000,0.47000000
2018-02-25 00:48:01,0.02114800,0.19000000
2018-02-25 00:48:02,0.02114800,0.10000000
2018-02-25 00:48:07,0.02114800,0.47000000
2018-02-25 00:48:18,0.02113900,0.08000000
2018-02-25 00:48:18,0.02113800,3.27000000
2018-02-25 00:48:25,0.02113900,0.10000000
2018-02-25 00:48:25,0.02113800,0.38000000
2018-02-25 00:48:26,0.02114700,0.14000000
2018-02-25 00:48:26,0.02114800,0.33000000
2018-02-25 00:48:26,0.02114800,0.10000000
2018-02-25 00:48:28,0.02115000,0.47000000
2018-02-25 00:48:28,0.02115000,0.10000000
2018-02-25 00:48:29,0.02114700,0.10000000
2018-02-25 00:48:29,0.02114700,0.05000000
2018-02-25 00:48:35,0.02114900,0.47000000
2018-02-25 00:48:35,0.02114900,0.10000000
2018-02-25 00:48:37,0.02114800,0.11000000
2018-02-25 00:48:38,0.02114800,0.15000000
2018-02-25 00:48:42,0.02114900,0.47000000
2018-02-25 00:48:42,0.02114900,0.06000000
2018-02-25 00:48:47,0.02115000,0.47000000
2018-02-25 00:48:48,0.02114900,0.04000000
2018-02-25 00:48:48,0.02114900,0.11000000
2018-02-25 00:48:48,0.02115000,0.36000000
2018-02-25 00:48:53,0.02114900,1.00000000
2018-02-25 00:48:55,0.02114900,3.00000000
2018-02-25 00:48:57,0.02115000,0.58000000
2018-02-25 00:48:58,0.02114900,0.15000000
2018-02-25 00:48:59,0.02114900,2.24000000
2018-02-25 00:49:02,0.02114900,0.47000000
2018-02-25 00:49:03,0.02115000,0.54000000
2018-02-25 00:49:04,0.02115000,0.38000000
2018-02-25 00:49:07,0.02114900,2.83000000
2018-02-25 00:49:08,0.02114900,0.15000000
2018-02-25 00:49:12,0.02114900,1.85000000
2018-02-25 00:49:16,0.02114900,5.55000000
2018-02-25 00:49:18,0.02114900,0.15000000
2018-02-25 00:49:30,0.02114900,4.92000000
2018-02-25 00:49:33,0.02114900,0.29000000
2018-02-25 00:49:39,0.02114900,0.43000000
2018-02-25 00:49:43,0.02114900,0.56000000
2018-02-25 00:49:46,0.02114900,0.57000000
2018-02-25 00:49:51,0.02114900,1.81000000
2018-02-25 00:50:01,0.02114800,0.10000000
2018-02-25 00:50:12,0.02113800,1.54000000
2018-02-25 00:50:14,0.02113800,0.17000000
2018-02-25 00:50:19,0.02113800,0.41000000
2018-02-25 00:50:21,0.02113800,1.59000000
2018-02-25 00:50:22,0.02114700,0.29000000
2018-02-25 00:50:23,0.02113800,2.00000000
2018-02-25 00:50:38,0.02113800,0.01000000
2018-02-25 00:50:38,0.02113200,8.20000000
2018-02-25 00:50:38,0.02114700,0.47000000
2018-02-25 00:50:44,0.02114700,0.11000000
2018-02-25 00:50:46,0.02114700,0.47000000
2018-02-25 00:50:54,0.02114700,0.47000000
2018-02-25 00:51:00,0.02114700,0.47000000
2018-02-25 00:51:03,0.02114700,0.47000000
2018-02-25 00:51:06,0.02113200,3.09000000
2018-02-25 00:51:10,0.02113200,0.26000000
2018-02-25 00:51:12,0.02114500,0.14000000
2018-02-25 00:51:12,0.02114500,0.08000000
2018-02-25 00:51:12,0.02114500,0.10000000
2018-02-25 00:51:12,0.02113200,0.14000000
2018-02-25 00:51:13,0.02114500,0.23000000
2018-02-25 00:51:13,0.02114500,0.10000000
2018-02-25 00:51:15,0.02113800,0.05000000
2018-02-25 00:51:15,0.02114500,0.48000000
2018-02-25 00:51:15,0.02114500,0.10000000
2018-02-25 00:51:23,0.02114500,1.08000000
2018-02-25 00:51:38,0.02113800,0.07000000
2018-02-25 00:51:49,0.02113800,0.13000000
2018-02-25 00:51:49,0.02113200,0.36000000
2018-02-25 00:51:50,0.02113200,0.47000000
2018-02-25 00:51:57,0.02113200,0.45000000
2018-02-25 00:51:58,0.02114900,0.49000000
2018-02-25 00:51:58,0.02114900,0.10000000
2018-02-25 00:52:02,0.02113200,0.35000000
2018-02-25 00:52:02,0.02113200,0.10000000
2018-02-25 00:52:02,0.02113200,0.05000000
2018-02-25 00:52:08,0.02113100,0.28000000
2018-02-25 00:52:10,0.02113200,0.01000000
2018-02-25 00:52:10,0.02114900,0.34000000
2018-02-25 00:52:16,0.02113100,0.01000000
2018-02-25 00:52:16,0.02113000,0.10000000
2018-02-25 00:52:16,0.02112700,0.39000000
2018-02-25 00:52:16,0.02112700,0.49000000
2018-02-25 00:52:20,0.02112700,1.12000000
2018-02-25 00:52:20,0.02111400,0.14000000
2018-02-25 00:52:20,0.02111100,0.02000000
2018-02-25 00:52:24,0.02111300,3.78000000
2018-02-25 00:52:31,0.02112700,0.12000000
2018-02-25 00:52:33,0.02114700,0.47000000
2018-02-25 00:52:34,0.02112700,0.01000000
2018-02-25 00:52:34,0.02111100,1.60000000
2018-02-25 00:52:35,0.02111100,0.08000000
2018-02-25 00:52:35,0.02111100,0.47000000
2018-02-25 00:52:35,0.02111100,0.11000000
2018-02-25 00:52:36,0.02111100,0.47000000
2018-02-25 00:52:37,0.02111100,0.47000000
2018-02-25 00:52:39,0.02111100,0.11000000
2018-02-25 00:52:39,0.02111300,0.65000000
2018-02-25 00:52:39,0.02114900,0.47000000
2018-02-25 00:52:43,0.02111200,2.99000000
2018-02-25 00:52:44,0.02111200,0.01000000
2018-02-25 00:52:48,0.02111200,0.10000000
2018-02-25 00:52:51,0.02111600,0.08000000
2018-02-25 00:52:51,0.02111600,0.12000000
2018-02-25 00:52:54,0.02111600,0.02000000
2018-02-25 00:52:55,0.02113000,0.41000000
2018-02-25 00:52:56,0.02114400,1.27000000
2018-02-25 00:52:56,0.02114400,2.04000000
2018-02-25 00:52:59,0.02114400,0.05000000
2018-02-25 00:53:00,0.02114400,0.11000000
2018-02-25 00:53:13,0.02114300,0.08000000
2018-02-25 00:53:18,0.02114300,0.15000000
2018-02-25 00:53:18,0.02114400,0.32000000
2018-02-25 00:53:21,0.02114400,1.27000000
2018-02-25 00:53:22,0.02114900,0.23000000
2018-02-25 00:53:24,0.02114900,5.32000000
2018-02-25 00:53:24,0.02113100,0.50000000
2018-02-25 00:53:25,0.02114900,0.11000000
2018-02-25 00:53:25,0.02114900,0.11000000
2018-02-25 00:53:25,0.02114900,0.47000000
2018-02-25 00:53:28,0.02114900,0.05000000
2018-02-25 00:53:28,0.02114900,0.56000000
2018-02-25 00:53:28,0.02114900,0.22000000
2018-02-25 00:53:28,0.02114900,0.05000000
2018-02-25 00:53:29,0.02114900,0.32000000
2018-02-25 00:53:30,0.02114900,2.85000000
2018-02-25 00:53:31,0.02114900,0.59000000
2018-02-25 00:53:31,0.02114900,0.01000000
2018-02-25 00:53:31,0.02115000,5.46000000
2018-02-25 00:53:32,0.02115300,1.01000000
2018-02-25 00:53:32,0.02115400,2.66000000
2018-02-25 00:53:33,0.02115500,0.22000000
2018-02-25 00:53:34,0.02115700,0.60000000
2018-02-25 00:53:34,0.02115700,0.40000000
2018-02-25 00:53:34,0.02116300,0.79000000
2018-02-25 00:53:34,0.02116600,0.37000000
2018-02-25 00:53:34,0.02116800,0.98000000
2018-02-25 00:53:34,0.02117000,6.05000000
2018-02-25 00:53:34,0.02117200,2.37000000
2018-02-25 00:53:34,0.02118000,4.79000000
2018-02-25 00:53:35,0.02115700,0.20000000
2018-02-25 00:53:35,0.02115100,6.80000000
2018-02-25 00:53:41,0.02116200,0.50000000
2018-02-25 00:53:50,0.02117100,0.24000000
2018-02-25 00:53:50,0.02116200,0.76000000
2018-02-25 00:53:50,0.02118000,0.01000000
2018-02-25 00:53:52,0.02118900,4.50000000
2018-02-25 00:53:58,0.02118000,0.18000000
2018-02-25 00:53:58,0.02117000,3.34000000
2018-02-25 00:53:59,0.02117000,0.50000000
2018-02-25 00:54:00,0.02117000,3.52000000
2018-02-25 00:54:04,0.02118900,0.01000000
2018-02-25 00:54:04,0.02119000,1.41000000
2018-02-25 00:54:04,0.02119000,1.41000000
2018-02-25 00:54:04,0.02119000,1.41000000
2018-02-25 00:54:04,0.02119000,1.41000000
2018-02-25 00:54:04,0.02119000,1.19000000
2018-02-25 00:54:06,0.02119800,2.52000000
2018-02-25 00:54:10,0.02119800,1.41000000
2018-02-25 00:54:10,0.02119800,1.41000000
2018-02-25 00:54:10,0.02119800,0.23000000
2018-02-25 00:54:10,0.02118900,1.09000000
2018-02-25 00:54:10,0.02118900,11.01000000
2018-02-25 00:54:11,0.02118900,0.11000000
2018-02-25 00:54:16,0.02118900,1.00000000
2018-02-25 00:54:20,0.02118300,1.41000000
2018-02-25 00:54:20,0.02118300,1.41000000
2018-02-25 00:54:20,0.02118300,1.41000000
2018-02-25 00:54:20,0.02118300,1.41000000
2018-02-25 00:54:20,0.02118300,1.41000000
2018-02-25 00:54:20,0.02118300,0.52000000
2018-02-25 00:54:24,0.02118300,14.70000000
2018-02-25 00:54:26,0.02118300,2.44000000
2018-02-25 00:54:28,0.02118900,0.47000000
2018-02-25 00:54:29,0.02118300,15.84000000
2018-02-25 00:54:31,0.02118900,2.19000000
2018-02-25 00:54:31,0.02118900,0.47000000
2018-02-25 00:54:32,0.02118900,0.49000000
2018-02-25 00:54:36,0.02118900,0.47000000
2018-02-25 00:54:38,0.02118900,0.47000000
2018-02-25 00:54:42,0.02118700,0.05000000
2018-02-25 00:54:45,0.02118900,0.50000000
2018-02-25 00:54:46,0.02118700,0.28000000
2018-02-25 00:54:47,0.02118900,0.47000000
2018-02-25 00:54:49,0.02118900,0.91000000
2018-02-25 00:54:54,0.02119800,0.47000000
2018-02-25 00:54:56,0.02118900,0.13000000
2018-02-25 00:54:56,0.02118900,0.12000000
2018-02-25 00:54:57,0.02119800,1.41000000
2018-02-25 00:54:57,0.02119800,2.16000000
2018-02-25 00:54:57,0.02119800,4.06000000
2018-02-25 00:54:57,0.02119800,1.41000000
2018-02-25 00:54:57,0.02118900,1.41000000
2018-02-25 00:54:59,0.02119800,0.11000000
2018-02-25 00:54:59,0.02119800,1.13000000
2018-02-25 00:54:59,0.02119800,1.34000000
2018-02-25 00:55:00,0.02120000,1.41000000
2018-02-25 00:55:00,0.02120000,1.35000000
2018-02-25 00:55:05,0.02119100,0.26000000
2018-02-25 00:55:06,0.02120000,0.08000000
2018-02-25 00:55:09,0.02120000,0.86000000
2018-02-25 00:55:13,0.02120000,0.05000000
2018-02-25 00:55:14,0.02120000,0.11000000
2018-02-25 00:55:15,0.02120000,0.11000000
2018-02-25 00:55:16,0.02118900,0.05000000
2018-02-25 00:55:17,0.02119600,0.52000000
2018-02-25 00:55:17,0.02120000,6.51000000
2018-02-25 00:55:17,0.02119700,0.52000000
2018-02-25 00:55:22,0.02119700,1.16000000
2018-02-25 00:55:23,0.02119700,0.11000000
2018-02-25 00:55:29,0.02120000,17.08000000
2018-02-25 00:55:33,0.02120000,0.23000000
2018-02-25 00:55:34,0.02120100,2.21000000
2018-02-25 00:55:36,0.02120000,5.92000000
2018-02-25 00:55:37,0.02121000,2.36000000
2018-02-25 00:55:37,0.02120000,1.67000000
2018-02-25 00:55:37,0.02119700,0.68000000
2018-02-25 00:55:43,0.02121000,3.41000000
2018-02-25 00:55:46,0.02119700,0.99000000
2018-02-25 00:55:46,0.02119700,1.89000000
2018-02-25 00:55:47,0.02120000,0.47000000
2018-02-25 00:55:48,0.02120000,1.26000000
2018-02-25 00:55:49,0.02120000,0.47000000
2018-02-25 00:55:50,0.02120000,0.51000000
2018-02-25 00:55:50,0.02120000,0.21000000
2018-02-25 00:55:50,0.02119700,1.39000000
2018-02-25 00:55:53,0.02119700,0.35000000
2018-02-25 00:55:55,0.02119700,0.63000000
2018-02-25 00:55:57,0.02120100,0.16000000
2018-02-25 00:55:58,0.02120100,0.05000000
2018-02-25 00:55:58,0.02120100,0.05000000
2018-02-25 00:56:06,0.02119700,0.49000000
2018-02-25 00:56:06,0.02120100,0.74000000
2018-02-25 00:56:07,0.02121000,0.11000000
2018-02-25 00:56:09,0.02121000,0.22000000
2018-02-25 00:56:09,0.02121000,12.07000000
2018-02-25 00:56:10,0.02121000,1.41000000
2018-02-25 00:56:10,0.02118100,1.41000000
2018-02-25 00:56:10,0.02121400,0.05000000
2018-02-25 00:56:10,0.02121000,0.05000000
2018-02-25 00:56:10,0.02121000,0.06000000
2018-02-25 00:56:11,0.02121000,0.07000000
2018-02-25 00:56:14,0.02120900,0.11000000
2018-02-25 00:56:19,0.02120900,0.14000000
2018-02-25 00:56:22,0.02120900,1.16000000
2018-02-25 00:56:22,0.02121000,1.98000000
2018-02-25 00:56:22,0.02121000,1.23000000
2018-02-25 00:56:22,0.02121400,0.75000000
2018-02-25 00:56:24,0.02120900,1.41000000
2018-02-25 00:56:24,0.02120900,1.41000000
2018-02-25 00:56:24,0.02120900,1.41000000
2018-02-25 00:56:24,0.02120900,1.41000000
2018-02-25 00:56:24,0.02120900,3.01000000
2018-02-25 00:56:26,0.02120900,0.10000000
2018-02-25 00:56:28,0.02120900,1.32000000
2018-02-25 00:56:34,0.02121400,0.47000000
2018-02-25 00:56:34,0.02120900,0.05000000
2018-02-25 00:56:34,0.02120900,0.11000000
2018-02-25 00:56:38,0.02120900,0.12000000
2018-02-25 00:56:38,0.02120900,0.05000000
2018-02-25 00:56:39,0.02120900,0.05000000
2018-02-25 00:56:40,0.02120900,1.41000000
2018-02-25 00:56:40,0.02120900,1.41000000
2018-02-25 00:56:40,0.02120900,0.75000000
2018-02-25 00:56:40,0.02120000,14.70000000
2018-02-25 00:56:40,0.02117300,4.41000000
2018-02-25 00:56:40,0.02116200,1.81000000
2018-02-25 00:56:40,0.02115800,1.68000000
2018-02-25 00:56:40,0.02115000,12.64000000
2018-02-25 00:56:40,0.02114800,0.60000000
2018-02-25 00:56:40,0.02114600,0.47000000
2018-02-25 00:56:40,0.02114100,6.03000000
2018-02-25 00:56:41,0.02121000,0.47000000
2018-02-25 00:56:44,0.02115800,0.17000000
2018-02-25 00:56:44,0.02120500,0.04000000
2018-02-25 00:56:44,0.02121200,0.47000000
2018-02-25 00:56:46,0.02116700,6.91000000
2018-02-25 00:56:46,0.02116500,0.47000000
2018-02-25 00:56:46,0.02115800,0.47000000
2018-02-25 00:56:48,0.02115600,0.28000000
2018-02-25 00:56:48,0.02115600,0.11000000
2018-02-25 00:56:48,0.02115600,0.05000000
2018-02-25 00:56:51,0.02115600,0.11000000
2018-02-25 00:56:54,0.02115600,1.00000000
2018-02-25 00:56:54,0.02115600,1.41000000
2018-02-25 00:56:54,0.02115600,1.41000000
2018-02-25 00:56:54,0.02115600,1.41000000
2018-02-25 00:56:54,0.02115600,1.30000000
2018-02-25 00:57:02,0.02120000,0.69000000
2018-02-25 00:57:04,0.02120100,0.47000000
2018-02-25 00:57:06,0.02120100,0.47000000
2018-02-25 00:57:06,0.02120100,0.47000000
2018-02-25 00:57:07,0.02120000,0.11000000
2018-02-25 00:57:09,0.02120000,4.43000000
2018-02-25 00:57:10,0.02120000,0.11000000
2018-02-25 00:57:10,0.02120000,2.50000000
2018-02-25 00:57:21,0.02119900,0.49000000
2018-02-25 00:57:22,0.02119900,0.47000000
2018-02-25 00:57:26,0.02118000,0.05000000
2018-02-25 00:57:36,0.02117900,0.36000000
2018-02-25 00:57:48,0.02116000,0.49000000
2018-02-25 00:57:55,0.02116000,0.20000000
2018-02-25 00:57:55,0.02117900,0.47000000
2018-02-25 00:57:58,0.02116000,0.49000000
2018-02-25 00:58:25,0.02119800,0.49000000
2018-02-25 00:58:27,0.02118000,10.00000000
2018-02-25 00:58:33,0.02117900,0.68000000
2018-02-25 00:58:33,0.02118000,1.00000000
2018-02-25 00:58:33,0.02118000,2.06000000
2018-02-25 00:58:37,0.02118000,0.01000000
2018-02-25 00:58:37,0.02116800,0.48000000
2018-02-25 00:58:39,0.02116900,0.72000000
2018-02-25 00:58:41,0.02117000,2.89000000
2018-02-25 00:58:42,0.02117000,1.52000000
2018-02-25 00:58:52,0.02116600,0.48000000
2018-02-25 00:59:06,0.02116600,0.94000000
2018-02-25 00:59:06,0.02116600,1.55000000
2018-02-25 00:59:07,0.02116600,2.54000000
2018-02-25 00:59:08,0.02116800,0.46000000
2018-02-25 00:59:09,0.02116000,0.04000000
2018-02-25 00:59:13,0.02116000,1.00000000
2018-02-25 00:59:15,0.02116800,0.14000000
2018-02-25 00:59:28,0.02116800,0.01000000
2018-02-25 00:59:28,0.02116900,0.50000000
2018-02-25 00:59:28,0.02117900,0.20000000
2018-02-25 00:59:29,0.02118000,0.19000000
2018-02-25 00:59:35,0.02116800,0.26000000
2018-02-25 00:59:40,0.02116800,0.01000000
2018-02-25 00:59:47,0.02119900,0.30000000
2018-02-25 00:59:47,0.02119900,0.47000000
2018-02-25 00:59:48,0.02119900,1.50000000
2018-02-25 00:59:49,0.02119900,5.54000000
2018-02-25 00:59:49,0.02119900,0.47000000
2018-02-25 00:59:51,0.02119000,0.11000000
2018-02-25 00:59:51,0.02119000,1.80000000
2018-02-25 00:59:55,0.02119900,0.47000000
