DATE,PRICE,VOLUME
2018-02-27 00:00:03,0.02116500,0.88000000
2018-02-27 00:00:03,0.02116400,0.13000000
2018-02-27 00:00:07,0.02116400,0.12000000
2018-02-27 00:00:18,0.02116500,1.46000000
2018-02-27 00:00:18,0.02116400,0.04000000
2018-02-27 00:00:22,0.02117000,4.80000000
2018-02-27 00:00:22,0.02117000,11.92000000
2018-02-27 00:00:23,0.02117000,0.58000000
2018-02-27 00:00:23,0.02117000,1.41000000
2018-02-27 00:00:24,0.02117000,8.19000000
2018-02-27 00:00:24,0.02117300,6.69000000
2018-02-27 00:00:24,0.02118500,8.73000000
2018-02-27 00:00:24,0.02118500,2.36000000
2018-02-27 00:00:25,0.02116600,0.22000000
2018-02-27 00:00:25,0.02116500,0.25000000
2018-02-27 00:00:27,0.02118500,0.13000000
2018-02-27 00:00:27,0.02118500,4.00000000
2018-02-27 00:00:28,0.02116900,0.45000000
2018-02-27 00:00:29,0.02117000,0.32000000
2018-02-27 00:00:29,0.02117000,0.32000000
2018-02-27 00:00:29,0.02118500,1.82000000
2018-02-27 00:00:30,0.02116600,0.22000000
2018-02-27 00:00:30,0.02116400,1.31000000
2018-02-27 00:00:30,0.02118500,0.32000000
2018-02-27 00:00:30,0.02118500,0.64000000
2018-02-27 00:00:30,0.02118500,2.28000000
2018-02-27 00:00:30,0.02118500,0.64000000
2018-02-27 00:00:30,0.02117000,2.28000000
2018-02-27 00:00:30,0.02117000,0.64000000
2018-02-27 00:00:30,0.02117000,2.28000000
2018-02-27 00:00:30,0.02117000,0.33000000
2018-02-27 00:00:30,0.02116400,0.31000000
2018-02-27 00:00:30,0.02118500,0.47000000
2018-02-27 00:00:31,0.02118500,3.61000000
2018-02-27 00:00:31,0.02119000,0.78000000
2018-02-27 00:00:31,0.02119000,12.92000000
2018-02-27 00:00:31,0.02120500,1.41000000
2018-02-27 00:00:31,0.02120800,1.00000000
2018-02-27 00:00:31,0.02120900,0.12000000
2018-02-27 00:00:31,0.02121000,3.59000000
2018-02-27 00:00:31,0.02121900,0.45000000
2018-02-27 00:00:31,0.02122000,3.93000000
2018-02-27 00:00:31,0.02122100,1.08000000
2018-02-27 00:00:31,0.02122700,0.50000000
2018-02-27 00:00:32,0.02118000,1.80000000
2018-02-27 00:00:32,0.02118000,2.14000000
2018-02-27 00:00:32,0.02118000,3.11000000
2018-02-27 00:00:32,0.02117800,5.79000000
2018-02-27 00:00:34,0.02122100,0.22000000
2018-02-27 00:00:37,0.02118100,0.50000000
2018-02-27 00:00:38,0.02121500,0.78000000
2018-02-27 00:00:39,0.02121500,0.46000000
2018-02-27 00:00:39,0.02118300,0.85000000
2018-02-27 00:00:42,0.02119000,0.63000000
2018-02-27 00:00:44,0.02119000,0.16000000
2018-02-27 00:00:44,0.02119000,0.11000000
2018-02-27 00:00:45,0.02119000,0.05000000
2018-02-27 00:00:47,0.02119700,0.64000000
2018-02-27 00:00:49,0.02119400,0.18000000
2018-02-27 00:00:50,0.02119400,0.47000000
2018-02-27 00:00:50,0.02119400,0.47000000
2018-02-27 00:00:50,0.02119400,0.47000000
2018-02-27 00:00:50,0.02119400,0.08000000
2018-02-27 00:00:50,0.02119400,0.47000000
2018-02-27 00:00:50,0.02119400,0.47000000
2018-02-27 00:00:51,0.02119100,0.66000000
2018-02-27 00:00:52,0.02119100,1.68000000
2018-02-27 00:00:52,0.02119300,0.82000000
2018-02-27 00:00:52,0.02119300,0.53000000
2018-02-27 00:00:52,0.02122000,2.46000000
2018-02-27 00:00:53,0.02118100,0.11000000
2018-02-27 00:00:53,0.02118100,0.98000000
2018-02-27 00:00:55,0.02118900,0.47000000
2018-02-27 00:00:55,0.02118900,0.62000000
2018-02-27 00:00:55,0.02119000,0.47000000
2018-02-27 00:00:56,0.02119000,0.29000000
2018-02-27 00:00:57,0.02119000,0.34000000
2018-02-27 00:00:57,0.02119000,0.85000000
2018-02-27 00:00:57,0.02119000,0.01000000
2018-02-27 00:01:05,0.02119000,0.38000000
2018-02-27 00:01:05,0.02118100,0.50000000
2018-02-27 00:01:06,0.02119000,0.42000000
2018-02-27 00:01:06,0.02118200,0.11000000
2018-02-27 00:01:07,0.02118200,0.55000000
2018-02-27 00:01:07,0.02121000,0.07000000
2018-02-27 00:01:08,0.02118300,0.05000000
2018-02-27 00:01:08,0.02119000,1.61000000
2018-02-27 00:01:09,0.02119000,0.50000000
2018-02-27 00:01:09,0.02119000,1.21000000
2018-02-27 00:01:09,0.02119000,1.21000000
2018-02-27 00:01:09,0.02119000,0.88000000
2018-02-27 00:01:12,0.02119000,0.05000000
2018-02-27 00:01:13,0.02119000,0.11000000
2018-02-27 00:01:16,0.02119100,0.07000000
2018-02-27 00:01:16,0.02119100,0.11000000
2018-02-27 00:01:17,0.02119100,0.53000000
2018-02-27 00:01:18,0.02119100,1.01000000
2018-02-27 00:01:21,0.02120000,0.71000000
2018-02-27 00:01:21,0.02120100,0.20000000
2018-02-27 00:01:21,0.02120100,7.24000000
2018-02-27 00:01:23,0.02122000,0.23000000
2018-02-27 00:01:25,0.02122000,0.06000000
2018-02-27 00:01:28,0.02122000,0.65000000
2018-02-27 00:01:28,0.02122100,0.22000000
2018-02-27 00:01:32,0.02121100,3.54000000
2018-02-27 00:01:32,0.02122000,0.09000000
2018-02-27 00:01:33,0.02121000,13.69000000
2018-02-27 00:01:33,0.02119100,0.85000000
2018-02-27 00:01:37,0.02120000,1.06000000
2018-02-27 00:01:41,0.02122000,0.39000000
2018-02-27 00:01:43,0.02119100,0.10000000
2018-02-27 00:01:45,0.02120000,13.69000000
2018-02-27 00:01:45,0.02119100,6.30000000
2018-02-27 00:01:46,0.02119100,0.12000000
2018-02-27 00:01:49,0.02119100,0.09000000
2018-02-27 00:01:49,0.02119100,0.01000000
2018-02-27 00:01:51,0.02119100,0.14000000
2018-02-27 00:01:51,0.02120100,1.95000000
2018-02-27 00:01:54,0.02120100,2.63000000
2018-02-27 00:01:54,0.02120100,5.41000000
2018-02-27 00:01:54,0.02119100,0.06000000
2018-02-27 00:01:54,0.02118000,6.99000000
2018-02-27 00:02:01,0.02118000,0.19000000
2018-02-27 00:02:01,0.02119100,2.17000000
2018-02-27 00:02:03,0.02119100,2.36000000
2018-02-27 00:02:05,0.02119100,2.36000000
2018-02-27 00:02:08,0.02119100,4.04000000
2018-02-27 00:02:08,0.02119100,0.46000000
2018-02-27 00:02:08,0.02119100,0.47000000
2018-02-27 00:02:08,0.02119100,4.71000000
2018-02-27 00:02:08,0.02119100,1.00000000
2018-02-27 00:02:09,0.02119100,0.16000000
2018-02-27 00:02:09,0.02119900,3.84000000
2018-02-27 00:02:13,0.02118900,6.89000000
2018-02-27 00:02:18,0.02118900,1.42000000
2018-02-27 00:02:18,0.02119100,3.38000000
2018-02-27 00:02:18,0.02119100,4.17000000
2018-02-27 00:02:18,0.02119900,0.26000000
2018-02-27 00:02:18,0.02120000,3.56000000
2018-02-27 00:02:18,0.02120000,2.36000000
2018-02-27 00:02:18,0.02120000,0.52000000
2018-02-27 00:02:19,0.02118200,0.24000000
2018-02-27 00:02:19,0.02118100,7.15000000
2018-02-27 00:02:21,0.02118300,8.05000000
2018-02-27 00:02:21,0.02118200,2.28000000
2018-02-27 00:02:21,0.02118000,3.59000000
2018-02-27 00:02:23,0.02121800,0.05000000
2018-02-27 00:02:23,0.02121800,1.46000000
2018-02-27 00:02:23,0.02121800,0.77000000
2018-02-27 00:02:23,0.02117500,0.86000000
2018-02-27 00:02:25,0.02121900,0.22000000
2018-02-27 00:02:25,0.02117900,4.10000000
2018-02-27 00:02:25,0.02117300,0.24000000
2018-02-27 00:02:25,0.02117000,7.44000000
2018-02-27 00:02:25,0.02120000,0.47000000
2018-02-27 00:02:25,0.02120000,0.47000000
2018-02-27 00:02:25,0.02120000,0.47000000
2018-02-27 00:02:25,0.02120000,0.47000000
2018-02-27 00:02:26,0.02119800,0.85000000
2018-02-27 00:02:27,0.02119800,0.01000000
2018-02-27 00:02:27,0.02119900,2.47000000
2018-02-27 00:02:27,0.02119900,1.63000000
2018-02-27 00:02:28,0.02120000,1.79000000
2018-02-27 00:02:28,0.02120000,8.34000000
2018-02-27 00:02:28,0.02121900,0.47000000
2018-02-27 00:02:29,0.02121900,0.46000000
2018-02-27 00:02:29,0.02121900,0.47000000
2018-02-27 00:02:29,0.02121900,0.71000000
2018-02-27 00:02:31,0.02120000,0.23000000
2018-02-27 00:02:31,0.02120000,5.16000000
2018-02-27 00:02:31,0.02118200,0.63000000
2018-02-27 00:02:42,0.02118400,1.22000000
2018-02-27 00:02:44,0.02120900,0.63000000
2018-02-27 00:02:44,0.02121000,2.96000000
2018-02-27 00:02:46,0.02118900,0.40000000
2018-02-27 00:02:47,0.02118900,0.93000000
2018-02-27 00:02:47,0.02118900,0.46000000
2018-02-27 00:02:48,0.02118900,0.21000000
2018-02-27 00:02:48,0.02120900,1.22000000
2018-02-27 00:02:48,0.02121000,2.16000000
2018-02-27 00:02:51,0.02121000,4.71000000
2018-02-27 00:02:51,0.02121000,2.79000000
2018-02-27 00:02:51,0.02121900,3.87000000
2018-02-27 00:03:00,0.02121000,0.08000000
2018-02-27 00:03:01,0.02118000,0.99000000
2018-02-27 00:03:01,0.02117500,1.94000000
2018-02-27 00:03:01,0.02116800,4.10000000
2018-02-27 00:03:01,0.02116700,5.99000000
2018-02-27 00:03:05,0.02120000,0.34000000
2018-02-27 00:03:06,0.02117000,1.23000000
2018-02-27 00:03:07,0.02119900,0.47000000
2018-02-27 00:03:07,0.02119900,0.47000000
2018-02-27 00:03:07,0.02119900,0.47000000
2018-02-27 00:03:08,0.02119900,0.47000000
2018-02-27 00:03:08,0.02119900,1.50000000
2018-02-27 00:03:08,0.02119900,0.05000000
2018-02-27 00:03:08,0.02119900,0.47000000
2018-02-27 00:03:08,0.02119900,6.19000000
2018-02-27 00:03:08,0.02120000,0.52000000
2018-02-27 00:03:08,0.02120000,0.34000000
2018-02-27 00:03:11,0.02120000,0.07000000
2018-02-27 00:03:13,0.02118900,0.36000000
2018-02-27 00:03:18,0.02121700,0.14000000
2018-02-27 00:03:26,0.02118900,0.09000000
2018-02-27 00:03:32,0.02119000,0.10000000
2018-02-27 00:03:34,0.02119000,0.24000000
2018-02-27 00:03:34,0.02119900,0.27000000
2018-02-27 00:03:35,0.02119000,0.27000000
2018-02-27 00:03:36,0.02119000,0.47000000
2018-02-27 00:03:36,0.02119000,0.86000000
2018-02-27 00:03:36,0.02118900,0.95000000
2018-02-27 00:03:39,0.02119000,0.09000000
2018-02-27 00:03:39,0.02118900,39.52000000
2018-02-27 00:03:41,0.02118900,0.05000000
2018-02-27 00:03:41,0.02118900,0.05000000
2018-02-27 00:03:42,0.02118900,0.11000000
2018-02-27 00:03:45,0.02118900,0.05000000
2018-02-27 00:03:45,0.02119900,1.02000000
2018-02-27 00:03:47,0.02118900,0.10000000
2018-02-27 00:03:50,0.02118900,1.28000000
2018-02-27 00:03:51,0.02118900,0.12000000
2018-02-27 00:03:51,0.02118900,0.90000000
2018-02-27 00:03:51,0.02118900,0.47000000
2018-02-27 00:03:52,0.02119000,0.11000000
2018-02-27 00:03:53,0.02119000,0.37000000
2018-02-27 00:03:53,0.02118900,2.13000000
2018-02-27 00:03:55,0.02118900,7.83000000
2018-02-27 00:03:55,0.02118900,0.39000000
2018-02-27 00:03:55,0.02119800,0.08000000
2018-02-27 00:03:57,0.02118200,11.34000000
2018-02-27 00:03:57,0.02119800,0.74000000
2018-02-27 00:03:57,0.02119900,0.73000000
2018-02-27 00:03:57,0.02118200,0.01000000
2018-02-27 00:03:59,0.02118900,0.10000000
2018-02-27 00:03:59,0.02118900,9.40000000
2018-02-27 00:03:59,0.02117200,4.09000000
2018-02-27 00:04:00,0.02119800,1.82000000
2018-02-27 00:04:03,0.02117100,1.22000000
2018-02-27 00:04:04,0.02117000,0.11000000
2018-02-27 00:04:05,0.02117000,0.05000000
2018-02-27 00:04:12,0.02118900,0.19000000
2018-02-27 00:04:14,0.02118900,1.94000000
2018-02-27 00:04:15,0.02118900,3.08000000
2018-02-27 00:04:15,0.02117000,2.16000000
2018-02-27 00:04:16,0.02118900,3.08000000
2018-02-27 00:04:17,0.02118900,2.94000000
2018-02-27 00:04:20,0.02118900,0.23000000
2018-02-27 00:04:20,0.02118900,0.70000000
2018-02-27 00:04:20,0.02119700,0.74000000
2018-02-27 00:04:26,0.02119700,0.48000000
2018-02-27 00:04:26,0.02119900,1.31000000
2018-02-27 00:04:26,0.02120000,1.50000000
2018-02-27 00:04:26,0.02121700,1.07000000
2018-02-27 00:04:28,0.02118200,4.11000000
2018-02-27 00:04:28,0.02118100,2.28000000
2018-02-27 00:04:28,0.02118000,13.70000000
2018-02-27 00:04:28,0.02117100,16.00000000
2018-02-27 00:04:28,0.02117000,27.48000000
2018-02-27 00:04:29,0.02119700,0.09000000
2018-02-27 00:04:36,0.02118300,0.42000000
2018-02-27 00:04:36,0.02118300,1.86000000
2018-02-27 00:04:36,0.02118300,0.04000000
2018-02-27 00:04:36,0.02119000,11.13000000
2018-02-27 00:04:40,0.02118900,0.17000000
2018-02-27 00:04:41,0.02118100,0.28000000
2018-02-27 00:04:45,0.02118900,2.40000000
2018-02-27 00:04:46,0.02118900,1.00000000
2018-02-27 00:05:04,0.02118900,1.93000000
2018-02-27 00:05:04,0.02118900,1.80000000
2018-02-27 00:05:10,0.02118900,0.02000000
2018-02-27 00:05:12,0.02118200,0.11000000
2018-02-27 00:05:14,0.02118200,0.09000000
2018-02-27 00:05:14,0.02118900,2.85000000
2018-02-27 00:05:16,0.02118900,9.71000000
2018-02-27 00:05:16,0.02118900,17.05000000
2018-02-27 00:05:19,0.02119400,4.87000000
2018-02-27 00:05:20,0.02119400,0.81000000
2018-02-27 00:05:20,0.02118900,0.01000000
2018-02-27 00:05:23,0.02118200,2.16000000
2018-02-27 00:05:23,0.02118900,1.22000000
2018-02-27 00:05:24,0.02118900,6.56000000
2018-02-27 00:05:26,0.02118900,0.74000000
2018-02-27 00:05:26,0.02118200,0.52000000
2018-02-27 00:05:27,0.02118900,0.10000000
2018-02-27 00:05:33,0.02118200,0.11000000
2018-02-27 00:05:33,0.02118200,3.20000000
2018-02-27 00:05:34,0.02118200,0.98000000
2018-02-27 00:05:35,0.02118200,0.05000000
2018-02-27 00:05:35,0.02118200,0.05000000
2018-02-27 00:05:36,0.02118200,0.85000000
2018-02-27 00:05:36,0.02118200,0.97000000
2018-02-27 00:05:39,0.02118400,0.11000000
2018-02-27 00:05:41,0.02118400,0.14000000
2018-02-27 00:05:45,0.02118400,1.57000000
2018-02-27 00:05:48,0.02118400,5.66000000
2018-02-27 00:05:53,0.02119500,0.49000000
2018-02-27 00:05:53,0.02118400,1.05000000
2018-02-27 00:05:53,0.02118200,1.01000000
2018-02-27 00:05:53,0.02118100,0.17000000
2018-02-27 00:05:53,0.02118000,13.70000000
2018-02-27 00:06:04,0.02118400,1.11000000
2018-02-27 00:06:06,0.02118400,1.22000000
2018-02-27 00:06:06,0.02118400,1.62000000
2018-02-27 00:06:09,0.02118400,0.11000000
2018-02-27 00:06:11,0.02118400,0.11000000
2018-02-27 00:06:11,0.02118400,0.21000000
2018-02-27 00:06:14,0.02118300,0.10000000
2018-02-27 00:06:14,0.02118300,0.21000000
2018-02-27 00:06:32,0.02118300,0.40000000
2018-02-27 00:06:32,0.02118300,0.43000000
2018-02-27 00:06:34,0.02118200,0.30000000
2018-02-27 00:06:34,0.02118200,0.41000000
2018-02-27 00:06:34,0.02118300,0.33000000
2018-02-27 00:06:36,0.02118300,0.43000000
2018-02-27 00:06:36,0.02118300,0.40000000
2018-02-27 00:06:38,0.02118200,0.30000000
2018-02-27 00:06:38,0.02117400,2.52000000
2018-02-27 00:06:38,0.02118300,0.33000000
2018-02-27 00:06:38,0.02118300,0.29000000
2018-02-27 00:06:38,0.02118400,0.11000000
2018-02-27 00:06:39,0.02118400,0.50000000
2018-02-27 00:06:40,0.02118400,0.30000000
2018-02-27 00:06:41,0.02118400,0.33000000
2018-02-27 00:06:43,0.02118400,0.40000000
2018-02-27 00:06:43,0.02118400,0.53000000
2018-02-27 00:06:44,0.02118400,0.50000000
2018-02-27 00:06:46,0.02118400,0.30000000
2018-02-27 00:06:46,0.02118400,0.43000000
2018-02-27 00:06:48,0.02118400,0.30000000
2018-02-27 00:06:48,0.02118400,0.43000000
2018-02-27 00:06:48,0.02118400,0.57000000
2018-02-27 00:06:50,0.02118400,1.50000000
2018-02-27 00:06:50,0.02118400,0.43000000
2018-02-27 00:06:50,0.02118400,0.42000000
2018-02-27 00:06:50,0.02118400,0.50000000
2018-02-27 00:06:50,0.02118400,0.30000000
2018-02-27 00:06:52,0.02118400,0.53000000
2018-02-27 00:06:53,0.02118400,0.40000000
2018-02-27 00:06:55,0.02118400,0.33000000
2018-02-27 00:06:55,0.02118400,0.40000000
2018-02-27 00:06:56,0.02118400,0.34000000
2018-02-27 00:06:57,0.02118400,0.43000000
2018-02-27 00:06:57,0.02118400,1.00000000
2018-02-27 00:06:57,0.02118400,0.30000000
2018-02-27 00:07:00,0.02118400,0.33000000
2018-02-27 00:07:01,0.02117500,0.02000000
2018-02-27 00:07:06,0.02118400,0.83000000
2018-02-27 00:07:09,0.02118400,0.08000000
2018-02-27 00:07:10,0.02118400,0.08000000
2018-02-27 00:07:10,0.02118400,0.08000000
2018-02-27 00:07:10,0.02118400,0.05000000
2018-02-27 00:07:11,0.02118400,0.05000000
2018-02-27 00:07:13,0.02118400,0.11000000
2018-02-27 00:07:16,0.02118400,1.82000000
2018-02-27 00:07:17,0.02118400,9.49000000
2018-02-27 00:07:17,0.02118400,0.11000000
2018-02-27 00:07:17,0.02117800,0.50000000
2018-02-27 00:07:21,0.02118400,0.98000000
2018-02-27 00:07:21,0.02118400,0.70000000
2018-02-27 00:07:21,0.02118400,4.68000000
2018-02-27 00:07:26,0.02118400,5.18000000
2018-02-27 00:07:27,0.02118400,1.53000000
2018-02-27 00:07:41,0.02118400,0.13000000
2018-02-27 00:07:46,0.02118400,6.10000000
2018-02-27 00:07:46,0.02117800,2.37000000
2018-02-27 00:07:49,0.02118400,0.46000000
2018-02-27 00:07:50,0.02118400,0.46000000
2018-02-27 00:07:50,0.02118400,2.36000000
2018-02-27 00:07:51,0.02118400,0.90000000
2018-02-27 00:07:52,0.02117600,0.23000000
2018-02-27 00:07:52,0.02118400,4.88000000
2018-02-27 00:07:53,0.02118400,0.68000000
2018-02-27 00:07:54,0.02118400,2.36000000
2018-02-27 00:07:54,0.02118400,2.19000000
2018-02-27 00:07:54,0.02119500,7.44000000
2018-02-27 00:07:54,0.02119700,0.18000000
2018-02-27 00:07:54,0.02119900,4.11000000
2018-02-27 00:07:54,0.02120000,8.69000000
2018-02-27 00:07:55,0.02118000,3.10000000
2018-02-27 00:07:55,0.02118000,2.16000000
2018-02-27 00:07:58,0.02120000,0.20000000
2018-02-27 00:07:58,0.02121000,0.63000000
2018-02-27 00:08:02,0.02119000,0.50000000
2018-02-27 00:08:04,0.02119000,0.11000000
2018-02-27 00:08:04,0.02121000,14.95000000
2018-02-27 00:08:06,0.02119000,1.00000000
2018-02-27 00:08:09,0.02121700,0.73000000
2018-02-27 00:08:09,0.02121900,5.42000000
2018-02-27 00:08:10,0.02119100,0.17000000
2018-02-27 00:08:10,0.02121000,13.69000000
2018-02-27 00:08:13,0.02122000,0.06000000
2018-02-27 00:08:13,0.02122000,0.41000000
2018-02-27 00:08:13,0.02122100,0.78000000
2018-02-27 00:08:14,0.02119000,1.20000000
2018-02-27 00:08:16,0.02119300,0.07000000
2018-02-27 00:08:16,0.02121000,13.70000000
2018-02-27 00:08:16,0.02122100,7.18000000
2018-02-27 00:08:20,0.02121700,0.34000000
2018-02-27 00:08:21,0.02120000,0.15000000
2018-02-27 00:08:22,0.02120100,0.17000000
2018-02-27 00:08:22,0.02121000,1.10000000
2018-02-27 00:08:22,0.02121000,0.11000000
2018-02-27 00:08:22,0.02121000,0.99000000
2018-02-27 00:08:23,0.02121000,0.11000000
2018-02-27 00:08:23,0.02121000,0.84000000
2018-02-27 00:08:26,0.02121000,6.45000000
2018-02-27 00:08:31,0.02121700,0.01000000
2018-02-27 00:08:31,0.02121900,0.17000000
2018-02-27 00:08:31,0.02122000,2.79000000
2018-02-27 00:08:31,0.02122100,0.02000000
2018-02-27 00:08:33,0.02121700,0.05000000
2018-02-27 00:08:33,0.02122700,4.72000000
2018-02-27 00:08:33,0.02122800,2.60000000
2018-02-27 00:08:33,0.02123000,24.98000000
2018-02-27 00:08:33,0.02121700,0.11000000
2018-02-27 00:08:33,0.02121700,14.03000000
2018-02-27 00:08:36,0.02121700,0.01000000
2018-02-27 00:08:37,0.02121700,0.12000000
2018-02-27 00:08:38,0.02123800,0.77000000
2018-02-27 00:08:39,0.02123800,9.41000000
2018-02-27 00:08:39,0.02124000,12.53000000
2018-02-27 00:08:39,0.02121700,0.34000000
2018-02-27 00:08:41,0.02123800,9.88000000
2018-02-27 00:08:43,0.02123800,15.95000000
2018-02-27 00:08:45,0.02122000,4.17000000
2018-02-27 00:08:46,0.02123800,1.45000000
2018-02-27 00:08:47,0.02123800,14.51000000
2018-02-27 00:08:47,0.02124000,3.00000000
2018-02-27 00:08:47,0.02124600,0.37000000
2018-02-27 00:08:47,0.02124800,0.14000000
2018-02-27 00:08:48,0.02122000,0.33000000
2018-02-27 00:08:48,0.02124800,2.82000000
2018-02-27 00:08:50,0.02124800,1.79000000
2018-02-27 00:08:54,0.02124800,10.51000000
2018-02-27 00:08:56,0.02124800,0.18000000
2018-02-27 00:08:57,0.02124800,0.98000000
2018-02-27 00:08:57,0.02123000,6.30000000
2018-02-27 00:08:58,0.02124800,0.94000000
2018-02-27 00:08:59,0.02124800,5.15000000
2018-02-27 00:09:00,0.02122200,0.84000000
2018-02-27 00:09:02,0.02123800,0.09000000
2018-02-27 00:09:05,0.02123700,0.84000000
2018-02-27 00:09:05,0.02123800,12.65000000
2018-02-27 00:09:09,0.02123800,6.64000000
2018-02-27 00:09:10,0.02122800,1.61000000
2018-02-27 00:09:14,0.02123800,1.39000000
2018-02-27 00:09:14,0.02123800,2.57000000
2018-02-27 00:09:20,0.02123800,3.75000000
2018-02-27 00:09:21,0.02123800,4.12000000
2018-02-27 00:09:25,0.02124000,0.51000000
2018-02-27 00:09:25,0.02124700,0.12000000
2018-02-27 00:09:25,0.02124800,2.33000000
2018-02-27 00:09:25,0.02125000,2.23000000
2018-02-27 00:09:25,0.02125800,0.07000000
2018-02-27 00:09:29,0.02124000,0.94000000
2018-02-27 00:09:29,0.02125800,0.11000000
2018-02-27 00:09:29,0.02126000,0.82000000
2018-02-27 00:09:29,0.02127000,0.09000000
2018-02-27 00:09:29,0.02127800,0.36000000
2018-02-27 00:09:29,0.02126000,0.10000000
2018-02-27 00:09:29,0.02127800,0.76000000
2018-02-27 00:09:29,0.02128000,0.04000000
2018-02-27 00:09:47,0.02125900,0.48000000
2018-02-27 00:09:47,0.02126000,0.19000000
2018-02-27 00:09:47,0.02127000,0.08000000
2018-02-27 00:09:48,0.02126000,0.50000000
2018-02-27 00:09:49,0.02126000,0.10000000
2018-02-27 00:09:49,0.02126000,0.10000000
2018-02-27 00:09:50,0.02126000,0.71000000
2018-02-27 00:09:51,0.02126000,1.50000000
2018-02-27 00:09:53,0.02126000,1.15000000
2018-02-27 00:09:53,0.02126000,1.90000000
2018-02-27 00:09:55,0.02126000,0.48000000
2018-02-27 00:09:58,0.02126900,0.02000000
2018-02-27 00:10:07,0.02126000,0.11000000
2018-02-27 00:10:07,0.02126100,0.11000000
2018-02-27 00:10:08,0.02126200,2.89000000
2018-02-27 00:10:08,0.02126200,0.10000000
2018-02-27 00:10:09,0.02126200,1.00000000
2018-02-27 00:10:22,0.02126900,2.28000000
2018-02-27 00:10:22,0.02127000,0.09000000
2018-02-27 00:10:22,0.02126200,7.87000000
2018-02-27 00:10:22,0.02126200,0.10000000
2018-02-27 00:10:23,0.02126900,0.09000000
2018-02-27 00:10:23,0.02126900,0.09000000
2018-02-27 00:10:27,0.02127000,0.10000000
2018-02-27 00:10:27,0.02127800,0.18000000
2018-02-27 00:10:27,0.02128000,8.41000000
2018-02-27 00:10:28,0.02127000,0.09000000
2018-02-27 00:10:28,0.02127000,0.09000000
2018-02-27 00:10:28,0.02127000,0.02000000
2018-02-27 00:10:34,0.02127000,4.00000000
2018-02-27 00:10:34,0.02126900,1.07000000
2018-02-27 00:10:34,0.02126200,1.63000000
2018-02-27 00:10:34,0.02126100,1.78000000
2018-02-27 00:10:35,0.02126100,0.23000000
2018-02-27 00:10:39,0.02126200,0.10000000
2018-02-27 00:10:39,0.02126100,0.60000000
2018-02-27 00:10:49,0.02126200,47.54000000
2018-02-27 00:10:52,0.02126900,0.09000000
2018-02-27 00:10:52,0.02127000,1.84000000
2018-02-27 00:10:52,0.02127000,1.13000000
2018-02-27 00:10:54,0.02126900,0.09000000
2018-02-27 00:10:54,0.02127000,0.09000000
2018-02-27 00:10:54,0.02127800,0.09000000
2018-02-27 00:10:54,0.02128000,0.20000000
2018-02-27 00:10:54,0.02126200,36.22000000
2018-02-27 00:10:54,0.02126200,0.10000000
2018-02-27 00:10:58,0.02126900,0.09000000
2018-02-27 00:10:59,0.02126900,0.09000000
2018-02-27 00:11:01,0.02126900,0.76000000
2018-02-27 00:11:01,0.02126300,0.18000000
2018-02-27 00:11:02,0.02126300,0.10000000
2018-02-27 00:11:05,0.02126400,0.24000000
2018-02-27 00:11:05,0.02126300,5.69000000
2018-02-27 00:11:05,0.02126300,1.35000000
2018-02-27 00:11:06,0.02126300,0.10000000
2018-02-27 00:11:09,0.02126400,0.08000000
2018-02-27 00:11:09,0.02126400,0.10000000
2018-02-27 00:11:20,0.02126400,0.10000000
2018-02-27 00:11:21,0.02126500,0.02000000
2018-02-27 00:11:24,0.02126500,0.11000000
2018-02-27 00:11:24,0.02126500,4.79000000
2018-02-27 00:11:34,0.02126900,0.26000000
2018-02-27 00:11:34,0.02127000,0.16000000
2018-02-27 00:11:34,0.02127800,0.03000000
2018-02-27 00:11:37,0.02126900,0.09000000
2018-02-27 00:11:37,0.02126900,0.09000000
2018-02-27 00:11:37,0.02127000,0.08000000
2018-02-27 00:11:37,0.02126900,0.75000000
2018-02-27 00:11:37,0.02126500,0.66000000
2018-02-27 00:11:37,0.02126500,0.09000000
2018-02-27 00:11:37,0.02126900,0.09000000
2018-02-27 00:11:37,0.02127000,0.10000000
2018-02-27 00:11:37,0.02127800,0.15000000
2018-02-27 00:11:37,0.02128000,1.47000000
2018-02-27 00:11:37,0.02126500,0.34000000
2018-02-27 00:11:37,0.02126900,0.08000000
2018-02-27 00:11:38,0.02126500,14.03000000
2018-02-27 00:11:38,0.02126500,0.09000000
2018-02-27 00:11:38,0.02126500,7.01000000
2018-02-27 00:11:38,0.02126400,8.99000000
2018-02-27 00:11:38,0.02126400,0.09000000
2018-02-27 00:11:38,0.02126400,1.89000000
2018-02-27 00:11:38,0.02126400,1.41000000
2018-02-27 00:11:38,0.02126400,9.99000000
2018-02-27 00:11:39,0.02126500,0.09000000
2018-02-27 00:11:39,0.02126500,0.09000000
2018-02-27 00:11:39,0.02126900,0.10000000
2018-02-27 00:11:39,0.02126500,1.41000000
2018-02-27 00:11:40,0.02126500,0.09000000
2018-02-27 00:11:40,0.02126900,0.09000000
2018-02-27 00:11:40,0.02127000,0.09000000
2018-02-27 00:11:40,0.02127300,0.09000000
2018-02-27 00:11:40,0.02127800,0.09000000
2018-02-27 00:11:40,0.02128000,7.00000000
2018-02-27 00:11:40,0.02127300,0.09000000
2018-02-27 00:11:40,0.02127300,0.09000000
2018-02-27 00:11:40,0.02128000,0.08000000
2018-02-27 00:11:40,0.02127300,0.09000000
2018-02-27 00:11:40,0.02127300,0.09000000
2018-02-27 00:11:41,0.02127800,0.09000000
2018-02-27 00:11:41,0.02128000,0.13000000
2018-02-27 00:11:42,0.02127300,1.25000000
2018-02-27 00:11:42,0.02126500,4.43000000
2018-02-27 00:11:42,0.02126500,3.45000000
2018-02-27 00:11:42,0.02126500,1.53000000
2018-02-27 00:11:42,0.02126500,11.46000000
2018-02-27 00:11:46,0.02126400,0.02000000
2018-02-27 00:11:46,0.02126400,0.09000000
2018-02-27 00:11:46,0.02126500,0.19000000
2018-02-27 00:11:48,0.02126500,5.07000000
2018-02-27 00:11:50,0.02126500,0.70000000
2018-02-27 00:11:50,0.02126500,8.10000000
2018-02-27 00:11:50,0.02126500,0.20000000
2018-02-27 00:11:51,0.02126500,0.48000000
2018-02-27 00:11:53,0.02126500,2.21000000
2018-02-27 00:11:53,0.02126500,0.95000000
2018-02-27 00:11:54,0.02126500,0.28000000
2018-02-27 00:11:55,0.02126400,0.14000000
2018-02-27 00:11:55,0.02126400,0.09000000
2018-02-27 00:11:57,0.02126500,8.40000000
2018-02-27 00:11:57,0.02126500,0.09000000
2018-02-27 00:12:04,0.02126700,0.10000000
2018-02-27 00:12:04,0.02126700,0.09000000
2018-02-27 00:12:10,0.02126900,0.02000000
2018-02-27 00:12:14,0.02126800,0.63000000
2018-02-27 00:12:14,0.02126700,0.20000000
2018-02-27 00:12:14,0.02126700,0.09000000
2018-02-27 00:12:15,0.02126800,0.09000000
2018-02-27 00:12:15,0.02126900,0.23000000
2018-02-27 00:12:15,0.02127300,0.09000000
2018-02-27 00:12:15,0.02127500,0.47000000
2018-02-27 00:12:17,0.02126800,0.09000000
2018-02-27 00:12:17,0.02126800,0.09000000
2018-02-27 00:12:20,0.02126900,0.08000000
2018-02-27 00:12:21,0.02126900,0.10000000
2018-02-27 00:12:23,0.02127300,0.08000000
2018-02-27 00:12:25,0.02127300,0.10000000
2018-02-27 00:12:25,0.02127500,1.22000000
2018-02-27 00:12:26,0.02127500,0.10000000
2018-02-27 00:12:28,0.02126800,0.03000000
2018-02-27 00:12:28,0.02126800,0.09000000
2018-02-27 00:12:29,0.02126800,0.96000000
2018-02-27 00:12:34,0.02127800,0.09000000
2018-02-27 00:12:34,0.02128000,0.28000000
2018-02-27 00:12:34,0.02128100,0.09000000
2018-02-27 00:12:34,0.02128600,0.05000000
2018-02-27 00:12:40,0.02127800,0.09000000
2018-02-27 00:12:40,0.02128000,0.09000000
2018-02-27 00:12:40,0.02128100,0.09000000
2018-02-27 00:12:40,0.02128600,4.33000000
2018-02-27 00:12:40,0.02129000,8.66000000
2018-02-27 00:12:40,0.02129400,2.35000000
2018-02-27 00:12:42,0.02127800,0.09000000
2018-02-27 00:12:42,0.02128000,0.09000000
2018-02-27 00:12:42,0.02128100,0.09000000
2018-02-27 00:12:42,0.02128600,0.09000000
2018-02-27 00:12:42,0.02128600,0.09000000
2018-02-27 00:12:42,0.02128600,0.09000000
2018-02-27 00:12:43,0.02128600,0.09000000
2018-02-27 00:12:43,0.02128600,0.09000000
2018-02-27 00:12:44,0.02129000,0.09000000
2018-02-27 00:12:44,0.02129100,0.09000000
2018-02-27 00:12:44,0.02129400,0.12000000
2018-02-27 00:12:44,0.02129800,0.79000000
2018-02-27 00:12:44,0.02130900,0.29000000
2018-02-27 00:12:45,0.02128600,0.09000000
2018-02-27 00:12:45,0.02128600,0.09000000
2018-02-27 00:12:47,0.02127800,0.08000000
2018-02-27 00:12:47,0.02127000,2.42000000
2018-02-27 00:12:47,0.02127000,0.09000000
2018-02-27 00:12:50,0.02127800,0.09000000
2018-02-27 00:12:50,0.02129000,0.09000000
2018-02-27 00:12:50,0.02129100,0.09000000
2018-02-27 00:12:50,0.02129400,0.09000000
2018-02-27 00:12:50,0.02129800,0.04000000
2018-02-27 00:12:52,0.02127800,0.09000000
2018-02-27 00:12:52,0.02127900,0.09000000
2018-02-27 00:12:52,0.02127900,0.08000000
2018-02-27 00:12:53,0.02127500,1.00000000
2018-02-27 00:12:53,0.02126900,0.15000000
2018-02-27 00:12:53,0.02126800,0.35000000
2018-02-27 00:12:53,0.02126800,0.09000000
2018-02-27 00:12:54,0.02126900,0.08000000
2018-02-27 00:12:54,0.02126900,0.10000000
2018-02-27 00:12:55,0.02127500,0.09000000
2018-02-27 00:12:55,0.02127800,0.09000000
2018-02-27 00:12:55,0.02127800,0.09000000
2018-02-27 00:13:01,0.02127900,0.01000000
2018-02-27 00:13:01,0.02128600,0.92000000
2018-02-27 00:13:02,0.02127900,0.08000000
2018-02-27 00:13:02,0.02127900,0.10000000
2018-02-27 00:13:05,0.02128500,0.05000000
2018-02-27 00:13:11,0.02127900,0.32000000
2018-02-27 00:13:11,0.02127900,0.09000000
2018-02-27 00:13:15,0.02128500,0.11000000
2018-02-27 00:13:23,0.02127900,0.27000000
2018-02-27 00:13:23,0.02127900,0.09000000
2018-02-27 00:13:28,0.02128500,0.63000000
2018-02-27 00:13:28,0.02127900,17.29000000
2018-02-27 00:13:28,0.02127900,0.09000000
2018-02-27 00:13:28,0.02127900,0.08000000
2018-02-27 00:13:29,0.02128500,0.08000000
2018-02-27 00:13:29,0.02128500,0.01000000
2018-02-27 00:13:29,0.02128600,2.69000000
2018-02-27 00:13:29,0.02129000,0.09000000
2018-02-27 00:13:29,0.02129100,0.09000000
2018-02-27 00:13:29,0.02129400,0.09000000
2018-02-27 00:13:29,0.02129800,0.14000000
2018-02-27 00:13:29,0.02129900,0.09000000
2018-02-27 00:13:29,0.02130900,0.12000000
2018-02-27 00:13:29,0.02127900,0.78000000
2018-02-27 00:13:29,0.02127900,0.09000000
2018-02-27 00:13:32,0.02128500,0.08000000
2018-02-27 00:13:33,0.02128500,0.10000000
2018-02-27 00:13:33,0.02128600,0.08000000
2018-02-27 00:13:35,0.02128000,0.27000000
2018-02-27 00:13:35,0.02127900,0.68000000
2018-02-27 00:13:35,0.02128000,0.09000000
2018-02-27 00:13:36,0.02127900,0.09000000
2018-02-27 00:13:36,0.02127900,0.09000000
2018-02-27 00:13:36,0.02128000,0.05000000
2018-02-27 00:13:42,0.02128000,0.04000000
2018-02-27 00:13:42,0.02128600,0.01000000
2018-02-27 00:13:42,0.02128600,0.09000000
2018-02-27 00:13:42,0.02129000,0.19000000
2018-02-27 00:13:42,0.02129000,0.19000000
2018-02-27 00:13:43,0.02129100,0.19000000
2018-02-27 00:13:43,0.02129400,0.19000000
2018-02-27 00:13:43,0.02129800,0.19000000
2018-02-27 00:13:43,0.02129900,0.19000000
2018-02-27 00:13:43,0.02130900,0.19000000
2018-02-27 00:13:44,0.02129100,0.19000000
2018-02-27 00:13:44,0.02129400,0.19000000
2018-02-27 00:13:44,0.02129800,0.19000000
2018-02-27 00:13:44,0.02129900,0.19000000
2018-02-27 00:13:45,0.02128600,0.11000000
2018-02-27 00:13:46,0.02128400,0.32000000
2018-02-27 00:13:46,0.02128400,0.08000000
2018-02-27 00:13:52,0.02128400,0.01000000
2018-02-27 00:13:52,0.02128600,0.09000000
2018-02-27 00:13:52,0.02129100,0.19000000
2018-02-27 00:13:52,0.02129400,0.19000000
2018-02-27 00:13:52,0.02129800,0.19000000
2018-02-27 00:13:52,0.02129900,0.04000000
2018-02-27 00:13:52,0.02128600,0.09000000
2018-02-27 00:13:52,0.02128900,0.09000000
2018-02-27 00:13:52,0.02128900,0.19000000
2018-02-27 00:13:56,0.02129100,0.19000000
2018-02-27 00:13:56,0.02129100,0.19000000
2018-02-27 00:13:58,0.02129100,0.09000000
2018-02-27 00:14:02,0.02129100,0.40000000
2018-02-27 00:14:02,0.02129400,0.19000000
2018-02-27 00:14:02,0.02129800,0.19000000
2018-02-27 00:14:02,0.02129900,0.33000000
2018-02-27 00:14:05,0.02129400,0.19000000
2018-02-27 00:14:05,0.02129800,0.19000000
2018-02-27 00:14:05,0.02129900,4.45000000
2018-02-27 00:14:06,0.02129100,2.91000000
2018-02-27 00:14:06,0.02129100,0.19000000
2018-02-27 00:14:12,0.02129400,0.19000000
2018-02-27 00:14:13,0.02129400,0.08000000
2018-02-27 00:14:13,0.02129400,0.01000000
2018-02-27 00:14:13,0.02129800,0.19000000
2018-02-27 00:14:13,0.02129900,0.44000000
2018-02-27 00:14:13,0.02130500,8.98000000
2018-02-27 00:14:14,0.02129500,1.87000000
2018-02-27 00:14:14,0.02129500,0.10000000
2018-02-27 00:14:15,0.02129800,0.08000000
2018-02-27 00:14:15,0.02129800,0.10000000
2018-02-27 00:14:15,0.02129900,0.09000000
2018-02-27 00:14:15,0.02130500,0.08000000
2018-02-27 00:14:16,0.02130500,0.01000000
2018-02-27 00:14:16,0.02130900,0.45000000
2018-02-27 00:14:16,0.02131700,0.30000000
2018-02-27 00:14:18,0.02130500,0.08000000
2018-02-27 00:14:18,0.02130500,0.10000000
2018-02-27 00:14:19,0.02130900,0.08000000
2018-02-27 00:14:19,0.02130900,0.10000000
2018-02-27 00:14:19,0.02131700,0.07000000
2018-02-27 00:14:20,0.02130200,0.10000000
2018-02-27 00:14:21,0.02130200,0.09000000
2018-02-27 00:14:21,0.02130900,1.40000000
2018-02-27 00:14:21,0.02130200,0.12000000
2018-02-27 00:14:21,0.02130200,0.09000000
2018-02-27 00:14:22,0.02130900,2.77000000
2018-02-27 00:14:31,0.02130900,4.91000000
2018-02-27 00:14:31,0.02130900,0.26000000
2018-02-27 00:14:31,0.02130900,4.47000000
2018-02-27 00:14:31,0.02130900,4.47000000
2018-02-27 00:14:31,0.02130900,3.92000000
2018-02-27 00:14:32,0.02130900,0.20000000
2018-02-27 00:14:32,0.02131700,0.98000000
2018-02-27 00:14:34,0.02131700,0.09000000
2018-02-27 00:14:35,0.02130900,1.31000000
2018-02-27 00:14:35,0.02130900,0.09000000
2018-02-27 00:14:36,0.02130900,1.28000000
2018-02-27 00:14:37,0.02131700,24.07000000
2018-02-27 00:14:43,0.02131600,0.11000000
2018-02-27 00:14:43,0.02130900,0.14000000
2018-02-27 00:14:43,0.02130300,1.50000000
2018-02-27 00:14:43,0.02130200,0.13000000
2018-02-27 00:14:43,0.02130200,0.09000000
2018-02-27 00:14:44,0.02130300,0.08000000
2018-02-27 00:14:44,0.02130300,0.10000000
2018-02-27 00:14:44,0.02130900,0.09000000
2018-02-27 00:14:44,0.02131400,5.03000000
2018-02-27 00:14:44,0.02130900,0.09000000
2018-02-27 00:14:44,0.02131000,0.09000000
2018-02-27 00:14:45,0.02131000,0.09000000
2018-02-27 00:14:45,0.02131000,0.81000000
2018-02-27 00:14:46,0.02131400,0.09000000
2018-02-27 00:14:46,0.02131600,0.10000000
2018-02-27 00:14:46,0.02131700,4.60000000
2018-02-27 00:14:53,0.02131400,0.09000000
2018-02-27 00:14:53,0.02131400,0.09000000
2018-02-27 00:14:53,0.02131400,4.51000000
2018-02-27 00:14:55,0.02131600,0.08000000
2018-02-27 00:15:03,0.02131600,0.10000000
2018-02-27 00:15:03,0.02131700,9.84000000
2018-02-27 00:15:03,0.02131700,3.44000000
2018-02-27 00:15:04,0.02131700,0.08000000
2018-02-27 00:15:04,0.02131700,0.01000000
2018-02-27 00:15:06,0.02132100,1.89000000
2018-02-27 00:15:06,0.02132100,0.09000000
2018-02-27 00:15:06,0.02132100,0.25000000
2018-02-27 00:15:06,0.02132100,0.37000000
2018-02-27 00:15:09,0.02132100,9.99000000
2018-02-27 00:15:12,0.02133100,4.50000000
2018-02-27 00:15:13,0.02132200,0.98000000
2018-02-27 00:15:13,0.02132200,0.01000000
2018-02-27 00:15:13,0.02131500,1.74000000
2018-02-27 00:15:13,0.02131500,0.19000000
2018-02-27 00:15:13,0.02132200,0.18000000
2018-02-27 00:15:13,0.02133100,0.29000000
2018-02-27 00:15:13,0.02132200,0.19000000
2018-02-27 00:15:14,0.02132800,0.19000000
2018-02-27 00:15:14,0.02132800,0.19000000
2018-02-27 00:15:14,0.02132800,1.29000000
2018-02-27 00:15:14,0.02132200,0.28000000
2018-02-27 00:15:14,0.02132200,0.19000000
2018-02-27 00:15:14,0.02132200,0.02000000
2018-02-27 00:15:15,0.02133100,0.46000000
2018-02-27 00:15:17,0.02133100,2.77000000
2018-02-27 00:15:17,0.02132200,0.35000000
2018-02-27 00:15:17,0.02131500,2.54000000
2018-02-27 00:15:17,0.02133200,0.10000000
2018-02-27 00:15:18,0.02131500,0.19000000
2018-02-27 00:15:18,0.02131500,0.19000000
2018-02-27 00:15:18,0.02132200,0.19000000
2018-02-27 00:15:18,0.02132200,0.19000000
2018-02-27 00:15:19,0.02133200,0.19000000
2018-02-27 00:15:19,0.02133200,0.19000000
2018-02-27 00:15:20,0.02133300,0.07000000
2018-02-27 00:15:20,0.02133300,0.19000000
2018-02-27 00:15:21,0.02133500,10.00000000
2018-02-27 00:15:21,0.02133500,0.19000000
2018-02-27 00:15:22,0.02134500,3.68000000
2018-02-27 00:15:22,0.02134500,0.20000000
2018-02-27 00:15:23,0.02134700,0.23000000
2018-02-27 00:15:23,0.02135000,0.46000000
2018-02-27 00:15:23,0.02135200,0.46000000
2018-02-27 00:15:23,0.02135300,0.19000000
2018-02-27 00:15:23,0.02135300,0.19000000
2018-02-27 00:15:23,0.02135300,0.19000000
2018-02-27 00:15:23,0.02135300,0.19000000
2018-02-27 00:15:24,0.02135700,0.45000000
2018-02-27 00:15:24,0.02136700,0.68000000
2018-02-27 00:15:24,0.02136800,1.00000000
2018-02-27 00:15:24,0.02136900,0.46000000
2018-02-27 00:15:24,0.02137700,0.08000000
2018-02-27 00:15:24,0.02139000,1.05000000
2018-02-27 00:15:25,0.02135300,1.77000000
2018-02-27 00:15:26,0.02135300,0.19000000
2018-02-27 00:15:28,0.02135300,0.08000000
2018-02-27 00:15:28,0.02135300,1.70000000
2018-02-27 00:15:28,0.02135700,0.28000000
2018-02-27 00:15:30,0.02134500,1.31000000
2018-02-27 00:15:30,0.02134000,0.46000000
2018-02-27 00:15:30,0.02134000,0.19000000
2018-02-27 00:15:31,0.02134500,0.19000000
2018-02-27 00:15:32,0.02135700,0.28000000
2018-02-27 00:15:32,0.02135300,0.14000000
2018-02-27 00:15:34,0.02135300,0.19000000
2018-02-27 00:15:34,0.02135700,0.28000000
2018-02-27 00:15:35,0.02135700,0.28000000
2018-02-27 00:15:35,0.02136700,0.28000000
2018-02-27 00:15:35,0.02136700,0.28000000
2018-02-27 00:15:35,0.02136700,0.60000000
2018-02-27 00:15:35,0.02134000,0.92000000
2018-02-27 00:15:35,0.02134000,0.19000000
2018-02-27 00:15:37,0.02136700,0.59000000
2018-02-27 00:15:38,0.02134500,1.65000000
2018-02-27 00:15:38,0.02134500,0.19000000
2018-02-27 00:15:38,0.02136700,0.28000000
2018-02-27 00:15:39,0.02136700,0.28000000
2018-02-27 00:15:40,0.02136700,0.01000000
2018-02-27 00:15:41,0.02136900,0.28000000
2018-02-27 00:15:41,0.02136900,0.23000000
2018-02-27 00:15:42,0.02135700,2.40000000
2018-02-27 00:15:42,0.02135700,0.28000000
2018-02-27 00:15:43,0.02136900,0.05000000
2018-02-27 00:15:43,0.02136900,0.28000000
2018-02-27 00:15:43,0.02137700,0.28000000
2018-02-27 00:15:43,0.02138700,1.20000000
2018-02-27 00:15:44,0.02137700,0.28000000
2018-02-27 00:15:44,0.02137700,0.28000000
2018-02-27 00:15:45,0.02138700,1.01000000
2018-02-27 00:15:45,0.02139000,0.24000000
2018-02-27 00:15:46,0.02138700,0.28000000
2018-02-27 00:15:46,0.02139000,0.32000000
2018-02-27 00:15:46,0.02139100,1.40000000
2018-02-27 00:15:46,0.02139800,0.82000000
2018-02-27 00:15:49,0.02135800,0.10000000
2018-02-27 00:15:49,0.02135800,0.28000000
2018-02-27 00:15:50,0.02137700,0.07000000
2018-02-27 00:15:50,0.02137700,0.28000000
2018-02-27 00:15:50,0.02137700,0.69000000
2018-02-27 00:15:51,0.02137700,0.08000000
2018-02-27 00:15:51,0.02138700,0.28000000
2018-02-27 00:15:51,0.02138700,0.08000000
2018-02-27 00:15:51,0.02138700,0.28000000
2018-02-27 00:15:51,0.02138700,0.07000000
2018-02-27 00:15:51,0.02138700,0.09000000
2018-02-27 00:15:52,0.02138700,0.16000000
2018-02-27 00:15:52,0.02138700,1.02000000
2018-02-27 00:15:52,0.02138700,0.12000000
2018-02-27 00:15:52,0.02138700,0.03000000
2018-02-27 00:15:53,0.02138700,0.12000000
2018-02-27 00:15:53,0.02138700,0.24000000
2018-02-27 00:15:53,0.02138700,0.12000000
2018-02-27 00:15:53,0.02138700,0.10000000
2018-02-27 00:15:53,0.02137700,0.51000000
2018-02-27 00:15:53,0.02137700,0.28000000
2018-02-27 00:15:53,0.02137700,0.07000000
2018-02-27 00:15:54,0.02137700,0.07000000
2018-02-27 00:15:55,0.02138700,0.24000000
2018-02-27 00:15:55,0.02138700,0.28000000
2018-02-27 00:15:56,0.02138700,0.12000000
2018-02-27 00:15:56,0.02138700,0.08000000
2018-02-27 00:15:57,0.02138700,0.24000000
2018-02-27 00:15:58,0.02138700,2.29000000
2018-02-27 00:15:58,0.02138700,0.23000000
2018-02-27 00:15:59,0.02137000,3.49000000
2018-02-27 00:16:02,0.02138700,0.19000000
2018-02-27 00:16:02,0.02139000,0.28000000
2018-02-27 00:16:02,0.02139100,0.28000000
2018-02-27 00:16:02,0.02139800,1.27000000
2018-02-27 00:16:02,0.02137000,1.57000000
2018-02-27 00:16:03,0.02137000,0.19000000
2018-02-27 00:16:04,0.02137000,0.16000000
2018-02-27 00:16:04,0.02137700,0.27000000
2018-02-27 00:16:05,0.02137700,0.60000000
2018-02-27 00:16:07,0.02137000,2.41000000
2018-02-27 00:16:07,0.02137000,0.05000000
2018-02-27 00:16:09,0.02137000,1.14000000
2018-02-27 00:16:09,0.02137700,3.67000000
2018-02-27 00:16:09,0.02138700,0.21000000
2018-02-27 00:16:09,0.02139800,1.12000000
2018-02-27 00:16:10,0.02139800,16.04000000
2018-02-27 00:16:10,0.02140000,8.33000000
2018-02-27 00:16:10,0.02140000,0.46000000
2018-02-27 00:16:10,0.02140000,2.49000000
2018-02-27 00:16:11,0.02139900,2.49000000
2018-02-27 00:16:11,0.02140100,0.09000000
2018-02-27 00:16:11,0.02140400,0.22000000
2018-02-27 00:16:11,0.02140500,1.53000000
2018-02-27 00:16:11,0.02140800,1.86000000
2018-02-27 00:16:11,0.02141200,0.29000000
2018-02-27 00:16:11,0.02141800,1.87000000
2018-02-27 00:16:11,0.02142600,0.09000000
2018-02-27 00:16:11,0.02142900,3.65000000
2018-02-27 00:16:14,0.02139800,0.70000000
2018-02-27 00:16:14,0.02139800,0.46000000
2018-02-27 00:16:14,0.02139800,0.46000000
2018-02-27 00:16:14,0.02139800,0.46000000
2018-02-27 00:16:15,0.02139800,0.17000000
2018-02-27 00:16:17,0.02139800,0.46000000
2018-02-27 00:16:18,0.02142900,0.30000000
2018-02-27 00:16:21,0.02139800,1.08000000
2018-02-27 00:16:22,0.02142800,0.23000000
2018-02-27 00:16:22,0.02142900,0.28000000
2018-02-27 00:16:22,0.02143000,1.88000000
2018-02-27 00:16:23,0.02142900,1.10000000
2018-02-27 00:16:23,0.02142900,3.73000000
2018-02-27 00:16:23,0.02142900,0.08000000
2018-02-27 00:16:23,0.02142900,1.16000000
2018-02-27 00:16:23,0.02142900,1.16000000
2018-02-27 00:16:24,0.02142900,0.60000000
2018-02-27 00:16:25,0.02142900,2.00000000
2018-02-27 00:16:25,0.02142900,3.95000000
2018-02-27 00:16:25,0.02142900,1.58000000
2018-02-27 00:16:25,0.02142900,3.49000000
2018-02-27 00:16:26,0.02142900,1.88000000
2018-02-27 00:16:26,0.02142900,1.01000000
2018-02-27 00:16:26,0.02142900,10.88000000
2018-02-27 00:16:28,0.02142900,0.14000000
2018-02-27 00:16:28,0.02142900,0.75000000
2018-02-27 00:16:29,0.02142900,0.11000000
2018-02-27 00:16:29,0.02142900,0.07000000
2018-02-27 00:16:29,0.02142900,0.08000000
2018-02-27 00:16:30,0.02142900,1.58000000
2018-02-27 00:16:30,0.02142900,0.69000000
2018-02-27 00:16:31,0.02142900,0.23000000
2018-02-27 00:16:32,0.02142900,2.21000000
2018-02-27 00:16:33,0.02142900,4.19000000
2018-02-27 00:16:33,0.02142900,0.07000000
2018-02-27 00:16:33,0.02142900,0.07000000
2018-02-27 00:16:34,0.02142900,0.28000000
2018-02-27 00:16:34,0.02142900,0.07000000
2018-02-27 00:16:34,0.02142900,1.20000000
2018-02-27 00:16:34,0.02142900,0.17000000
2018-02-27 00:16:37,0.02142900,0.28000000
2018-02-27 00:16:37,0.02142900,0.05000000
2018-02-27 00:16:38,0.02142900,0.21000000
2018-02-27 00:16:39,0.02143000,7.12000000
2018-02-27 00:16:39,0.02143100,0.94000000
2018-02-27 00:16:39,0.02143300,1.13000000
2018-02-27 00:16:39,0.02144200,0.60000000
2018-02-27 00:16:39,0.02144300,0.12000000
2018-02-27 00:16:39,0.02144800,0.18000000
2018-02-27 00:16:39,0.02145000,0.67000000
2018-02-27 00:16:39,0.02145300,0.08000000
2018-02-27 00:16:39,0.02145500,0.50000000
2018-02-27 00:16:39,0.02146100,0.14000000
2018-02-27 00:16:39,0.02146600,0.12000000
2018-02-27 00:16:39,0.02146900,2.20000000
2018-02-27 00:16:39,0.02147000,0.34000000
2018-02-27 00:16:39,0.02147400,0.45000000
2018-02-27 00:16:39,0.02147600,27.11000000
2018-02-27 00:16:39,0.02142900,0.19000000
2018-02-27 00:16:39,0.02143100,5.00000000
2018-02-27 00:16:39,0.02143100,0.28000000
2018-02-27 00:16:39,0.02143100,0.23000000
2018-02-27 00:16:41,0.02143200,1.04000000
2018-02-27 00:16:42,0.02143200,14.02000000
2018-02-27 00:16:42,0.02143200,0.23000000
2018-02-27 00:16:43,0.02143200,0.19000000
2018-02-27 00:16:44,0.02142900,0.60000000
2018-02-27 00:16:45,0.02145500,1.12000000
2018-02-27 00:16:45,0.02143000,0.42000000
2018-02-27 00:16:48,0.02143000,0.19000000
2018-02-27 00:16:49,0.02145500,0.13000000
2018-02-27 00:16:50,0.02143000,0.18000000
2018-02-27 00:16:50,0.02143000,0.19000000
2018-02-27 00:16:51,0.02143100,0.50000000
2018-02-27 00:16:52,0.02143100,0.01000000
2018-02-27 00:16:52,0.02143000,4.26000000
2018-02-27 00:16:53,0.02143100,0.18000000
2018-02-27 00:16:53,0.02144700,0.61000000
2018-02-27 00:16:53,0.02143000,3.34000000
2018-02-27 00:16:53,0.02143000,0.67000000
2018-02-27 00:16:53,0.02142900,2.67000000
2018-02-27 00:16:53,0.02142900,11.41000000
2018-02-27 00:16:53,0.02142900,9.83000000
2018-02-27 00:16:53,0.02142900,0.36000000
2018-02-27 00:16:54,0.02143500,0.19000000
2018-02-27 00:16:55,0.02143500,1.90000000
2018-02-27 00:16:56,0.02143500,0.19000000
2018-02-27 00:16:59,0.02143500,0.19000000
2018-02-27 00:16:59,0.02143500,1.05000000
2018-02-27 00:17:00,0.02144700,3.90000000
2018-02-27 00:17:00,0.02145100,0.93000000
2018-02-27 00:17:01,0.02143500,0.32000000
2018-02-27 00:17:02,0.02143600,0.43000000
2018-02-27 00:17:03,0.02143600,0.19000000
2018-02-27 00:17:03,0.02143600,0.07000000
2018-02-27 00:17:03,0.02143500,4.93000000
2018-02-27 00:17:05,0.02143500,0.23000000
2018-02-27 00:17:07,0.02143500,0.19000000
2018-02-27 00:17:08,0.02145000,0.26000000
2018-02-27 00:17:08,0.02145000,6.26000000
2018-02-27 00:17:08,0.02145000,0.47000000
2018-02-27 00:17:08,0.02145000,1.15000000
2018-02-27 00:17:09,0.02143500,0.23000000
2018-02-27 00:17:09,0.02143500,1.15000000
2018-02-27 00:17:09,0.02143500,1.15000000
2018-02-27 00:17:10,0.02143500,0.05000000
2018-02-27 00:17:10,0.02143700,0.05000000
2018-02-27 00:17:11,0.02143700,0.26000000
2018-02-27 00:17:12,0.02143500,0.10000000
2018-02-27 00:17:12,0.02143500,8.19000000
2018-02-27 00:17:14,0.02143500,0.88000000
2018-02-27 00:17:14,0.02142900,11.21000000
2018-02-27 00:17:15,0.02144900,0.14000000
2018-02-27 00:17:15,0.02144900,4.39000000
2018-02-27 00:17:16,0.02142900,0.10000000
2018-02-27 00:17:20,0.02142900,0.10000000
2018-02-27 00:17:28,0.02143100,1.42000000
2018-02-27 00:17:28,0.02143100,0.10000000
2018-02-27 00:17:30,0.02143200,0.14000000
2018-02-27 00:17:32,0.02143200,0.10000000
2018-02-27 00:17:32,0.02143100,0.40000000
2018-02-27 00:17:32,0.02143100,0.25000000
2018-02-27 00:17:33,0.02143100,1.88000000
2018-02-27 00:17:34,0.02143200,0.23000000
2018-02-27 00:17:38,0.02143200,0.01000000
2018-02-27 00:17:38,0.02143100,0.01000000
2018-02-27 00:17:38,0.02142900,0.14000000
2018-02-27 00:17:38,0.02141500,0.05000000
2018-02-27 00:17:38,0.02141100,2.11000000
2018-02-27 00:17:39,0.02141100,0.63000000
2018-02-27 00:17:39,0.02141000,1.40000000
2018-02-27 00:17:43,0.02141000,0.56000000
2018-02-27 00:17:44,0.02142700,4.10000000
2018-02-27 00:17:44,0.02139800,0.22000000
2018-02-27 00:17:45,0.02142700,0.09000000
2018-02-27 00:17:47,0.02139800,1.01000000
2018-02-27 00:17:47,0.02140900,5.83000000
2018-02-27 00:17:47,0.02141000,5.27000000
2018-02-27 00:17:47,0.02141000,0.10000000
2018-02-27 00:17:47,0.02141000,0.47000000
2018-02-27 00:17:52,0.02141000,0.47000000
2018-02-27 00:17:53,0.02142500,5.00000000
2018-02-27 00:17:53,0.02142800,0.86000000
2018-02-27 00:17:54,0.02141000,0.25000000
2018-02-27 00:17:54,0.02141000,4.50000000
2018-02-27 00:17:54,0.02141000,2.09000000
2018-02-27 00:17:57,0.02141000,0.58000000
2018-02-27 00:17:57,0.02141000,3.12000000
2018-02-27 00:17:58,0.02141000,0.09000000
2018-02-27 00:17:58,0.02141000,2.58000000
2018-02-27 00:17:59,0.02141000,2.06000000
2018-02-27 00:18:03,0.02141000,0.16000000
2018-02-27 00:18:03,0.02141000,0.14000000
2018-02-27 00:18:03,0.02141000,5.00000000
2018-02-27 00:18:09,0.02141000,10.69000000
2018-02-27 00:18:11,0.02139800,2.83000000
2018-02-27 00:18:14,0.02141000,10.00000000
2018-02-27 00:18:14,0.02139800,0.23000000
2018-02-27 00:18:25,0.02139800,2.64000000
2018-02-27 00:18:26,0.02140600,1.50000000
2018-02-27 00:18:29,0.02139800,0.43000000
2018-02-27 00:18:32,0.02139800,3.50000000
2018-02-27 00:18:32,0.02139800,1.39000000
2018-02-27 00:18:32,0.02140500,8.83000000
2018-02-27 00:18:32,0.02140600,2.16000000
2018-02-27 00:18:32,0.02142400,0.48000000
2018-02-27 00:18:32,0.02142700,0.28000000
2018-02-27 00:18:32,0.02142900,11.25000000
2018-02-27 00:18:34,0.02139800,0.01000000
2018-02-27 00:18:35,0.02138600,0.10000000
2018-02-27 00:18:37,0.02137700,0.11000000
2018-02-27 00:18:39,0.02137100,0.07000000
2018-02-27 00:18:47,0.02138800,2.14000000
2018-02-27 00:18:47,0.02138800,0.26000000
2018-02-27 00:18:48,0.02139400,0.07000000
2018-02-27 00:18:48,0.02139500,0.06000000
2018-02-27 00:18:50,0.02139500,2.00000000
2018-02-27 00:18:50,0.02138800,0.17000000
2018-02-27 00:18:51,0.02139400,1.34000000
2018-02-27 00:18:51,0.02139500,5.90000000
2018-02-27 00:18:51,0.02139700,0.26000000
2018-02-27 00:18:51,0.02139800,0.16000000
2018-02-27 00:18:52,0.02138800,0.08000000
2018-02-27 00:18:56,0.02139700,0.47000000
2018-02-27 00:19:00,0.02139700,0.40000000
2018-02-27 00:19:03,0.02139700,7.09000000
2018-02-27 00:19:03,0.02139800,0.29000000
2018-02-27 00:19:03,0.02142700,0.89000000
2018-02-27 00:19:03,0.02142800,1.13000000
2018-02-27 00:19:08,0.02139100,0.84000000
2018-02-27 00:19:08,0.02139000,0.11000000
2018-02-27 00:19:08,0.02139100,0.12000000
2018-02-27 00:19:08,0.02139000,0.36000000
2018-02-27 00:19:10,0.02142200,0.77000000
2018-02-27 00:19:10,0.02142300,3.61000000
2018-02-27 00:19:10,0.02142500,0.23000000
2018-02-27 00:19:10,0.02142700,7.95000000
2018-02-27 00:19:10,0.02142800,0.30000000
2018-02-27 00:19:10,0.02142900,9.05000000
2018-02-27 00:19:10,0.02143000,0.05000000
2018-02-27 00:19:10,0.02144400,4.10000000
2018-02-27 00:19:10,0.02144500,1.42000000
2018-02-27 00:19:10,0.02144900,1.60000000
2018-02-27 00:19:10,0.02145000,7.00000000
2018-02-27 00:19:10,0.02145900,1.67000000
2018-02-27 00:19:10,0.02146200,0.45000000
2018-02-27 00:19:10,0.02147200,0.60000000
2018-02-27 00:19:10,0.02147300,1.93000000
2018-02-27 00:19:10,0.02147600,28.83000000
2018-02-27 00:19:10,0.02147900,0.91000000
2018-02-27 00:19:10,0.02148000,16.52000000
2018-02-27 00:19:10,0.02148400,1.00000000
2018-02-27 00:19:10,0.02149000,0.60000000
2018-02-27 00:19:10,0.02149100,5.15000000
2018-02-27 00:19:10,0.02149600,0.63000000
2018-02-27 00:19:12,0.02142000,0.91000000
2018-02-27 00:19:12,0.02142700,0.49000000
2018-02-27 00:19:12,0.02142700,0.72000000
2018-02-27 00:19:14,0.02142700,0.46000000
2018-02-27 00:19:14,0.02142700,0.04000000
2018-02-27 00:19:14,0.02147900,0.44000000
2018-02-27 00:19:15,0.02142700,1.81000000
2018-02-27 00:19:17,0.02139800,0.13000000
2018-02-27 00:19:20,0.02142600,0.28000000
2018-02-27 00:19:27,0.02142300,0.57000000
2018-02-27 00:19:27,0.02142400,0.24000000
2018-02-27 00:19:27,0.02142500,0.92000000
2018-02-27 00:19:28,0.02141000,0.11000000
2018-02-27 00:19:33,0.02141000,0.01000000
2018-02-27 00:19:33,0.02140000,3.43000000
2018-02-27 00:19:34,0.02141000,1.57000000
2018-02-27 00:19:37,0.02141000,0.28000000
2018-02-27 00:19:38,0.02141000,0.08000000
2018-02-27 00:19:39,0.02141000,0.07000000
2018-02-27 00:19:40,0.02142000,0.42000000
2018-02-27 00:19:41,0.02140000,0.93000000
2018-02-27 00:19:42,0.02140000,2.25000000
2018-02-27 00:19:42,0.02140000,8.17000000
2018-02-27 00:19:42,0.02140000,0.19000000
2018-02-27 00:19:42,0.02140000,8.08000000
2018-02-27 00:19:43,0.02140000,6.30000000
2018-02-27 00:19:44,0.02139000,0.11000000
2018-02-27 00:19:57,0.02139000,0.52000000
2018-02-27 00:19:57,0.02138700,0.10000000
2018-02-27 00:20:01,0.02138700,0.51000000
2018-02-27 00:20:01,0.02138700,0.46000000
2018-02-27 00:20:01,0.02138700,0.34000000
2018-02-27 00:20:01,0.02138700,0.52000000
2018-02-27 00:20:14,0.02138400,0.21000000
2018-02-27 00:20:14,0.02137100,15.36000000
2018-02-27 00:20:14,0.02137000,1.01000000
2018-02-27 00:20:15,0.02138400,0.29000000
2018-02-27 00:20:15,0.02138500,4.11000000
2018-02-27 00:20:15,0.02138700,0.46000000
2018-02-27 00:20:16,0.02138700,0.47000000
2018-02-27 00:20:17,0.02137300,0.24000000
2018-02-27 00:20:17,0.02137200,2.59000000
2018-02-27 00:20:20,0.02137200,0.90000000
2018-02-27 00:20:24,0.02137200,0.09000000
2018-02-27 00:20:28,0.02138700,1.67000000
2018-02-27 00:20:33,0.02137200,0.42000000
2018-02-27 00:20:34,0.02137200,0.10000000
2018-02-27 00:20:36,0.02137200,0.41000000
2018-02-27 00:20:36,0.02137000,0.59000000
2018-02-27 00:20:36,0.02137000,1.91000000
2018-02-27 00:20:42,0.02138400,0.27000000
2018-02-27 00:20:51,0.02138000,0.34000000
2018-02-27 00:20:54,0.02137100,0.44000000
2018-02-27 00:20:54,0.02137000,2.64000000
2018-02-27 00:20:59,0.02137900,4.54000000
2018-02-27 00:20:59,0.02138000,0.32000000
2018-02-27 00:20:59,0.02138300,0.24000000
2018-02-27 00:20:59,0.02138700,6.20000000
2018-02-27 00:21:01,0.02138700,1.94000000
2018-02-27 00:21:01,0.02139300,1.72000000
2018-02-27 00:21:01,0.02140000,3.18000000
2018-02-27 00:21:01,0.02140000,1.50000000
2018-02-27 00:21:02,0.02140000,0.09000000
2018-02-27 00:21:02,0.02140000,0.05000000
2018-02-27 00:21:02,0.02140000,0.56000000
2018-02-27 00:21:02,0.02140000,0.20000000
2018-02-27 00:21:04,0.02140000,0.11000000
2018-02-27 00:21:05,0.02140000,0.63000000
2018-02-27 00:21:06,0.02140000,0.10000000
2018-02-27 00:21:07,0.02140000,12.93000000
2018-02-27 00:21:09,0.02140000,0.46000000
2018-02-27 00:21:09,0.02137000,0.23000000
2018-02-27 00:21:15,0.02137100,0.24000000
2018-02-27 00:21:15,0.02137000,0.75000000
2018-02-27 00:21:21,0.02137100,0.10000000
2018-02-27 00:21:25,0.02137100,0.14000000
2018-02-27 00:21:25,0.02137000,0.43000000
2018-02-27 00:21:26,0.02137100,0.46000000
2018-02-27 00:21:27,0.02137100,0.05000000
2018-02-27 00:21:33,0.02137200,0.24000000
2018-02-27 00:21:33,0.02137100,3.50000000
2018-02-27 00:21:38,0.02137900,0.13000000
2018-02-27 00:21:38,0.02138000,0.30000000
2018-02-27 00:21:38,0.02139700,0.97000000
2018-02-27 00:21:52,0.02139600,0.58000000
2018-02-27 00:21:57,0.02138600,0.94000000
2018-02-27 00:22:02,0.02139600,0.21000000
2018-02-27 00:22:03,0.02139500,2.04000000
2018-02-27 00:22:05,0.02138700,5.11000000
2018-02-27 00:22:05,0.02138600,4.67000000
2018-02-27 00:22:05,0.02138800,5.11000000
2018-02-27 00:22:06,0.02138600,19.89000000
2018-02-27 00:22:07,0.02138600,6.51000000
2018-02-27 00:22:11,0.02138600,0.01000000
2018-02-27 00:22:11,0.02138000,2.57000000
2018-02-27 00:22:11,0.02138000,11.02000000
2018-02-27 00:22:12,0.02138800,0.41000000
2018-02-27 00:22:17,0.02138800,0.01000000
2018-02-27 00:22:17,0.02137400,2.11000000
2018-02-27 00:22:17,0.02137300,1.18000000
2018-02-27 00:22:17,0.02139400,0.25000000
2018-02-27 00:22:23,0.02139300,0.10000000
2018-02-27 00:22:41,0.02139100,1.00000000
2018-02-27 00:22:42,0.02138000,1.97000000
2018-02-27 00:22:45,0.02139100,0.33000000
2018-02-27 00:22:45,0.02139200,0.23000000
2018-02-27 00:22:45,0.02139500,1.24000000
2018-02-27 00:22:45,0.02138000,1.30000000
2018-02-27 00:22:46,0.02139500,0.08000000
2018-02-27 00:22:48,0.02138000,0.17000000
2018-02-27 00:22:50,0.02138000,0.41000000
2018-02-27 00:22:51,0.02138000,2.82000000
2018-02-27 00:22:52,0.02138500,6.07000000
2018-02-27 00:22:52,0.02138100,1.45000000
2018-02-27 00:22:54,0.02138200,0.19000000
2018-02-27 00:22:56,0.02138200,0.05000000
2018-02-27 00:22:57,0.02138100,0.57000000
2018-02-27 00:22:57,0.02137600,0.52000000
2018-02-27 00:22:57,0.02137300,4.44000000
2018-02-27 00:22:58,0.02138200,0.14000000
2018-02-27 00:22:58,0.02138500,3.13000000
2018-02-27 00:22:58,0.02137300,1.87000000
2018-02-27 00:23:00,0.02137400,0.19000000
2018-02-27 00:23:03,0.02137400,0.05000000
2018-02-27 00:23:03,0.02137400,0.09000000
2018-02-27 00:23:04,0.02137400,1.02000000
2018-02-27 00:23:04,0.02138500,2.25000000
2018-02-27 00:23:13,0.02138300,0.09000000
2018-02-27 00:23:16,0.02138400,3.02000000
2018-02-27 00:23:16,0.02138500,0.29000000
2018-02-27 00:23:16,0.02138600,5.10000000
2018-02-27 00:23:22,0.02138600,1.40000000
2018-02-27 00:23:22,0.02138600,4.48000000
2018-02-27 00:23:23,0.02138300,11.32000000
2018-02-27 00:23:26,0.02138400,7.98000000
2018-02-27 00:23:26,0.02138600,2.95000000
2018-02-27 00:23:26,0.02138300,0.60000000
2018-02-27 00:23:27,0.02138600,0.10000000
2018-02-27 00:23:32,0.02138500,0.46000000
2018-02-27 00:23:33,0.02138500,2.79000000
2018-02-27 00:23:33,0.02138600,3.04000000
2018-02-27 00:23:34,0.02138600,0.93000000
2018-02-27 00:23:35,0.02138300,1.06000000
2018-02-27 00:23:37,0.02138500,4.55000000
2018-02-27 00:23:38,0.02138300,4.18000000
2018-02-27 00:23:38,0.02138500,6.86000000
2018-02-27 00:23:40,0.02138400,0.46000000
2018-02-27 00:23:40,0.02138400,1.52000000
2018-02-27 00:23:40,0.02138500,4.17000000
2018-02-27 00:23:40,0.02138600,7.19000000
2018-02-27 00:23:40,0.02139000,0.23000000
2018-02-27 00:23:40,0.02139500,4.35000000
2018-02-27 00:23:44,0.02138300,0.69000000
2018-02-27 00:23:44,0.02139500,1.74000000
2018-02-27 00:23:45,0.02138300,0.08000000
2018-02-27 00:23:46,0.02139500,4.71000000
2018-02-27 00:23:46,0.02139600,0.43000000
2018-02-27 00:23:46,0.02138300,0.95000000
2018-02-27 00:23:47,0.02138300,0.11000000
2018-02-27 00:23:47,0.02138300,1.72000000
2018-02-27 00:23:49,0.02137400,0.05000000
2018-02-27 00:23:51,0.02137300,3.81000000
2018-02-27 00:23:52,0.02137300,0.11000000
2018-02-27 00:23:53,0.02137300,13.39000000
2018-02-27 00:23:56,0.02137400,0.57000000
2018-02-27 00:23:56,0.02137100,0.42000000
2018-02-27 00:23:56,0.02137000,2.72000000
2018-02-27 00:23:57,0.02137000,0.14000000
2018-02-27 00:23:58,0.02138400,0.46000000
2018-02-27 00:24:01,0.02138300,0.72000000
2018-02-27 00:24:01,0.02138400,4.08000000
2018-02-27 00:24:01,0.02138600,3.26000000
2018-02-27 00:24:01,0.02139400,0.73000000
2018-02-27 00:24:01,0.02139600,10.10000000
2018-02-27 00:24:01,0.02139700,10.09000000
2018-02-27 00:24:01,0.02140000,2.13000000
2018-02-27 00:24:01,0.02142200,0.53000000
2018-02-27 00:24:06,0.02139000,1.00000000
2018-02-27 00:24:14,0.02142100,0.46000000
2018-02-27 00:24:19,0.02142100,4.46000000
2018-02-27 00:24:29,0.02139100,0.67000000
2018-02-27 00:24:29,0.02138100,0.91000000
2018-02-27 00:24:34,0.02138100,2.25000000
2018-02-27 00:24:41,0.02138200,0.24000000
2018-02-27 00:24:41,0.02138100,0.80000000
2018-02-27 00:24:42,0.02138100,5.16000000
2018-02-27 00:24:45,0.02138200,0.08000000
2018-02-27 00:24:47,0.02138200,0.10000000
2018-02-27 00:24:50,0.02138300,0.10000000
2018-02-27 00:24:50,0.02138300,0.10000000
2018-02-27 00:24:52,0.02138400,0.05000000
2018-02-27 00:24:52,0.02138400,0.19000000
2018-02-27 00:24:52,0.02138300,0.81000000
2018-02-27 00:24:54,0.02140000,3.94000000
2018-02-27 00:24:54,0.02138300,0.10000000
2018-02-27 00:24:57,0.02138900,2.68000000
2018-02-27 00:24:57,0.02138900,1.00000000
2018-02-27 00:24:57,0.02138900,0.44000000
2018-02-27 00:24:57,0.02138900,0.36000000
2018-02-27 00:24:57,0.02138900,1.94000000
2018-02-27 00:24:58,0.02138900,0.08000000
2018-02-27 00:24:59,0.02138700,2.00000000
2018-02-27 00:25:00,0.02138700,0.35000000
2018-02-27 00:25:02,0.02138700,0.54000000
2018-02-27 00:25:05,0.02138500,5.20000000
2018-02-27 00:25:10,0.02138300,1.48000000
2018-02-27 00:25:11,0.02138300,1.64000000
2018-02-27 00:25:13,0.02138300,0.59000000
2018-02-27 00:25:16,0.02138300,0.17000000
2018-02-27 00:25:19,0.02138300,3.64000000
2018-02-27 00:25:19,0.02138300,0.40000000
2018-02-27 00:25:19,0.02138300,1.40000000
2018-02-27 00:25:20,0.02138200,0.89000000
2018-02-27 00:25:21,0.02138100,0.23000000
2018-02-27 00:25:25,0.02138100,0.03000000
2018-02-27 00:25:29,0.02138100,10.00000000
2018-02-27 00:25:30,0.02138200,0.02000000
2018-02-27 00:25:30,0.02138300,6.58000000
2018-02-27 00:25:31,0.02138300,2.59000000
2018-02-27 00:25:31,0.02138300,15.09000000
2018-02-27 00:25:33,0.02138300,0.01000000
2018-02-27 00:25:33,0.02138100,1.28000000
2018-02-27 00:25:40,0.02138100,5.03000000
2018-02-27 00:25:41,0.02138100,22.23000000
2018-02-27 00:25:41,0.02137800,0.40000000
2018-02-27 00:25:47,0.02137800,0.01000000
2018-02-27 00:25:47,0.02137300,8.23000000
2018-02-27 00:25:47,0.02137200,0.47000000
2018-02-27 00:25:47,0.02137000,15.32000000
2018-02-27 00:25:47,0.02136100,0.26000000
2018-02-27 00:25:53,0.02136000,2.00000000
2018-02-27 00:26:04,0.02137000,0.19000000
2018-02-27 00:26:10,0.02137000,0.07000000
2018-02-27 00:26:11,0.02137000,0.11000000
2018-02-27 00:26:15,0.02137000,1.00000000
2018-02-27 00:26:17,0.02137100,0.23000000
2018-02-27 00:26:17,0.02137000,0.23000000
2018-02-27 00:26:22,0.02138300,8.68000000
2018-02-27 00:26:24,0.02138300,0.03000000
2018-02-27 00:26:24,0.02138400,0.06000000
2018-02-27 00:26:27,0.02137100,0.46000000
2018-02-27 00:26:27,0.02137000,0.18000000
2018-02-27 00:26:37,0.02138300,0.11000000
2018-02-27 00:26:37,0.02138300,6.85000000
2018-02-27 00:26:37,0.02138300,0.05000000
2018-02-27 00:26:38,0.02138300,3.12000000
2018-02-27 00:26:49,0.02138400,1.32000000
2018-02-27 00:26:58,0.02137200,0.16000000
2018-02-27 00:27:08,0.02137200,0.15000000
2018-02-27 00:27:12,0.02137200,0.40000000
2018-02-27 00:27:14,0.02137200,0.11000000
2018-02-27 00:27:14,0.02138300,0.90000000
2018-02-27 00:27:14,0.02138400,0.24000000
2018-02-27 00:27:31,0.02137300,0.09000000
2018-02-27 00:27:31,0.02137200,0.99000000
2018-02-27 00:27:33,0.02138500,0.05000000
2018-02-27 00:27:34,0.02138400,0.89000000
2018-02-27 00:27:34,0.02137200,1.56000000
2018-02-27 00:27:34,0.02138500,0.02000000
2018-02-27 00:27:34,0.02138400,0.14000000
2018-02-27 00:27:35,0.02138400,0.43000000
2018-02-27 00:27:36,0.02138400,7.91000000
2018-02-27 00:27:43,0.02137200,0.59000000
2018-02-27 00:27:43,0.02138400,0.10000000
2018-02-27 00:27:48,0.02138400,0.94000000
2018-02-27 00:27:50,0.02138500,1.90000000
2018-02-27 00:28:01,0.02138500,3.70000000
2018-02-27 00:28:02,0.02138400,1.13000000
2018-02-27 00:28:08,0.02138500,0.04000000
2018-02-27 00:28:09,0.02138400,0.97000000
2018-02-27 00:28:11,0.02138500,0.28000000
2018-02-27 00:28:12,0.02138400,0.70000000
2018-02-27 00:28:15,0.02138500,0.59000000
2018-02-27 00:28:16,0.02138400,3.31000000
2018-02-27 00:28:16,0.02138000,0.72000000
2018-02-27 00:28:19,0.02138000,0.01000000
2018-02-27 00:28:19,0.02137200,0.61000000
2018-02-27 00:28:19,0.02137100,0.10000000
2018-02-27 00:28:37,0.02138300,0.28000000
2018-02-27 00:28:37,0.02138500,0.18000000
2018-02-27 00:28:39,0.02138400,0.46000000
2018-02-27 00:28:56,0.02137300,2.35000000
2018-02-27 00:28:56,0.02137200,5.70000000
2018-02-27 00:28:57,0.02137100,0.76000000
2018-02-27 00:28:57,0.02137000,14.07000000
2018-02-27 00:28:59,0.02135800,3.29000000
2018-02-27 00:29:00,0.02137200,0.10000000
2018-02-27 00:29:01,0.02137200,0.03000000
2018-02-27 00:29:05,0.02137200,0.05000000
2018-02-27 00:29:05,0.02137200,0.10000000
2018-02-27 00:29:07,0.02137200,4.14000000
2018-02-27 00:29:09,0.02138200,0.93000000
2018-02-27 00:29:09,0.02138300,0.93000000
2018-02-27 00:29:09,0.02138400,0.02000000
2018-02-27 00:29:09,0.02138500,3.11000000
2018-02-27 00:29:09,0.02138600,0.25000000
2018-02-27 00:29:10,0.02136000,4.00000000
2018-02-27 00:29:11,0.02137300,0.10000000
2018-02-27 00:29:13,0.02137300,0.05000000
2018-02-27 00:29:15,0.02137300,0.23000000
2018-02-27 00:29:23,0.02137200,0.07000000
2018-02-27 00:29:26,0.02137300,7.98000000
2018-02-27 00:29:28,0.02137300,7.63000000
2018-02-27 00:29:30,0.02137300,0.35000000
2018-02-27 00:29:30,0.02137200,0.48000000
2018-02-27 00:29:30,0.02136000,2.51000000
2018-02-27 00:29:32,0.02136100,0.11000000
2018-02-27 00:29:34,0.02138000,0.08000000
2018-02-27 00:29:34,0.02138100,0.11000000
2018-02-27 00:29:35,0.02138100,7.87000000
2018-02-27 00:29:35,0.02138000,13.42000000
2018-02-27 00:29:35,0.02135800,10.13000000
2018-02-27 00:29:36,0.02139000,0.06000000
2018-02-27 00:30:18,0.02136000,0.25000000
2018-02-27 00:30:20,0.02139000,0.43000000
2018-02-27 00:30:24,0.02139000,0.14000000
2018-02-27 00:30:24,0.02139000,0.11000000
2018-02-27 00:30:25,0.02139000,5.41000000
2018-02-27 00:30:47,0.02139000,1.14000000
2018-02-27 00:30:47,0.02140000,2.10000000
2018-02-27 00:31:01,0.02139900,0.46000000
2018-02-27 00:31:06,0.02139000,0.57000000
2018-02-27 00:31:07,0.02139000,16.02000000
2018-02-27 00:31:10,0.02138700,1.92000000
2018-02-27 00:31:13,0.02139000,0.05000000
2018-02-27 00:31:19,0.02139000,0.43000000
2018-02-27 00:31:21,0.02138200,4.59000000
2018-02-27 00:31:26,0.02138900,0.53000000
2018-02-27 00:31:26,0.02138200,0.01000000
2018-02-27 00:31:26,0.02138000,1.89000000
2018-02-27 00:31:30,0.02137900,0.06000000
2018-02-27 00:31:31,0.02137900,0.69000000
2018-02-27 00:31:34,0.02137900,0.05000000
2018-02-27 00:31:42,0.02138000,0.05000000
2018-02-27 00:31:48,0.02138000,0.25000000
2018-02-27 00:31:50,0.02138000,1.00000000
2018-02-27 00:32:05,0.02138000,0.46000000
2018-02-27 00:32:11,0.02137000,8.13000000
2018-02-27 00:32:12,0.02137100,0.23000000
2018-02-27 00:32:12,0.02136400,0.60000000
2018-02-27 00:32:12,0.02136100,5.25000000
2018-02-27 00:32:16,0.02138000,0.25000000
2018-02-27 00:32:20,0.02138000,1.70000000
2018-02-27 00:32:21,0.02138900,1.87000000
2018-02-27 00:32:23,0.02138900,1.87000000
2018-02-27 00:32:25,0.02137000,1.44000000
2018-02-27 00:32:25,0.02136100,0.03000000
2018-02-27 00:32:25,0.02136000,3.18000000
2018-02-27 00:32:25,0.02138900,0.25000000
2018-02-27 00:32:26,0.02138900,0.25000000
2018-02-27 00:32:29,0.02136000,3.99000000
2018-02-27 00:32:34,0.02138900,3.19000000
2018-02-27 00:32:34,0.02139000,4.03000000
2018-02-27 00:32:36,0.02139000,1.12000000
2018-02-27 00:32:36,0.02139900,0.55000000
2018-02-27 00:32:36,0.02140000,0.12000000
2018-02-27 00:32:37,0.02140000,0.45000000
2018-02-27 00:32:38,0.02140000,0.11000000
2018-02-27 00:32:41,0.02140000,0.03000000
2018-02-27 00:32:45,0.02138000,7.79000000
2018-02-27 00:32:50,0.02137000,0.83000000
2018-02-27 00:32:55,0.02138000,0.01000000
2018-02-27 00:32:55,0.02140000,1.81000000
2018-02-27 00:32:59,0.02137200,2.39000000
2018-02-27 00:33:02,0.02140000,0.25000000
2018-02-27 00:33:02,0.02137200,0.25000000
2018-02-27 00:33:06,0.02139700,1.69000000
2018-02-27 00:33:07,0.02138700,1.06000000
2018-02-27 00:33:08,0.02138900,0.30000000
2018-02-27 00:33:08,0.02139700,0.31000000
2018-02-27 00:33:08,0.02138700,3.37000000
2018-02-27 00:33:09,0.02138700,0.42000000
2018-02-27 00:33:10,0.02138700,10.60000000
2018-02-27 00:33:10,0.02139700,0.41000000
2018-02-27 00:33:10,0.02138700,0.34000000
2018-02-27 00:33:12,0.02139700,0.23000000
2018-02-27 00:33:13,0.02138700,1.04000000
2018-02-27 00:33:22,0.02138700,9.13000000
2018-02-27 00:33:23,0.02138700,5.41000000
2018-02-27 00:33:23,0.02138700,0.03000000
2018-02-27 00:33:27,0.02137000,3.75000000
2018-02-27 00:33:29,0.02137000,0.14000000
2018-02-27 00:33:30,0.02137000,0.11000000
2018-02-27 00:33:30,0.02137000,0.11000000
2018-02-27 00:33:30,0.02137000,0.05000000
2018-02-27 00:33:30,0.02137000,0.44000000
2018-02-27 00:33:32,0.02138000,0.39000000
2018-02-27 00:33:32,0.02138700,2.85000000
2018-02-27 00:33:35,0.02137100,0.05000000
2018-02-27 00:33:37,0.02137100,0.05000000
2018-02-27 00:33:38,0.02137000,0.05000000
2018-02-27 00:33:40,0.02137000,0.10000000
2018-02-27 00:33:41,0.02138500,4.53000000
2018-02-27 00:33:41,0.02138600,0.10000000
2018-02-27 00:33:41,0.02138700,2.38000000
2018-02-27 00:33:44,0.02137000,0.10000000
2018-02-27 00:33:45,0.02138700,0.05000000
2018-02-27 00:33:48,0.02137000,0.10000000
2018-02-27 00:33:48,0.02137000,1.91000000
2018-02-27 00:33:52,0.02137000,0.10000000
2018-02-27 00:33:56,0.02137000,0.10000000
2018-02-27 00:33:58,0.02137000,10.44000000
2018-02-27 00:34:06,0.02137000,1.31000000
2018-02-27 00:34:06,0.02137000,10.99000000
2018-02-27 00:34:06,0.02135800,1.03000000
2018-02-27 00:34:10,0.02135800,0.08000000
2018-02-27 00:34:11,0.02135800,2.33000000
2018-02-27 00:34:12,0.02137000,3.66000000
2018-02-27 00:34:12,0.02138600,0.18000000
2018-02-27 00:34:16,0.02137100,0.08000000
2018-02-27 00:34:16,0.02137100,0.02000000
2018-02-27 00:34:16,0.02137000,4.01000000
2018-02-27 00:34:16,0.02137000,1.98000000
2018-02-27 00:34:17,0.02137000,0.05000000
2018-02-27 00:34:21,0.02136000,0.05000000
2018-02-27 00:34:21,0.02136000,0.05000000
2018-02-27 00:34:25,0.02135800,0.23000000
2018-02-27 00:34:29,0.02135800,1.00000000
2018-02-27 00:34:30,0.02136000,0.60000000
2018-02-27 00:34:30,0.02135800,2.15000000
2018-02-27 00:34:31,0.02135700,2.12000000
2018-02-27 00:34:31,0.02135800,0.37000000
2018-02-27 00:34:31,0.02135800,0.10000000
2018-02-27 00:34:32,0.02135800,7.51000000
2018-02-27 00:34:32,0.02136000,7.40000000
2018-02-27 00:34:32,0.02136000,8.49000000
2018-02-27 00:34:32,0.02135000,12.74000000
2018-02-27 00:34:35,0.02135700,0.77000000
2018-02-27 00:34:38,0.02135100,0.06000000
2018-02-27 00:34:38,0.02135100,2.07000000
2018-02-27 00:34:38,0.02135100,0.41000000
2018-02-27 00:34:39,0.02135100,15.53000000
2018-02-27 00:34:39,0.02135100,0.08000000
2018-02-27 00:34:39,0.02135100,0.46000000
2018-02-27 00:34:43,0.02135600,0.46000000
2018-02-27 00:34:43,0.02135100,0.10000000
2018-02-27 00:34:43,0.02135600,0.53000000
2018-02-27 00:34:43,0.02135600,0.10000000
2018-02-27 00:34:45,0.02135500,0.55000000
2018-02-27 00:34:47,0.02135500,0.27000000
2018-02-27 00:34:53,0.02135200,0.10000000
2018-02-27 00:34:53,0.02135100,3.36000000
2018-02-27 00:34:58,0.02135200,0.23000000
2018-02-27 00:34:58,0.02135300,0.22000000
2018-02-27 00:34:58,0.02135400,0.06000000
2018-02-27 00:34:58,0.02137800,1.41000000
2018-02-27 00:35:04,0.02138500,1.81000000
2018-02-27 00:35:13,0.02138000,3.27000000
2018-02-27 00:35:15,0.02137800,0.30000000
2018-02-27 00:35:15,0.02137800,3.63000000
2018-02-27 00:35:15,0.02138000,5.04000000
2018-02-27 00:35:22,0.02136000,0.67000000
2018-02-27 00:35:28,0.02137200,0.17000000
2018-02-27 00:35:28,0.02137200,0.16000000
2018-02-27 00:35:28,0.02136000,0.43000000
2018-02-27 00:35:29,0.02138000,12.38000000
2018-02-27 00:35:31,0.02138300,0.46000000
2018-02-27 00:35:34,0.02137800,4.17000000
2018-02-27 00:35:35,0.02137800,0.11000000
2018-02-27 00:35:36,0.02137800,3.72000000
2018-02-27 00:35:48,0.02135400,0.10000000
2018-02-27 00:35:52,0.02135400,0.10000000
2018-02-27 00:35:52,0.02135400,0.11000000
2018-02-27 00:35:54,0.02135400,0.36000000
2018-02-27 00:35:56,0.02135400,0.09000000
2018-02-27 00:36:02,0.02135400,0.46000000
2018-02-27 00:36:05,0.02135400,0.92000000
2018-02-27 00:36:05,0.02135200,0.66000000
2018-02-27 00:36:05,0.02135900,4.07000000
2018-02-27 00:36:05,0.02136000,5.61000000
2018-02-27 00:36:05,0.02138000,0.08000000
2018-02-27 00:36:07,0.02136000,0.10000000
2018-02-27 00:36:08,0.02138600,1.04000000
2018-02-27 00:36:08,0.02138700,1.21000000
2018-02-27 00:36:16,0.02136000,0.44000000
2018-02-27 00:36:20,0.02136000,0.23000000
2018-02-27 00:36:23,0.02136000,0.09000000
2018-02-27 00:36:25,0.02136000,12.74000000
2018-02-27 00:36:25,0.02135200,0.70000000
2018-02-27 00:36:41,0.02136900,0.17000000
2018-02-27 00:36:43,0.02136500,2.26000000
2018-02-27 00:36:43,0.02136000,0.54000000
2018-02-27 00:36:43,0.02135300,0.11000000
2018-02-27 00:36:43,0.02135200,1.02000000
2018-02-27 00:36:44,0.02135200,0.46000000
2018-02-27 00:36:49,0.02135200,0.18000000
2018-02-27 00:37:21,0.02135800,1.77000000
2018-02-27 00:37:21,0.02135900,0.01000000
2018-02-27 00:37:29,0.02135800,0.23000000
2018-02-27 00:37:29,0.02136100,0.23000000
2018-02-27 00:37:39,0.02135400,0.24000000
2018-02-27 00:37:39,0.02135300,4.01000000
2018-02-27 00:37:39,0.02135200,0.99000000
2018-02-27 00:37:39,0.02135100,4.75000000
2018-02-27 00:37:39,0.02135100,1.01000000
2018-02-27 00:37:41,0.02135200,0.07000000
2018-02-27 00:37:41,0.02136000,0.24000000
2018-02-27 00:37:41,0.02135100,0.46000000
2018-02-27 00:37:44,0.02135200,0.32000000
2018-02-27 00:37:53,0.02135300,1.30000000
2018-02-27 00:37:53,0.02135300,0.44000000
2018-02-27 00:37:54,0.02135300,1.02000000
2018-02-27 00:38:17,0.02136000,7.31000000
2018-02-27 00:38:23,0.02135300,4.14000000
2018-02-27 00:38:24,0.02135300,0.50000000
2018-02-27 00:38:24,0.02135900,2.75000000
2018-02-27 00:38:28,0.02135200,0.24000000
2018-02-27 00:38:28,0.02135100,0.71000000
2018-02-27 00:38:28,0.02134800,3.04000000
2018-02-27 00:38:28,0.02135300,0.14000000
2018-02-27 00:38:34,0.02135000,0.50000000
2018-02-27 00:38:35,0.02133600,0.07000000
2018-02-27 00:38:35,0.02135000,0.07000000
2018-02-27 00:38:37,0.02135000,0.43000000
2018-02-27 00:38:37,0.02135200,0.96000000
2018-02-27 00:38:38,0.02133000,0.12000000
2018-02-27 00:38:44,0.02135200,2.52000000
2018-02-27 00:38:56,0.02133000,0.45000000
2018-02-27 00:38:57,0.02132200,0.16000000
2018-02-27 00:39:02,0.02132000,0.45000000
2018-02-27 00:39:03,0.02132000,0.02000000
2018-02-27 00:39:04,0.02130800,2.26000000
2018-02-27 00:39:04,0.02130500,0.23000000
2018-02-27 00:39:04,0.02130400,0.08000000
2018-02-27 00:39:04,0.02130200,1.93000000
2018-02-27 00:39:04,0.02130000,2.00000000
2018-02-27 00:39:04,0.02129700,0.48000000
2018-02-27 00:39:04,0.02129600,0.23000000
2018-02-27 00:39:04,0.02128700,3.89000000
2018-02-27 00:39:04,0.02128000,9.00000000
2018-02-27 00:39:04,0.02126700,0.60000000
2018-02-27 00:39:04,0.02126400,0.84000000
2018-02-27 00:39:04,0.02126100,1.41000000
2018-02-27 00:39:04,0.02125700,0.20000000
2018-02-27 00:39:04,0.02125600,8.19000000
2018-02-27 00:39:04,0.02128000,1.87000000
2018-02-27 00:39:04,0.02128000,7.81000000
2018-02-27 00:39:04,0.02135000,0.51000000
2018-02-27 00:39:04,0.02135100,1.69000000
2018-02-27 00:39:05,0.02135100,5.28000000
2018-02-27 00:39:05,0.02135200,1.64000000
2018-02-27 00:39:07,0.02134700,0.23000000
2018-02-27 00:39:11,0.02130300,0.09000000
2018-02-27 00:39:14,0.02131900,0.25000000
2018-02-27 00:39:17,0.02131700,0.50000000
2018-02-27 00:39:23,0.02131500,1.28000000
2018-02-27 00:39:23,0.02131600,0.23000000
2018-02-27 00:39:23,0.02131700,0.09000000
2018-02-27 00:39:23,0.02131900,0.40000000
2018-02-27 00:39:27,0.02130300,0.17000000
2018-02-27 00:39:27,0.02131900,0.29000000
2018-02-27 00:39:28,0.02130000,1.15000000
2018-02-27 00:39:29,0.02128600,0.48000000
2018-02-27 00:39:29,0.02128500,0.48000000
2018-02-27 00:39:29,0.02128000,5.20000000
2018-02-27 00:39:29,0.02128000,2.22000000
2018-02-27 00:39:29,0.02130000,0.01000000
2018-02-27 00:39:29,0.02132000,0.52000000
2018-02-27 00:39:30,0.02131700,0.24000000
2018-02-27 00:39:30,0.02131800,0.48000000
2018-02-27 00:39:30,0.02132000,0.28000000
2018-02-27 00:39:36,0.02131700,0.24000000
2018-02-27 00:39:37,0.02131900,0.26000000
2018-02-27 00:39:38,0.02129800,0.45000000
2018-02-27 00:39:38,0.02128700,0.24000000
2018-02-27 00:39:38,0.02126500,0.23000000
2018-02-27 00:39:38,0.02126200,0.94000000
2018-02-27 00:39:38,0.02125500,4.30000000
2018-02-27 00:39:38,0.02124800,16.00000000
2018-02-27 00:39:38,0.02124100,0.60000000
2018-02-27 00:39:38,0.02124000,0.25000000
2018-02-27 00:39:38,0.02123000,10.61000000
2018-02-27 00:39:38,0.02122800,0.55000000
2018-02-27 00:39:38,0.02122200,1.13000000
2018-02-27 00:39:38,0.02122100,8.44000000
2018-02-27 00:39:38,0.02121800,12.32000000
2018-02-27 00:39:38,0.02121700,3.26000000
2018-02-27 00:39:38,0.02121200,23.50000000
2018-02-27 00:39:38,0.02120800,1.00000000
2018-02-27 00:39:38,0.02120500,0.09000000
2018-02-27 00:39:38,0.02120000,7.07000000
2018-02-27 00:39:38,0.02119700,4.71000000
2018-02-27 00:39:38,0.02119000,1.00000000
2018-02-27 00:39:38,0.02118900,0.13000000
2018-02-27 00:39:38,0.02118600,4.71000000
2018-02-27 00:39:38,0.02117800,0.25000000
2018-02-27 00:39:38,0.02117600,4.72000000
2018-02-27 00:39:38,0.02117200,1.66000000
2018-02-27 00:39:38,0.02116600,3.64000000
2018-02-27 00:39:38,0.02116300,6.70000000
2018-02-27 00:39:38,0.02120000,12.05000000
2018-02-27 00:39:38,0.02120000,12.66000000
2018-02-27 00:39:38,0.02131900,2.53000000
2018-02-27 00:39:39,0.02128000,7.07000000
2018-02-27 00:39:39,0.02128000,0.42000000
2018-02-27 00:39:39,0.02128000,2.26000000
2018-02-27 00:39:39,0.02128000,1.18000000
2018-02-27 00:39:39,0.02128000,0.45000000
2018-02-27 00:39:39,0.02128000,0.11000000
2018-02-27 00:39:39,0.02127900,0.10000000
2018-02-27 00:39:39,0.02127900,1.92000000
2018-02-27 00:39:40,0.02126000,0.13000000
2018-02-27 00:39:40,0.02127900,0.14000000
2018-02-27 00:39:42,0.02127800,2.83000000
2018-02-27 00:39:42,0.02127800,0.93000000
2018-02-27 00:39:42,0.02127800,2.45000000
2018-02-27 00:39:43,0.02127800,0.07000000
2018-02-27 00:39:43,0.02127700,1.13000000
2018-02-27 00:39:43,0.02127700,0.06000000
2018-02-27 00:39:44,0.02127700,1.07000000
2018-02-27 00:39:44,0.02127600,0.07000000
2018-02-27 00:39:44,0.02127600,1.35000000
2018-02-27 00:39:44,0.02127600,0.42000000
2018-02-27 00:39:45,0.02127600,9.60000000
2018-02-27 00:39:47,0.02127500,9.42000000
2018-02-27 00:39:47,0.02127600,0.58000000
2018-02-27 00:39:47,0.02127600,0.07000000
2018-02-27 00:39:47,0.02127600,1.70000000
2018-02-27 00:39:47,0.02127900,0.49000000
2018-02-27 00:39:47,0.02127900,4.71000000
2018-02-27 00:39:48,0.02124300,0.30000000
2018-02-27 00:39:51,0.02127800,0.07000000
2018-02-27 00:39:52,0.02127800,0.16000000
2018-02-27 00:39:52,0.02127900,0.97000000
2018-02-27 00:39:52,0.02128000,10.10000000
2018-02-27 00:39:53,0.02129300,1.20000000
2018-02-27 00:39:53,0.02129300,0.01000000
2018-02-27 00:39:53,0.02130200,1.94000000
2018-02-27 00:39:53,0.02130300,0.18000000
2018-02-27 00:39:55,0.02130200,0.47000000
2018-02-27 00:39:57,0.02130200,0.06000000
2018-02-27 00:39:57,0.02130200,0.08000000
2018-02-27 00:40:01,0.02130000,0.47000000
2018-02-27 00:40:01,0.02130200,0.22000000
2018-02-27 00:40:03,0.02130200,8.33000000
2018-02-27 00:40:05,0.02130000,2.25000000
2018-02-27 00:40:06,0.02130000,0.05000000
2018-02-27 00:40:06,0.02130000,0.05000000
2018-02-27 00:40:08,0.02130000,10.24000000
2018-02-27 00:40:13,0.02130000,10.32000000
2018-02-27 00:40:13,0.02130100,13.51000000
2018-02-27 00:40:14,0.02130200,0.21000000
2018-02-27 00:40:15,0.02130200,1.98000000
2018-02-27 00:40:16,0.02130200,0.07000000
2018-02-27 00:40:16,0.02130200,0.27000000
2018-02-27 00:40:18,0.02130300,0.24000000
2018-02-27 00:40:19,0.02130300,4.28000000
2018-02-27 00:40:19,0.02130700,0.01000000
2018-02-27 00:40:20,0.02130700,1.19000000
2018-02-27 00:40:21,0.02130700,0.01000000
2018-02-27 00:40:21,0.02131600,0.19000000
2018-02-27 00:40:24,0.02130300,0.25000000
2018-02-27 00:40:24,0.02131000,1.54000000
2018-02-27 00:40:32,0.02131500,0.47000000
2018-02-27 00:40:33,0.02130400,0.43000000
2018-02-27 00:40:33,0.02130300,0.48000000
2018-02-27 00:40:33,0.02130200,1.33000000
2018-02-27 00:40:34,0.02130200,1.83000000
2018-02-27 00:40:37,0.02131400,0.65000000
2018-02-27 00:40:38,0.02131400,0.46000000
2018-02-27 00:40:41,0.02131300,0.22000000
2018-02-27 00:40:41,0.02131400,0.03000000
2018-02-27 00:40:47,0.02130300,0.24000000
2018-02-27 00:40:50,0.02130200,6.53000000
2018-02-27 00:40:50,0.02131400,2.04000000
2018-02-27 00:40:52,0.02130300,0.11000000
2018-02-27 00:41:01,0.02130300,28.45000000
2018-02-27 00:41:01,0.02130300,7.12000000
2018-02-27 00:41:01,0.02130200,72.23000000
2018-02-27 00:41:02,0.02131400,0.03000000
2018-02-27 00:41:04,0.02131400,2.01000000
2018-02-27 00:41:04,0.02130500,3.58000000
2018-02-27 00:41:08,0.02130300,2.78000000
2018-02-27 00:41:08,0.02130200,6.87000000
2018-02-27 00:41:11,0.02127100,4.08000000
2018-02-27 00:41:11,0.02126800,0.93000000
2018-02-27 00:41:11,0.02126500,0.11000000
2018-02-27 00:41:11,0.02126500,7.54000000
2018-02-27 00:41:11,0.02126500,0.11000000
2018-02-27 00:41:12,0.02126500,0.14000000
2018-02-27 00:41:12,0.02126500,0.47000000
2018-02-27 00:41:12,0.02126500,3.89000000
2018-02-27 00:41:12,0.02126500,0.80000000
2018-02-27 00:41:12,0.02126500,2.01000000
2018-02-27 00:41:12,0.02129700,4.08000000
2018-02-27 00:41:12,0.02131300,1.22000000
2018-02-27 00:41:12,0.02131300,2.22000000
2018-02-27 00:41:12,0.02131400,2.58000000
2018-02-27 00:41:13,0.02131400,0.10000000
2018-02-27 00:41:23,0.02129600,0.19000000
2018-02-27 00:41:24,0.02127900,5.00000000
2018-02-27 00:41:24,0.02127400,0.72000000
2018-02-27 00:41:24,0.02127300,0.24000000
2018-02-27 00:41:24,0.02126500,3.04000000
2018-02-27 00:41:24,0.02126300,0.02000000
2018-02-27 00:41:25,0.02129600,0.15000000
2018-02-27 00:41:26,0.02130500,0.01000000
2018-02-27 00:41:26,0.02129600,0.04000000
2018-02-27 00:41:28,0.02130500,0.19000000
2018-02-27 00:41:34,0.02129600,0.99000000
2018-02-27 00:41:36,0.02126800,2.25000000
2018-02-27 00:41:39,0.02126800,0.01000000
2018-02-27 00:41:39,0.02126800,1.11000000
2018-02-27 00:41:40,0.02126700,1.21000000
2018-02-27 00:41:40,0.02126700,1.05000000
2018-02-27 00:41:40,0.02126800,3.25000000
2018-02-27 00:41:40,0.02126800,0.39000000
2018-02-27 00:41:40,0.02126800,0.66000000
2018-02-27 00:41:40,0.02129700,2.01000000
2018-02-27 00:41:40,0.02130100,1.53000000
2018-02-27 00:41:40,0.02130100,0.47000000
2018-02-27 00:41:46,0.02126800,1.58000000
2018-02-27 00:41:52,0.02129800,0.63000000
2018-02-27 00:41:52,0.02129700,3.10000000
2018-02-27 00:41:55,0.02126800,0.56000000
2018-02-27 00:41:56,0.02126700,0.95000000
2018-02-27 00:41:56,0.02126800,3.12000000
2018-02-27 00:41:57,0.02126800,0.30000000
2018-02-27 00:42:00,0.02126800,0.65000000
2018-02-27 00:42:00,0.02129700,0.60000000
2018-02-27 00:42:01,0.02129700,0.39000000
2018-02-27 00:42:05,0.02129600,3.22000000
2018-02-27 00:42:06,0.02129700,3.89000000
2018-02-27 00:42:06,0.02129700,0.80000000
2018-02-27 00:42:12,0.02129700,0.16000000
2018-02-27 00:42:14,0.02129600,0.01000000
2018-02-27 00:42:14,0.02127100,0.34000000
2018-02-27 00:42:16,0.02129900,0.11000000
2018-02-27 00:42:21,0.02127300,1.50000000
2018-02-27 00:42:26,0.02127300,2.56000000
2018-02-27 00:42:26,0.02127300,7.20000000
2018-02-27 00:42:27,0.02127300,0.20000000
2018-02-27 00:42:27,0.02127300,6.04000000
2018-02-27 00:42:27,0.02129800,0.20000000
2018-02-27 00:42:31,0.02127300,0.79000000
2018-02-27 00:42:33,0.02127400,0.05000000
2018-02-27 00:42:33,0.02127400,0.05000000
2018-02-27 00:42:39,0.02129600,0.25000000
2018-02-27 00:42:41,0.02129600,0.14000000
2018-02-27 00:42:43,0.02127400,0.06000000
2018-02-27 00:42:43,0.02127300,1.04000000
2018-02-27 00:42:43,0.02127000,4.47000000
2018-02-27 00:42:50,0.02127200,0.16000000
2018-02-27 00:42:51,0.02127300,0.27000000
2018-02-27 00:42:53,0.02127300,0.13000000
2018-02-27 00:42:53,0.02127200,0.11000000
2018-02-27 00:42:53,0.02127000,20.44000000
2018-02-27 00:42:53,0.02126300,6.73000000
2018-02-27 00:42:54,0.02126300,0.10000000
2018-02-27 00:42:56,0.02129600,0.19000000
2018-02-27 00:42:56,0.02129600,0.12000000
2018-02-27 00:42:59,0.02126400,2.26000000
2018-02-27 00:42:59,0.02126300,14.15000000
2018-02-27 00:43:00,0.02129500,0.25000000
2018-02-27 00:43:05,0.02127400,0.05000000
2018-02-27 00:43:08,0.02126700,2.01000000
2018-02-27 00:43:08,0.02126800,1.23000000
2018-02-27 00:43:08,0.02126800,0.08000000
2018-02-27 00:43:09,0.02126600,0.16000000
2018-02-27 00:43:09,0.02126100,0.17000000
2018-02-27 00:43:09,0.02125900,0.38000000
2018-02-27 00:43:09,0.02123300,0.08000000
2018-02-27 00:43:09,0.02122600,3.77000000
2018-02-27 00:43:09,0.02122400,9.75000000
2018-02-27 00:43:09,0.02122100,0.06000000
2018-02-27 00:43:12,0.02127500,0.09000000
2018-02-27 00:43:13,0.02126800,2.00000000
2018-02-27 00:43:20,0.02124100,7.04000000
2018-02-27 00:43:20,0.02123900,1.46000000
2018-02-27 00:43:20,0.02123600,0.23000000
2018-02-27 00:43:20,0.02123300,0.37000000
2018-02-27 00:43:20,0.02122700,0.37000000
2018-02-27 00:43:20,0.02121700,1.95000000
2018-02-27 00:43:20,0.02121000,9.00000000
2018-02-27 00:43:20,0.02120800,0.45000000
2018-02-27 00:43:20,0.02120000,1.00000000
2018-02-27 00:43:20,0.02118700,9.31000000
2018-02-27 00:43:20,0.02118600,4.71000000
2018-02-27 00:43:20,0.02116500,16.00000000
2018-02-27 00:43:20,0.02116400,7.08000000
2018-02-27 00:43:20,0.02115500,11.94000000
2018-02-27 00:43:20,0.02115300,70.84000000
2018-02-27 00:43:20,0.02115200,0.13000000
2018-02-27 00:43:20,0.02115100,14.91000000
2018-02-27 00:43:20,0.02122000,5.83000000
2018-02-27 00:43:20,0.02122000,0.11000000
2018-02-27 00:43:20,0.02122000,0.47000000
2018-02-27 00:43:20,0.02122000,0.11000000
2018-02-27 00:43:20,0.02122000,0.47000000
2018-02-27 00:43:20,0.02122000,0.08000000
2018-02-27 00:43:20,0.02129500,2.07000000
2018-02-27 00:43:21,0.02123200,1.50000000
2018-02-27 00:43:22,0.02123200,0.47000000
2018-02-27 00:43:22,0.02123200,0.18000000
2018-02-27 00:43:22,0.02123200,2.06000000
2018-02-27 00:43:22,0.02123100,0.25000000
2018-02-27 00:43:22,0.02123100,2.35000000
2018-02-27 00:43:22,0.02123100,2.07000000
2018-02-27 00:43:23,0.02122900,0.33000000
2018-02-27 00:43:23,0.02122800,2.01000000
2018-02-27 00:43:23,0.02122600,2.59000000
2018-02-27 00:43:23,0.02122800,0.30000000
2018-02-27 00:43:23,0.02122800,1.48000000
2018-02-27 00:43:24,0.02119100,7.54000000
2018-02-27 00:43:24,0.02122700,2.36000000
2018-02-27 00:43:24,0.02122700,0.10000000
2018-02-27 00:43:24,0.02122700,1.26000000
2018-02-27 00:43:24,0.02122700,0.08000000
2018-02-27 00:43:25,0.02122700,0.27000000
2018-02-27 00:43:25,0.02122800,0.52000000
2018-02-27 00:43:25,0.02123400,0.13000000
2018-02-27 00:43:25,0.02123400,0.08000000
2018-02-27 00:43:25,0.02123000,4.03000000
2018-02-27 00:43:25,0.02122600,0.46000000
2018-02-27 00:43:25,0.02122600,0.01000000
2018-02-27 00:43:25,0.02123000,1.93000000
2018-02-27 00:43:25,0.02123000,3.29000000
2018-02-27 00:43:26,0.02125000,2.36000000
2018-02-27 00:43:27,0.02125000,0.07000000
2018-02-27 00:43:28,0.02125000,4.00000000
2018-02-27 00:43:29,0.02125000,2.35000000
2018-02-27 00:43:29,0.02123400,0.12000000
2018-02-27 00:43:29,0.02120700,4.07000000
2018-02-27 00:43:29,0.02120600,2.26000000
2018-02-27 00:43:29,0.02120300,0.61000000
2018-02-27 00:43:29,0.02120100,10.12000000
2018-02-27 00:43:29,0.02119800,32.03000000
2018-02-27 00:43:29,0.02119800,0.47000000
2018-02-27 00:43:29,0.02119800,1.00000000
2018-02-27 00:43:29,0.02119800,0.47000000
2018-02-27 00:43:29,0.02119800,5.62000000
2018-02-27 00:43:29,0.02119800,13.60000000
2018-02-27 00:43:29,0.02125000,7.08000000
2018-02-27 00:43:29,0.02125000,0.57000000
2018-02-27 00:43:30,0.02119700,1.78000000
2018-02-27 00:43:30,0.02119700,0.48000000
2018-02-27 00:43:31,0.02124900,0.23000000
2018-02-27 00:43:31,0.02125000,0.77000000
2018-02-27 00:43:31,0.02125400,1.36000000
2018-02-27 00:43:33,0.02125400,1.00000000
2018-02-27 00:43:44,0.02125300,0.10000000
2018-02-27 00:43:44,0.02125400,2.35000000
2018-02-27 00:43:44,0.02125400,5.95000000
2018-02-27 00:43:44,0.02125900,1.95000000
2018-02-27 00:43:44,0.02126300,0.73000000
2018-02-27 00:43:46,0.02126300,0.42000000
2018-02-27 00:43:47,0.02126300,1.40000000
2018-02-27 00:43:47,0.02125000,1.60000000
2018-02-27 00:43:48,0.02125000,0.06000000
2018-02-27 00:43:52,0.02126500,0.05000000
2018-02-27 00:44:03,0.02125300,2.35000000
2018-02-27 00:44:04,0.02125200,1.00000000
2018-02-27 00:44:05,0.02125300,1.15000000
2018-02-27 00:44:05,0.02125400,1.20000000
2018-02-27 00:44:07,0.02125200,3.54000000
2018-02-27 00:44:07,0.02125000,0.35000000
2018-02-27 00:44:07,0.02121700,1.95000000
2018-02-27 00:44:07,0.02120000,2.01000000
2018-02-27 00:44:09,0.02125000,2.20000000
2018-02-27 00:44:09,0.02125100,0.15000000
2018-02-27 00:44:11,0.02125100,0.27000000
2018-02-27 00:44:11,0.02125100,2.35000000
2018-02-27 00:44:14,0.02121400,0.10000000
2018-02-27 00:44:14,0.02121200,2.26000000
2018-02-27 00:44:14,0.02121100,0.37000000
2018-02-27 00:44:14,0.02120000,7.70000000
2018-02-27 00:44:14,0.02119600,0.23000000
2018-02-27 00:44:14,0.02117800,0.20000000
2018-02-27 00:44:14,0.02116900,0.45000000
2018-02-27 00:44:14,0.02116500,0.10000000
2018-02-27 00:44:14,0.02116400,0.10000000
2018-02-27 00:44:14,0.02115500,7.94000000
2018-02-27 00:44:14,0.02115300,0.10000000
2018-02-27 00:44:14,0.02115200,0.10000000
2018-02-27 00:44:14,0.02115100,0.10000000
2018-02-27 00:44:14,0.02115000,1.40000000
2018-02-27 00:44:17,0.02125000,1.00000000
2018-02-27 00:44:29,0.02124300,0.47000000
2018-02-27 00:44:36,0.02124000,1.09000000
2018-02-27 00:44:37,0.02121400,1.00000000
2018-02-27 00:44:37,0.02121300,0.23000000
2018-02-27 00:44:37,0.02118100,1.10000000
2018-02-27 00:44:37,0.02118000,7.90000000
2018-02-27 00:44:38,0.02123700,0.25000000
2018-02-27 00:44:40,0.02123700,1.62000000
2018-02-27 00:44:40,0.02123700,0.40000000
2018-02-27 00:44:41,0.02123700,0.05000000
2018-02-27 00:44:41,0.02123900,0.10000000
2018-02-27 00:44:41,0.02123700,0.11000000
2018-02-27 00:44:42,0.02124300,0.23000000
2018-02-27 00:44:42,0.02123700,0.28000000
2018-02-27 00:44:43,0.02123700,2.60000000
2018-02-27 00:44:44,0.02121500,2.06000000
2018-02-27 00:44:45,0.02123700,0.23000000
2018-02-27 00:44:45,0.02124000,0.03000000
2018-02-27 00:44:45,0.02124000,2.18000000
2018-02-27 00:44:47,0.02123700,0.17000000
2018-02-27 00:44:47,0.02123700,0.01000000
2018-02-27 00:44:47,0.02121800,2.36000000
2018-02-27 00:44:48,0.02123500,1.21000000
2018-02-27 00:44:48,0.02123500,3.65000000
2018-02-27 00:44:49,0.02123500,0.25000000
2018-02-27 00:44:49,0.02123500,0.08000000
2018-02-27 00:44:51,0.02123500,0.51000000
2018-02-27 00:44:52,0.02123500,0.07000000
2018-02-27 00:44:52,0.02123500,0.07000000
2018-02-27 00:44:56,0.02123500,0.15000000
2018-02-27 00:44:59,0.02123500,0.06000000
2018-02-27 00:45:00,0.02123400,0.13000000
2018-02-27 00:45:00,0.02123500,0.12000000
2018-02-27 00:45:03,0.02121600,2.21000000
2018-02-27 00:45:03,0.02121500,1.12000000
2018-02-27 00:45:03,0.02118900,2.27000000
2018-02-27 00:45:03,0.02118000,0.10000000
2018-02-27 00:45:03,0.02117800,0.10000000
2018-02-27 00:45:03,0.02117000,9.00000000
2018-02-27 00:45:03,0.02116900,0.10000000
2018-02-27 00:45:03,0.02116500,0.10000000
2018-02-27 00:45:03,0.02116400,0.10000000
2018-02-27 00:45:03,0.02115500,0.10000000
2018-02-27 00:45:03,0.02115300,0.10000000
2018-02-27 00:45:03,0.02115200,0.10000000
2018-02-27 00:45:03,0.02115100,9.41000000
2018-02-27 00:45:03,0.02115000,9.20000000
2018-02-27 00:45:03,0.02114000,16.00000000
2018-02-27 00:45:03,0.02113900,5.28000000
2018-02-27 00:45:03,0.02113700,2.84000000
2018-02-27 00:45:03,0.02113500,5.42000000
2018-02-27 00:45:03,0.02113200,1.65000000
2018-02-27 00:45:03,0.02113100,57.77000000
2018-02-27 00:45:03,0.02123000,0.10000000
2018-02-27 00:45:04,0.02122900,0.14000000
2018-02-27 00:45:04,0.02117800,0.10000000
2018-02-27 00:45:05,0.02117800,0.42000000
2018-02-27 00:45:05,0.02117800,14.70000000
2018-02-27 00:45:05,0.02117800,0.47000000
2018-02-27 00:45:05,0.02117800,0.31000000
2018-02-27 00:45:05,0.02122900,2.13000000
2018-02-27 00:45:05,0.02123500,2.21000000
2018-02-27 00:45:05,0.02124400,4.07000000
2018-02-27 00:45:05,0.02124500,1.46000000
2018-02-27 00:45:05,0.02124500,4.27000000
2018-02-27 00:45:05,0.02124800,0.06000000
2018-02-27 00:45:05,0.02125000,2.53000000
2018-02-27 00:45:05,0.02125400,1.08000000
2018-02-27 00:45:07,0.02123000,0.90000000
2018-02-27 00:45:07,0.02122900,0.74000000
2018-02-27 00:45:08,0.02123000,0.47000000
2018-02-27 00:45:09,0.02123000,0.07000000
2018-02-27 00:45:12,0.02122900,0.08000000
2018-02-27 00:45:13,0.02119300,0.04000000
2018-02-27 00:45:14,0.02122900,0.85000000
2018-02-27 00:45:19,0.02119400,1.67000000
2018-02-27 00:45:19,0.02119400,2.40000000
2018-02-27 00:45:19,0.02118900,6.63000000
2018-02-27 00:45:22,0.02121600,0.25000000
2018-02-27 00:45:24,0.02121600,0.23000000
2018-02-27 00:45:27,0.02119300,2.04000000
2018-02-27 00:45:27,0.02119000,10.00000000
2018-02-27 00:45:27,0.02117900,2.23000000
2018-02-27 00:45:27,0.02117800,7.79000000
2018-02-27 00:45:27,0.02117000,0.10000000
2018-02-27 00:45:27,0.02116900,0.10000000
2018-02-27 00:45:27,0.02116500,0.10000000
2018-02-27 00:45:27,0.02116400,0.10000000
2018-02-27 00:45:27,0.02116200,0.23000000
2018-02-27 00:45:27,0.02115500,0.10000000
2018-02-27 00:45:27,0.02115300,0.10000000
2018-02-27 00:45:27,0.02115200,0.10000000
2018-02-27 00:45:27,0.02115100,0.10000000
2018-02-27 00:45:27,0.02115000,0.10000000
2018-02-27 00:45:27,0.02114000,0.10000000
2018-02-27 00:45:27,0.02113900,0.10000000
2018-02-27 00:45:27,0.02113700,0.10000000
2018-02-27 00:45:27,0.02113500,0.10000000
2018-02-27 00:45:27,0.02113200,1.53000000
2018-02-27 00:45:28,0.02121400,5.17000000
2018-02-27 00:45:29,0.02117100,1.43000000
2018-02-27 00:45:29,0.02121300,0.50000000
2018-02-27 00:45:30,0.02121200,0.95000000
2018-02-27 00:45:30,0.02121000,0.13000000
2018-02-27 00:45:31,0.02120800,0.23000000
2018-02-27 00:45:31,0.02120800,0.47000000
2018-02-27 00:45:31,0.02120700,0.20000000
2018-02-27 00:45:33,0.02119900,0.53000000
2018-02-27 00:45:33,0.02119900,0.20000000
2018-02-27 00:45:33,0.02120100,0.23000000
2018-02-27 00:45:33,0.02120900,0.12000000
2018-02-27 00:45:34,0.02119300,1.00000000
2018-02-27 00:45:35,0.02119300,0.36000000
2018-02-27 00:45:35,0.02119300,0.01000000
2018-02-27 00:45:35,0.02120900,0.29000000
2018-02-27 00:45:35,0.02120900,1.43000000
2018-02-27 00:45:38,0.02121000,0.47000000
2018-02-27 00:45:40,0.02121000,1.15000000
2018-02-27 00:45:41,0.02121000,1.17000000
2018-02-27 00:45:42,0.02120800,1.40000000
2018-02-27 00:45:43,0.02120800,0.25000000
2018-02-27 00:45:44,0.02120800,0.42000000
2018-02-27 00:45:48,0.02120800,0.27000000
2018-02-27 00:45:49,0.02120800,1.55000000
2018-02-27 00:45:58,0.02120800,2.45000000
2018-02-27 00:45:59,0.02118200,0.95000000
2018-02-27 00:45:59,0.02118000,0.02000000
2018-02-27 00:46:05,0.02118000,0.34000000
2018-02-27 00:46:05,0.02120700,0.40000000
2018-02-27 00:46:05,0.02120700,3.67000000
2018-02-27 00:46:05,0.02120800,2.00000000
2018-02-27 00:46:05,0.02120900,0.53000000
2018-02-27 00:46:05,0.02121000,3.95000000
2018-02-27 00:46:05,0.02121000,1.33000000
2018-02-27 00:46:06,0.02120900,0.25000000
2018-02-27 00:46:06,0.02118100,4.07000000
2018-02-27 00:46:06,0.02118000,9.63000000
2018-02-27 00:46:06,0.02118000,0.47000000
2018-02-27 00:46:07,0.02118000,0.13000000
2018-02-27 00:46:07,0.02118000,0.33000000
2018-02-27 00:46:07,0.02118000,2.00000000
2018-02-27 00:46:07,0.02117900,1.57000000
2018-02-27 00:46:07,0.02118000,13.53000000
2018-02-27 00:46:10,0.02120100,0.30000000
2018-02-27 00:46:10,0.02119000,0.77000000
2018-02-27 00:46:10,0.02117200,0.60000000
2018-02-27 00:46:14,0.02120900,0.60000000
2018-02-27 00:46:21,0.02120900,0.11000000
2018-02-27 00:46:22,0.02120900,0.11000000
2018-02-27 00:46:24,0.02121000,1.88000000
2018-02-27 00:46:24,0.02121700,0.70000000
2018-02-27 00:46:41,0.02121000,0.12000000
2018-02-27 00:46:41,0.02120900,0.35000000
2018-02-27 00:46:41,0.02120900,0.09000000
2018-02-27 00:46:41,0.02120900,0.12000000
2018-02-27 00:46:42,0.02120900,0.11000000
2018-02-27 00:46:43,0.02120900,0.54000000
2018-02-27 00:46:46,0.02120900,0.11000000
2018-02-27 00:46:47,0.02120900,1.23000000
2018-02-27 00:46:49,0.02120800,0.50000000
2018-02-27 00:46:50,0.02120700,0.11000000
2018-02-27 00:46:52,0.02120800,0.24000000
2018-02-27 00:46:52,0.02120700,0.89000000
2018-02-27 00:46:52,0.02117300,1.63000000
2018-02-27 00:46:53,0.02120700,0.97000000
2018-02-27 00:47:07,0.02120000,0.23000000
2018-02-27 00:47:08,0.02117300,0.10000000
2018-02-27 00:47:08,0.02117200,0.10000000
2018-02-27 00:47:08,0.02117100,0.97000000
2018-02-27 00:47:08,0.02117000,1.45000000
2018-02-27 00:47:14,0.02117200,0.04000000
2018-02-27 00:47:14,0.02119300,0.30000000
2018-02-27 00:47:15,0.02119200,0.80000000
2018-02-27 00:47:16,0.02117200,0.16000000
2018-02-27 00:47:16,0.02117100,0.10000000
2018-02-27 00:47:16,0.02117000,0.20000000
2018-02-27 00:47:16,0.02117000,0.10000000
2018-02-27 00:47:16,0.02117000,0.10000000
2018-02-27 00:47:16,0.02117000,1.00000000
2018-02-27 00:47:16,0.02117000,0.80000000
2018-02-27 00:47:17,0.02117000,0.38000000
2018-02-27 00:47:17,0.02116900,0.30000000
2018-02-27 00:47:17,0.02116900,0.10000000
2018-02-27 00:47:18,0.02116900,0.20000000
2018-02-27 00:47:18,0.02117000,0.39000000
2018-02-27 00:47:18,0.02119600,0.30000000
2018-02-27 00:47:22,0.02119600,1.00000000
2018-02-27 00:47:22,0.02119600,0.14000000
2018-02-27 00:47:22,0.02119600,0.87000000
2018-02-27 00:47:23,0.02119600,1.18000000
2018-02-27 00:47:23,0.02119600,0.19000000
2018-02-27 00:47:26,0.02119600,4.81000000
2018-02-27 00:47:27,0.02119600,0.81000000
2018-02-27 00:47:28,0.02119600,0.05000000
2018-02-27 00:47:28,0.02119600,0.05000000
2018-02-27 00:47:29,0.02119600,1.68000000
2018-02-27 00:47:31,0.02119600,0.28000000
2018-02-27 00:47:32,0.02119600,0.11000000
2018-02-27 00:47:32,0.02119600,1.11000000
2018-02-27 00:47:33,0.02119700,1.00000000
2018-02-27 00:47:35,0.02119600,2.68000000
2018-02-27 00:47:35,0.02119600,0.65000000
2018-02-27 00:47:36,0.02119600,1.76000000
2018-02-27 00:47:38,0.02119600,0.65000000
2018-02-27 00:47:40,0.02120700,0.81000000
2018-02-27 00:47:40,0.02120800,6.39000000
2018-02-27 00:47:40,0.02120900,17.66000000
2018-02-27 00:47:51,0.02119900,3.59000000
2018-02-27 00:47:53,0.02120800,0.50000000
2018-02-27 00:47:53,0.02120800,4.40000000
2018-02-27 00:47:53,0.02120800,9.24000000
2018-02-27 00:47:53,0.02120800,5.29000000
2018-02-27 00:48:02,0.02120800,5.34000000
2018-02-27 00:48:02,0.02120900,4.79000000
2018-02-27 00:48:09,0.02120800,2.04000000
2018-02-27 00:48:09,0.02120900,6.42000000
2018-02-27 00:48:10,0.02120900,13.17000000
2018-02-27 00:48:10,0.02120900,0.11000000
2018-02-27 00:48:11,0.02120900,10.09000000
2018-02-27 00:48:11,0.02120800,0.93000000
2018-02-27 00:48:14,0.02120800,0.05000000
2018-02-27 00:48:14,0.02120800,1.55000000
2018-02-27 00:48:14,0.02120800,20.02000000
2018-02-27 00:48:14,0.02120800,0.11000000
2018-02-27 00:48:16,0.02120500,0.05000000
2018-02-27 00:48:18,0.02120800,28.59000000
2018-02-27 00:48:18,0.02120900,4.16000000
2018-02-27 00:48:18,0.02120900,0.47000000
2018-02-27 00:48:18,0.02120900,2.26000000
2018-02-27 00:48:18,0.02120900,31.64000000
2018-02-27 00:48:18,0.02120900,8.63000000
2018-02-27 00:48:18,0.02120900,21.25000000
2018-02-27 00:48:18,0.02120900,17.63000000
2018-02-27 00:48:18,0.02120900,10.36000000
2018-02-27 00:48:18,0.02121000,1.10000000
2018-02-27 00:48:18,0.02121000,0.02000000
2018-02-27 00:48:18,0.02121700,0.14000000
2018-02-27 00:48:22,0.02121700,0.11000000
2018-02-27 00:48:22,0.02121700,0.05000000
2018-02-27 00:48:24,0.02121700,0.93000000
2018-02-27 00:48:29,0.02121700,0.05000000
2018-02-27 00:48:29,0.02121700,0.42000000
2018-02-27 00:48:30,0.02121700,0.26000000
2018-02-27 00:48:30,0.02121700,2.00000000
2018-02-27 00:48:31,0.02121700,1.83000000
2018-02-27 00:48:34,0.02121700,2.41000000
2018-02-27 00:48:34,0.02121700,0.14000000
2018-02-27 00:48:59,0.02123000,0.36000000
2018-02-27 00:49:00,0.02123500,0.04000000
2018-02-27 00:49:00,0.02122000,13.60000000
2018-02-27 00:49:00,0.02121800,1.00000000
2018-02-27 00:49:00,0.02121700,5.65000000
2018-02-27 00:49:02,0.02121000,0.22000000
2018-02-27 00:49:06,0.02121600,5.01000000
2018-02-27 00:49:09,0.02121100,0.24000000
2018-02-27 00:49:09,0.02121000,1.56000000
2018-02-27 00:49:10,0.02121000,2.93000000
2018-02-27 00:49:17,0.02121200,4.19000000
2018-02-27 00:49:24,0.02121300,0.24000000
2018-02-27 00:49:24,0.02121200,0.05000000
2018-02-27 00:49:34,0.02121200,1.00000000
2018-02-27 00:49:37,0.02121200,0.26000000
2018-02-27 00:49:37,0.02121200,0.22000000
2018-02-27 00:49:38,0.02121300,5.18000000
2018-02-27 00:49:42,0.02121300,0.17000000
2018-02-27 00:49:43,0.02121300,1.65000000
2018-02-27 00:49:43,0.02121200,4.18000000
2018-02-27 00:49:43,0.02121200,3.13000000
2018-02-27 00:49:43,0.02121100,0.10000000
2018-02-27 00:49:43,0.02121000,4.29000000
2018-02-27 00:49:43,0.02120900,0.31000000
2018-02-27 00:49:43,0.02120800,4.00000000
2018-02-27 00:49:45,0.02121600,4.07000000
2018-02-27 00:49:45,0.02121400,0.11000000
2018-02-27 00:49:52,0.02121600,6.00000000
2018-02-27 00:49:53,0.02121600,6.00000000
2018-02-27 00:49:56,0.02121500,0.21000000
2018-02-27 00:50:06,0.02121200,0.51000000
2018-02-27 00:50:07,0.02121300,0.09000000
2018-02-27 00:50:09,0.02121200,2.53000000
2018-02-27 00:50:09,0.02120700,4.00000000
2018-02-27 00:50:09,0.02120500,5.00000000
2018-02-27 00:50:09,0.02120000,38.72000000
2018-02-27 00:50:12,0.02121300,2.49000000
2018-02-27 00:50:16,0.02121300,0.45000000
2018-02-27 00:50:20,0.02121600,16.19000000
2018-02-27 00:50:23,0.02121600,0.11000000
2018-02-27 00:50:24,0.02121500,4.00000000
2018-02-27 00:50:24,0.02121300,0.07000000
2018-02-27 00:50:25,0.02121300,0.42000000
2018-02-27 00:50:26,0.02121600,0.69000000
2018-02-27 00:50:31,0.02121400,3.00000000
2018-02-27 00:50:45,0.02121400,0.32000000
2018-02-27 00:50:49,0.02121400,1.89000000
2018-02-27 00:50:49,0.02121300,3.93000000
2018-02-27 00:50:49,0.02121200,3.80000000
2018-02-27 00:50:49,0.02120000,3.71000000
2018-02-27 00:50:56,0.02120000,0.90000000
2018-02-27 00:50:59,0.02121000,1.54000000
2018-02-27 00:51:02,0.02120400,0.07000000
2018-02-27 00:51:02,0.02120400,0.44000000
2018-02-27 00:51:03,0.02120500,0.90000000
2018-02-27 00:51:07,0.02120500,1.78000000
2018-02-27 00:51:12,0.02120700,0.25000000
2018-02-27 00:51:15,0.02120700,2.75000000
2018-02-27 00:51:15,0.02120600,0.31000000
2018-02-27 00:51:22,0.02120800,0.23000000
2018-02-27 00:51:24,0.02120600,0.01000000
2018-02-27 00:51:24,0.02120500,1.32000000
2018-02-27 00:51:24,0.02120400,3.49000000
2018-02-27 00:51:24,0.02120000,13.93000000
2018-02-27 00:51:28,0.02120800,0.19000000
2018-02-27 00:51:29,0.02121500,5.09000000
2018-02-27 00:51:33,0.02121400,3.29000000
2018-02-27 00:51:34,0.02121400,1.15000000
2018-02-27 00:51:34,0.02121400,0.92000000
2018-02-27 00:51:39,0.02121400,1.41000000
2018-02-27 00:51:42,0.02120800,8.08000000
2018-02-27 00:51:44,0.02121300,8.27000000
2018-02-27 00:51:45,0.02121300,4.24000000
2018-02-27 00:51:46,0.02121300,4.04000000
2018-02-27 00:51:46,0.02121400,0.95000000
2018-02-27 00:51:46,0.02125000,13.70000000
2018-02-27 00:51:46,0.02125400,0.21000000
2018-02-27 00:51:46,0.02125900,1.23000000
2018-02-27 00:51:46,0.02126600,0.12000000
2018-02-27 00:51:46,0.02126900,0.45000000
2018-02-27 00:51:46,0.02127400,3.04000000
2018-02-27 00:51:46,0.02128300,0.08000000
2018-02-27 00:51:46,0.02129600,0.60000000
2018-02-27 00:51:46,0.02129700,3.92000000
2018-02-27 00:51:46,0.02130100,2.66000000
2018-02-27 00:51:47,0.02121300,0.11000000
2018-02-27 00:51:47,0.02121300,0.12000000
2018-02-27 00:51:48,0.02123000,1.81000000
2018-02-27 00:51:48,0.02123000,0.44000000
2018-02-27 00:51:49,0.02124800,0.23000000
2018-02-27 00:51:49,0.02124900,0.11000000
2018-02-27 00:51:49,0.02125000,0.52000000
2018-02-27 00:51:50,0.02123000,0.11000000
2018-02-27 00:51:51,0.02122000,0.87000000
2018-02-27 00:51:51,0.02122100,0.45000000
2018-02-27 00:51:54,0.02123000,0.08000000
2018-02-27 00:52:01,0.02123000,0.10000000
2018-02-27 00:52:02,0.02123000,0.21000000
2018-02-27 00:52:12,0.02123000,0.08000000
2018-02-27 00:52:15,0.02124900,0.19000000
2018-02-27 00:52:16,0.02123000,0.01000000
2018-02-27 00:52:25,0.02122800,0.26000000
2018-02-27 00:52:25,0.02122900,1.73000000
2018-02-27 00:52:29,0.02122100,4.07000000
2018-02-27 00:52:29,0.02121900,7.16000000
2018-02-27 00:52:30,0.02121700,1.96000000
