DATE,PRICE,VOLUME
2018-02-23 02:00:00,0.01918100,1.55000000
2018-02-23 02:00:00,0.01918100,0.01000000
2018-02-23 02:00:00,0.01918200,0.57000000
2018-02-23 02:00:00,0.01918800,0.38000000
2018-02-23 02:00:00,0.01919700,0.60000000
2018-02-23 02:00:00,0.01919700,4.38000000
2018-02-23 02:00:00,0.01919700,0.02000000
2018-02-23 02:00:00,0.01919700,4.03000000
2018-02-23 02:00:03,0.01918400,0.26000000
2018-02-23 02:00:03,0.01918300,0.24000000
2018-02-23 02:00:04,0.01919600,1.19000000
2018-02-23 02:00:04,0.01919600,42.55000000
2018-02-23 02:00:04,0.01918300,0.33000000
2018-02-23 02:00:04,0.01917000,1.17000000
2018-02-23 02:00:06,0.01917100,0.50000000
2018-02-23 02:00:06,0.01919600,4.73000000
2018-02-23 02:00:06,0.01919600,2.69000000
2018-02-23 02:00:06,0.01919600,2.69000000
2018-02-23 02:00:08,0.01918300,0.18000000
2018-02-23 02:00:09,0.01917600,1.50000000
2018-02-23 02:00:11,0.01919600,0.76000000
2018-02-23 02:00:12,0.01919600,0.10000000
2018-02-23 02:00:12,0.01919600,0.80000000
2018-02-23 02:00:12,0.01919600,0.80000000
2018-02-23 02:00:12,0.01919600,3.09000000
2018-02-23 02:00:12,0.01919600,0.76000000
2018-02-23 02:00:12,0.01917700,2.26000000
2018-02-23 02:00:12,0.01919600,0.34000000
2018-02-23 02:00:12,0.01919600,0.76000000
2018-02-23 02:00:12,0.01919600,0.33000000
2018-02-23 02:00:13,0.01919600,1.27000000
2018-02-23 02:00:13,0.01919600,8.80000000
2018-02-23 02:00:13,0.01919600,4.03000000
2018-02-23 02:00:14,0.01917700,1.50000000
2018-02-23 02:00:14,0.01917700,5.92000000
2018-02-23 02:00:14,0.01918000,0.51000000
2018-02-23 02:00:14,0.01918000,0.85000000
2018-02-23 02:00:14,0.01919600,9.71000000
2018-02-23 02:00:22,0.01919500,0.69000000
2018-02-23 02:00:22,0.01919500,0.69000000
2018-02-23 02:00:22,0.01919500,5.87000000
2018-02-23 02:00:22,0.01919500,3.23000000
2018-02-23 02:00:22,0.01917700,0.95000000
2018-02-23 02:00:22,0.01917600,0.55000000
2018-02-23 02:00:23,0.01919500,0.25000000
2018-02-23 02:00:23,0.01917700,0.18000000
2018-02-23 02:00:26,0.01917700,0.60000000
2018-02-23 02:00:26,0.01917600,1.71000000
2018-02-23 02:00:27,0.01919400,4.03000000
2018-02-23 02:00:27,0.01919400,3.46000000
2018-02-23 02:00:27,0.01919500,4.03000000
2018-02-23 02:00:28,0.01919500,0.24000000
2018-02-23 02:00:28,0.01919500,0.24000000
2018-02-23 02:00:28,0.01916900,0.01000000
2018-02-23 02:00:30,0.01916900,0.77000000
2018-02-23 02:00:30,0.01916200,0.38000000
2018-02-23 02:00:30,0.01916100,0.35000000
2018-02-23 02:00:30,0.01918700,0.38000000
2018-02-23 02:00:30,0.01919500,0.18000000
2018-02-23 02:00:31,0.01919500,0.81000000
2018-02-23 02:00:31,0.01919500,1.93000000
2018-02-23 02:00:31,0.01919500,1.56000000
2018-02-23 02:00:31,0.01919500,4.51000000
2018-02-23 02:00:31,0.01919500,0.37000000
2018-02-23 02:00:37,0.01917100,1.50000000
2018-02-23 02:00:39,0.01917200,4.90000000
2018-02-23 02:00:44,0.01916900,0.52000000
2018-02-23 02:00:44,0.01916700,0.98000000
2018-02-23 02:00:50,0.01917000,1.30000000
2018-02-23 02:00:50,0.01916900,0.13000000
2018-02-23 02:00:50,0.01916700,0.07000000
2018-02-23 02:00:54,0.01917000,3.12000000
2018-02-23 02:00:54,0.01916200,0.35000000
2018-02-23 02:00:54,0.01916100,1.21000000
2018-02-23 02:00:54,0.01916000,4.75000000
2018-02-23 02:00:54,0.01916000,0.36000000
2018-02-23 02:00:55,0.01916100,1.04000000
2018-02-23 02:00:55,0.01916000,3.12000000
2018-02-23 02:00:55,0.01915600,0.72000000
2018-02-23 02:00:55,0.01915300,5.00000000
2018-02-23 02:00:55,0.01915200,38.28000000
2018-02-23 02:00:55,0.01915000,36.14000000
2018-02-23 02:00:56,0.01915300,2.45000000
2018-02-23 02:00:56,0.01915200,2.53000000
2018-02-23 02:00:58,0.01917000,1.94000000
2018-02-23 02:00:58,0.01917000,1.18000000
2018-02-23 02:00:58,0.01917100,0.77000000
2018-02-23 02:01:07,0.01916800,0.87000000
2018-02-23 02:01:08,0.01916800,0.26000000
2018-02-23 02:01:13,0.01915100,0.13000000
2018-02-23 02:01:16,0.01915100,0.17000000
2018-02-23 02:01:20,0.01915100,0.80000000
2018-02-23 02:01:22,0.01915100,2.35000000
2018-02-23 02:01:22,0.01915100,10.23000000
2018-02-23 02:01:22,0.01915000,24.74000000
2018-02-23 02:01:22,0.01914800,0.63000000
2018-02-23 02:01:22,0.01915000,17.78000000
2018-02-23 02:01:23,0.01914100,0.50000000
2018-02-23 02:01:25,0.01915000,11.13000000
2018-02-23 02:01:26,0.01916800,1.56000000
2018-02-23 02:01:26,0.01916800,1.56000000
2018-02-23 02:01:26,0.01916800,0.52000000
2018-02-23 02:01:28,0.01915400,1.15000000
2018-02-23 02:01:38,0.01915200,0.01000000
2018-02-23 02:01:38,0.01915200,1.56000000
2018-02-23 02:01:39,0.01915200,1.56000000
2018-02-23 02:01:39,0.01915200,0.82000000
2018-02-23 02:01:39,0.01915200,0.80000000
2018-02-23 02:01:39,0.01915200,1.49000000
2018-02-23 02:01:39,0.01914100,0.23000000
2018-02-23 02:01:39,0.01914100,1.56000000
2018-02-23 02:01:39,0.01914100,2.84000000
2018-02-23 02:01:39,0.01914100,0.62000000
2018-02-23 02:01:40,0.01914100,0.25000000
2018-02-23 02:01:40,0.01914000,0.07000000
2018-02-23 02:01:40,0.01915000,0.79000000
2018-02-23 02:01:40,0.01914000,1.56000000
2018-02-23 02:01:41,0.01914000,1.05000000
2018-02-23 02:01:41,0.01914000,0.70000000
2018-02-23 02:01:42,0.01914000,0.80000000
2018-02-23 02:01:42,0.01914000,0.82000000
2018-02-23 02:01:42,0.01913300,0.82000000
2018-02-23 02:01:42,0.01913300,1.56000000
2018-02-23 02:01:42,0.01913300,0.74000000
2018-02-23 02:01:43,0.01913300,0.54000000
2018-02-23 02:01:43,0.01913300,0.70000000
2018-02-23 02:01:44,0.01913300,0.80000000
2018-02-23 02:01:44,0.01913300,1.12000000
2018-02-23 02:01:47,0.01914700,0.16000000
2018-02-23 02:01:49,0.01913200,1.00000000
2018-02-23 02:01:49,0.01913200,0.80000000
2018-02-23 02:01:49,0.01913200,0.20000000
2018-02-23 02:01:50,0.01910000,10.56000000
2018-02-23 02:01:52,0.01910200,0.81000000
2018-02-23 02:01:58,0.01912700,0.20000000
2018-02-23 02:01:58,0.01912800,0.76000000
2018-02-23 02:02:03,0.01912800,0.12000000
2018-02-23 02:02:05,0.01912700,0.52000000
2018-02-23 02:02:08,0.01910300,0.26000000
2018-02-23 02:02:08,0.01910200,2.22000000
2018-02-23 02:02:11,0.01912700,0.20000000
2018-02-23 02:02:11,0.01912800,0.05000000
2018-02-23 02:02:12,0.01912600,0.51000000
2018-02-23 02:02:14,0.01912700,0.14000000
2018-02-23 02:02:23,0.01912000,1.04000000
2018-02-23 02:02:24,0.01912000,0.21000000
2018-02-23 02:02:28,0.01910700,0.24000000
2018-02-23 02:02:28,0.01910600,0.21000000
2018-02-23 02:02:31,0.01911900,0.44000000
2018-02-23 02:02:33,0.01911900,0.08000000
2018-02-23 02:02:33,0.01912000,0.31000000
2018-02-23 02:02:40,0.01912000,1.56000000
2018-02-23 02:02:44,0.01910000,0.52000000
2018-02-23 02:02:46,0.01912000,0.22000000
2018-02-23 02:02:47,0.01912000,2.85000000
2018-02-23 02:02:47,0.01912000,1.56000000
2018-02-23 02:02:48,0.01912000,1.06000000
2018-02-23 02:02:50,0.01910300,0.38000000
2018-02-23 02:02:50,0.01910200,1.08000000
2018-02-23 02:02:50,0.01910000,1.44000000
2018-02-23 02:02:51,0.01910000,0.35000000
2018-02-23 02:02:54,0.01912000,0.12000000
2018-02-23 02:03:02,0.01912500,1.08000000
2018-02-23 02:03:03,0.01912100,0.49000000
2018-02-23 02:03:18,0.01912100,1.21000000
2018-02-23 02:03:18,0.01912000,1.37000000
2018-02-23 02:03:20,0.01912400,0.29000000
2018-02-23 02:03:21,0.01912400,0.52000000
2018-02-23 02:03:23,0.01910000,4.34000000
2018-02-23 02:03:23,0.01912000,0.54000000
2018-02-23 02:03:25,0.01912000,0.45000000
2018-02-23 02:03:25,0.01912000,0.01000000
2018-02-23 02:03:25,0.01912100,1.56000000
2018-02-23 02:03:25,0.01912100,1.35000000
2018-02-23 02:03:25,0.01912100,3.61000000
2018-02-23 02:03:25,0.01912100,1.35000000
2018-02-23 02:03:33,0.01912400,4.75000000
2018-02-23 02:03:37,0.01912400,0.14000000
2018-02-23 02:03:38,0.01912500,0.22000000
2018-02-23 02:03:38,0.01912500,0.68000000
2018-02-23 02:03:38,0.01912500,3.85000000
2018-02-23 02:03:38,0.01912600,0.68000000
2018-02-23 02:03:41,0.01912400,0.73000000
2018-02-23 02:03:43,0.01912300,1.55000000
2018-02-23 02:03:44,0.01912300,1.04000000
2018-02-23 02:03:47,0.01912200,0.21000000
2018-02-23 02:03:49,0.01912200,0.21000000
2018-02-23 02:03:52,0.01912100,1.36000000
2018-02-23 02:03:53,0.01912300,3.66000000
2018-02-23 02:03:54,0.01912300,0.40000000
2018-02-23 02:03:54,0.01912100,0.21000000
2018-02-23 02:03:56,0.01912100,1.30000000
2018-02-23 02:03:58,0.01912100,0.41000000
2018-02-23 02:04:00,0.01912300,2.09000000
2018-02-23 02:04:01,0.01912100,0.41000000
2018-02-23 02:04:03,0.01912100,0.21000000
2018-02-23 02:04:05,0.01912100,0.21000000
2018-02-23 02:04:07,0.01912100,3.50000000
2018-02-23 02:04:07,0.01911500,0.75000000
2018-02-23 02:04:07,0.01910000,81.11000000
2018-02-23 02:04:08,0.01912100,0.08000000
2018-02-23 02:04:08,0.01912100,0.13000000
2018-02-23 02:04:08,0.01912300,0.05000000
2018-02-23 02:04:08,0.01912300,0.52000000
2018-02-23 02:04:10,0.01912000,0.69000000
2018-02-23 02:04:11,0.01912300,0.09000000
2018-02-23 02:04:11,0.01912600,0.40000000
2018-02-23 02:04:11,0.01912700,0.38000000
2018-02-23 02:04:11,0.01912800,1.74000000
2018-02-23 02:04:25,0.01913000,3.13000000
2018-02-23 02:04:29,0.01913000,0.52000000
2018-02-23 02:04:29,0.01912400,1.03000000
2018-02-23 02:04:30,0.01912300,0.23000000
2018-02-23 02:04:30,0.01910500,1.03000000
2018-02-23 02:04:34,0.01910600,1.12000000
2018-02-23 02:04:35,0.01912300,0.80000000
2018-02-23 02:04:37,0.01912900,0.76000000
2018-02-23 02:04:37,0.01913000,0.06000000
2018-02-23 02:04:37,0.01913000,1.04000000
2018-02-23 02:04:43,0.01913000,0.82000000
2018-02-23 02:04:44,0.01913000,1.04000000
2018-02-23 02:04:45,0.01913000,0.80000000
2018-02-23 02:04:45,0.01913000,0.32000000
2018-02-23 02:04:48,0.01913000,0.23000000
2018-02-23 02:04:50,0.01911200,0.16000000
2018-02-23 02:04:50,0.01911200,0.84000000
2018-02-23 02:04:50,0.01910600,5.17000000
2018-02-23 02:04:50,0.01910500,0.11000000
2018-02-23 02:04:50,0.01910000,3.07000000
2018-02-23 02:04:50,0.01910200,0.87000000
2018-02-23 02:04:50,0.01910200,0.16000000
2018-02-23 02:04:50,0.01911200,0.90000000
2018-02-23 02:04:51,0.01911200,0.09000000
2018-02-23 02:04:51,0.01911200,0.01000000
2018-02-23 02:04:51,0.01912900,0.81000000
2018-02-23 02:04:51,0.01912700,0.10000000
2018-02-23 02:04:52,0.01911200,0.10000000
2018-02-23 02:04:55,0.01912000,0.10000000
2018-02-23 02:04:56,0.01912000,0.18000000
2018-02-23 02:04:58,0.01912000,0.10000000
2018-02-23 02:05:01,0.01912000,0.29000000
2018-02-23 02:05:01,0.01911300,1.56000000
2018-02-23 02:05:01,0.01911300,0.54000000
2018-02-23 02:05:01,0.01912000,0.10000000
2018-02-23 02:05:03,0.01911700,0.16000000
2018-02-23 02:05:03,0.01911900,0.28000000
2018-02-23 02:05:04,0.01911300,2.55000000
2018-02-23 02:05:08,0.01911900,0.01000000
2018-02-23 02:05:08,0.01912000,0.16000000
2018-02-23 02:05:08,0.01912000,0.10000000
2018-02-23 02:05:09,0.01912000,3.83000000
2018-02-23 02:05:13,0.01911900,0.10000000
2018-02-23 02:05:13,0.01911800,0.40000000
2018-02-23 02:05:13,0.01911800,0.08000000
2018-02-23 02:05:13,0.01911900,0.13000000
2018-02-23 02:05:15,0.01911900,0.08000000
2018-02-23 02:05:17,0.01911800,1.99000000
2018-02-23 02:05:22,0.01911800,2.68000000
2018-02-23 02:05:23,0.01911900,0.01000000
2018-02-23 02:05:23,0.01912000,0.14000000
2018-02-23 02:05:24,0.01912000,0.94000000
2018-02-23 02:05:25,0.01912000,0.10000000
2018-02-23 02:05:25,0.01912000,0.18000000
2018-02-23 02:05:28,0.01911900,0.18000000
2018-02-23 02:05:28,0.01911900,1.06000000
2018-02-23 02:05:35,0.01911900,0.01000000
2018-02-23 02:05:35,0.01912000,0.48000000
2018-02-23 02:05:35,0.01912000,0.25000000
2018-02-23 02:05:35,0.01912000,1.35000000
2018-02-23 02:05:36,0.01912000,1.56000000
2018-02-23 02:05:36,0.01912000,1.60000000
2018-02-23 02:05:36,0.01913200,1.30000000
2018-02-23 02:05:40,0.01914900,0.08000000
2018-02-23 02:05:42,0.01913200,1.34000000
2018-02-23 02:05:43,0.01914600,3.13000000
2018-02-23 02:05:48,0.01914100,1.08000000
2018-02-23 02:05:50,0.01912600,0.56000000
2018-02-23 02:05:50,0.01912100,0.19000000
2018-02-23 02:05:50,0.01914900,3.65000000
2018-02-23 02:05:50,0.01914500,0.41000000
2018-02-23 02:05:54,0.01912000,1.08000000
2018-02-23 02:05:54,0.01911900,0.15000000
2018-02-23 02:06:02,0.01913700,2.09000000
2018-02-23 02:06:04,0.01913700,0.64000000
2018-02-23 02:06:05,0.01913700,1.42000000
2018-02-23 02:06:11,0.01913000,0.08000000
2018-02-23 02:06:12,0.01912800,0.11000000
2018-02-23 02:06:13,0.01911900,0.80000000
2018-02-23 02:06:14,0.01912800,0.10000000
2018-02-23 02:06:17,0.01912700,0.15000000
2018-02-23 02:06:18,0.01912700,0.10000000
2018-02-23 02:06:22,0.01912500,0.10000000
2018-02-23 02:06:24,0.01912500,0.10000000
2018-02-23 02:06:35,0.01912500,0.27000000
2018-02-23 02:06:35,0.01912600,0.42000000
2018-02-23 02:06:38,0.01912600,0.40000000
2018-02-23 02:06:38,0.01912600,0.18000000
2018-02-23 02:06:38,0.01912000,1.07000000
2018-02-23 02:06:43,0.01912000,0.93000000
2018-02-23 02:06:47,0.01912600,0.55000000
2018-02-23 02:06:49,0.01913000,0.15000000
2018-02-23 02:06:49,0.01913000,0.50000000
2018-02-23 02:06:51,0.01914100,0.15000000
2018-02-23 02:06:53,0.01913000,1.56000000
2018-02-23 02:06:53,0.01913000,1.56000000
2018-02-23 02:06:53,0.01913000,1.56000000
2018-02-23 02:06:54,0.01913000,1.56000000
2018-02-23 02:06:54,0.01913000,1.56000000
2018-02-23 02:06:54,0.01913000,1.56000000
2018-02-23 02:06:54,0.01913000,1.56000000
2018-02-23 02:06:54,0.01913000,0.76000000
2018-02-23 02:06:58,0.01913000,0.55000000
2018-02-23 02:06:58,0.01913900,0.06000000
2018-02-23 02:07:02,0.01913500,0.06000000
2018-02-23 02:07:04,0.01912200,9.93000000
2018-02-23 02:07:05,0.01913300,2.09000000
2018-02-23 02:07:07,0.01913300,3.32000000
2018-02-23 02:07:07,0.01913500,0.04000000
2018-02-23 02:07:07,0.01913900,0.94000000
2018-02-23 02:07:07,0.01912200,0.94000000
2018-02-23 02:07:13,0.01913500,0.80000000
2018-02-23 02:07:14,0.01913500,0.23000000
2018-02-23 02:07:15,0.01913500,0.23000000
2018-02-23 02:07:16,0.01912200,1.56000000
2018-02-23 02:07:17,0.01912200,1.56000000
2018-02-23 02:07:17,0.01912200,1.56000000
2018-02-23 02:07:36,0.01913900,0.25000000
2018-02-23 02:07:38,0.01912200,0.35000000
2018-02-23 02:07:42,0.01913900,0.69000000
2018-02-23 02:07:42,0.01914000,0.58000000
2018-02-23 02:07:42,0.01914100,4.85000000
2018-02-23 02:07:42,0.01914400,1.08000000
2018-02-23 02:07:42,0.01914700,0.70000000
2018-02-23 02:07:42,0.01915100,0.76000000
2018-02-23 02:07:42,0.01915200,0.50000000
2018-02-23 02:07:46,0.01915100,0.13000000
2018-02-23 02:07:50,0.01912700,0.16000000
2018-02-23 02:07:52,0.01913000,2.45000000
2018-02-23 02:07:53,0.01915100,0.44000000
2018-02-23 02:07:54,0.01915100,0.80000000
2018-02-23 02:07:59,0.01915100,0.90000000
2018-02-23 02:08:02,0.01915100,11.70000000
2018-02-23 02:08:07,0.01915200,0.11000000
2018-02-23 02:08:09,0.01915100,5.09000000
2018-02-23 02:08:14,0.01915100,0.22000000
2018-02-23 02:08:15,0.01915200,0.72000000
2018-02-23 02:08:15,0.01915100,1.00000000
2018-02-23 02:08:15,0.01915100,1.50000000
2018-02-23 02:08:17,0.01915100,5.72000000
2018-02-23 02:08:26,0.01915100,1.74000000
2018-02-23 02:08:31,0.01915100,15.06000000
2018-02-23 02:08:31,0.01915100,2.62000000
2018-02-23 02:08:33,0.01915200,0.16000000
2018-02-23 02:08:33,0.01916000,0.36000000
2018-02-23 02:08:33,0.01915100,2.62000000
2018-02-23 02:08:35,0.01915100,2.62000000
2018-02-23 02:08:36,0.01915100,4.30000000
2018-02-23 02:08:37,0.01915100,0.52000000
2018-02-23 02:08:39,0.01915100,0.52000000
2018-02-23 02:08:40,0.01915100,1.88000000
2018-02-23 02:08:41,0.01915100,0.72000000
2018-02-23 02:08:44,0.01912800,1.56000000
2018-02-23 02:08:46,0.01912800,1.56000000
2018-02-23 02:08:46,0.01912700,2.32000000
2018-02-23 02:08:46,0.01912300,0.38000000
2018-02-23 02:08:46,0.01912200,68.21000000
2018-02-23 02:08:53,0.01912200,1.56000000
2018-02-23 02:08:53,0.01912200,1.56000000
2018-02-23 02:08:55,0.01912200,1.14000000
2018-02-23 02:08:59,0.01912200,1.56000000
2018-02-23 02:08:59,0.01914200,0.40000000
2018-02-23 02:08:59,0.01912200,1.56000000
2018-02-23 02:09:00,0.01912200,1.56000000
2018-02-23 02:09:00,0.01912200,1.56000000
2018-02-23 02:09:00,0.01912200,1.56000000
2018-02-23 02:09:00,0.01912200,1.56000000
2018-02-23 02:09:00,0.01912200,1.56000000
2018-02-23 02:09:00,0.01912200,1.56000000
2018-02-23 02:09:00,0.01912200,1.08000000
2018-02-23 02:09:00,0.01912200,4.53000000
2018-02-23 02:09:01,0.01912200,1.56000000
2018-02-23 02:09:01,0.01912200,4.07000000
2018-02-23 02:09:01,0.01912200,1.26000000
2018-02-23 02:09:05,0.01912200,0.80000000
2018-02-23 02:09:06,0.01912200,1.56000000
2018-02-23 02:09:06,0.01912200,3.74000000
2018-02-23 02:09:06,0.01912200,2.18000000
2018-02-23 02:09:06,0.01912200,1.56000000
2018-02-23 02:09:08,0.01912800,0.40000000
2018-02-23 02:09:08,0.01912200,0.80000000
2018-02-23 02:09:10,0.01912200,0.28000000
2018-02-23 02:09:11,0.01911900,0.05000000
2018-02-23 02:09:11,0.01911700,0.18000000
2018-02-23 02:09:12,0.01911900,0.73000000
2018-02-23 02:09:12,0.01913200,6.47000000
2018-02-23 02:09:12,0.01913200,0.96000000
2018-02-23 02:09:12,0.01913200,1.65000000
2018-02-23 02:09:13,0.01913200,0.97000000
2018-02-23 02:09:13,0.01913200,0.42000000
2018-02-23 02:09:13,0.01913200,0.84000000
2018-02-23 02:09:13,0.01913200,0.55000000
2018-02-23 02:09:13,0.01913300,0.20000000
2018-02-23 02:09:13,0.01913200,0.04000000
2018-02-23 02:09:17,0.01910400,1.57000000
2018-02-23 02:09:17,0.01910400,2.63000000
2018-02-23 02:09:17,0.01910400,1.06000000
2018-02-23 02:09:17,0.01910400,1.06000000
2018-02-23 02:09:18,0.01912600,0.12000000
2018-02-23 02:09:26,0.01910400,0.45000000
2018-02-23 02:09:35,0.01911900,0.52000000
2018-02-23 02:09:49,0.01911700,0.26000000
2018-02-23 02:09:49,0.01911700,0.06000000
2018-02-23 02:09:52,0.01911600,0.11000000
2018-02-23 02:09:56,0.01910500,0.10000000
2018-02-23 02:09:56,0.01910400,1.15000000
2018-02-23 02:09:56,0.01910000,2.30000000
2018-02-23 02:09:59,0.01911600,0.40000000
2018-02-23 02:10:03,0.01910000,1.09000000
2018-02-23 02:10:05,0.01911300,1.04000000
2018-02-23 02:10:06,0.01911300,0.06000000
2018-02-23 02:10:07,0.01910000,1.71000000
2018-02-23 02:10:08,0.01911300,1.06000000
2018-02-23 02:10:08,0.01911500,0.46000000
2018-02-23 02:10:08,0.01911700,1.02000000
2018-02-23 02:10:08,0.01912100,0.33000000
2018-02-23 02:10:09,0.01912100,1.04000000
2018-02-23 02:10:09,0.01913200,0.33000000
2018-02-23 02:10:09,0.01913200,0.05000000
2018-02-23 02:10:09,0.01915100,2.82000000
2018-02-23 02:10:09,0.01915000,2.87000000
2018-02-23 02:10:11,0.01910700,1.57000000
2018-02-23 02:10:11,0.01910600,0.32000000
2018-02-23 02:10:11,0.01910300,0.72000000
2018-02-23 02:10:12,0.01912600,0.29000000
2018-02-23 02:10:14,0.01910600,0.10000000
2018-02-23 02:10:15,0.01911100,0.01000000
2018-02-23 02:10:19,0.01910700,0.78000000
2018-02-23 02:10:19,0.01910800,0.35000000
2018-02-23 02:10:19,0.01911200,3.25000000
2018-02-23 02:10:19,0.01911300,0.78000000
2018-02-23 02:10:25,0.01912600,1.04000000
2018-02-23 02:10:25,0.01911700,0.96000000
2018-02-23 02:10:26,0.01912500,0.13000000
2018-02-23 02:10:26,0.01912500,0.39000000
2018-02-23 02:10:26,0.01912600,0.76000000
2018-02-23 02:10:30,0.01911600,5.87000000
2018-02-23 02:10:30,0.01911600,1.25000000
2018-02-23 02:10:30,0.01911600,4.07000000
2018-02-23 02:10:36,0.01912300,1.56000000
2018-02-23 02:10:39,0.01911700,0.13000000
2018-02-23 02:10:39,0.01911600,0.80000000
2018-02-23 02:10:40,0.01911600,0.80000000
2018-02-23 02:10:41,0.01911600,7.25000000
2018-02-23 02:10:44,0.01912300,1.92000000
2018-02-23 02:10:44,0.01912300,0.01000000
2018-02-23 02:10:44,0.01912400,0.96000000
2018-02-23 02:10:44,0.01912500,0.51000000
2018-02-23 02:10:44,0.01912300,0.65000000
2018-02-23 02:10:48,0.01912300,0.82000000
2018-02-23 02:10:48,0.01912500,5.86000000
2018-02-23 02:10:48,0.01912700,0.32000000
2018-02-23 02:10:50,0.01911600,0.12000000
2018-02-23 02:10:51,0.01911600,0.41000000
2018-02-23 02:11:01,0.01912500,0.31000000
2018-02-23 02:11:04,0.01912700,1.56000000
2018-02-23 02:11:18,0.01912700,1.56000000
2018-02-23 02:11:19,0.01911700,0.82000000
2018-02-23 02:11:19,0.01911600,0.69000000
2018-02-23 02:11:24,0.01910600,0.15000000
2018-02-23 02:11:31,0.01910600,0.13000000
2018-02-23 02:11:34,0.01910000,0.32000000
2018-02-23 02:11:37,0.01910000,0.21000000
2018-02-23 02:11:48,0.01910600,0.08000000
2018-02-23 02:11:48,0.01912500,0.52000000
2018-02-23 02:11:48,0.01912600,0.26000000
2018-02-23 02:11:48,0.01912700,2.54000000
2018-02-23 02:11:54,0.01912000,1.05000000
2018-02-23 02:11:54,0.01912700,1.69000000
2018-02-23 02:11:58,0.01912700,1.42000000
2018-02-23 02:11:58,0.01912700,1.56000000
2018-02-23 02:11:58,0.01912700,1.56000000
2018-02-23 02:11:58,0.01912700,1.19000000
2018-02-23 02:11:59,0.01910600,0.35000000
2018-02-23 02:11:59,0.01910000,1.49000000
2018-02-23 02:11:59,0.01909900,0.09000000
2018-02-23 02:11:59,0.01908200,0.08000000
2018-02-23 02:11:59,0.01908100,1.01000000
2018-02-23 02:11:59,0.01908100,2.07000000
2018-02-23 02:11:59,0.01909000,1.82000000
2018-02-23 02:11:59,0.01909000,0.43000000
2018-02-23 02:11:59,0.01909000,0.42000000
2018-02-23 02:11:59,0.01909000,0.87000000
2018-02-23 02:12:15,0.01909000,0.31000000
2018-02-23 02:12:17,0.01911300,2.67000000
2018-02-23 02:12:17,0.01909300,0.76000000
2018-02-23 02:12:18,0.01909300,0.28000000
2018-02-23 02:12:18,0.01909100,1.82000000
2018-02-23 02:12:20,0.01909100,2.10000000
2018-02-23 02:12:22,0.01909300,0.26000000
2018-02-23 02:12:29,0.01911500,0.80000000
2018-02-23 02:12:29,0.01911500,0.35000000
2018-02-23 02:12:30,0.01909300,0.96000000
2018-02-23 02:12:34,0.01911300,3.75000000
2018-02-23 02:12:35,0.01911600,1.00000000
2018-02-23 02:12:35,0.01912600,1.57000000
2018-02-23 02:12:35,0.01912700,0.82000000
2018-02-23 02:12:35,0.01912900,0.32000000
2018-02-23 02:12:35,0.01913000,0.38000000
2018-02-23 02:12:35,0.01915100,3.29000000
2018-02-23 02:12:37,0.01914900,1.46000000
2018-02-23 02:12:37,0.01915100,0.99000000
2018-02-23 02:12:37,0.01911800,5.00000000
2018-02-23 02:12:42,0.01914600,0.17000000
2018-02-23 02:12:43,0.01911900,0.38000000
2018-02-23 02:12:43,0.01914400,0.14000000
2018-02-23 02:12:45,0.01914100,0.23000000
2018-02-23 02:12:45,0.01914100,4.63000000
2018-02-23 02:12:45,0.01914300,0.38000000
2018-02-23 02:12:45,0.01914700,2.46000000
2018-02-23 02:12:45,0.01915100,0.66000000
2018-02-23 02:12:51,0.01912400,0.80000000
2018-02-23 02:12:51,0.01912400,0.22000000
2018-02-23 02:12:53,0.01912000,0.53000000
2018-02-23 02:12:53,0.01914500,0.21000000
2018-02-23 02:12:53,0.01912400,0.82000000
2018-02-23 02:13:00,0.01911900,1.00000000
2018-02-23 02:13:00,0.01911300,0.78000000
2018-02-23 02:13:02,0.01911900,6.00000000
2018-02-23 02:13:02,0.01912000,0.15000000
2018-02-23 02:13:13,0.01912400,5.22000000
2018-02-23 02:13:14,0.01912400,0.79000000
2018-02-23 02:13:16,0.01912400,1.56000000
2018-02-23 02:13:18,0.01912500,0.18000000
2018-02-23 02:13:18,0.01912400,0.80000000
2018-02-23 02:13:19,0.01912400,1.50000000
2018-02-23 02:13:21,0.01912500,0.52000000
2018-02-23 02:13:22,0.01912500,1.37000000
2018-02-23 02:13:25,0.01912500,0.55000000
2018-02-23 02:13:26,0.01912500,0.84000000
2018-02-23 02:13:30,0.01914500,0.15000000
2018-02-23 02:13:31,0.01914500,0.30000000
2018-02-23 02:13:33,0.01914500,1.66000000
2018-02-23 02:13:36,0.01914600,0.16000000
2018-02-23 02:13:38,0.01914600,0.41000000
2018-02-23 02:13:39,0.01912800,0.38000000
2018-02-23 02:13:39,0.01912600,1.66000000
2018-02-23 02:13:39,0.01912500,1.38000000
2018-02-23 02:13:41,0.01912500,0.80000000
2018-02-23 02:13:42,0.01912500,1.50000000
2018-02-23 02:13:42,0.01912500,0.70000000
2018-02-23 02:13:43,0.01914300,0.12000000
2018-02-23 02:13:48,0.01912500,0.86000000
2018-02-23 02:13:48,0.01912400,1.45000000
2018-02-23 02:13:49,0.01912400,0.80000000
2018-02-23 02:13:49,0.01912400,1.56000000
2018-02-23 02:13:49,0.01912400,1.56000000
2018-02-23 02:13:49,0.01912400,0.52000000
2018-02-23 02:13:50,0.01912400,1.56000000
2018-02-23 02:13:50,0.01912400,1.56000000
2018-02-23 02:13:50,0.01912400,1.56000000
2018-02-23 02:13:51,0.01912500,21.90000000
2018-02-23 02:13:52,0.01912500,1.56000000
2018-02-23 02:13:53,0.01912500,1.56000000
2018-02-23 02:13:53,0.01912500,1.56000000
2018-02-23 02:13:53,0.01912500,1.56000000
2018-02-23 02:13:53,0.01912500,1.56000000
2018-02-23 02:13:53,0.01912500,1.17000000
2018-02-23 02:13:54,0.01913700,0.40000000
2018-02-23 02:13:54,0.01912500,3.30000000
2018-02-23 02:13:55,0.01913900,1.56000000
2018-02-23 02:13:55,0.01913900,0.05000000
2018-02-23 02:13:55,0.01913900,2.50000000
2018-02-23 02:13:55,0.01914000,7.03000000
2018-02-23 02:13:55,0.01914100,5.03000000
2018-02-23 02:13:55,0.01912500,1.40000000
2018-02-23 02:13:55,0.01912500,0.80000000
2018-02-23 02:13:56,0.01912500,1.56000000
2018-02-23 02:13:56,0.01912500,1.56000000
2018-02-23 02:13:56,0.01912500,1.56000000
2018-02-23 02:13:56,0.01912500,1.56000000
2018-02-23 02:13:57,0.01912600,1.56000000
2018-02-23 02:13:57,0.01912600,1.56000000
2018-02-23 02:13:57,0.01912600,1.56000000
2018-02-23 02:13:57,0.01912600,1.56000000
2018-02-23 02:13:57,0.01912600,0.26000000
2018-02-23 02:13:58,0.01914000,0.13000000
2018-02-23 02:14:16,0.01912800,0.80000000
2018-02-23 02:14:16,0.01912500,1.13000000
2018-02-23 02:14:17,0.01914000,0.27000000
2018-02-23 02:14:17,0.01914000,0.47000000
2018-02-23 02:14:19,0.01914000,4.15000000
2018-02-23 02:14:23,0.01913700,1.56000000
2018-02-23 02:14:23,0.01913700,1.56000000
2018-02-23 02:14:23,0.01913700,0.68000000
2018-02-23 02:14:23,0.01913700,1.56000000
2018-02-23 02:14:24,0.01913700,1.14000000
2018-02-23 02:14:33,0.01913800,1.56000000
2018-02-23 02:14:41,0.01913400,1.50000000
2018-02-23 02:14:42,0.01913400,1.56000000
2018-02-23 02:14:42,0.01913400,1.56000000
2018-02-23 02:14:42,0.01913400,0.60000000
2018-02-23 02:14:44,0.01913600,9.18000000
2018-02-23 02:14:44,0.01914000,0.54000000
2018-02-23 02:14:44,0.01914600,0.56000000
2018-02-23 02:14:44,0.01914800,1.02000000
2018-02-23 02:15:04,0.01915100,0.11000000
2018-02-23 02:15:04,0.01917600,0.50000000
2018-02-23 02:15:04,0.01919600,3.16000000
2018-02-23 02:15:04,0.01919800,6.46000000
2018-02-23 02:15:04,0.01919900,8.00000000
2018-02-23 02:15:04,0.01919900,1.68000000
2018-02-23 02:15:04,0.01913400,1.56000000
2018-02-23 02:15:04,0.01913400,1.67000000
2018-02-23 02:15:05,0.01919700,0.15000000
2018-02-23 02:15:07,0.01919600,0.06000000
2018-02-23 02:15:07,0.01919600,0.76000000
2018-02-23 02:15:08,0.01916700,0.27000000
2018-02-23 02:15:08,0.01919600,1.18000000
2018-02-23 02:15:08,0.01919700,1.44000000
2018-02-23 02:15:08,0.01919800,7.08000000
2018-02-23 02:15:08,0.01916700,0.27000000
2018-02-23 02:15:08,0.01916700,5.71000000
2018-02-23 02:15:09,0.01916500,0.20000000
2018-02-23 02:15:09,0.01916600,1.56000000
2018-02-23 02:15:09,0.01916500,0.29000000
2018-02-23 02:15:10,0.01919600,0.09000000
2018-02-23 02:15:10,0.01919600,0.21000000
2018-02-23 02:15:10,0.01919600,0.13000000
2018-02-23 02:15:10,0.01916100,10.00000000
2018-02-23 02:15:10,0.01916000,3.15000000
2018-02-23 02:15:10,0.01916000,7.35000000
2018-02-23 02:15:10,0.01915800,2.00000000
2018-02-23 02:15:10,0.01915600,0.38000000
2018-02-23 02:15:10,0.01915100,1.08000000
2018-02-23 02:15:10,0.01913200,5.70000000
2018-02-23 02:15:10,0.01913100,0.27000000
2018-02-23 02:15:11,0.01915900,0.18000000
2018-02-23 02:15:11,0.01915900,6.51000000
2018-02-23 02:15:12,0.01915600,0.11000000
2018-02-23 02:15:13,0.01915300,1.04000000
2018-02-23 02:15:14,0.01915300,0.13000000
2018-02-23 02:15:15,0.01913000,0.50000000
2018-02-23 02:15:19,0.01913000,0.28000000
2018-02-23 02:15:19,0.01912600,5.00000000
2018-02-23 02:15:19,0.01912500,76.36000000
2018-02-23 02:15:19,0.01912900,0.21000000
2018-02-23 02:15:19,0.01912500,0.90000000
2018-02-23 02:15:20,0.01912700,1.08000000
2018-02-23 02:15:20,0.01912700,1.00000000
2018-02-23 02:15:21,0.01912700,0.39000000
2018-02-23 02:15:24,0.01913900,0.27000000
2018-02-23 02:15:24,0.01914000,10.50000000
2018-02-23 02:15:24,0.01916100,4.05000000
2018-02-23 02:15:24,0.01916500,1.56000000
2018-02-23 02:15:24,0.01916900,1.08000000
2018-02-23 02:15:25,0.01912900,1.00000000
2018-02-23 02:15:27,0.01913300,1.56000000
2018-02-23 02:15:27,0.01913200,6.84000000
2018-02-23 02:15:27,0.01912900,0.15000000
2018-02-23 02:15:32,0.01913100,0.16000000
2018-02-23 02:15:35,0.01913100,0.60000000
2018-02-23 02:15:37,0.01914600,3.13000000
2018-02-23 02:15:40,0.01914400,0.52000000
2018-02-23 02:15:44,0.01914400,0.39000000
2018-02-23 02:15:45,0.01914400,2.45000000
2018-02-23 02:15:53,0.01913100,2.46000000
2018-02-23 02:15:53,0.01913000,1.00000000
2018-02-23 02:15:53,0.01912500,1.54000000
2018-02-23 02:15:54,0.01914400,0.25000000
2018-02-23 02:15:54,0.01914400,0.82000000
2018-02-23 02:15:57,0.01912700,0.25000000
2018-02-23 02:15:57,0.01912600,6.00000000
2018-02-23 02:15:57,0.01912500,19.16000000
2018-02-23 02:15:58,0.01914400,1.56000000
2018-02-23 02:16:05,0.01913200,0.15000000
2018-02-23 02:16:07,0.01913200,1.23000000
2018-02-23 02:16:08,0.01914400,1.56000000
2018-02-23 02:16:08,0.01914400,0.28000000
2018-02-23 02:16:21,0.01914400,0.01000000
2018-02-23 02:16:21,0.01915800,0.15000000
2018-02-23 02:16:21,0.01916200,0.20000000
2018-02-23 02:16:21,0.01916200,1.56000000
2018-02-23 02:16:21,0.01916200,1.56000000
2018-02-23 02:16:21,0.01916200,1.07000000
2018-02-23 02:16:21,0.01916200,1.56000000
2018-02-23 02:16:22,0.01916200,0.92000000
2018-02-23 02:16:22,0.01916400,1.56000000
2018-02-23 02:16:22,0.01916900,1.56000000
2018-02-23 02:16:22,0.01916900,1.56000000
2018-02-23 02:16:22,0.01916900,1.56000000
2018-02-23 02:16:22,0.01916900,0.75000000
2018-02-23 02:16:22,0.01917500,0.96000000
2018-02-23 02:16:24,0.01916400,1.50000000
2018-02-23 02:16:29,0.01917600,0.06000000
2018-02-23 02:16:29,0.01917600,0.06000000
2018-02-23 02:16:29,0.01918100,0.05000000
2018-02-23 02:16:29,0.01916500,1.04000000
2018-02-23 02:16:29,0.01916400,0.06000000
2018-02-23 02:16:29,0.01916300,0.40000000
2018-02-23 02:16:29,0.01918100,0.33000000
2018-02-23 02:16:31,0.01918100,0.20000000
2018-02-23 02:16:31,0.01918100,0.13000000
2018-02-23 02:16:33,0.01919900,5.80000000
2018-02-23 02:16:34,0.01919900,0.20000000
2018-02-23 02:16:34,0.01920000,0.32000000
2018-02-23 02:16:39,0.01917600,0.17000000
2018-02-23 02:16:45,0.01919800,2.47000000
2018-02-23 02:16:49,0.01917600,0.53000000
2018-02-23 02:16:50,0.01919800,0.06000000
2018-02-23 02:16:51,0.01919800,2.85000000
2018-02-23 02:16:52,0.01919800,0.49000000
2018-02-23 02:16:54,0.01919800,0.13000000
2018-02-23 02:16:55,0.01919800,13.36000000
2018-02-23 02:16:55,0.01920000,8.42000000
2018-02-23 02:16:57,0.01918000,6.49000000
2018-02-23 02:16:58,0.01917800,0.48000000
2018-02-23 02:17:01,0.01917800,0.26000000
2018-02-23 02:17:01,0.01917800,0.12000000
2018-02-23 02:17:01,0.01919900,1.02000000
2018-02-23 02:17:02,0.01920000,0.80000000
2018-02-23 02:17:02,0.01920000,0.80000000
2018-02-23 02:17:02,0.01919900,0.80000000
2018-02-23 02:17:04,0.01919900,1.09000000
2018-02-23 02:17:04,0.01919900,1.09000000
2018-02-23 02:17:04,0.01918000,1.09000000
2018-02-23 02:17:04,0.01919900,1.56000000
2018-02-23 02:17:05,0.01920000,4.30000000
2018-02-23 02:17:05,0.01920000,1.56000000
2018-02-23 02:17:05,0.01920000,1.56000000
2018-02-23 02:17:05,0.01918000,1.56000000
2018-02-23 02:17:05,0.01920000,1.56000000
2018-02-23 02:17:05,0.01919900,0.59000000
2018-02-23 02:17:05,0.01920000,0.97000000
2018-02-23 02:17:05,0.01920000,1.17000000
2018-02-23 02:17:05,0.01918100,1.56000000
2018-02-23 02:17:06,0.01920000,1.56000000
2018-02-23 02:17:06,0.01920000,1.56000000
2018-02-23 02:17:06,0.01920000,1.56000000
2018-02-23 02:17:06,0.01920000,1.56000000
2018-02-23 02:17:06,0.01918300,1.56000000
2018-02-23 02:17:07,0.01920000,0.93000000
2018-02-23 02:17:07,0.01919900,1.56000000
2018-02-23 02:17:08,0.01918500,3.47000000
2018-02-23 02:17:09,0.01918800,3.00000000
2018-02-23 02:17:10,0.01921700,1.56000000
2018-02-23 02:17:11,0.01918800,1.56000000
2018-02-23 02:17:11,0.01921400,0.13000000
2018-02-23 02:17:13,0.01920800,0.06000000
2018-02-23 02:17:13,0.01920700,0.49000000
2018-02-23 02:17:13,0.01920700,0.52000000
2018-02-23 02:17:17,0.01918600,0.52000000
2018-02-23 02:17:18,0.01919000,7.61000000
2018-02-23 02:17:18,0.01919200,0.06000000
2018-02-23 02:17:18,0.01919900,3.00000000
2018-02-23 02:17:19,0.01919900,1.90000000
2018-02-23 02:17:19,0.01918800,0.71000000
2018-02-23 02:17:19,0.01920700,0.08000000
2018-02-23 02:17:20,0.01920700,0.30000000
2018-02-23 02:17:20,0.01920700,0.42000000
2018-02-23 02:17:20,0.01918900,1.48000000
2018-02-23 02:17:21,0.01918900,0.52000000
2018-02-23 02:17:22,0.01921300,1.56000000
2018-02-23 02:17:22,0.01921300,4.03000000
2018-02-23 02:17:22,0.01921300,1.56000000
2018-02-23 02:17:22,0.01918900,1.56000000
2018-02-23 02:17:22,0.01921300,1.56000000
2018-02-23 02:17:23,0.01921300,4.03000000
2018-02-23 02:17:23,0.01921300,1.56000000
2018-02-23 02:17:23,0.01921300,6.76000000
2018-02-23 02:17:23,0.01921300,1.56000000
2018-02-23 02:17:23,0.01921300,1.56000000
2018-02-23 02:17:23,0.01921300,3.25000000
2018-02-23 02:17:23,0.01921400,0.23000000
2018-02-23 02:17:23,0.01921500,0.95000000
2018-02-23 02:17:23,0.01921800,0.25000000
2018-02-23 02:17:23,0.01922000,0.69000000
2018-02-23 02:17:23,0.01922000,0.24000000
2018-02-23 02:17:23,0.01922000,0.24000000
2018-02-23 02:17:23,0.01922000,1.55000000
2018-02-23 02:17:23,0.01922000,0.88000000
2018-02-23 02:17:23,0.01922000,0.95000000
2018-02-23 02:17:24,0.01921400,0.23000000
2018-02-23 02:17:24,0.01921300,0.78000000
2018-02-23 02:17:24,0.01919100,0.30000000
2018-02-23 02:17:24,0.01919900,0.09000000
2018-02-23 02:17:25,0.01919700,0.30000000
2018-02-23 02:17:28,0.01919500,0.53000000
2018-02-23 02:17:28,0.01919900,0.25000000
2018-02-23 02:17:29,0.01919900,0.18000000
2018-02-23 02:17:29,0.01919900,0.01000000
2018-02-23 02:17:29,0.01919500,0.52000000
2018-02-23 02:17:29,0.01918800,1.03000000
2018-02-23 02:17:29,0.01918300,1.44000000
2018-02-23 02:17:31,0.01919700,0.50000000
2018-02-23 02:17:38,0.01919600,2.00000000
2018-02-23 02:17:38,0.01919600,0.13000000
2018-02-23 02:17:42,0.01919800,0.34000000
2018-02-23 02:17:44,0.01919800,1.27000000
2018-02-23 02:17:47,0.01922100,0.04000000
2018-02-23 02:17:47,0.01922100,0.22000000
2018-02-23 02:17:48,0.01922200,2.13000000
2018-02-23 02:17:48,0.01922300,0.68000000
2018-02-23 02:17:48,0.01922400,0.09000000
2018-02-23 02:17:48,0.01922400,0.11000000
2018-02-23 02:17:48,0.01922400,1.56000000
2018-02-23 02:17:48,0.01922400,0.11000000
2018-02-23 02:17:49,0.01922400,1.56000000
2018-02-23 02:17:49,0.01922400,1.56000000
2018-02-23 02:17:49,0.01922400,0.91000000
2018-02-23 02:17:49,0.01922400,0.42000000
2018-02-23 02:17:49,0.01922400,0.52000000
2018-02-23 02:17:50,0.01922400,35.64000000
2018-02-23 02:17:50,0.01920100,1.56000000
2018-02-23 02:17:53,0.01922200,0.15000000
2018-02-23 02:17:55,0.01922200,1.41000000
2018-02-23 02:17:55,0.01919900,0.16000000
2018-02-23 02:17:58,0.01920000,0.18000000
2018-02-23 02:18:01,0.01919900,1.56000000
2018-02-23 02:18:01,0.01920000,1.39000000
2018-02-23 02:18:02,0.01919800,0.25000000
2018-02-23 02:18:02,0.01919800,0.25000000
2018-02-23 02:18:16,0.01919800,0.09000000
2018-02-23 02:18:16,0.01919500,1.56000000
2018-02-23 02:18:16,0.01917600,1.00000000
2018-02-23 02:18:16,0.01917100,0.01000000
2018-02-23 02:18:16,0.01920700,0.60000000
2018-02-23 02:18:18,0.01917600,0.14000000
2018-02-23 02:18:19,0.01917600,0.16000000
2018-02-23 02:18:20,0.01917600,0.14000000
2018-02-23 02:18:21,0.01917500,1.32000000
2018-02-23 02:18:21,0.01917500,1.04000000
2018-02-23 02:18:21,0.01917500,1.04000000
2018-02-23 02:18:21,0.01919800,0.06000000
2018-02-23 02:18:22,0.01919800,0.06000000
2018-02-23 02:18:22,0.01919800,3.64000000
2018-02-23 02:18:22,0.01917600,0.16000000
2018-02-23 02:18:24,0.01917200,0.13000000
2018-02-23 02:18:25,0.01917200,0.13000000
2018-02-23 02:18:33,0.01917400,0.26000000
2018-02-23 02:18:35,0.01917300,0.11000000
2018-02-23 02:18:36,0.01919000,1.56000000
2018-02-23 02:18:36,0.01918800,0.26000000
2018-02-23 02:18:36,0.01919000,1.30000000
2018-02-23 02:18:37,0.01919000,1.56000000
2018-02-23 02:18:37,0.01917300,0.18000000
2018-02-23 02:18:37,0.01919000,0.04000000
2018-02-23 02:18:37,0.01919600,0.32000000
2018-02-23 02:18:37,0.01919700,0.68000000
2018-02-23 02:18:38,0.01917300,0.06000000
2018-02-23 02:18:38,0.01919600,0.71000000
2018-02-23 02:18:39,0.01919900,1.05000000
2018-02-23 02:18:43,0.01920300,0.82000000
2018-02-23 02:18:45,0.01917800,0.22000000
2018-02-23 02:18:47,0.01919200,0.22000000
2018-02-23 02:18:48,0.01919400,2.04000000
2018-02-23 02:18:53,0.01919400,1.27000000
2018-02-23 02:18:53,0.01919600,1.04000000
2018-02-23 02:18:55,0.01919600,0.30000000
2018-02-23 02:18:55,0.01919400,4.41000000
2018-02-23 02:18:56,0.01919400,0.39000000
2018-02-23 02:18:56,0.01918400,0.52000000
2018-02-23 02:18:56,0.01917400,0.46000000
2018-02-23 02:18:56,0.01917300,1.24000000
2018-02-23 02:18:57,0.01917400,2.68000000
2018-02-23 02:18:57,0.01917300,1.01000000
2018-02-23 02:18:58,0.01917300,0.07000000
2018-02-23 02:18:58,0.01916700,5.33000000
2018-02-23 02:18:58,0.01916600,4.47000000
2018-02-23 02:19:03,0.01917500,0.82000000
2018-02-23 02:19:04,0.01917300,1.04000000
2018-02-23 02:19:04,0.01917800,0.15000000
2018-02-23 02:19:05,0.01917500,0.52000000
2018-02-23 02:19:10,0.01917600,0.99000000
2018-02-23 02:19:10,0.01917600,0.78000000
2018-02-23 02:19:10,0.01917500,0.99000000
2018-02-23 02:19:11,0.01917600,0.76000000
2018-02-23 02:19:12,0.01917600,0.26000000
2018-02-23 02:19:14,0.01917600,0.01000000
2018-02-23 02:19:14,0.01917600,1.00000000
2018-02-23 02:19:15,0.01917700,0.23000000
2018-02-23 02:19:15,0.01917700,0.80000000
2018-02-23 02:19:15,0.01917700,2.61000000
2018-02-23 02:19:15,0.01917700,2.49000000
2018-02-23 02:19:15,0.01917700,0.31000000
2018-02-23 02:19:15,0.01917500,0.25000000
2018-02-23 02:19:15,0.01917500,2.80000000
2018-02-23 02:19:15,0.01917500,0.06000000
2018-02-23 02:19:26,0.01917600,0.95000000
2018-02-23 02:19:34,0.01917600,4.80000000
2018-02-23 02:19:35,0.01917600,1.25000000
2018-02-23 02:19:36,0.01918200,1.91000000
2018-02-23 02:19:40,0.01918200,0.40000000
2018-02-23 02:19:52,0.01918100,0.15000000
2018-02-23 02:19:52,0.01918100,3.00000000
2018-02-23 02:19:53,0.01918100,1.31000000
2018-02-23 02:19:53,0.01918100,1.56000000
2018-02-23 02:19:54,0.01918100,1.56000000
2018-02-23 02:19:54,0.01918100,1.56000000
2018-02-23 02:19:54,0.01918100,1.56000000
2018-02-23 02:19:54,0.01918100,1.56000000
2018-02-23 02:19:54,0.01918100,1.56000000
2018-02-23 02:19:55,0.01918100,1.56000000
2018-02-23 02:19:56,0.01918200,0.30000000
2018-02-23 02:19:58,0.01918200,1.04000000
2018-02-23 02:19:59,0.01918200,3.64000000
2018-02-23 02:20:00,0.01918200,0.76000000
2018-02-23 02:20:00,0.01918200,0.76000000
2018-02-23 02:20:03,0.01918300,0.80000000
2018-02-23 02:20:03,0.01918300,0.21000000
2018-02-23 02:20:03,0.01918400,0.71000000
2018-02-23 02:20:07,0.01919400,0.24000000
2018-02-23 02:20:07,0.01921900,0.10000000
2018-02-23 02:20:07,0.01919400,0.61000000
2018-02-23 02:20:08,0.01919400,0.80000000
2018-02-23 02:20:10,0.01919500,0.78000000
2018-02-23 02:20:13,0.01918800,0.15000000
2018-02-23 02:20:16,0.01919100,1.56000000
2018-02-23 02:20:16,0.01919000,3.24000000
2018-02-23 02:20:22,0.01919300,0.21000000
2018-02-23 02:20:23,0.01921900,0.13000000
2018-02-23 02:20:24,0.01919300,0.80000000
2018-02-23 02:20:24,0.01919300,1.56000000
2018-02-23 02:20:24,0.01919300,1.56000000
2018-02-23 02:20:24,0.01919300,1.56000000
2018-02-23 02:20:24,0.01919300,0.35000000
2018-02-23 02:20:26,0.01921600,1.61000000
2018-02-23 02:20:27,0.01921300,1.56000000
2018-02-23 02:20:27,0.01921200,1.56000000
2018-02-23 02:20:28,0.01921200,0.28000000
2018-02-23 02:20:28,0.01919000,1.56000000
2018-02-23 02:20:41,0.01919400,0.52000000
2018-02-23 02:20:41,0.01919300,0.28000000
2018-02-23 02:20:43,0.01919400,4.30000000
2018-02-23 02:20:46,0.01919400,0.79000000
2018-02-23 02:20:47,0.01919200,1.04000000
2018-02-23 02:20:47,0.01919000,0.11000000
2018-02-23 02:20:49,0.01919200,0.97000000
2018-02-23 02:20:49,0.01922000,1.56000000
2018-02-23 02:20:49,0.01922400,2.36000000
2018-02-23 02:20:49,0.01923100,1.06000000
2018-02-23 02:20:52,0.01919500,5.84000000
2018-02-23 02:20:53,0.01921900,1.00000000
2018-02-23 02:20:58,0.01921600,1.48000000
2018-02-23 02:21:00,0.01921600,1.00000000
2018-02-23 02:21:01,0.01921600,3.33000000
2018-02-23 02:21:01,0.01921600,0.90000000
2018-02-23 02:21:02,0.01921600,4.83000000
2018-02-23 02:21:02,0.01921600,0.86000000
2018-02-23 02:21:02,0.01921600,0.38000000
2018-02-23 02:21:02,0.01921600,0.38000000
2018-02-23 02:21:05,0.01921600,0.79000000
2018-02-23 02:21:06,0.01921600,0.22000000
2018-02-23 02:21:06,0.01921600,0.74000000
2018-02-23 02:21:07,0.01922300,0.48000000
2018-02-23 02:21:07,0.01922300,0.40000000
2018-02-23 02:21:07,0.01922300,0.43000000
2018-02-23 02:21:07,0.01922300,0.40000000
2018-02-23 02:21:07,0.01922300,0.48000000
2018-02-23 02:21:07,0.01922300,0.43000000
2018-02-23 02:21:07,0.01922300,0.31000000
2018-02-23 02:21:07,0.01919500,0.88000000
2018-02-23 02:21:07,0.01922300,0.16000000
2018-02-23 02:21:08,0.01922300,0.11000000
2018-02-23 02:21:13,0.01919700,0.35000000
2018-02-23 02:21:16,0.01919400,0.73000000
2018-02-23 02:21:16,0.01919400,2.58000000
2018-02-23 02:21:20,0.01919400,0.06000000
2018-02-23 02:21:30,0.01921400,0.88000000
2018-02-23 02:21:30,0.01921600,11.90000000
2018-02-23 02:21:30,0.01922000,0.40000000
2018-02-23 02:21:30,0.01922300,3.31000000
2018-02-23 02:21:30,0.01922300,0.38000000
2018-02-23 02:21:34,0.01922300,0.52000000
2018-02-23 02:21:38,0.01922300,0.13000000
2018-02-23 02:21:38,0.01922300,0.13000000
2018-02-23 02:21:39,0.01922300,0.17000000
2018-02-23 02:21:39,0.01922300,0.17000000
2018-02-23 02:21:42,0.01922300,2.19000000
2018-02-23 02:21:43,0.01920400,0.04000000
2018-02-23 02:21:44,0.01922300,3.12000000
2018-02-23 02:21:47,0.01920400,0.19000000
2018-02-23 02:22:04,0.01922300,0.28000000
2018-02-23 02:22:05,0.01921300,0.09000000
2018-02-23 02:22:24,0.01921500,0.09000000
2018-02-23 02:22:24,0.01921400,0.05000000
2018-02-23 02:22:26,0.01922300,0.15000000
2018-02-23 02:22:30,0.01922300,0.52000000
2018-02-23 02:22:32,0.01922300,1.02000000
2018-02-23 02:22:33,0.01922300,0.52000000
2018-02-23 02:22:38,0.01921600,3.85000000
2018-02-23 02:22:40,0.01921600,0.13000000
2018-02-23 02:22:41,0.01921500,0.13000000
2018-02-23 02:22:43,0.01921500,1.00000000
2018-02-23 02:22:49,0.01921500,0.11000000
2018-02-23 02:22:49,0.01921400,0.01000000
2018-02-23 02:22:50,0.01921600,0.04000000
2018-02-23 02:22:51,0.01921700,5.33000000
2018-02-23 02:22:53,0.01921300,7.42000000
2018-02-23 02:22:53,0.01920300,5.78000000
2018-02-23 02:22:53,0.01920100,6.44000000
2018-02-23 02:22:53,0.01920000,32.58000000
2018-02-23 02:22:56,0.01920000,0.11000000
2018-02-23 02:22:56,0.01920000,0.55000000
2018-02-23 02:22:59,0.01920000,1.00000000
2018-02-23 02:22:59,0.01920000,0.11000000
2018-02-23 02:23:01,0.01920200,0.11000000
2018-02-23 02:23:01,0.01920100,0.04000000
2018-02-23 02:23:01,0.01920400,0.23000000
2018-02-23 02:23:07,0.01920300,2.64000000
2018-02-23 02:23:08,0.01920400,1.67000000
2018-02-23 02:23:09,0.01920400,2.18000000
2018-02-23 02:23:11,0.01920400,0.32000000
2018-02-23 02:23:20,0.01920400,1.07000000
2018-02-23 02:23:23,0.01922300,4.27000000
2018-02-23 02:23:23,0.01922300,6.44000000
2018-02-23 02:23:24,0.01922300,1.55000000
2018-02-23 02:23:24,0.01922300,1.55000000
2018-02-23 02:23:24,0.01922300,4.93000000
2018-02-23 02:23:24,0.01922400,1.55000000
2018-02-23 02:23:24,0.01920600,1.55000000
2018-02-23 02:23:25,0.01922400,0.52000000
2018-02-23 02:23:25,0.01922400,0.52000000
2018-02-23 02:23:26,0.01922400,0.89000000
2018-02-23 02:23:32,0.01921000,1.03000000
2018-02-23 02:23:32,0.01920800,3.77000000
2018-02-23 02:23:32,0.01920800,1.56000000
2018-02-23 02:23:32,0.01923100,1.55000000
2018-02-23 02:23:32,0.01923100,1.24000000
2018-02-23 02:23:33,0.01920800,0.14000000
2018-02-23 02:23:33,0.01920800,0.89000000
2018-02-23 02:23:33,0.01923100,0.08000000
2018-02-23 02:23:34,0.01923100,0.03000000
2018-02-23 02:23:34,0.01924000,0.87000000
2018-02-23 02:23:34,0.01924000,0.90000000
2018-02-23 02:23:35,0.01924000,1.55000000
2018-02-23 02:23:35,0.01921300,0.70000000
2018-02-23 02:23:35,0.01921200,2.94000000
2018-02-23 02:23:35,0.01924000,1.06000000
2018-02-23 02:23:35,0.01924000,1.55000000
2018-02-23 02:23:35,0.01921300,0.11000000
2018-02-23 02:23:36,0.01921300,0.40000000
2018-02-23 02:23:36,0.01923800,0.70000000
2018-02-23 02:23:37,0.01923800,0.11000000
2018-02-23 02:23:38,0.01921400,1.08000000
2018-02-23 02:23:38,0.01921300,0.06000000
2018-02-23 02:23:38,0.01921200,0.70000000
2018-02-23 02:23:38,0.01920800,1.05000000
2018-02-23 02:23:38,0.01920500,6.38000000
2018-02-23 02:23:38,0.01923900,0.12000000
2018-02-23 02:23:38,0.01923900,0.96000000
2018-02-23 02:23:38,0.01923900,0.10000000
2018-02-23 02:23:39,0.01924000,0.10000000
2018-02-23 02:23:39,0.01921700,1.08000000
2018-02-23 02:23:40,0.01921800,0.17000000
2018-02-23 02:23:40,0.01923600,1.08000000
2018-02-23 02:23:40,0.01921800,0.87000000
2018-02-23 02:23:40,0.01921600,1.08000000
2018-02-23 02:23:40,0.01921600,2.41000000
2018-02-23 02:23:40,0.01921600,2.02000000
2018-02-23 02:23:40,0.01923600,0.11000000
2018-02-23 02:23:40,0.01923800,0.06000000
2018-02-23 02:23:40,0.01924000,0.10000000
2018-02-23 02:23:40,0.01924900,2.14000000
2018-02-23 02:23:41,0.01921500,0.20000000
2018-02-23 02:23:42,0.01922400,0.11000000
2018-02-23 02:23:42,0.01922400,0.11000000
2018-02-23 02:23:43,0.01922400,0.24000000
2018-02-23 02:23:43,0.01921500,0.28000000
2018-02-23 02:23:55,0.01922200,0.17000000
2018-02-23 02:23:56,0.01923400,0.14000000
2018-02-23 02:23:56,0.01923400,0.04000000
2018-02-23 02:23:56,0.01923800,0.11000000
2018-02-23 02:23:56,0.01924000,0.01000000
2018-02-23 02:23:56,0.01923400,0.11000000
2018-02-23 02:23:56,0.01923800,0.11000000
2018-02-23 02:23:56,0.01924000,0.86000000
2018-02-23 02:23:56,0.01922500,0.18000000
2018-02-23 02:23:56,0.01922500,0.20000000
2018-02-23 02:23:57,0.01923400,0.10000000
2018-02-23 02:23:57,0.01923400,0.01000000
2018-02-23 02:23:57,0.01923800,0.09000000
2018-02-23 02:23:57,0.01922500,0.10000000
2018-02-23 02:23:57,0.01922500,0.01000000
2018-02-23 02:23:57,0.01923400,0.11000000
2018-02-23 02:23:57,0.01922200,0.81000000
2018-02-23 02:23:57,0.01922500,0.10000000
2018-02-23 02:23:57,0.01922500,0.01000000
2018-02-23 02:23:57,0.01923400,0.10000000
2018-02-23 02:23:57,0.01922200,0.11000000
2018-02-23 02:23:57,0.01922500,0.11000000
2018-02-23 02:23:58,0.01922500,0.11000000
2018-02-23 02:23:58,0.01923400,0.11000000
2018-02-23 02:23:58,0.01923400,0.01000000
2018-02-23 02:23:58,0.01923800,0.10000000
2018-02-23 02:23:58,0.01923800,0.31000000
2018-02-23 02:23:58,0.01923800,1.73000000
2018-02-23 02:23:58,0.01923400,0.11000000
2018-02-23 02:23:59,0.01923400,0.11000000
2018-02-23 02:23:59,0.01923800,0.10000000
2018-02-23 02:23:59,0.01923800,0.54000000
2018-02-23 02:23:59,0.01923800,0.10000000
2018-02-23 02:23:59,0.01922300,0.06000000
2018-02-23 02:23:59,0.01922300,0.11000000
2018-02-23 02:24:01,0.01923800,0.01000000
2018-02-23 02:24:01,0.01924000,0.20000000
2018-02-23 02:24:02,0.01923800,0.11000000
2018-02-23 02:24:02,0.01924000,0.01000000
2018-02-23 02:24:02,0.01924900,0.10000000
2018-02-23 02:24:02,0.01923800,0.11000000
2018-02-23 02:24:02,0.01924000,0.20000000
2018-02-23 02:24:02,0.01923800,0.11000000
2018-02-23 02:24:02,0.01924000,0.10000000
2018-02-23 02:24:02,0.01923800,0.11000000
2018-02-23 02:24:02,0.01924000,0.10000000
2018-02-23 02:24:03,0.01923800,0.11000000
2018-02-23 02:24:03,0.01924000,0.10000000
2018-02-23 02:24:03,0.01923800,0.11000000
2018-02-23 02:24:03,0.01923800,0.10000000
2018-02-23 02:24:03,0.01923800,0.01000000
2018-02-23 02:24:03,0.01924000,0.09000000
2018-02-23 02:24:03,0.01924000,0.11000000
2018-02-23 02:24:07,0.01924900,1.55000000
2018-02-23 02:24:07,0.01924900,1.55000000
2018-02-23 02:24:07,0.01924900,1.55000000
2018-02-23 02:24:07,0.01924900,0.43000000
2018-02-23 02:24:08,0.01925000,1.55000000
2018-02-23 02:24:08,0.01925000,0.80000000
2018-02-23 02:24:08,0.01925000,1.55000000
2018-02-23 02:24:08,0.01925000,0.12000000
2018-02-23 02:24:08,0.01925000,1.55000000
2018-02-23 02:24:08,0.01925000,0.86000000
2018-02-23 02:24:08,0.01925000,0.22000000
2018-02-23 02:24:09,0.01927700,1.55000000
2018-02-23 02:24:09,0.01927700,1.12000000
2018-02-23 02:24:11,0.01925200,0.10000000
2018-02-23 02:24:12,0.01925200,0.10000000
2018-02-23 02:24:13,0.01925200,0.15000000
2018-02-23 02:24:14,0.01925200,1.55000000
2018-02-23 02:24:14,0.01925200,0.42000000
2018-02-23 02:24:15,0.01927700,0.10000000
2018-02-23 02:24:15,0.01927700,0.10000000
2018-02-23 02:24:15,0.01928100,0.10000000
2018-02-23 02:24:15,0.01928100,0.20000000
2018-02-23 02:24:15,0.01928300,0.78000000
2018-02-23 02:24:16,0.01928300,0.10000000
2018-02-23 02:24:16,0.01928900,0.15000000
2018-02-23 02:24:16,0.01929100,2.61000000
2018-02-23 02:24:17,0.01925600,0.57000000
2018-02-23 02:24:17,0.01925600,3.13000000
2018-02-23 02:24:17,0.01925600,0.10000000
2018-02-23 02:24:20,0.01926300,0.31000000
2018-02-23 02:24:20,0.01926300,0.10000000
2018-02-23 02:24:20,0.01926300,1.05000000
2018-02-23 02:24:21,0.01926000,0.06000000
2018-02-23 02:24:21,0.01926000,0.10000000
2018-02-23 02:24:22,0.01928100,0.83000000
2018-02-23 02:24:23,0.01928100,3.07000000
2018-02-23 02:24:23,0.01928800,0.16000000
2018-02-23 02:24:23,0.01928900,0.10000000
2018-02-23 02:24:23,0.01929100,2.19000000
2018-02-23 02:24:23,0.01929700,7.48000000
2018-02-23 02:24:24,0.01926000,0.73000000
2018-02-23 02:24:24,0.01926000,0.10000000
2018-02-23 02:24:25,0.01926100,0.73000000
2018-02-23 02:24:25,0.01926100,0.10000000
2018-02-23 02:24:25,0.01926100,1.04000000
2018-02-23 02:24:26,0.01926200,0.06000000
2018-02-23 02:24:26,0.01926200,0.11000000
2018-02-23 02:24:26,0.01926200,0.06000000
2018-02-23 02:24:27,0.01926200,0.14000000
2018-02-23 02:24:28,0.01927900,1.46000000
2018-02-23 02:24:28,0.01928000,4.35000000
2018-02-23 02:24:28,0.01927900,0.10000000
2018-02-23 02:24:28,0.01928000,0.22000000
2018-02-23 02:24:28,0.01928600,0.10000000
2018-02-23 02:24:28,0.01928800,0.10000000
2018-02-23 02:24:28,0.01928900,0.10000000
2018-02-23 02:24:28,0.01929100,0.10000000
2018-02-23 02:24:28,0.01929400,1.87000000
2018-02-23 02:24:28,0.01929700,0.10000000
2018-02-23 02:24:28,0.01929900,1.00000000
2018-02-23 02:24:28,0.01930000,1.31000000
2018-02-23 02:24:29,0.01926200,0.10000000
2018-02-23 02:24:29,0.01927900,0.10000000
2018-02-23 02:24:29,0.01928000,0.10000000
2018-02-23 02:24:29,0.01928600,0.10000000
2018-02-23 02:24:29,0.01928800,0.10000000
2018-02-23 02:24:29,0.01930000,3.17000000
2018-02-23 02:24:29,0.01930000,0.10000000
2018-02-23 02:24:29,0.01930000,0.41000000
2018-02-23 02:24:29,0.01930000,0.10000000
2018-02-23 02:24:29,0.01930000,15.72000000
2018-02-23 02:24:29,0.01925100,0.51000000
2018-02-23 02:24:30,0.01925500,0.10000000
2018-02-23 02:24:30,0.01925500,0.10000000
2018-02-23 02:24:34,0.01926200,0.10000000
2018-02-23 02:24:34,0.01927900,0.10000000
2018-02-23 02:24:34,0.01928000,0.10000000
2018-02-23 02:24:34,0.01928400,0.23000000
2018-02-23 02:24:35,0.01925700,0.13000000
2018-02-23 02:24:35,0.01925700,0.10000000
2018-02-23 02:24:37,0.01925500,0.52000000
2018-02-23 02:24:37,0.01925500,0.53000000
2018-02-23 02:24:37,0.01925500,0.10000000
2018-02-23 02:24:37,0.01925500,2.12000000
2018-02-23 02:24:37,0.01925500,1.55000000
2018-02-23 02:24:39,0.01925400,0.72000000
2018-02-23 02:24:40,0.01925400,0.10000000
2018-02-23 02:24:40,0.01925600,0.17000000
2018-02-23 02:24:40,0.01926200,0.10000000
2018-02-23 02:24:40,0.01927900,0.10000000
2018-02-23 02:24:40,0.01928000,0.04000000
2018-02-23 02:24:46,0.01925200,1.73000000
2018-02-23 02:24:46,0.01925200,0.10000000
2018-02-23 02:24:46,0.01925200,0.12000000
2018-02-23 02:24:51,0.01925400,0.26000000
2018-02-23 02:24:51,0.01925400,0.10000000
2018-02-23 02:24:53,0.01925600,0.10000000
2018-02-23 02:24:53,0.01925600,0.10000000
2018-02-23 02:24:54,0.01925700,0.09000000
2018-02-23 02:24:54,0.01925700,0.10000000
2018-02-23 02:24:55,0.01925400,0.17000000
2018-02-23 02:24:55,0.01926200,0.10000000
2018-02-23 02:24:55,0.01925400,0.10000000
2018-02-23 02:24:55,0.01925400,0.10000000
2018-02-23 02:24:55,0.01926200,0.10000000
2018-02-23 02:24:55,0.01926200,0.10000000
2018-02-23 02:24:58,0.01927800,0.20000000
2018-02-23 02:24:58,0.01927800,0.10000000
2018-02-23 02:25:00,0.01927900,0.10000000
2018-02-23 02:25:00,0.01928000,0.16000000
2018-02-23 02:25:00,0.01927900,0.10000000
2018-02-23 02:25:00,0.01927900,0.15000000
2018-02-23 02:25:00,0.01925700,4.46000000
2018-02-23 02:25:00,0.01925500,0.38000000
2018-02-23 02:25:01,0.01925500,0.10000000
2018-02-23 02:25:01,0.01925700,0.10000000
2018-02-23 02:25:01,0.01925700,0.10000000
2018-02-23 02:25:05,0.01926200,0.26000000
2018-02-23 02:25:05,0.01926200,0.01000000
2018-02-23 02:25:05,0.01926200,0.09000000
2018-02-23 02:25:05,0.01925500,0.19000000
2018-02-23 02:25:05,0.01925500,0.10000000
2018-02-23 02:25:09,0.01927900,0.10000000
2018-02-23 02:25:09,0.01928000,0.01000000
2018-02-23 02:25:09,0.01927900,0.10000000
2018-02-23 02:25:09,0.01928000,0.18000000
2018-02-23 02:25:10,0.01926200,0.11000000
2018-02-23 02:25:10,0.01926200,0.06000000
2018-02-23 02:25:10,0.01926200,0.10000000
2018-02-23 02:25:10,0.01927800,1.00000000
2018-02-23 02:25:14,0.01927700,8.41000000
2018-02-23 02:25:17,0.01927700,0.27000000
2018-02-23 02:25:17,0.01927700,0.27000000
2018-02-23 02:25:17,0.01927700,2.30000000
2018-02-23 02:25:18,0.01927700,0.15000000
2018-02-23 02:25:18,0.01927700,0.23000000
2018-02-23 02:25:19,0.01927700,4.26000000
2018-02-23 02:25:19,0.01926300,1.54000000
2018-02-23 02:25:19,0.01926300,0.08000000
2018-02-23 02:25:20,0.01926300,0.02000000
2018-02-23 02:25:20,0.01927600,0.35000000
2018-02-23 02:25:20,0.01927700,13.59000000
2018-02-23 02:25:20,0.01927800,0.10000000
2018-02-23 02:25:22,0.01927600,0.10000000
2018-02-23 02:25:22,0.01927700,0.10000000
2018-02-23 02:25:22,0.01927800,0.10000000
2018-02-23 02:25:22,0.01927900,0.10000000
2018-02-23 02:25:22,0.01928000,0.11000000
2018-02-23 02:25:22,0.01928300,1.32000000
2018-02-23 02:25:22,0.01928400,0.29000000
2018-02-23 02:25:22,0.01928400,0.01000000
2018-02-23 02:25:22,0.01928600,0.10000000
2018-02-23 02:25:22,0.01928800,0.10000000
2018-02-23 02:25:22,0.01929400,0.10000000
2018-02-23 02:25:22,0.01929700,0.10000000
2018-02-23 02:25:22,0.01929900,1.71000000
2018-02-23 02:25:22,0.01929900,1.07000000
2018-02-23 02:25:22,0.01927600,0.10000000
2018-02-23 02:25:22,0.01927700,0.10000000
2018-02-23 02:25:23,0.01927700,0.51000000
2018-02-23 02:25:23,0.01927800,0.10000000
2018-02-23 02:25:23,0.01927900,0.10000000
2018-02-23 02:25:23,0.01928000,0.10000000
2018-02-23 02:25:23,0.01928300,0.10000000
2018-02-23 02:25:23,0.01928400,0.10000000
2018-02-23 02:25:23,0.01928600,0.10000000
2018-02-23 02:25:23,0.01928800,0.03000000
2018-02-23 02:25:23,0.01927700,0.10000000
2018-02-23 02:25:23,0.01927700,0.10000000
2018-02-23 02:25:24,0.01927800,0.56000000
2018-02-23 02:25:24,0.01927700,0.18000000
2018-02-23 02:25:24,0.01927900,0.10000000
2018-02-23 02:25:26,0.01927800,0.52000000
2018-02-23 02:25:26,0.01927800,0.60000000
2018-02-23 02:25:26,0.01927700,0.10000000
2018-02-23 02:25:26,0.01927700,0.10000000
2018-02-23 02:25:26,0.01927700,0.60000000
2018-02-23 02:25:27,0.01927700,0.10000000
2018-02-23 02:25:30,0.01927800,0.15000000
2018-02-23 02:25:30,0.01927800,0.05000000
2018-02-23 02:25:30,0.01927900,0.10000000
2018-02-23 02:25:30,0.01927900,0.10000000
2018-02-23 02:25:30,0.01927900,0.10000000
2018-02-23 02:25:37,0.01927900,1.50000000
2018-02-23 02:25:41,0.01928000,0.81000000
2018-02-23 02:25:41,0.01928000,0.10000000
2018-02-23 02:25:42,0.01928200,0.26000000
2018-02-23 02:25:42,0.01928200,0.17000000
2018-02-23 02:25:43,0.01928000,0.40000000
2018-02-23 02:25:43,0.01928000,0.10000000
2018-02-23 02:25:43,0.01928000,0.06000000
2018-02-23 02:25:44,0.01928000,0.76000000
2018-02-23 02:25:47,0.01928100,2.00000000
2018-02-23 02:25:47,0.01928000,0.76000000
2018-02-23 02:25:47,0.01928000,0.10000000
2018-02-23 02:25:50,0.01928100,0.10000000
2018-02-23 02:25:50,0.01928200,0.10000000
2018-02-23 02:25:50,0.01928200,0.10000000
2018-02-23 02:25:51,0.01928200,0.05000000
2018-02-23 02:25:51,0.01928200,0.39000000
2018-02-23 02:25:52,0.01928200,1.08000000
2018-02-23 02:25:54,0.01928300,0.10000000
2018-02-23 02:25:55,0.01928300,0.10000000
2018-02-23 02:25:55,0.01928400,0.10000000
2018-02-23 02:25:55,0.01928600,0.10000000
2018-02-23 02:25:55,0.01928800,0.17000000
2018-02-23 02:25:57,0.01928200,0.15000000
2018-02-23 02:25:57,0.01928200,0.10000000
2018-02-23 02:25:58,0.01928200,1.00000000
2018-02-23 02:25:59,0.01928400,0.10000000
2018-02-23 02:25:59,0.01928600,0.10000000
2018-02-23 02:25:59,0.01928800,0.10000000
2018-02-23 02:25:59,0.01929000,0.19000000
2018-02-23 02:26:00,0.01928400,0.10000000
2018-02-23 02:26:00,0.01928600,0.10000000
2018-02-23 02:26:00,0.01928800,0.10000000
2018-02-23 02:26:00,0.01929000,5.31000000
2018-02-23 02:26:00,0.01929400,0.10000000
2018-02-23 02:26:00,0.01929700,0.10000000
2018-02-23 02:26:00,0.01929900,9.99000000
2018-02-23 02:26:00,0.01930000,0.82000000
2018-02-23 02:26:00,0.01930000,0.10000000
2018-02-23 02:26:00,0.01930000,0.10000000
2018-02-23 02:26:00,0.01930000,0.10000000
2018-02-23 02:26:00,0.01930000,0.10000000
2018-02-23 02:26:00,0.01930000,0.80000000
2018-02-23 02:26:01,0.01930000,0.10000000
2018-02-23 02:26:01,0.01930000,0.10000000
2018-02-23 02:26:01,0.01930000,0.10000000
2018-02-23 02:26:01,0.01930000,0.10000000
2018-02-23 02:26:01,0.01930000,1.22000000
2018-02-23 02:26:01,0.01930000,1.55000000
2018-02-23 02:26:02,0.01930000,2.60000000
2018-02-23 02:26:02,0.01930000,1.55000000
2018-02-23 02:26:02,0.01930000,0.28000000
2018-02-23 02:26:02,0.01930000,1.00000000
2018-02-23 02:26:03,0.01930000,1.55000000
2018-02-23 02:26:03,0.01930000,1.55000000
2018-02-23 02:26:03,0.01930000,9.61000000
2018-02-23 02:26:05,0.01930000,0.09000000
2018-02-23 02:26:05,0.01930000,5.23000000
2018-02-23 02:26:06,0.01930000,1.55000000
2018-02-23 02:26:06,0.01930000,2.60000000
2018-02-23 02:26:06,0.01930000,0.80000000
2018-02-23 02:26:06,0.01930000,1.55000000
2018-02-23 02:26:06,0.01930000,1.55000000
2018-02-23 02:26:06,0.01930000,6.52000000
2018-02-23 02:26:06,0.01930000,4.00000000
2018-02-23 02:26:06,0.01930000,1.55000000
2018-02-23 02:26:06,0.01930000,1.55000000
2018-02-23 02:26:06,0.01930000,2.91000000
2018-02-23 02:26:06,0.01930000,1.55000000
2018-02-23 02:26:06,0.01930000,2.60000000
2018-02-23 02:26:06,0.01930000,0.80000000
2018-02-23 02:26:06,0.01930000,1.55000000
2018-02-23 02:26:07,0.01930000,3.00000000
2018-02-23 02:26:07,0.01930000,0.78000000
2018-02-23 02:26:07,0.01930000,0.80000000
2018-02-23 02:26:08,0.01930000,1.50000000
2018-02-23 02:26:09,0.01930000,2.00000000
2018-02-23 02:26:09,0.01930000,1.16000000
2018-02-23 02:26:09,0.01930000,1.55000000
2018-02-23 02:26:09,0.01930000,1.55000000
2018-02-23 02:26:10,0.01930000,3.49000000
2018-02-23 02:26:11,0.01930000,1.55000000
2018-02-23 02:26:11,0.01930000,6.43000000
2018-02-23 02:26:12,0.01930000,5.62000000
2018-02-23 02:26:12,0.01930000,30.07000000
2018-02-23 02:26:12,0.01930000,1.30000000
2018-02-23 02:26:12,0.01930600,0.82000000
2018-02-23 02:26:13,0.01930000,0.63000000
2018-02-23 02:26:13,0.01930000,0.63000000
2018-02-23 02:26:13,0.01930000,27.81000000
2018-02-23 02:26:13,0.01930000,0.10000000
2018-02-23 02:26:14,0.01930100,1.55000000
2018-02-23 02:26:14,0.01930100,0.10000000
2018-02-23 02:26:14,0.01930100,1.55000000
2018-02-23 02:26:14,0.01930100,1.55000000
2018-02-23 02:26:14,0.01930100,0.33000000
2018-02-23 02:26:14,0.01930000,6.26000000
2018-02-23 02:26:14,0.01930000,1.55000000
2018-02-23 02:26:14,0.01930000,0.10000000
2018-02-23 02:26:14,0.01930000,1.55000000
2018-02-23 02:26:15,0.01930000,1.55000000
2018-02-23 02:26:15,0.01930000,0.26000000
2018-02-23 02:26:16,0.01930000,30.06000000
2018-02-23 02:26:16,0.01930100,2.80000000
2018-02-23 02:26:16,0.01930000,10.67000000
2018-02-23 02:26:17,0.01930000,7.65000000
2018-02-23 02:26:19,0.01928500,0.10000000
2018-02-23 02:26:19,0.01928500,0.10000000
2018-02-23 02:26:19,0.01928500,0.68000000
2018-02-23 02:26:20,0.01928500,0.13000000
2018-02-23 02:26:23,0.01928300,0.77000000
2018-02-23 02:26:23,0.01928300,0.10000000
2018-02-23 02:26:23,0.01928300,0.06000000
2018-02-23 02:26:24,0.01928200,0.31000000
2018-02-23 02:26:24,0.01928200,0.10000000
2018-02-23 02:26:26,0.01928200,1.06000000
2018-02-23 02:26:28,0.01928200,0.14000000
2018-02-23 02:26:28,0.01928200,0.26000000
2018-02-23 02:26:30,0.01928200,1.55000000
2018-02-23 02:26:30,0.01928200,2.94000000
2018-02-23 02:26:30,0.01928200,0.80000000
2018-02-23 02:26:30,0.01928200,0.80000000
2018-02-23 02:26:31,0.01929500,0.16000000
2018-02-23 02:26:33,0.01928200,0.16000000
2018-02-23 02:26:34,0.01928200,0.10000000
2018-02-23 02:26:34,0.01929300,5.18000000
2018-02-23 02:26:36,0.01928200,1.55000000
2018-02-23 02:26:36,0.01928200,0.10000000
2018-02-23 02:26:36,0.01928200,1.55000000
2018-02-23 02:26:38,0.01928200,0.13000000
2018-02-23 02:26:42,0.01928200,0.11000000
2018-02-23 02:26:44,0.01929100,0.15000000
2018-02-23 02:26:44,0.01929300,0.10000000
2018-02-23 02:26:45,0.01929300,1.55000000
2018-02-23 02:26:45,0.01929300,0.10000000
2018-02-23 02:26:45,0.01929300,0.10000000
2018-02-23 02:26:46,0.01929300,0.62000000
2018-02-23 02:26:49,0.01928300,0.20000000
2018-02-23 02:26:49,0.01928300,0.10000000
2018-02-23 02:26:54,0.01928300,0.56000000
2018-02-23 02:26:54,0.01928300,0.14000000
2018-02-23 02:26:54,0.01928200,1.36000000
2018-02-23 02:26:54,0.01928200,0.10000000
2018-02-23 02:27:00,0.01928200,1.55000000
2018-02-23 02:27:01,0.01928200,1.55000000
2018-02-23 02:27:01,0.01928200,1.55000000
2018-02-23 02:27:01,0.01928200,1.55000000
2018-02-23 02:27:01,0.01928200,1.55000000
2018-02-23 02:27:01,0.01928200,1.55000000
2018-02-23 02:27:01,0.01928200,1.55000000
2018-02-23 02:27:01,0.01928200,1.55000000
2018-02-23 02:27:01,0.01928200,1.55000000
2018-02-23 02:27:01,0.01928200,2.60000000
2018-02-23 02:27:01,0.01928200,1.55000000
2018-02-23 02:27:02,0.01928200,1.55000000
2018-02-23 02:27:02,0.01928200,3.00000000
2018-02-23 02:27:02,0.01928200,1.55000000
2018-02-23 02:27:02,0.01928200,2.49000000
2018-02-23 02:27:02,0.01928200,1.55000000
2018-02-23 02:27:02,0.01928200,0.94000000
2018-02-23 02:27:02,0.01928200,1.55000000
2018-02-23 02:27:02,0.01928200,1.27000000
2018-02-23 02:27:02,0.01928000,1.55000000
2018-02-23 02:27:02,0.01928000,1.55000000
2018-02-23 02:27:02,0.01928000,0.10000000
2018-02-23 02:27:03,0.01928000,1.55000000
2018-02-23 02:27:03,0.01928000,1.55000000
2018-02-23 02:27:03,0.01928000,0.80000000
2018-02-23 02:27:04,0.01928200,1.33000000
2018-02-23 02:27:04,0.01928100,1.55000000
2018-02-23 02:27:04,0.01928100,4.45000000
2018-02-23 02:27:04,0.01928000,1.55000000
2018-02-23 02:27:04,0.01928000,1.55000000
2018-02-23 02:27:04,0.01928000,0.10000000
2018-02-23 02:27:04,0.01928000,1.55000000
2018-02-23 02:27:04,0.01928000,1.55000000
2018-02-23 02:27:05,0.01928000,1.55000000
2018-02-23 02:27:05,0.01928000,1.55000000
2018-02-23 02:27:05,0.01928000,1.55000000
2018-02-23 02:27:06,0.01928000,42.01000000
2018-02-23 02:27:08,0.01926200,0.18000000
2018-02-23 02:27:08,0.01926200,0.10000000
2018-02-23 02:27:09,0.01925300,0.13000000
2018-02-23 02:27:09,0.01925300,0.08000000
2018-02-23 02:27:09,0.01925300,0.10000000
2018-02-23 02:27:10,0.01925300,0.16000000
2018-02-23 02:27:10,0.01925300,2.03000000
2018-02-23 02:27:10,0.01925300,0.16000000
2018-02-23 02:27:10,0.01925300,2.14000000
2018-02-23 02:27:10,0.01925300,0.07000000
2018-02-23 02:27:11,0.01925300,0.13000000
2018-02-23 02:27:11,0.01925300,0.13000000
2018-02-23 02:27:11,0.01925300,0.35000000
2018-02-23 02:27:11,0.01925300,0.18000000
2018-02-23 02:27:14,0.01925000,1.55000000
2018-02-23 02:27:15,0.01924900,0.26000000
2018-02-23 02:27:15,0.01924900,0.10000000
2018-02-23 02:27:15,0.01924900,0.18000000
2018-02-23 02:27:16,0.01924900,0.06000000
2018-02-23 02:27:17,0.01924000,0.24000000
2018-02-23 02:27:17,0.01923400,1.32000000
2018-02-23 02:27:18,0.01925000,0.10000000
2018-02-23 02:27:18,0.01925000,0.10000000
2018-02-23 02:27:19,0.01923700,0.13000000
2018-02-23 02:27:19,0.01923700,0.12000000
2018-02-23 02:27:20,0.01923700,0.13000000
2018-02-23 02:27:21,0.01923700,0.13000000
2018-02-23 02:27:21,0.01923700,0.16000000
2018-02-23 02:27:21,0.01923700,0.13000000
2018-02-23 02:27:21,0.01923700,0.13000000
2018-02-23 02:27:22,0.01923700,0.13000000
2018-02-23 02:27:22,0.01923700,0.32000000
2018-02-23 02:27:22,0.01923700,0.53000000
2018-02-23 02:27:22,0.01923700,0.26000000
2018-02-23 02:27:22,0.01923700,0.13000000
2018-02-23 02:27:22,0.01923700,0.53000000
2018-02-23 02:27:22,0.01923700,0.24000000
2018-02-23 02:27:23,0.01923700,0.13000000
2018-02-23 02:27:23,0.01923700,0.13000000
2018-02-23 02:27:23,0.01923700,0.13000000
2018-02-23 02:27:23,0.01923700,0.44000000
2018-02-23 02:27:23,0.01923700,0.44000000
2018-02-23 02:27:24,0.01923700,0.11000000
2018-02-23 02:27:24,0.01923700,0.13000000
2018-02-23 02:27:24,0.01923700,0.78000000
2018-02-23 02:27:24,0.01923700,0.12000000
2018-02-23 02:27:24,0.01923700,0.13000000
2018-02-23 02:27:24,0.01923700,0.26000000
2018-02-23 02:27:24,0.01923700,0.16000000
2018-02-23 02:27:24,0.01923700,0.21000000
2018-02-23 02:27:24,0.01923700,0.12000000
2018-02-23 02:27:24,0.01923700,0.58000000
2018-02-23 02:27:25,0.01923700,0.13000000
2018-02-23 02:27:25,0.01923700,0.13000000
2018-02-23 02:27:25,0.01923700,0.12000000
2018-02-23 02:27:25,0.01926600,0.51000000
2018-02-23 02:27:26,0.01923700,0.26000000
2018-02-23 02:27:26,0.01923700,0.06000000
2018-02-23 02:27:27,0.01923700,0.07000000
2018-02-23 02:27:27,0.01923700,0.05000000
2018-02-23 02:27:28,0.01926300,0.80000000
2018-02-23 02:27:28,0.01923500,0.51000000
2018-02-23 02:27:28,0.01922500,2.61000000
2018-02-23 02:27:28,0.01926300,0.51000000
2018-02-23 02:27:29,0.01926200,0.20000000
2018-02-23 02:27:30,0.01923800,0.08000000
2018-02-23 02:27:30,0.01923800,0.03000000
2018-02-23 02:27:31,0.01925700,1.50000000
2018-02-23 02:27:34,0.01925400,0.10000000
2018-02-23 02:27:34,0.01925400,0.28000000
2018-02-23 02:27:34,0.01925400,0.52000000
2018-02-23 02:27:36,0.01925400,5.19000000
2018-02-23 02:27:36,0.01925700,0.10000000
2018-02-23 02:27:36,0.01926200,0.10000000
2018-02-23 02:27:36,0.01926300,0.10000000
2018-02-23 02:27:37,0.01923000,0.15000000
2018-02-23 02:27:37,0.01925700,0.10000000
2018-02-23 02:27:38,0.01923100,0.09000000
2018-02-23 02:27:39,0.01923100,0.08000000
2018-02-23 02:27:42,0.01923100,0.31000000
2018-02-23 02:27:44,0.01923100,0.13000000
2018-02-23 02:27:44,0.01923100,0.11000000
2018-02-23 02:27:44,0.01925600,0.72000000
2018-02-23 02:27:45,0.01925700,1.55000000
2018-02-23 02:27:45,0.01925600,0.10000000
2018-02-23 02:27:45,0.01925700,0.65000000
2018-02-23 02:27:45,0.01925700,0.10000000
2018-02-23 02:27:45,0.01925700,0.10000000
2018-02-23 02:27:45,0.01925700,0.55000000
2018-02-23 02:27:45,0.01925500,1.55000000
2018-02-23 02:27:45,0.01925500,0.96000000
2018-02-23 02:27:45,0.01923100,1.55000000
2018-02-23 02:27:45,0.01925500,4.01000000
2018-02-23 02:27:45,0.01925500,0.62000000
2018-02-23 02:27:45,0.01925600,0.10000000
2018-02-23 02:27:45,0.01925600,0.10000000
2018-02-23 02:27:45,0.01925700,0.10000000
2018-02-23 02:27:45,0.01925600,0.10000000
2018-02-23 02:27:45,0.01925600,0.10000000
2018-02-23 02:27:45,0.01925700,0.10000000
2018-02-23 02:27:45,0.01925700,0.10000000
2018-02-23 02:27:46,0.01926200,0.10000000
2018-02-23 02:27:46,0.01926300,0.10000000
2018-02-23 02:27:50,0.01925600,0.13000000
2018-02-23 02:27:51,0.01925600,0.10000000
2018-02-23 02:27:51,0.01925600,0.13000000
2018-02-23 02:27:51,0.01925600,0.10000000
2018-02-23 02:27:53,0.01925600,1.34000000
2018-02-23 02:27:55,0.01925600,0.19000000
2018-02-23 02:27:55,0.01926200,0.10000000
2018-02-23 02:27:55,0.01926200,0.10000000
2018-02-23 02:27:56,0.01926300,0.10000000
2018-02-23 02:27:56,0.01926300,0.10000000
2018-02-23 02:27:56,0.01926600,0.10000000
2018-02-23 02:27:56,0.01927300,0.08000000
2018-02-23 02:27:59,0.01926600,0.10000000
2018-02-23 02:27:59,0.01927300,0.22000000
2018-02-23 02:28:01,0.01926600,0.10000000
2018-02-23 02:28:01,0.01927300,0.21000000
2018-02-23 02:28:01,0.01927600,1.02000000
2018-02-23 02:28:08,0.01926600,0.10000000
2018-02-23 02:28:08,0.01927300,0.10000000
2018-02-23 02:28:08,0.01927600,0.10000000
2018-02-23 02:28:08,0.01927700,5.92000000
2018-02-23 02:28:17,0.01926500,0.23000000
2018-02-23 02:28:22,0.01926500,0.10000000
2018-02-23 02:28:22,0.01926600,0.09000000
2018-02-23 02:28:22,0.01926600,0.10000000
2018-02-23 02:28:22,0.01926600,0.01000000
2018-02-23 02:28:22,0.01927300,0.09000000
2018-02-23 02:28:22,0.01927300,0.01000000
2018-02-23 02:28:22,0.01927600,0.09000000
2018-02-23 02:28:23,0.01925700,0.80000000
2018-02-23 02:28:23,0.01925700,0.10000000
2018-02-23 02:28:24,0.01925600,1.69000000
2018-02-23 02:28:24,0.01925600,0.01000000
2018-02-23 02:28:24,0.01925600,0.10000000
2018-02-23 02:28:24,0.01927300,0.10000000
2018-02-23 02:28:24,0.01927600,0.11000000
2018-02-23 02:28:24,0.01927700,0.10000000
2018-02-23 02:28:24,0.01927800,1.19000000
2018-02-23 02:28:36,0.01927300,0.10000000
2018-02-23 02:28:37,0.01927300,0.08000000
2018-02-23 02:28:38,0.01927300,0.02000000
2018-02-23 02:28:38,0.01927600,0.10000000
2018-02-23 02:28:38,0.01927700,0.19000000
2018-02-23 02:28:38,0.01927700,0.31000000
2018-02-23 02:28:38,0.01927700,0.31000000
2018-02-23 02:28:38,0.01927700,1.13000000
2018-02-23 02:28:38,0.01926700,0.47000000
2018-02-23 02:28:38,0.01927600,0.09000000
2018-02-23 02:28:39,0.01926700,0.10000000
2018-02-23 02:28:39,0.01926700,0.10000000
2018-02-23 02:28:39,0.01927600,0.10000000
2018-02-23 02:28:39,0.01927600,0.01000000
2018-02-23 02:28:39,0.01927700,0.09000000
2018-02-23 02:28:39,0.01927700,0.10000000
2018-02-23 02:28:39,0.01927700,0.41000000
2018-02-23 02:28:43,0.01927600,0.10000000
2018-02-23 02:28:43,0.01927600,0.10000000
2018-02-23 02:28:43,0.01927700,1.07000000
2018-02-23 02:28:43,0.01927800,0.10000000
2018-02-23 02:28:43,0.01927900,0.43000000
2018-02-23 02:28:47,0.01927100,0.21000000
2018-02-23 02:28:47,0.01927100,0.10000000
2018-02-23 02:28:47,0.01927700,0.10000000
2018-02-23 02:28:47,0.01927800,0.10000000
2018-02-23 02:28:47,0.01927900,0.04000000
2018-02-23 02:28:53,0.01927700,0.10000000
2018-02-23 02:28:53,0.01927800,0.10000000
2018-02-23 02:28:53,0.01927900,0.19000000
2018-02-23 02:28:54,0.01927700,0.10000000
2018-02-23 02:28:54,0.01927800,0.10000000
2018-02-23 02:28:54,0.01927900,0.93000000
2018-02-23 02:28:54,0.01927700,0.10000000
2018-02-23 02:28:54,0.01927900,1.21000000
2018-02-23 02:28:56,0.01927300,0.31000000
2018-02-23 02:28:56,0.01927300,0.10000000
2018-02-23 02:28:58,0.01927700,0.10000000
2018-02-23 02:28:58,0.01927800,0.10000000
2018-02-23 02:28:58,0.01927900,1.49000000
2018-02-23 02:28:58,0.01928000,13.73000000
2018-02-23 02:28:58,0.01928000,0.01000000
2018-02-23 02:28:58,0.01927700,0.10000000
2018-02-23 02:28:58,0.01927800,0.10000000
2018-02-23 02:28:58,0.01927900,0.10000000
2018-02-23 02:28:58,0.01928100,0.10000000
2018-02-23 02:28:58,0.01928200,0.16000000
2018-02-23 02:28:58,0.01928200,0.01000000
2018-02-23 02:28:58,0.01929300,0.35000000
2018-02-23 02:28:58,0.01929300,0.36000000
2018-02-23 02:29:06,0.01927700,0.10000000
2018-02-23 02:29:08,0.01927100,4.04000000
2018-02-23 02:29:08,0.01926900,8.58000000
2018-02-23 02:29:21,0.01929100,5.85000000
2018-02-23 02:29:24,0.01928100,0.48000000
2018-02-23 02:29:24,0.01927900,0.86000000
2018-02-23 02:29:24,0.01927600,5.85000000
2018-02-23 02:29:24,0.01927400,0.11000000
2018-02-23 02:29:25,0.01927600,0.51000000
2018-02-23 02:29:25,0.01927400,0.39000000
2018-02-23 02:29:25,0.01927600,0.55000000
2018-02-23 02:29:25,0.01927900,1.57000000
2018-02-23 02:29:26,0.01927400,2.50000000
2018-02-23 02:29:26,0.01927300,2.29000000
2018-02-23 02:29:28,0.01927900,0.14000000
2018-02-23 02:29:28,0.01928100,0.48000000
2018-02-23 02:29:28,0.01929000,0.89000000
2018-02-23 02:29:29,0.01927400,0.43000000
2018-02-23 02:29:32,0.01927400,1.25000000
2018-02-23 02:29:32,0.01927400,0.50000000
2018-02-23 02:29:32,0.01927300,1.55000000
2018-02-23 02:29:32,0.01927300,1.55000000
2018-02-23 02:29:32,0.01927300,1.55000000
2018-02-23 02:29:32,0.01927400,0.60000000
2018-02-23 02:29:32,0.01927300,0.96000000
2018-02-23 02:29:32,0.01927300,0.96000000
2018-02-23 02:29:33,0.01927300,0.21000000
2018-02-23 02:29:34,0.01927400,0.10000000
2018-02-23 02:29:35,0.01927300,0.21000000
2018-02-23 02:29:38,0.01927300,0.21000000
2018-02-23 02:29:40,0.01927300,0.21000000
2018-02-23 02:29:42,0.01927300,1.55000000
2018-02-23 02:29:42,0.01927300,0.21000000
2018-02-23 02:29:42,0.01927300,1.55000000
2018-02-23 02:29:43,0.01927400,0.05000000
2018-02-23 02:29:43,0.01928900,0.51000000
2018-02-23 02:29:43,0.01929100,0.73000000
2018-02-23 02:29:44,0.01927500,0.21000000
2018-02-23 02:29:46,0.01928900,1.64000000
2018-02-23 02:29:46,0.01927600,0.21000000
2018-02-23 02:29:49,0.01927700,0.21000000
2018-02-23 02:29:50,0.01927900,0.52000000
2018-02-23 02:29:51,0.01927700,0.21000000
2018-02-23 02:29:54,0.01927700,0.21000000
2018-02-23 02:29:56,0.01927700,0.21000000
2018-02-23 02:29:58,0.01927700,0.79000000
2018-02-23 02:29:58,0.01927700,0.21000000
2018-02-23 02:30:01,0.01929000,0.21000000
2018-02-23 02:30:02,0.01928900,8.58000000
2018-02-23 02:30:02,0.01929000,0.05000000
2018-02-23 02:30:05,0.01929300,1.09000000
2018-02-23 02:30:06,0.01929300,0.62000000
2018-02-23 02:30:09,0.01929300,2.98000000
2018-02-23 02:30:12,0.01929300,0.20000000
2018-02-23 02:30:17,0.01929500,1.02000000
2018-02-23 02:30:18,0.01930000,0.13000000
2018-02-23 02:30:19,0.01929300,1.55000000
2018-02-23 02:30:20,0.01929300,1.00000000
2018-02-23 02:30:24,0.01930000,1.51000000
2018-02-23 02:30:24,0.01930000,1.55000000
2018-02-23 02:30:24,0.01930000,1.55000000
2018-02-23 02:30:24,0.01930000,0.52000000
2018-02-23 02:30:24,0.01930000,1.55000000
2018-02-23 02:30:25,0.01930000,0.59000000
2018-02-23 02:30:30,0.01930000,3.52000000
2018-02-23 02:30:30,0.01930000,1.55000000
2018-02-23 02:30:30,0.01930000,1.55000000
2018-02-23 02:30:30,0.01930000,1.55000000
2018-02-23 02:30:31,0.01930100,0.13000000
2018-02-23 02:30:32,0.01930100,0.80000000
2018-02-23 02:30:32,0.01930100,1.09000000
2018-02-23 02:30:33,0.01930000,1.55000000
2018-02-23 02:30:33,0.01930000,0.86000000
2018-02-23 02:30:33,0.01930000,0.45000000
2018-02-23 02:30:33,0.01929300,0.80000000
2018-02-23 02:30:33,0.01929900,0.51000000
2018-02-23 02:30:33,0.01930000,0.98000000
2018-02-23 02:30:33,0.01930100,1.55000000
2018-02-23 02:30:34,0.01930100,0.42000000
2018-02-23 02:30:34,0.01930000,0.32000000
2018-02-23 02:30:34,0.01929300,0.32000000
2018-02-23 02:30:39,0.01929300,1.55000000
2018-02-23 02:30:40,0.01929300,0.80000000
2018-02-23 02:30:40,0.01929300,1.55000000
2018-02-23 02:30:40,0.01929300,1.55000000
2018-02-23 02:30:40,0.01929300,0.35000000
2018-02-23 02:30:41,0.01929300,1.55000000
2018-02-23 02:30:41,0.01929300,1.55000000
2018-02-23 02:30:41,0.01929300,1.55000000
2018-02-23 02:30:41,0.01929300,1.55000000
2018-02-23 02:30:43,0.01930100,0.06000000
2018-02-23 02:30:43,0.01930100,0.89000000
2018-02-23 02:30:44,0.01930100,0.90000000
2018-02-23 02:30:44,0.01929300,0.90000000
2018-02-23 02:30:50,0.01929300,0.63000000
2018-02-23 02:30:51,0.01930000,0.52000000
2018-02-23 02:30:51,0.01930100,1.55000000
2018-02-23 02:30:51,0.01930100,0.31000000
2018-02-23 02:30:52,0.01930300,1.03000000
2018-02-23 02:30:56,0.01929300,7.22000000
2018-02-23 02:30:56,0.01929300,0.80000000
2018-02-23 02:30:56,0.01929300,0.80000000
2018-02-23 02:30:56,0.01929300,1.55000000
2018-02-23 02:30:56,0.01929300,4.01000000
2018-02-23 02:30:56,0.01929300,1.55000000
2018-02-23 02:30:56,0.01929300,1.55000000
2018-02-23 02:30:56,0.01929300,4.01000000
2018-02-23 02:30:56,0.01929300,1.55000000
2018-02-23 02:30:56,0.01929300,1.55000000
2018-02-23 02:30:57,0.01929300,1.55000000
2018-02-23 02:30:57,0.01929300,0.32000000
2018-02-23 02:30:57,0.01929300,1.55000000
2018-02-23 02:30:57,0.01929300,0.73000000
2018-02-23 02:30:57,0.01929100,1.37000000
2018-02-23 02:30:59,0.01929300,0.73000000
2018-02-23 02:31:01,0.01929400,0.08000000
2018-02-23 02:31:02,0.01930100,0.80000000
2018-02-23 02:31:03,0.01930100,4.95000000
2018-02-23 02:31:03,0.01930100,0.73000000
2018-02-23 02:31:04,0.01930200,0.27000000
2018-02-23 02:31:05,0.01930300,0.15000000
2018-02-23 02:31:06,0.01929400,1.07000000
2018-02-23 02:31:06,0.01929400,0.04000000
2018-02-23 02:31:06,0.01927800,0.17000000
2018-02-23 02:31:06,0.01927800,1.55000000
2018-02-23 02:31:06,0.01927800,0.73000000
2018-02-23 02:31:07,0.01929400,0.79000000
2018-02-23 02:31:07,0.01929400,0.03000000
2018-02-23 02:31:07,0.01930000,1.55000000
2018-02-23 02:31:07,0.01930000,1.12000000
2018-02-23 02:31:07,0.01930000,0.41000000
2018-02-23 02:31:07,0.01927800,0.05000000
2018-02-23 02:31:08,0.01927700,1.57000000
2018-02-23 02:31:08,0.01929700,5.19000000
2018-02-23 02:31:08,0.01930000,0.68000000
2018-02-23 02:31:08,0.01930100,2.35000000
2018-02-23 02:31:09,0.01930100,0.52000000
2018-02-23 02:31:09,0.01930100,0.18000000
2018-02-23 02:31:09,0.01930100,1.55000000
2018-02-23 02:31:10,0.01930100,0.80000000
2018-02-23 02:31:10,0.01930100,1.55000000
2018-02-23 02:31:10,0.01930100,0.40000000
2018-02-23 02:31:13,0.01927800,0.13000000
2018-02-23 02:31:23,0.01927900,0.66000000
2018-02-23 02:31:30,0.01928000,0.09000000
2018-02-23 02:31:46,0.01928000,1.39000000
2018-02-23 02:31:46,0.01927900,3.33000000
2018-02-23 02:31:46,0.01927800,21.13000000
2018-02-23 02:32:00,0.01928000,0.13000000
2018-02-23 02:32:01,0.01928000,5.30000000
2018-02-23 02:32:03,0.01927900,0.43000000
2018-02-23 02:32:04,0.01928000,2.67000000
2018-02-23 02:32:04,0.01928000,10.28000000
2018-02-23 02:32:04,0.01928000,4.67000000
2018-02-23 02:32:04,0.01928000,5.50000000
2018-02-23 02:32:05,0.01930100,0.79000000
2018-02-23 02:32:07,0.01927900,0.07000000
2018-02-23 02:32:21,0.01928000,1.29000000
2018-02-23 02:32:22,0.01928000,2.66000000
2018-02-23 02:32:23,0.01928000,1.43000000
2018-02-23 02:32:31,0.01929300,0.52000000
2018-02-23 02:32:31,0.01929500,0.21000000
2018-02-23 02:32:36,0.01928100,0.26000000
2018-02-23 02:32:41,0.01928000,0.50000000
2018-02-23 02:32:41,0.01928000,0.50000000
2018-02-23 02:32:41,0.01928000,2.10000000
2018-02-23 02:32:41,0.01928000,0.86000000
2018-02-23 02:32:42,0.01928000,20.38000000
2018-02-23 02:32:42,0.01928000,10.98000000
2018-02-23 02:32:42,0.01929400,0.44000000
2018-02-23 02:32:48,0.01929100,6.71000000
2018-02-23 02:32:48,0.01929200,9.33000000
2018-02-23 02:32:49,0.01929200,1.67000000
2018-02-23 02:32:49,0.01929200,0.80000000
2018-02-23 02:32:49,0.01929200,0.42000000
2018-02-23 02:32:51,0.01928700,3.11000000
2018-02-23 02:32:51,0.01929200,0.38000000
2018-02-23 02:32:51,0.01929400,2.89000000
2018-02-23 02:32:51,0.01929400,0.80000000
2018-02-23 02:32:51,0.01929400,0.16000000
2018-02-23 02:32:51,0.01929400,0.17000000
2018-02-23 02:32:52,0.01929400,3.43000000
2018-02-23 02:32:52,0.01929400,4.01000000
2018-02-23 02:32:52,0.01929400,2.18000000
2018-02-23 02:32:53,0.01929900,0.15000000
2018-02-23 02:32:53,0.01929400,0.80000000
2018-02-23 02:32:53,0.01929400,3.86000000
2018-02-23 02:32:54,0.01929400,2.59000000
2018-02-23 02:32:54,0.01929400,3.86000000
2018-02-23 02:32:54,0.01929400,1.24000000
2018-02-23 02:32:54,0.01928200,0.53000000
2018-02-23 02:33:03,0.01928200,0.16000000
2018-02-23 02:33:08,0.01928500,0.33000000
2018-02-23 02:33:11,0.01928500,2.92000000
2018-02-23 02:33:12,0.01928500,0.33000000
2018-02-23 02:33:15,0.01928500,0.21000000
2018-02-23 02:33:16,0.01928500,0.14000000
2018-02-23 02:33:17,0.01928500,0.21000000
2018-02-23 02:33:17,0.01929400,5.15000000
2018-02-23 02:33:17,0.01929500,1.48000000
2018-02-23 02:33:19,0.01928500,0.21000000
2018-02-23 02:33:28,0.01929400,0.62000000
2018-02-23 02:33:28,0.01929400,0.61000000
2018-02-23 02:33:29,0.01929400,0.24000000
2018-02-23 02:33:29,0.01929400,2.59000000
2018-02-23 02:33:29,0.01929400,1.36000000
2018-02-23 02:33:29,0.01928500,1.36000000
2018-02-23 02:33:29,0.01928300,4.01000000
2018-02-23 02:33:29,0.01928300,3.10000000
2018-02-23 02:33:29,0.01928300,4.01000000
2018-02-23 02:33:30,0.01928300,4.01000000
2018-02-23 02:33:30,0.01928300,22.24000000
2018-02-23 02:33:30,0.01928300,5.25000000
2018-02-23 02:33:30,0.01928000,35.17000000
2018-02-23 02:33:30,0.01927900,2.88000000
2018-02-23 02:33:30,0.01927500,10.76000000
2018-02-23 02:33:30,0.01927300,7.99000000
2018-02-23 02:33:30,0.01927000,1.55000000
2018-02-23 02:33:30,0.01926500,24.41000000
2018-02-23 02:33:30,0.01925100,0.26000000
2018-02-23 02:33:30,0.01925000,10.50000000
2018-02-23 02:33:30,0.01924600,3.94000000
2018-02-23 02:33:30,0.01924000,0.50000000
2018-02-23 02:33:30,0.01923200,0.60000000
2018-02-23 02:33:30,0.01923100,7.33000000
2018-02-23 02:33:30,0.01922500,1.88000000
2018-02-23 02:33:36,0.01926600,1.55000000
2018-02-23 02:33:36,0.01926600,4.01000000
2018-02-23 02:33:36,0.01926600,4.04000000
2018-02-23 02:33:40,0.01925900,0.33000000
2018-02-23 02:33:42,0.01923900,6.88000000
2018-02-23 02:33:42,0.01923700,5.19000000
2018-02-23 02:33:42,0.01923500,0.26000000
2018-02-23 02:33:42,0.01923500,1.55000000
2018-02-23 02:33:42,0.01923500,4.86000000
2018-02-23 02:33:42,0.01923500,5.87000000
2018-02-23 02:33:42,0.01923500,9.33000000
2018-02-23 02:33:42,0.01923500,2.13000000
2018-02-23 02:33:42,0.01925900,2.67000000
2018-02-23 02:33:42,0.01925900,0.21000000
2018-02-23 02:33:42,0.01925900,0.30000000
2018-02-23 02:33:43,0.01923500,0.80000000
2018-02-23 02:33:43,0.01922900,0.28000000
2018-02-23 02:33:43,0.01922300,0.18000000
2018-02-23 02:33:47,0.01922600,0.31000000
2018-02-23 02:33:52,0.01924000,3.20000000
2018-02-23 02:33:59,0.01924000,4.89000000
2018-02-23 02:34:08,0.01923800,0.52000000
2018-02-23 02:34:08,0.01924000,0.12000000
2018-02-23 02:34:08,0.01924000,0.82000000
2018-02-23 02:34:10,0.01924000,2.00000000
2018-02-23 02:34:10,0.01924000,0.15000000
2018-02-23 02:34:13,0.01923100,0.11000000
2018-02-23 02:34:13,0.01923000,4.19000000
2018-02-23 02:34:14,0.01924000,0.36000000
2018-02-23 02:34:15,0.01924000,2.76000000
2018-02-23 02:34:16,0.01924900,10.00000000
2018-02-23 02:34:16,0.01925000,1.55000000
2018-02-23 02:34:16,0.01925900,0.50000000
2018-02-23 02:34:16,0.01926600,1.06000000
2018-02-23 02:34:16,0.01927400,0.10000000
2018-02-23 02:34:16,0.01927700,6.42000000
2018-02-23 02:34:16,0.01927700,0.58000000
2018-02-23 02:34:16,0.01927700,0.11000000
2018-02-23 02:34:16,0.01927700,0.21000000
2018-02-23 02:34:17,0.01927700,1.55000000
2018-02-23 02:34:17,0.01927700,6.97000000
2018-02-23 02:34:17,0.01927700,0.35000000
2018-02-23 02:34:17,0.01927900,0.35000000
2018-02-23 02:34:17,0.01928000,1.20000000
2018-02-23 02:34:20,0.01927700,0.09000000
2018-02-23 02:34:23,0.01925000,0.13000000
2018-02-23 02:34:25,0.01927700,4.10000000
2018-02-23 02:34:25,0.01927700,0.28000000
2018-02-23 02:34:25,0.01927700,0.80000000
2018-02-23 02:34:25,0.01927700,0.95000000
2018-02-23 02:34:26,0.01925100,0.50000000
2018-02-23 02:34:32,0.01926400,1.15000000
2018-02-23 02:34:32,0.01926600,0.49000000
2018-02-23 02:34:56,0.01924900,0.29000000
2018-02-23 02:34:59,0.01925000,0.39000000
2018-02-23 02:35:00,0.01925100,8.69000000
2018-02-23 02:35:00,0.01924900,4.68000000
2018-02-23 02:35:07,0.01925500,0.55000000
2018-02-23 02:35:07,0.01925600,0.11000000
2018-02-23 02:35:07,0.01925700,0.52000000
2018-02-23 02:35:10,0.01925500,0.51000000
2018-02-23 02:35:19,0.01924900,1.52000000
2018-02-23 02:35:23,0.01925100,0.12000000
2018-02-23 02:35:25,0.01925100,1.55000000
2018-02-23 02:35:25,0.01925100,1.55000000
2018-02-23 02:35:25,0.01925100,0.12000000
2018-02-23 02:35:25,0.01924900,1.55000000
2018-02-23 02:35:25,0.01925400,0.36000000
2018-02-23 02:35:25,0.01924900,1.55000000
2018-02-23 02:35:26,0.01924900,0.30000000
2018-02-23 02:35:26,0.01925500,0.50000000
2018-02-23 02:35:30,0.01925500,0.08000000
2018-02-23 02:35:30,0.01925500,0.08000000
2018-02-23 02:35:36,0.01925600,0.22000000
2018-02-23 02:35:42,0.01925600,0.22000000
2018-02-23 02:35:42,0.01925100,0.33000000
2018-02-23 02:35:54,0.01925500,1.55000000
2018-02-23 02:35:54,0.01925500,3.42000000
2018-02-23 02:35:54,0.01926600,1.54000000
2018-02-23 02:35:54,0.01926600,1.03000000
2018-02-23 02:35:55,0.01926500,1.55000000
2018-02-23 02:35:55,0.01926500,3.85000000
2018-02-23 02:35:55,0.01926500,1.55000000
2018-02-23 02:35:55,0.01926500,3.05000000
2018-02-23 02:35:55,0.01927700,0.50000000
2018-02-23 02:35:55,0.01927700,0.45000000
2018-02-23 02:35:55,0.01928000,0.44000000
2018-02-23 02:36:06,0.01927700,2.82000000
2018-02-23 02:36:07,0.01928000,0.58000000
2018-02-23 02:36:07,0.01927700,0.17000000
2018-02-23 02:36:10,0.01927700,0.17000000
2018-02-23 02:36:11,0.01927700,1.01000000
2018-02-23 02:36:12,0.01925500,0.12000000
2018-02-23 02:36:17,0.01925100,3.20000000
2018-02-23 02:36:17,0.01925000,0.44000000
2018-02-23 02:36:19,0.01926600,1.74000000
2018-02-23 02:36:19,0.01926600,0.01000000
2018-02-23 02:36:19,0.01927800,1.55000000
2018-02-23 02:36:19,0.01928000,2.26000000
2018-02-23 02:36:19,0.01928000,0.01000000
2018-02-23 02:36:19,0.01929300,0.79000000
2018-02-23 02:36:19,0.01929900,0.09000000
2018-02-23 02:36:19,0.01930000,0.19000000
2018-02-23 02:36:19,0.01930100,0.90000000
2018-02-23 02:36:19,0.01930200,0.17000000
2018-02-23 02:36:19,0.01930500,0.10000000
2018-02-23 02:36:19,0.01930500,0.93000000
2018-02-23 02:36:28,0.01928000,1.00000000
2018-02-23 02:36:33,0.01930100,1.24000000
2018-02-23 02:36:48,0.01929900,0.22000000
2018-02-23 02:36:48,0.01930000,1.31000000
2018-02-23 02:36:48,0.01930100,0.31000000
2018-02-23 02:36:48,0.01930200,1.03000000
2018-02-23 02:36:48,0.01930200,2.52000000
2018-02-23 02:36:48,0.01930200,0.08000000
2018-02-23 02:36:48,0.01930200,0.90000000
2018-02-23 02:36:48,0.01930200,3.63000000
2018-02-23 02:36:50,0.01930100,0.70000000
2018-02-23 02:36:51,0.01930100,0.50000000
2018-02-23 02:36:51,0.01930100,0.49000000
2018-02-23 02:36:51,0.01930100,0.50000000
2018-02-23 02:36:51,0.01930100,0.49000000
2018-02-23 02:36:51,0.01930100,0.50000000
2018-02-23 02:36:51,0.01930100,0.22000000
2018-02-23 02:36:51,0.01930100,0.34000000
2018-02-23 02:36:52,0.01930100,0.50000000
2018-02-23 02:36:52,0.01930100,0.85000000
2018-02-23 02:36:52,0.01927200,0.06000000
2018-02-23 02:36:52,0.01927000,0.08000000
2018-02-23 02:36:57,0.01927100,1.00000000
2018-02-23 02:37:05,0.01929400,0.02000000
2018-02-23 02:37:12,0.01927100,0.32000000
2018-02-23 02:37:13,0.01927100,0.03000000
2018-02-23 02:37:13,0.01929400,1.08000000
2018-02-23 02:37:13,0.01929400,0.20000000
2018-02-23 02:37:17,0.01927200,0.65000000
2018-02-23 02:37:21,0.01927200,0.37000000
2018-02-23 02:37:21,0.01927100,0.13000000
2018-02-23 02:37:25,0.01929700,1.08000000
2018-02-23 02:37:25,0.01930000,1.79000000
2018-02-23 02:37:25,0.01930000,0.01000000
2018-02-23 02:37:25,0.01930100,1.78000000
2018-02-23 02:37:25,0.01930100,1.21000000
2018-02-23 02:37:25,0.01930100,0.01000000
2018-02-23 02:37:25,0.01930200,1.20000000
2018-02-23 02:37:25,0.01930200,3.99000000
2018-02-23 02:37:25,0.01930200,4.80000000
2018-02-23 02:37:26,0.01930200,4.80000000
2018-02-23 02:37:26,0.01930000,0.72000000
2018-02-23 02:37:27,0.01930000,0.51000000
2018-02-23 02:37:28,0.01927600,0.36000000
2018-02-23 02:37:29,0.01930000,6.47000000
2018-02-23 02:37:29,0.01930000,1.55000000
2018-02-23 02:37:30,0.01930000,1.55000000
2018-02-23 02:37:30,0.01930000,1.55000000
2018-02-23 02:37:30,0.01930000,1.55000000
2018-02-23 02:37:30,0.01930000,1.55000000
2018-02-23 02:37:30,0.01930000,1.43000000
2018-02-23 02:37:30,0.01930000,0.50000000
2018-02-23 02:37:32,0.01927800,0.06000000
2018-02-23 02:37:32,0.01927800,0.02000000
2018-02-23 02:37:43,0.01930000,5.17000000
2018-02-23 02:37:43,0.01930000,1.55000000
2018-02-23 02:37:43,0.01930000,1.89000000
2018-02-23 02:37:43,0.01930000,0.33000000
2018-02-23 02:37:44,0.01930000,1.55000000
2018-02-23 02:37:44,0.01930000,2.97000000
2018-02-23 02:37:44,0.01930000,0.80000000
2018-02-23 02:37:44,0.01930000,0.80000000
2018-02-23 02:37:44,0.01930000,1.55000000
2018-02-23 02:37:44,0.01930000,1.55000000
2018-02-23 02:37:44,0.01930000,1.55000000
2018-02-23 02:37:44,0.01930000,1.55000000
2018-02-23 02:37:44,0.01930000,1.55000000
2018-02-23 02:37:45,0.01930000,1.55000000
2018-02-23 02:37:45,0.01930200,1.02000000
2018-02-23 02:37:45,0.01930200,0.21000000
2018-02-23 02:37:45,0.01930200,1.04000000
2018-02-23 02:37:46,0.01930200,0.80000000
2018-02-23 02:37:46,0.01930200,1.55000000
2018-02-23 02:37:47,0.01930200,0.48000000
2018-02-23 02:37:52,0.01930200,1.32000000
2018-02-23 02:37:52,0.01930000,14.86000000
2018-02-23 02:37:53,0.01930000,0.10000000
2018-02-23 02:37:56,0.01930000,0.62000000
2018-02-23 02:37:56,0.01930000,0.42000000
2018-02-23 02:38:00,0.01930000,0.20000000
2018-02-23 02:38:00,0.01928000,1.85000000
2018-02-23 02:38:08,0.01930200,0.51000000
2018-02-23 02:38:08,0.01930500,0.80000000
2018-02-23 02:38:08,0.01930600,2.99000000
2018-02-23 02:38:08,0.01931700,0.09000000
2018-02-23 02:38:08,0.01932600,0.19000000
2018-02-23 02:38:08,0.01932800,0.52000000
2018-02-23 02:38:19,0.01930000,0.06000000
2018-02-23 02:38:19,0.01929900,7.52000000
2018-02-23 02:38:19,0.01929900,0.25000000
2018-02-23 02:38:19,0.01929700,1.55000000
2018-02-23 02:38:19,0.01929400,1.08000000
2018-02-23 02:38:19,0.01928300,1.92000000
2018-02-23 02:38:19,0.01928300,1.06000000
2018-02-23 02:38:19,0.01928300,3.40000000
2018-02-23 02:38:26,0.01928300,1.25000000
2018-02-23 02:38:27,0.01928300,3.93000000
2018-02-23 02:38:30,0.01928100,7.77000000
2018-02-23 02:38:30,0.01928300,0.53000000
2018-02-23 02:38:30,0.01928300,12.85000000
2018-02-23 02:38:31,0.01928300,0.16000000
2018-02-23 02:38:33,0.01928300,0.50000000
2018-02-23 02:38:34,0.01928300,0.80000000
2018-02-23 02:38:35,0.01928300,1.51000000
2018-02-23 02:38:39,0.01928100,1.48000000
2018-02-23 02:38:39,0.01930600,1.55000000
2018-02-23 02:38:39,0.01930600,1.55000000
2018-02-23 02:38:39,0.01930600,0.96000000
2018-02-23 02:38:39,0.01930600,1.55000000
2018-02-23 02:38:39,0.01930600,0.16000000
2018-02-23 02:38:39,0.01930600,0.61000000
2018-02-23 02:38:39,0.01930800,0.91000000
2018-02-23 02:38:39,0.01928100,0.61000000
2018-02-23 02:38:39,0.01930800,0.74000000
2018-02-23 02:38:56,0.01928800,2.18000000
2018-02-23 02:38:58,0.01928800,0.70000000
2018-02-23 02:39:04,0.01931200,2.87000000
2018-02-23 02:39:16,0.01931200,0.01000000
2018-02-23 02:39:16,0.01931800,1.74000000
2018-02-23 02:39:16,0.01931800,0.19000000
2018-02-23 02:39:16,0.01931900,0.80000000
2018-02-23 02:39:16,0.01931900,0.28000000
2018-02-23 02:39:17,0.01932500,1.55000000
2018-02-23 02:39:17,0.01932500,1.55000000
2018-02-23 02:39:17,0.01932400,0.61000000
2018-02-23 02:39:17,0.01932500,0.02000000
2018-02-23 02:39:17,0.01932500,0.69000000
2018-02-23 02:39:18,0.01932500,0.25000000
2018-02-23 02:39:19,0.01931200,0.76000000
2018-02-23 02:39:21,0.01932500,0.32000000
2018-02-23 02:39:23,0.01932800,0.52000000
2018-02-23 02:39:23,0.01932900,0.24000000
2018-02-23 02:39:23,0.01932800,0.52000000
2018-02-23 02:39:23,0.01931500,0.51000000
2018-02-23 02:39:23,0.01933000,0.73000000
2018-02-23 02:39:24,0.01931500,2.78000000
2018-02-23 02:39:24,0.01933000,2.40000000
2018-02-23 02:39:24,0.01933100,0.28000000
2018-02-23 02:39:24,0.01933200,1.28000000
2018-02-23 02:39:24,0.01933400,5.17000000
2018-02-23 02:39:24,0.01933200,11.57000000
2018-02-23 02:39:26,0.01933200,5.18000000
2018-02-23 02:39:29,0.01932700,0.20000000
2018-02-23 02:39:31,0.01931400,0.70000000
2018-02-23 02:39:31,0.01931300,1.03000000
2018-02-23 02:39:31,0.01931200,1.85000000
2018-02-23 02:39:38,0.01932500,0.10000000
2018-02-23 02:39:42,0.01932500,0.26000000
2018-02-23 02:39:44,0.01931200,0.13000000
2018-02-23 02:39:44,0.01931200,1.81000000
2018-02-23 02:39:45,0.01931200,0.51000000
2018-02-23 02:39:46,0.01931200,1.02000000
2018-02-23 02:39:47,0.01932500,0.32000000
2018-02-23 02:39:51,0.01933000,0.13000000
2018-02-23 02:39:52,0.01932500,3.25000000
2018-02-23 02:39:52,0.01931200,0.75000000
2018-02-23 02:39:56,0.01933000,5.04000000
2018-02-23 02:39:56,0.01933200,0.56000000
2018-02-23 02:39:56,0.01933900,0.70000000
2018-02-23 02:39:56,0.01934000,0.09000000
2018-02-23 02:39:56,0.01934200,5.24000000
2018-02-23 02:39:56,0.01935000,0.32000000
2018-02-23 02:39:56,0.01935200,0.16000000
2018-02-23 02:39:56,0.01935300,0.39000000
2018-02-23 02:39:56,0.01935900,6.00000000
2018-02-23 02:39:56,0.01936000,27.30000000
2018-02-23 02:39:56,0.01936500,9.60000000
2018-02-23 02:39:56,0.01936800,9.60000000
2018-02-23 02:39:56,0.01936900,24.84000000
2018-02-23 02:39:56,0.01937000,0.10000000
2018-02-23 02:39:56,0.01937100,1.00000000
2018-02-23 02:39:56,0.01937500,8.70000000
2018-02-23 02:40:00,0.01931500,0.43000000
2018-02-23 02:40:01,0.01933600,0.11000000
2018-02-23 02:40:01,0.01936000,9.00000000
2018-02-23 02:40:01,0.01937500,0.90000000
2018-02-23 02:40:01,0.01937600,9.60000000
2018-02-23 02:40:01,0.01937700,5.03000000
2018-02-23 02:40:03,0.01932600,0.21000000
2018-02-23 02:40:04,0.01932600,0.21000000
2018-02-23 02:40:04,0.01937500,1.06000000
2018-02-23 02:40:04,0.01937600,2.00000000
2018-02-23 02:40:04,0.01937700,4.92000000
2018-02-23 02:40:04,0.01938000,0.24000000
2018-02-23 02:40:05,0.01932900,0.59000000
2018-02-23 02:40:06,0.01932900,8.49000000
2018-02-23 02:40:06,0.01932800,6.51000000
2018-02-23 02:40:08,0.01936400,0.14000000
2018-02-23 02:40:08,0.01936400,0.41000000
2018-02-23 02:40:14,0.01933300,0.06000000
2018-02-23 02:40:14,0.01933200,1.08000000
2018-02-23 02:40:14,0.01932800,0.36000000
2018-02-23 02:40:14,0.01935500,3.42000000
2018-02-23 02:40:14,0.01933400,1.55000000
2018-02-23 02:40:14,0.01933400,0.09000000
2018-02-23 02:40:18,0.01932700,0.51000000
2018-02-23 02:40:18,0.01932600,3.47000000
2018-02-23 02:40:19,0.01932700,1.50000000
2018-02-23 02:40:19,0.01932700,0.11000000
2018-02-23 02:40:19,0.01932700,1.55000000
2018-02-23 02:40:19,0.01932700,2.14000000
2018-02-23 02:40:19,0.01932800,0.51000000
2018-02-23 02:40:26,0.01932800,0.10000000
2018-02-23 02:40:31,0.01932900,0.21000000
2018-02-23 02:40:37,0.01933000,0.94000000
2018-02-23 02:40:38,0.01934700,6.85000000
2018-02-23 02:40:38,0.01933000,0.26000000
2018-02-23 02:40:39,0.01934600,0.51000000
2018-02-23 02:40:44,0.01933000,0.21000000
2018-02-23 02:40:45,0.01933000,2.22000000
2018-02-23 02:40:46,0.01932900,1.55000000
2018-02-23 02:40:46,0.01932900,1.87000000
2018-02-23 02:40:46,0.01932900,0.35000000
2018-02-23 02:40:46,0.01932800,1.25000000
2018-02-23 02:40:46,0.01932900,1.75000000
2018-02-23 02:40:47,0.01933100,0.56000000
2018-02-23 02:40:49,0.01932700,0.51000000
2018-02-23 02:40:53,0.01934800,0.15000000
2018-02-23 02:40:59,0.01932800,0.41000000
2018-02-23 02:41:02,0.01933000,1.24000000
2018-02-23 02:41:02,0.01933000,1.00000000
2018-02-23 02:41:05,0.01933100,0.26000000
2018-02-23 02:41:05,0.01933000,2.93000000
2018-02-23 02:41:05,0.01933000,7.38000000
2018-02-23 02:41:08,0.01932800,3.15000000
2018-02-23 02:41:08,0.01932700,1.87000000
2018-02-23 02:41:11,0.01932700,2.61000000
2018-02-23 02:41:19,0.01932900,3.99000000
2018-02-23 02:41:19,0.01932900,1.18000000
2018-02-23 02:41:20,0.01933000,0.80000000
2018-02-23 02:41:20,0.01933000,0.35000000
2018-02-23 02:41:20,0.01933000,0.35000000
2018-02-23 02:41:23,0.01933000,0.29000000
2018-02-23 02:41:23,0.01933000,0.28000000
2018-02-23 02:41:26,0.01933000,6.64000000
2018-02-23 02:41:29,0.01933200,0.08000000
2018-02-23 02:41:29,0.01933200,1.18000000
2018-02-23 02:41:29,0.01933100,6.82000000
2018-02-23 02:41:30,0.01934800,1.96000000
2018-02-23 02:41:30,0.01933100,0.63000000
2018-02-23 02:41:30,0.01933100,0.60000000
2018-02-23 02:41:33,0.01933000,2.70000000
2018-02-23 02:41:34,0.01934800,0.99000000
2018-02-23 02:41:34,0.01933000,1.55000000
2018-02-23 02:41:35,0.01933000,0.95000000
2018-02-23 02:41:36,0.01933100,4.99000000
2018-02-23 02:41:36,0.01933100,9.31000000
2018-02-23 02:41:36,0.01933100,4.04000000
2018-02-23 02:41:38,0.01933100,0.94000000
2018-02-23 02:41:39,0.01933000,0.05000000
2018-02-23 02:41:39,0.01932800,0.56000000
2018-02-23 02:41:39,0.01932800,1.55000000
2018-02-23 02:41:40,0.01933100,0.01000000
2018-02-23 02:41:40,0.01933100,2.21000000
2018-02-23 02:41:40,0.01934800,1.12000000
2018-02-23 02:41:40,0.01934800,0.40000000
2018-02-23 02:41:40,0.01934800,3.05000000
2018-02-23 02:41:41,0.01934800,0.66000000
2018-02-23 02:41:41,0.01935000,0.41000000
2018-02-23 02:41:41,0.01935000,1.54000000
2018-02-23 02:41:41,0.01935000,10.87000000
2018-02-23 02:41:41,0.01935000,1.51000000
2018-02-23 02:41:41,0.01935100,0.77000000
2018-02-23 02:41:41,0.01935400,0.12000000
2018-02-23 02:41:41,0.01935500,1.55000000
2018-02-23 02:41:44,0.01933300,3.99000000
2018-02-23 02:41:44,0.01933300,4.72000000
2018-02-23 02:41:46,0.01933400,0.08000000
2018-02-23 02:41:46,0.01933300,0.05000000
2018-02-23 02:41:50,0.01933100,0.91000000
2018-02-23 02:41:53,0.01933100,0.09000000
2018-02-23 02:41:53,0.01934500,0.40000000
2018-02-23 02:41:53,0.01934700,1.55000000
2018-02-23 02:41:53,0.01934800,0.42000000
2018-02-23 02:41:53,0.01935700,1.08000000
2018-02-23 02:41:53,0.01935700,0.36000000
2018-02-23 02:41:53,0.01935500,0.57000000
2018-02-23 02:41:53,0.01935500,1.54000000
2018-02-23 02:41:53,0.01935500,1.48000000
2018-02-23 02:41:53,0.01935500,1.54000000
2018-02-23 02:41:53,0.01935500,1.54000000
2018-02-23 02:41:53,0.01935500,1.02000000
2018-02-23 02:41:53,0.01935500,0.36000000
2018-02-23 02:41:53,0.01935500,1.49000000
2018-02-23 02:41:56,0.01934800,1.00000000
2018-02-23 02:41:56,0.01934800,1.55000000
2018-02-23 02:41:56,0.01934800,0.80000000
2018-02-23 02:41:57,0.01934900,1.55000000
2018-02-23 02:41:57,0.01934900,1.55000000
2018-02-23 02:41:57,0.01934900,1.55000000
2018-02-23 02:41:57,0.01934900,1.55000000
2018-02-23 02:41:58,0.01934800,1.45000000
2018-02-23 02:42:00,0.01934800,0.15000000
2018-02-23 02:42:01,0.01935000,0.80000000
2018-02-23 02:42:02,0.01935000,1.55000000
2018-02-23 02:42:02,0.01935000,0.65000000
2018-02-23 02:42:06,0.01934800,1.55000000
2018-02-23 02:42:07,0.01934800,5.73000000
2018-02-23 02:42:07,0.01933100,3.92000000
2018-02-23 02:42:10,0.01933100,0.15000000
2018-02-23 02:42:10,0.01933100,0.52000000
2018-02-23 02:42:10,0.01933100,0.32000000
2018-02-23 02:42:10,0.01933100,0.12000000
2018-02-23 02:42:11,0.01933200,0.13000000
2018-02-23 02:42:11,0.01933200,0.13000000
2018-02-23 02:42:12,0.01933200,4.08000000
2018-02-23 02:42:17,0.01933300,1.55000000
2018-02-23 02:42:17,0.01933300,1.55000000
2018-02-23 02:42:17,0.01933300,1.55000000
2018-02-23 02:42:17,0.01933300,1.55000000
2018-02-23 02:42:18,0.01933300,1.55000000
2018-02-23 02:42:18,0.01933300,1.33000000
2018-02-23 02:42:18,0.01934600,0.18000000
2018-02-23 02:42:18,0.01933200,1.42000000
2018-02-23 02:42:18,0.01933100,1.55000000
2018-02-23 02:42:18,0.01933100,1.55000000
2018-02-23 02:42:18,0.01933100,1.55000000
2018-02-23 02:42:18,0.01933100,1.55000000
2018-02-23 02:42:18,0.01933100,7.55000000
2018-02-23 02:42:19,0.01933100,1.55000000
2018-02-23 02:42:19,0.01933100,1.55000000
2018-02-23 02:42:19,0.01933100,1.55000000
2018-02-23 02:42:19,0.01933100,3.05000000
2018-02-23 02:42:20,0.01934500,0.15000000
2018-02-23 02:42:21,0.01933100,1.55000000
2018-02-23 02:42:21,0.01933100,0.52000000
2018-02-23 02:42:22,0.01933100,1.55000000
2018-02-23 02:42:23,0.01933100,1.55000000
2018-02-23 02:42:23,0.01933100,0.58000000
2018-02-23 02:42:23,0.01933100,0.59000000
2018-02-23 02:42:23,0.01933100,1.55000000
2018-02-23 02:42:23,0.01933100,0.69000000
2018-02-23 02:42:23,0.01933100,1.55000000
2018-02-23 02:42:23,0.01933100,3.99000000
2018-02-23 02:42:23,0.01933100,1.55000000
2018-02-23 02:42:23,0.01933100,1.55000000
2018-02-23 02:42:24,0.01933100,5.00000000
2018-02-23 02:42:25,0.01933100,2.00000000
2018-02-23 02:42:29,0.01933100,1.55000000
2018-02-23 02:42:30,0.01933100,0.80000000
2018-02-23 02:42:30,0.01933100,0.80000000
2018-02-23 02:42:31,0.01933100,1.52000000
2018-02-23 02:42:31,0.01933100,3.91000000
2018-02-23 02:42:31,0.01933100,4.93000000
2018-02-23 02:42:31,0.01933100,7.64000000
2018-02-23 02:42:36,0.01933400,1.00000000
2018-02-23 02:42:36,0.01933900,0.46000000
2018-02-23 02:42:39,0.01933400,1.22000000
2018-02-23 02:42:39,0.01933200,3.67000000
2018-02-23 02:42:41,0.01933900,0.15000000
2018-02-23 02:42:48,0.01933900,0.80000000
2018-02-23 02:42:48,0.01933900,0.80000000
2018-02-23 02:42:50,0.01933900,0.11000000
2018-02-23 02:42:50,0.01933900,1.55000000
2018-02-23 02:42:50,0.01933900,0.06000000
2018-02-23 02:42:51,0.01933900,0.13000000
2018-02-23 02:42:55,0.01934600,0.18000000
2018-02-23 02:42:56,0.01933900,0.17000000
2018-02-23 02:42:58,0.01934600,0.24000000
2018-02-23 02:43:02,0.01933900,0.50000000
2018-02-23 02:43:04,0.01933900,5.05000000
2018-02-23 02:43:05,0.01934600,0.06000000
2018-02-23 02:43:06,0.01934600,0.14000000
2018-02-23 02:43:09,0.01934600,2.40000000
2018-02-23 02:43:10,0.01935000,0.15000000
2018-02-23 02:43:11,0.01934600,0.17000000
2018-02-23 02:43:14,0.01934600,0.91000000
2018-02-23 02:43:14,0.01934000,6.30000000
2018-02-23 02:43:14,0.01933900,3.61000000
2018-02-23 02:43:17,0.01933300,0.51000000
2018-02-23 02:43:17,0.01933200,4.02000000
