DATE,PRICE,VOLUME
2018-02-24 14:00:00,0.02061100,0.78000000
2018-02-24 14:00:00,0.02061400,1.45000000
2018-02-24 14:00:01,0.02061400,0.24000000
2018-02-24 14:00:03,0.02063300,2.17000000
2018-02-24 14:00:04,0.02063300,0.92000000
2018-02-24 14:00:05,0.02061200,1.45000000
2018-02-24 14:00:05,0.02061200,0.56000000
2018-02-24 14:00:05,0.02061200,0.10000000
2018-02-24 14:00:05,0.02061200,0.30000000
2018-02-24 14:00:06,0.02061200,0.10000000
2018-02-24 14:00:09,0.02063000,0.10000000
2018-02-24 14:00:13,0.02062700,5.03000000
2018-02-24 14:00:13,0.02063000,0.09000000
2018-02-24 14:00:13,0.02063000,1.45000000
2018-02-24 14:00:13,0.02063000,1.45000000
2018-02-24 14:00:13,0.02063000,1.45000000
2018-02-24 14:00:13,0.02063000,1.45000000
2018-02-24 14:00:13,0.02063000,0.91000000
2018-02-24 14:00:13,0.02063300,2.01000000
2018-02-24 14:00:15,0.02063500,0.10000000
2018-02-24 14:00:15,0.02060700,2.01000000
2018-02-24 14:00:15,0.02060500,2.92000000
2018-02-24 14:00:15,0.02060300,4.23000000
2018-02-24 14:00:15,0.02063000,0.12000000
2018-02-24 14:00:15,0.02063000,0.35000000
2018-02-24 14:00:18,0.02062900,0.10000000
2018-02-24 14:00:22,0.02062900,0.10000000
2018-02-24 14:00:25,0.02062900,0.10000000
2018-02-24 14:00:27,0.02062900,0.50000000
2018-02-24 14:00:27,0.02062900,0.11000000
2018-02-24 14:00:29,0.02061400,0.10000000
2018-02-24 14:00:29,0.02060200,2.08000000
2018-02-24 14:00:29,0.02062700,0.10000000
2018-02-24 14:00:31,0.02062600,3.32000000
2018-02-24 14:00:31,0.02062700,0.28000000
2018-02-24 14:00:32,0.02062700,0.10000000
2018-02-24 14:00:32,0.02062700,4.25000000
2018-02-24 14:00:33,0.02060200,0.06000000
2018-02-24 14:00:35,0.02063000,0.10000000
2018-02-24 14:00:37,0.02060200,1.01000000
2018-02-24 14:00:39,0.02063000,0.10000000
2018-02-24 14:00:42,0.02062900,0.10000000
2018-02-24 14:00:45,0.02062900,0.10000000
2018-02-24 14:00:48,0.02062900,0.10000000
2018-02-24 14:00:52,0.02062900,0.10000000
2018-02-24 14:00:55,0.02062900,0.10000000
2018-02-24 14:00:56,0.02062900,1.69000000
2018-02-24 14:00:56,0.02062900,1.45000000
2018-02-24 14:00:57,0.02062900,0.20000000
2018-02-24 14:00:57,0.02063000,10.89000000
2018-02-24 14:00:58,0.02063000,0.10000000
2018-02-24 14:00:59,0.02062900,0.48000000
2018-02-24 14:00:59,0.02063000,1.53000000
2018-02-24 14:01:01,0.02063000,0.10000000
2018-02-24 14:01:02,0.02063000,2.01000000
2018-02-24 14:01:03,0.02060400,0.19000000
2018-02-24 14:01:04,0.02063000,0.10000000
2018-02-24 14:01:05,0.02063000,1.82000000
2018-02-24 14:01:08,0.02063000,0.10000000
2018-02-24 14:01:08,0.02060400,0.90000000
2018-02-24 14:01:10,0.02060400,0.92000000
2018-02-24 14:01:10,0.02060200,2.49000000
2018-02-24 14:01:11,0.02062700,0.10000000
2018-02-24 14:01:14,0.02062700,0.10000000
2018-02-24 14:01:18,0.02062700,0.10000000
2018-02-24 14:01:28,0.02060200,0.01000000
2018-02-24 14:01:28,0.02060000,0.53000000
2018-02-24 14:01:28,0.02059300,0.10000000
2018-02-24 14:01:28,0.02059100,0.46000000
2018-02-24 14:01:28,0.02059000,0.69000000
2018-02-24 14:01:28,0.02058500,0.24000000
2018-02-24 14:01:28,0.02058000,0.75000000
2018-02-24 14:01:34,0.02061400,0.10000000
2018-02-24 14:01:34,0.02062000,1.45000000
2018-02-24 14:01:35,0.02062000,0.38000000
2018-02-24 14:01:35,0.02058600,1.68000000
2018-02-24 14:01:50,0.02062300,0.05000000
2018-02-24 14:01:53,0.02059300,0.10000000
2018-02-24 14:01:53,0.02058800,7.24000000
2018-02-24 14:01:53,0.02058600,0.53000000
2018-02-24 14:01:53,0.02058600,0.35000000
2018-02-24 14:01:53,0.02058600,1.45000000
2018-02-24 14:01:53,0.02058600,0.55000000
2018-02-24 14:01:53,0.02058400,7.24000000
2018-02-24 14:01:53,0.02058600,1.45000000
2018-02-24 14:01:53,0.02058600,0.21000000
2018-02-24 14:01:53,0.02058600,8.10000000
2018-02-24 14:01:54,0.02058600,0.01000000
2018-02-24 14:02:00,0.02059400,0.80000000
2018-02-24 14:02:00,0.02059200,1.58000000
2018-02-24 14:02:06,0.02059200,3.06000000
2018-02-24 14:02:07,0.02059200,0.25000000
2018-02-24 14:02:07,0.02061400,0.21000000
2018-02-24 14:02:08,0.02061400,1.68000000
2018-02-24 14:02:09,0.02061400,0.06000000
2018-02-24 14:02:09,0.02059300,0.10000000
2018-02-24 14:02:09,0.02059000,4.84000000
2018-02-24 14:02:09,0.02058600,0.30000000
2018-02-24 14:02:26,0.02058500,0.05000000
2018-02-24 14:02:26,0.02058600,4.78000000
2018-02-24 14:02:26,0.02058600,18.00000000
2018-02-24 14:02:37,0.02061100,3.64000000
2018-02-24 14:02:37,0.02061100,0.06000000
2018-02-24 14:02:38,0.02061100,0.11000000
2018-02-24 14:02:39,0.02061100,1.45000000
2018-02-24 14:02:39,0.02061100,0.80000000
2018-02-24 14:02:39,0.02061100,1.45000000
2018-02-24 14:02:39,0.02061100,1.45000000
2018-02-24 14:02:39,0.02061100,1.45000000
2018-02-24 14:02:39,0.02061100,1.45000000
2018-02-24 14:02:41,0.02061100,19.14000000
2018-02-24 14:02:46,0.02061300,0.38000000
2018-02-24 14:02:48,0.02061300,0.70000000
2018-02-24 14:02:48,0.02061200,0.20000000
2018-02-24 14:02:49,0.02061200,0.10000000
2018-02-24 14:02:53,0.02060900,0.10000000
2018-02-24 14:02:54,0.02060900,0.23000000
2018-02-24 14:02:55,0.02061000,0.04000000
2018-02-24 14:02:57,0.02060800,0.10000000
2018-02-24 14:03:01,0.02060700,0.10000000
2018-02-24 14:03:04,0.02061300,0.10000000
2018-02-24 14:03:05,0.02060700,0.80000000
2018-02-24 14:03:06,0.02060700,0.21000000
2018-02-24 14:03:07,0.02060700,0.33000000
2018-02-24 14:03:09,0.02061000,0.44000000
2018-02-24 14:03:09,0.02060700,0.08000000
2018-02-24 14:03:15,0.02060700,0.40000000
2018-02-24 14:03:16,0.02061300,0.07000000
2018-02-24 14:03:16,0.02061400,0.10000000
2018-02-24 14:03:16,0.02062000,0.80000000
2018-02-24 14:03:16,0.02062000,0.37000000
2018-02-24 14:03:16,0.02060700,0.43000000
2018-02-24 14:03:18,0.02060700,1.45000000
2018-02-24 14:03:21,0.02061300,0.31000000
2018-02-24 14:03:21,0.02061300,0.10000000
2018-02-24 14:03:23,0.02061300,0.80000000
2018-02-24 14:03:23,0.02061300,0.32000000
2018-02-24 14:03:23,0.02060700,5.01000000
2018-02-24 14:03:25,0.02061300,0.10000000
2018-02-24 14:03:28,0.02060700,1.00000000
2018-02-24 14:03:28,0.02061300,0.10000000
2018-02-24 14:03:29,0.02060700,7.49000000
2018-02-24 14:03:31,0.02061300,5.00000000
2018-02-24 14:03:31,0.02061300,0.90000000
2018-02-24 14:03:32,0.02060700,0.08000000
2018-02-24 14:03:40,0.02060700,0.80000000
2018-02-24 14:03:41,0.02060700,0.29000000
2018-02-24 14:03:41,0.02060700,0.06000000
2018-02-24 14:03:42,0.02060700,0.68000000
2018-02-24 14:03:43,0.02060700,0.23000000
2018-02-24 14:03:43,0.02060700,0.53000000
2018-02-24 14:03:43,0.02059300,0.10000000
2018-02-24 14:03:43,0.02059000,0.48000000
2018-02-24 14:03:43,0.02058000,0.27000000
2018-02-24 14:03:43,0.02057400,3.27000000
2018-02-24 14:03:52,0.02060600,3.27000000
2018-02-24 14:03:53,0.02060300,3.27000000
2018-02-24 14:03:53,0.02060300,1.79000000
2018-02-24 14:03:54,0.02060700,3.18000000
2018-02-24 14:03:54,0.02061400,0.10000000
2018-02-24 14:03:54,0.02061700,0.22000000
2018-02-24 14:03:54,0.02060300,1.00000000
2018-02-24 14:03:55,0.02057400,0.04000000
2018-02-24 14:03:56,0.02060000,0.10000000
2018-02-24 14:03:57,0.02059300,0.10000000
2018-02-24 14:03:58,0.02057400,1.45000000
2018-02-24 14:03:59,0.02057300,1.45000000
2018-02-24 14:03:59,0.02057300,1.45000000
2018-02-24 14:03:59,0.02057300,1.45000000
2018-02-24 14:04:00,0.02057300,30.06000000
2018-02-24 14:04:03,0.02059400,0.10000000
2018-02-24 14:04:04,0.02057300,0.48000000
2018-02-24 14:04:07,0.02059400,0.05000000
2018-02-24 14:04:11,0.02057300,0.25000000
2018-02-24 14:04:11,0.02057300,0.25000000
2018-02-24 14:04:11,0.02057300,0.39000000
2018-02-24 14:04:13,0.02057300,5.61000000
2018-02-24 14:04:15,0.02059400,0.03000000
2018-02-24 14:04:15,0.02060200,0.53000000
2018-02-24 14:04:15,0.02060300,0.07000000
2018-02-24 14:04:15,0.02061400,0.10000000
2018-02-24 14:04:15,0.02061700,1.45000000
2018-02-24 14:04:15,0.02061800,2.45000000
2018-02-24 14:04:16,0.02059300,0.07000000
2018-02-24 14:04:20,0.02059300,0.03000000
2018-02-24 14:04:20,0.02058900,0.27000000
2018-02-24 14:04:20,0.02059400,1.45000000
2018-02-24 14:04:20,0.02059400,1.45000000
2018-02-24 14:04:21,0.02059400,1.45000000
2018-02-24 14:04:21,0.02059400,1.45000000
2018-02-24 14:04:21,0.02059400,1.45000000
2018-02-24 14:04:21,0.02059400,1.45000000
2018-02-24 14:04:21,0.02059400,2.38000000
2018-02-24 14:04:22,0.02059600,2.18000000
2018-02-24 14:04:22,0.02059400,17.41000000
2018-02-24 14:04:25,0.02059400,0.10000000
2018-02-24 14:04:25,0.02059300,0.10000000
2018-02-24 14:04:28,0.02059400,0.10000000
2018-02-24 14:04:28,0.02059300,0.89000000
2018-02-24 14:04:32,0.02059400,0.10000000
2018-02-24 14:04:34,0.02059400,0.12000000
2018-02-24 14:04:35,0.02059400,0.10000000
2018-02-24 14:04:39,0.02059400,0.10000000
2018-02-24 14:04:39,0.02057500,0.20000000
2018-02-24 14:04:40,0.02059400,0.08000000
2018-02-24 14:04:40,0.02057300,0.94000000
2018-02-24 14:04:40,0.02056100,4.84000000
2018-02-24 14:04:49,0.02056000,0.10000000
2018-02-24 14:04:53,0.02057500,0.09000000
2018-02-24 14:04:55,0.02059200,0.10000000
2018-02-24 14:04:55,0.02059200,3.40000000
2018-02-24 14:04:57,0.02058000,1.06000000
2018-02-24 14:05:05,0.02058900,1.30000000
2018-02-24 14:05:05,0.02058900,0.04000000
2018-02-24 14:05:07,0.02058900,0.22000000
2018-02-24 14:05:07,0.02058900,2.33000000
2018-02-24 14:05:07,0.02059000,0.81000000
2018-02-24 14:05:07,0.02058900,0.01000000
2018-02-24 14:05:07,0.02057500,1.46000000
2018-02-24 14:05:09,0.02057500,0.09000000
2018-02-24 14:05:13,0.02057500,0.80000000
2018-02-24 14:05:14,0.02059000,0.89000000
2018-02-24 14:05:23,0.02058900,0.20000000
2018-02-24 14:05:24,0.02058900,0.04000000
2018-02-24 14:05:24,0.02058900,0.16000000
2018-02-24 14:05:25,0.02058900,0.20000000
2018-02-24 14:05:25,0.02057500,2.27000000
2018-02-24 14:05:25,0.02057500,2.32000000
2018-02-24 14:05:26,0.02059000,0.52000000
2018-02-24 14:05:27,0.02057500,1.58000000
2018-02-24 14:05:30,0.02059000,0.23000000
2018-02-24 14:05:32,0.02059000,7.21000000
2018-02-24 14:05:35,0.02059000,0.56000000
2018-02-24 14:05:35,0.02059000,0.56000000
2018-02-24 14:05:39,0.02058000,0.11000000
2018-02-24 14:05:41,0.02059000,0.07000000
2018-02-24 14:05:41,0.02059000,0.34000000
2018-02-24 14:05:42,0.02059000,3.39000000
2018-02-24 14:05:42,0.02059300,0.80000000
2018-02-24 14:05:43,0.02059300,3.70000000
2018-02-24 14:05:45,0.02059300,7.96000000
2018-02-24 14:05:45,0.02059400,2.04000000
2018-02-24 14:05:45,0.02059400,2.70000000
2018-02-24 14:05:52,0.02059400,0.48000000
2018-02-24 14:05:55,0.02059400,1.05000000
2018-02-24 14:05:55,0.02059400,1.06000000
2018-02-24 14:05:58,0.02059400,1.00000000
2018-02-24 14:05:59,0.02059400,1.40000000
2018-02-24 14:06:01,0.02059500,0.15000000
2018-02-24 14:06:01,0.02060000,0.81000000
2018-02-24 14:06:01,0.02059000,0.81000000
2018-02-24 14:06:01,0.02060000,0.16000000
2018-02-24 14:06:01,0.02060500,0.50000000
2018-02-24 14:06:01,0.02060500,0.50000000
2018-02-24 14:06:05,0.02060700,1.45000000
2018-02-24 14:06:05,0.02060700,1.45000000
2018-02-24 14:06:05,0.02060700,0.72000000
2018-02-24 14:06:06,0.02059000,0.72000000
2018-02-24 14:06:08,0.02060700,0.27000000
2018-02-24 14:06:10,0.02061400,1.40000000
2018-02-24 14:06:13,0.02059300,0.10000000
2018-02-24 14:06:13,0.02059000,1.08000000
2018-02-24 14:06:16,0.02059000,0.09000000
2018-02-24 14:06:19,0.02061400,2.50000000
2018-02-24 14:06:25,0.02061300,4.51000000
2018-02-24 14:06:26,0.02061300,0.03000000
2018-02-24 14:06:26,0.02061300,1.45000000
2018-02-24 14:06:26,0.02061300,1.45000000
2018-02-24 14:06:26,0.02061300,0.66000000
2018-02-24 14:06:27,0.02061300,0.05000000
2018-02-24 14:06:29,0.02061400,1.50000000
2018-02-24 14:06:30,0.02061300,0.78000000
2018-02-24 14:06:33,0.02061400,1.50000000
2018-02-24 14:06:33,0.02061400,0.10000000
2018-02-24 14:06:34,0.02061300,0.09000000
2018-02-24 14:06:34,0.02059200,4.54000000
2018-02-24 14:06:34,0.02059000,4.86000000
2018-02-24 14:06:34,0.02061400,1.50000000
2018-02-24 14:06:35,0.02061300,0.48000000
2018-02-24 14:06:36,0.02061300,1.50000000
2018-02-24 14:06:36,0.02061300,2.56000000
2018-02-24 14:06:36,0.02061300,1.94000000
2018-02-24 14:06:36,0.02061300,4.51000000
2018-02-24 14:06:39,0.02061400,7.00000000
2018-02-24 14:06:39,0.02061400,0.73000000
2018-02-24 14:06:39,0.02061800,0.43000000
2018-02-24 14:06:40,0.02061300,0.01000000
2018-02-24 14:06:40,0.02059300,0.10000000
2018-02-24 14:06:40,0.02059200,0.70000000
2018-02-24 14:06:43,0.02059200,2.74000000
2018-02-24 14:06:47,0.02059200,0.92000000
2018-02-24 14:06:47,0.02059200,0.17000000
2018-02-24 14:06:49,0.02059300,0.09000000
2018-02-24 14:06:50,0.02059300,0.09000000
2018-02-24 14:06:51,0.02059300,1.17000000
2018-02-24 14:06:52,0.02059300,1.86000000
2018-02-24 14:06:52,0.02059300,1.85000000
2018-02-24 14:06:52,0.02059300,0.51000000
2018-02-24 14:06:53,0.02060900,0.90000000
2018-02-24 14:06:53,0.02060900,0.01000000
2018-02-24 14:06:54,0.02060900,0.89000000
2018-02-24 14:06:55,0.02061000,5.00000000
2018-02-24 14:06:55,0.02060900,1.52000000
2018-02-24 14:06:55,0.02061000,3.48000000
2018-02-24 14:06:56,0.02060900,1.45000000
2018-02-24 14:06:56,0.02060900,0.05000000
2018-02-24 14:06:57,0.02059300,0.32000000
2018-02-24 14:06:58,0.02059000,0.25000000
2018-02-24 14:06:58,0.02059000,0.08000000
2018-02-24 14:06:58,0.02059000,0.65000000
2018-02-24 14:06:58,0.02059000,0.32000000
2018-02-24 14:06:58,0.02059000,38.13000000
2018-02-24 14:06:59,0.02059000,0.61000000
2018-02-24 14:07:03,0.02060800,0.42000000
2018-02-24 14:07:03,0.02060900,0.14000000
2018-02-24 14:07:03,0.02061000,0.60000000
2018-02-24 14:07:04,0.02059000,0.67000000
2018-02-24 14:07:05,0.02059000,1.09000000
2018-02-24 14:07:06,0.02060900,0.25000000
2018-02-24 14:07:08,0.02059000,0.07000000
2018-02-24 14:07:09,0.02059200,0.04000000
2018-02-24 14:07:11,0.02059000,1.73000000
2018-02-24 14:07:11,0.02059000,2.73000000
2018-02-24 14:07:14,0.02059000,0.52000000
2018-02-24 14:07:14,0.02059000,2.30000000
2018-02-24 14:07:14,0.02059100,0.08000000
2018-02-24 14:07:14,0.02059100,5.00000000
2018-02-24 14:07:16,0.02059000,1.45000000
2018-02-24 14:07:16,0.02059000,0.28000000
2018-02-24 14:07:17,0.02059100,0.21000000
2018-02-24 14:07:18,0.02059200,0.49000000
2018-02-24 14:07:19,0.02059200,1.52000000
2018-02-24 14:07:20,0.02059200,0.71000000
2018-02-24 14:07:25,0.02059200,1.21000000
2018-02-24 14:07:26,0.02059200,0.06000000
2018-02-24 14:07:27,0.02059100,0.75000000
2018-02-24 14:07:28,0.02059100,1.65000000
2018-02-24 14:07:28,0.02059100,1.52000000
2018-02-24 14:07:29,0.02059100,0.24000000
2018-02-24 14:07:32,0.02059100,1.11000000
2018-02-24 14:07:32,0.02059000,4.54000000
2018-02-24 14:07:32,0.02059200,0.68000000
2018-02-24 14:07:34,0.02059200,0.63000000
2018-02-24 14:07:34,0.02059100,1.10000000
2018-02-24 14:07:34,0.02060700,0.39000000
2018-02-24 14:07:37,0.02060700,5.00000000
2018-02-24 14:07:37,0.02060700,0.23000000
2018-02-24 14:07:37,0.02060700,1.45000000
2018-02-24 14:07:37,0.02060700,0.45000000
2018-02-24 14:07:39,0.02060600,5.00000000
2018-02-24 14:07:39,0.02060600,5.00000000
2018-02-24 14:07:42,0.02059000,0.19000000
2018-02-24 14:07:44,0.02060600,1.45000000
2018-02-24 14:07:44,0.02060600,1.45000000
2018-02-24 14:07:45,0.02060600,0.79000000
2018-02-24 14:07:45,0.02060600,0.63000000
2018-02-24 14:07:45,0.02060600,0.10000000
2018-02-24 14:07:53,0.02060600,0.80000000
2018-02-24 14:07:54,0.02060600,0.11000000
2018-02-24 14:07:55,0.02060600,0.80000000
2018-02-24 14:07:56,0.02060600,0.12000000
2018-02-24 14:08:02,0.02060600,0.80000000
2018-02-24 14:08:02,0.02060600,0.11000000
2018-02-24 14:08:03,0.02059000,0.09000000
2018-02-24 14:08:04,0.02060600,1.29000000
2018-02-24 14:08:05,0.02060600,0.23000000
2018-02-24 14:08:05,0.02059200,5.82000000
2018-02-24 14:08:05,0.02059200,1.89000000
2018-02-24 14:08:06,0.02059200,0.08000000
2018-02-24 14:08:06,0.02059200,0.12000000
2018-02-24 14:08:06,0.02059200,0.70000000
2018-02-24 14:08:19,0.02059200,0.01000000
2018-02-24 14:08:20,0.02060600,1.04000000
2018-02-24 14:08:21,0.02060600,1.30000000
2018-02-24 14:08:30,0.02060400,0.48000000
2018-02-24 14:08:32,0.02060400,0.07000000
2018-02-24 14:08:32,0.02059200,2.00000000
2018-02-24 14:08:33,0.02059200,4.83000000
2018-02-24 14:08:41,0.02059200,0.29000000
2018-02-24 14:08:42,0.02059100,0.25000000
2018-02-24 14:08:42,0.02059000,2.99000000
2018-02-24 14:08:42,0.02059000,0.13000000
2018-02-24 14:08:44,0.02059000,0.17000000
2018-02-24 14:08:44,0.02059000,1.45000000
2018-02-24 14:08:47,0.02059100,0.20000000
2018-02-24 14:08:47,0.02059100,0.25000000
2018-02-24 14:08:52,0.02059000,1.45000000
2018-02-24 14:08:53,0.02059000,1.21000000
2018-02-24 14:08:53,0.02059100,0.25000000
2018-02-24 14:08:53,0.02059100,0.20000000
2018-02-24 14:09:03,0.02059200,0.01000000
2018-02-24 14:09:05,0.02060600,0.19000000
2018-02-24 14:09:09,0.02059200,0.18000000
2018-02-24 14:09:11,0.02059000,1.45000000
2018-02-24 14:09:11,0.02059000,1.45000000
2018-02-24 14:09:11,0.02059000,1.45000000
2018-02-24 14:09:11,0.02059000,1.45000000
2018-02-24 14:09:11,0.02059000,1.45000000
2018-02-24 14:09:11,0.02059000,1.45000000
2018-02-24 14:09:11,0.02059000,1.45000000
2018-02-24 14:09:11,0.02059000,1.45000000
2018-02-24 14:09:11,0.02059000,1.45000000
2018-02-24 14:09:11,0.02059000,1.45000000
2018-02-24 14:09:11,0.02059000,0.92000000
2018-02-24 14:09:12,0.02059000,1.45000000
2018-02-24 14:09:12,0.02059000,0.39000000
2018-02-24 14:09:12,0.02058500,10.66000000
2018-02-24 14:09:14,0.02058200,0.12000000
2018-02-24 14:09:14,0.02058000,0.18000000
2018-02-24 14:09:15,0.02060500,0.01000000
2018-02-24 14:09:23,0.02060000,0.29000000
2018-02-24 14:09:23,0.02060500,0.23000000
2018-02-24 14:09:24,0.02060500,0.41000000
2018-02-24 14:09:24,0.02060500,0.01000000
2018-02-24 14:09:25,0.02060000,0.48000000
2018-02-24 14:09:27,0.02058700,0.43000000
2018-02-24 14:09:41,0.02058700,1.27000000
2018-02-24 14:09:42,0.02058700,1.74000000
2018-02-24 14:09:43,0.02058800,1.04000000
2018-02-24 14:09:45,0.02059800,0.39000000
2018-02-24 14:10:00,0.02059000,0.08000000
2018-02-24 14:10:00,0.02058800,0.72000000
2018-02-24 14:10:00,0.02059800,1.45000000
2018-02-24 14:10:00,0.02059800,1.45000000
2018-02-24 14:10:00,0.02059800,1.45000000
2018-02-24 14:10:14,0.02058900,1.00000000
2018-02-24 14:10:14,0.02058500,0.46000000
2018-02-24 14:10:14,0.02059800,1.50000000
2018-02-24 14:10:14,0.02058500,0.12000000
2018-02-24 14:10:23,0.02058500,0.24000000
2018-02-24 14:10:23,0.02058500,0.17000000
2018-02-24 14:10:28,0.02059800,0.44000000
2018-02-24 14:10:31,0.02059800,0.98000000
2018-02-24 14:10:31,0.02059800,1.45000000
2018-02-24 14:10:31,0.02059800,1.81000000
2018-02-24 14:10:31,0.02059800,1.00000000
2018-02-24 14:10:31,0.02059800,1.00000000
2018-02-24 14:10:31,0.02059800,1.45000000
2018-02-24 14:10:32,0.02059800,18.39000000
2018-02-24 14:10:36,0.02059800,0.12000000
2018-02-24 14:10:36,0.02059800,0.80000000
2018-02-24 14:10:36,0.02060000,6.40000000
2018-02-24 14:10:36,0.02060600,2.09000000
2018-02-24 14:10:36,0.02060600,6.79000000
2018-02-24 14:10:36,0.02059800,1.60000000
2018-02-24 14:10:38,0.02059800,1.16000000
2018-02-24 14:10:38,0.02059800,1.45000000
2018-02-24 14:10:38,0.02059800,1.45000000
2018-02-24 14:10:38,0.02059800,1.45000000
2018-02-24 14:10:38,0.02059800,1.45000000
2018-02-24 14:10:38,0.02059800,1.45000000
2018-02-24 14:10:38,0.02059800,1.45000000
2018-02-24 14:10:38,0.02059800,1.45000000
2018-02-24 14:10:39,0.02059800,0.60000000
2018-02-24 14:10:40,0.02059800,0.19000000
2018-02-24 14:10:41,0.02058500,0.30000000
2018-02-24 14:10:41,0.02058500,0.33000000
2018-02-24 14:10:42,0.02060500,0.48000000
2018-02-24 14:10:44,0.02058800,1.99000000
2018-02-24 14:10:44,0.02060500,10.99000000
2018-02-24 14:10:49,0.02058500,1.45000000
2018-02-24 14:10:54,0.02058500,3.90000000
2018-02-24 14:10:56,0.02060500,0.34000000
2018-02-24 14:10:57,0.02058500,0.08000000
2018-02-24 14:11:02,0.02058500,0.15000000
2018-02-24 14:11:08,0.02060000,5.77000000
2018-02-24 14:11:08,0.02060500,3.70000000
2018-02-24 14:11:08,0.02060600,15.28000000
2018-02-24 14:11:16,0.02060500,0.17000000
2018-02-24 14:11:22,0.02060000,0.82000000
2018-02-24 14:11:23,0.02060000,0.01000000
2018-02-24 14:11:24,0.02060500,1.25000000
2018-02-24 14:11:24,0.02060500,0.29000000
2018-02-24 14:11:24,0.02060500,0.30000000
2018-02-24 14:11:25,0.02060500,1.45000000
2018-02-24 14:11:25,0.02060500,0.41000000
2018-02-24 14:11:27,0.02060500,1.45000000
2018-02-24 14:11:27,0.02060500,0.68000000
2018-02-24 14:11:28,0.02060500,1.45000000
2018-02-24 14:11:28,0.02060500,1.45000000
2018-02-24 14:11:28,0.02060500,1.45000000
2018-02-24 14:11:28,0.02060500,1.45000000
2018-02-24 14:11:28,0.02060500,0.38000000
2018-02-24 14:11:30,0.02058500,2.50000000
2018-02-24 14:11:32,0.02058500,9.24000000
2018-02-24 14:11:37,0.02058500,1.45000000
2018-02-24 14:11:39,0.02060600,3.51000000
2018-02-24 14:11:42,0.02058500,1.20000000
2018-02-24 14:11:42,0.02058500,0.11000000
2018-02-24 14:11:42,0.02060500,0.05000000
2018-02-24 14:11:49,0.02058600,0.50000000
2018-02-24 14:11:50,0.02060600,0.06000000
2018-02-24 14:11:50,0.02058600,0.45000000
2018-02-24 14:11:50,0.02058600,2.83000000
2018-02-24 14:11:51,0.02058600,1.45000000
2018-02-24 14:11:51,0.02058600,0.33000000
2018-02-24 14:11:54,0.02058500,0.28000000
2018-02-24 14:12:02,0.02058500,0.01000000
2018-02-24 14:12:07,0.02058500,1.45000000
2018-02-24 14:12:07,0.02058500,0.94000000
2018-02-24 14:12:09,0.02058000,0.43000000
2018-02-24 14:12:20,0.02058500,1.24000000
2018-02-24 14:12:23,0.02058000,2.15000000
2018-02-24 14:12:24,0.02058000,0.11000000
2018-02-24 14:12:25,0.02058000,0.10000000
2018-02-24 14:12:28,0.02058000,0.34000000
2018-02-24 14:12:29,0.02058500,0.64000000
2018-02-24 14:12:44,0.02058500,1.45000000
2018-02-24 14:12:44,0.02058500,1.45000000
2018-02-24 14:12:44,0.02058500,0.34000000
2018-02-24 14:12:47,0.02060600,1.69000000
2018-02-24 14:12:47,0.02061400,0.10000000
2018-02-24 14:12:47,0.02061600,0.21000000
2018-02-24 14:12:54,0.02059300,0.10000000
2018-02-24 14:12:54,0.02058700,0.21000000
2018-02-24 14:12:54,0.02058500,3.21000000
2018-02-24 14:12:54,0.02058000,0.02000000
2018-02-24 14:12:54,0.02057500,1.27000000
2018-02-24 14:12:54,0.02057300,0.10000000
2018-02-24 14:12:54,0.02057200,0.22000000
2018-02-24 14:12:54,0.02055800,0.40000000
2018-02-24 14:12:54,0.02055600,4.53000000
2018-02-24 14:12:54,0.02055400,0.70000000
2018-02-24 14:12:54,0.02055400,0.66000000
2018-02-24 14:12:54,0.02055400,0.70000000
2018-02-24 14:12:54,0.02055400,0.80000000
2018-02-24 14:12:54,0.02055400,1.45000000
2018-02-24 14:12:54,0.02055300,0.70000000
2018-02-24 14:12:54,0.02055400,1.45000000
2018-02-24 14:12:54,0.02055400,21.09000000
2018-02-24 14:12:54,0.02055400,1.45000000
2018-02-24 14:12:54,0.02055400,0.50000000
2018-02-24 14:12:54,0.02055400,4.99000000
2018-02-24 14:12:54,0.02055400,1.45000000
2018-02-24 14:12:54,0.02055400,0.15000000
2018-02-24 14:12:54,0.02055400,1.45000000
2018-02-24 14:12:54,0.02055400,1.45000000
2018-02-24 14:12:54,0.02055400,1.65000000
2018-02-24 14:12:55,0.02055400,0.14000000
2018-02-24 14:12:55,0.02058100,4.53000000
2018-02-24 14:12:55,0.02059400,0.10000000
2018-02-24 14:12:55,0.02061400,0.58000000
2018-02-24 14:12:55,0.02061500,4.54000000
2018-02-24 14:12:55,0.02061800,2.41000000
2018-02-24 14:13:01,0.02061400,0.10000000
2018-02-24 14:13:01,0.02061800,0.70000000
2018-02-24 14:13:02,0.02061800,0.80000000
2018-02-24 14:13:03,0.02061800,0.08000000
2018-02-24 14:13:03,0.02061800,15.01000000
2018-02-24 14:13:04,0.02061800,0.48000000
2018-02-24 14:13:04,0.02061800,0.80000000
2018-02-24 14:13:07,0.02061600,0.34000000
2018-02-24 14:13:16,0.02063000,3.59000000
2018-02-24 14:13:16,0.02063000,0.03000000
2018-02-24 14:13:16,0.02063500,2.11000000
2018-02-24 14:13:16,0.02063700,0.24000000
2018-02-24 14:13:16,0.02064800,41.96000000
2018-02-24 14:13:16,0.02065000,0.23000000
2018-02-24 14:13:16,0.02065100,0.53000000
2018-02-24 14:13:16,0.02065600,0.10000000
2018-02-24 14:13:16,0.02065800,9.70000000
2018-02-24 14:13:16,0.02065900,6.03000000
2018-02-24 14:13:16,0.02066200,0.48000000
2018-02-24 14:13:16,0.02066600,3.59000000
2018-02-24 14:13:16,0.02066800,0.08000000
2018-02-24 14:13:16,0.02067600,0.70000000
2018-02-24 14:13:16,0.02067900,0.90000000
2018-02-24 14:13:16,0.02068100,15.00000000
2018-02-24 14:13:16,0.02068200,3.18000000
2018-02-24 14:13:16,0.02068900,0.51000000
2018-02-24 14:13:16,0.02069000,0.61000000
2018-02-24 14:13:16,0.02069200,0.07000000
2018-02-24 14:13:16,0.02069400,0.40000000
2018-02-24 14:13:16,0.02069500,0.37000000
2018-02-24 14:13:16,0.02069700,38.73000000
2018-02-24 14:13:16,0.02069900,2.44000000
2018-02-24 14:13:16,0.02070000,6.09000000
2018-02-24 14:13:16,0.02070400,0.60000000
2018-02-24 14:13:16,0.02070500,8.82000000
2018-02-24 14:13:16,0.02070600,0.05000000
2018-02-24 14:13:16,0.02070900,0.07000000
2018-02-24 14:13:16,0.02071300,0.28000000
2018-02-24 14:13:16,0.02071400,5.16000000
2018-02-24 14:13:16,0.02071700,0.84000000
2018-02-24 14:13:16,0.02071700,3.07000000
2018-02-24 14:13:18,0.02067600,0.09000000
2018-02-24 14:13:18,0.02067600,0.01000000
2018-02-24 14:13:18,0.02065000,2.01000000
2018-02-24 14:13:19,0.02065000,0.10000000
2018-02-24 14:13:19,0.02065000,2.01000000
2018-02-24 14:13:20,0.02063700,0.48000000
2018-02-24 14:13:20,0.02063700,0.40000000
2018-02-24 14:13:23,0.02065000,0.49000000
2018-02-24 14:13:23,0.02065000,0.50000000
2018-02-24 14:13:25,0.02063600,0.04000000
2018-02-24 14:13:25,0.02065000,0.11000000
2018-02-24 14:13:25,0.02066000,0.37000000
2018-02-24 14:13:26,0.02066000,0.48000000
2018-02-24 14:13:26,0.02063600,0.21000000
2018-02-24 14:13:27,0.02066000,0.48000000
2018-02-24 14:13:31,0.02066000,0.67000000
2018-02-24 14:13:31,0.02066000,5.70000000
2018-02-24 14:13:32,0.02065900,0.01000000
2018-02-24 14:13:32,0.02066000,0.13000000
2018-02-24 14:13:33,0.02063700,0.22000000
2018-02-24 14:13:33,0.02065900,0.11000000
2018-02-24 14:13:33,0.02066000,0.99000000
2018-02-24 14:13:35,0.02066000,0.37000000
2018-02-24 14:13:36,0.02063700,0.03000000
2018-02-24 14:13:36,0.02063500,0.10000000
2018-02-24 14:13:37,0.02063400,2.00000000
2018-02-24 14:13:37,0.02063100,2.00000000
2018-02-24 14:13:38,0.02063700,0.09000000
2018-02-24 14:13:38,0.02065600,0.10000000
2018-02-24 14:13:38,0.02066000,0.29000000
2018-02-24 14:13:38,0.02066000,0.48000000
2018-02-24 14:13:39,0.02063100,0.23000000
2018-02-24 14:13:40,0.02063500,0.11000000
2018-02-24 14:13:40,0.02063500,0.01000000
2018-02-24 14:13:41,0.02063500,0.05000000
2018-02-24 14:13:46,0.02063400,0.08000000
2018-02-24 14:13:53,0.02062200,0.83000000
2018-02-24 14:13:56,0.02062200,0.76000000
2018-02-24 14:14:02,0.02063500,0.16000000
2018-02-24 14:14:03,0.02063400,0.40000000
2018-02-24 14:14:05,0.02063400,0.97000000
2018-02-24 14:14:07,0.02065500,0.47000000
2018-02-24 14:14:07,0.02065500,0.41000000
2018-02-24 14:14:07,0.02065600,0.10000000
2018-02-24 14:14:07,0.02066000,10.32000000
2018-02-24 14:14:08,0.02066000,0.01000000
2018-02-24 14:14:19,0.02066000,16.40000000
2018-02-24 14:14:20,0.02064400,0.31000000
2018-02-24 14:14:22,0.02064800,4.23000000
2018-02-24 14:14:22,0.02064400,0.62000000
2018-02-24 14:14:24,0.02067100,0.61000000
2018-02-24 14:14:26,0.02064700,0.25000000
2018-02-24 14:14:26,0.02064300,1.45000000
2018-02-24 14:14:26,0.02064300,0.24000000
2018-02-24 14:14:34,0.02064600,0.05000000
2018-02-24 14:14:35,0.02064600,0.22000000
2018-02-24 14:14:38,0.02067100,0.01000000
2018-02-24 14:14:38,0.02067200,0.47000000
2018-02-24 14:14:40,0.02067200,1.45000000
2018-02-24 14:14:40,0.02067200,0.08000000
2018-02-24 14:14:40,0.02067500,1.44000000
2018-02-24 14:14:40,0.02067500,0.56000000
2018-02-24 14:14:40,0.02067600,0.10000000
2018-02-24 14:14:41,0.02067500,0.56000000
2018-02-24 14:14:41,0.02065500,0.04000000
2018-02-24 14:14:43,0.02065800,0.10000000
2018-02-24 14:14:43,0.02068700,0.17000000
2018-02-24 14:14:44,0.02069700,0.10000000
2018-02-24 14:14:44,0.02069800,0.38000000
2018-02-24 14:14:46,0.02069800,0.11000000
2018-02-24 14:14:46,0.02070000,1.44000000
2018-02-24 14:14:46,0.02070000,1.44000000
2018-02-24 14:14:46,0.02070000,1.44000000
2018-02-24 14:14:46,0.02070000,2.69000000
2018-02-24 14:14:46,0.02070100,2.44000000
2018-02-24 14:14:46,0.02071800,0.10000000
2018-02-24 14:14:46,0.02070100,0.25000000
2018-02-24 14:14:46,0.02070000,0.24000000
2018-02-24 14:14:47,0.02070000,0.05000000
2018-02-24 14:14:47,0.02069900,0.44000000
2018-02-24 14:14:47,0.02071800,0.10000000
2018-02-24 14:14:47,0.02072000,1.54000000
2018-02-24 14:14:47,0.02072000,1.00000000
2018-02-24 14:14:47,0.02072000,1.93000000
2018-02-24 14:14:47,0.02072000,4.22000000
2018-02-24 14:14:47,0.02067700,2.49000000
2018-02-24 14:14:47,0.02067600,0.34000000
2018-02-24 14:14:47,0.02065900,0.09000000
2018-02-24 14:14:48,0.02066300,2.42000000
2018-02-24 14:14:48,0.02069700,0.10000000
2018-02-24 14:14:48,0.02066400,0.90000000
2018-02-24 14:14:50,0.02069600,1.44000000
2018-02-24 14:14:50,0.02069600,1.05000000
2018-02-24 14:14:50,0.02069400,0.90000000
2018-02-24 14:14:51,0.02069700,0.10000000
2018-02-24 14:14:52,0.02067200,1.45000000
2018-02-24 14:14:52,0.02067500,5.17000000
2018-02-24 14:14:52,0.02067500,0.20000000
2018-02-24 14:14:53,0.02067600,0.10000000
2018-02-24 14:14:53,0.02067500,0.14000000
2018-02-24 14:14:58,0.02067700,0.79000000
2018-02-24 14:14:59,0.02066900,0.12000000
2018-02-24 14:15:01,0.02066200,2.00000000
2018-02-24 14:15:02,0.02066900,0.05000000
2018-02-24 14:15:02,0.02067700,6.17000000
2018-02-24 14:15:03,0.02067700,0.19000000
2018-02-24 14:15:05,0.02067700,0.55000000
2018-02-24 14:15:07,0.02067700,0.20000000
2018-02-24 14:15:07,0.02067700,0.73000000
2018-02-24 14:15:10,0.02067900,0.45000000
2018-02-24 14:15:10,0.02069700,0.10000000
2018-02-24 14:15:10,0.02070200,2.42000000
2018-02-24 14:15:10,0.02070300,0.03000000
2018-02-24 14:15:11,0.02070300,1.00000000
2018-02-24 14:15:11,0.02070300,0.38000000
2018-02-24 14:15:12,0.02068000,2.42000000
2018-02-24 14:15:14,0.02068200,0.90000000
2018-02-24 14:15:15,0.02070000,0.90000000
2018-02-24 14:15:15,0.02068000,0.29000000
2018-02-24 14:15:17,0.02068000,2.42000000
2018-02-24 14:15:17,0.02068000,0.05000000
2018-02-24 14:15:18,0.02068000,0.39000000
2018-02-24 14:15:19,0.02068000,0.41000000
2018-02-24 14:15:19,0.02067600,0.10000000
2018-02-24 14:15:19,0.02066100,0.29000000
2018-02-24 14:15:19,0.02066300,4.80000000
2018-02-24 14:15:19,0.02066100,0.59000000
2018-02-24 14:15:19,0.02066100,0.03000000
2018-02-24 14:15:20,0.02066000,0.13000000
2018-02-24 14:15:20,0.02065900,1.92000000
2018-02-24 14:15:20,0.02065500,0.06000000
2018-02-24 14:15:20,0.02065200,4.49000000
2018-02-24 14:15:20,0.02065000,5.00000000
2018-02-24 14:15:20,0.02064100,3.92000000
2018-02-24 14:15:20,0.02063500,0.10000000
2018-02-24 14:15:20,0.02063300,0.48000000
2018-02-24 14:15:20,0.02062400,0.84000000
2018-02-24 14:15:20,0.02062300,15.00000000
2018-02-24 14:15:20,0.02062200,2.97000000
2018-02-24 14:15:21,0.02065600,0.48000000
2018-02-24 14:15:21,0.02061700,0.14000000
2018-02-24 14:15:21,0.02061600,1.49000000
2018-02-24 14:15:21,0.02061400,0.10000000
2018-02-24 14:15:21,0.02060000,12.67000000
2018-02-24 14:15:21,0.02060000,14.38000000
2018-02-24 14:15:21,0.02062200,0.13000000
2018-02-24 14:15:21,0.02060000,4.98000000
2018-02-24 14:15:22,0.02060000,1.50000000
2018-02-24 14:15:23,0.02063300,1.45000000
2018-02-24 14:15:23,0.02063300,1.45000000
2018-02-24 14:15:23,0.02063300,1.40000000
2018-02-24 14:15:23,0.02063300,0.24000000
2018-02-24 14:15:23,0.02063300,0.26000000
2018-02-24 14:15:23,0.02063400,0.43000000
2018-02-24 14:15:24,0.02063300,0.26000000
2018-02-24 14:15:24,0.02060100,0.25000000
2018-02-24 14:15:24,0.02063300,1.45000000
2018-02-24 14:15:24,0.02063300,13.82000000
2018-02-24 14:15:24,0.02060000,0.15000000
2018-02-24 14:15:24,0.02060000,5.25000000
2018-02-24 14:15:24,0.02063300,18.51000000
2018-02-24 14:15:25,0.02060400,1.87000000
2018-02-24 14:15:25,0.02060200,5.41000000
2018-02-24 14:15:25,0.02063300,1.45000000
2018-02-24 14:15:25,0.02063300,1.45000000
2018-02-24 14:15:25,0.02063300,1.45000000
2018-02-24 14:15:26,0.02063300,0.60000000
2018-02-24 14:15:26,0.02060600,0.97000000
2018-02-24 14:15:26,0.02060200,3.05000000
2018-02-24 14:15:26,0.02060000,0.82000000
2018-02-24 14:15:26,0.02063300,2.33000000
2018-02-24 14:15:26,0.02063500,0.10000000
2018-02-24 14:15:26,0.02064500,0.24000000
2018-02-24 14:15:27,0.02065100,3.33000000
2018-02-24 14:15:27,0.02061400,0.06000000
2018-02-24 14:15:28,0.02061400,0.04000000
2018-02-24 14:15:28,0.02060700,0.40000000
2018-02-24 14:15:29,0.02060800,0.51000000
2018-02-24 14:15:29,0.02060800,9.61000000
2018-02-24 14:15:32,0.02060800,35.88000000
2018-02-24 14:15:35,0.02063000,0.40000000
2018-02-24 14:15:35,0.02063100,2.87000000
2018-02-24 14:15:35,0.02063500,0.10000000
2018-02-24 14:15:35,0.02065000,34.62000000
2018-02-24 14:15:37,0.02061400,0.10000000
2018-02-24 14:15:37,0.02060600,0.25000000
2018-02-24 14:15:37,0.02060500,0.10000000
2018-02-24 14:15:37,0.02060100,0.23000000
2018-02-24 14:15:37,0.02060000,0.32000000
2018-02-24 14:15:37,0.02062900,3.59000000
2018-02-24 14:15:38,0.02062800,0.48000000
2018-02-24 14:15:39,0.02060800,0.30000000
2018-02-24 14:15:40,0.02060800,0.24000000
2018-02-24 14:15:41,0.02060900,0.25000000
2018-02-24 14:15:41,0.02059300,0.09000000
2018-02-24 14:15:48,0.02059500,0.24000000
2018-02-24 14:15:48,0.02059700,0.48000000
2018-02-24 14:15:50,0.02059300,0.01000000
2018-02-24 14:15:50,0.02058100,0.19000000
2018-02-24 14:15:51,0.02058100,0.80000000
2018-02-24 14:15:54,0.02057700,0.17000000
2018-02-24 14:15:55,0.02057700,0.11000000
2018-02-24 14:15:55,0.02057700,0.11000000
2018-02-24 14:15:58,0.02057500,0.20000000
2018-02-24 14:16:00,0.02059700,0.19000000
2018-02-24 14:16:00,0.02057700,0.36000000
2018-02-24 14:16:00,0.02057500,0.16000000
2018-02-24 14:16:00,0.02057300,0.20000000
2018-02-24 14:16:02,0.02057700,0.19000000
2018-02-24 14:16:04,0.02057500,0.12000000
2018-02-24 14:16:04,0.02057500,0.19000000
2018-02-24 14:16:06,0.02057400,0.49000000
2018-02-24 14:16:06,0.02057400,0.99000000
2018-02-24 14:16:08,0.02057400,0.10000000
2018-02-24 14:16:09,0.02057400,0.14000000
2018-02-24 14:16:10,0.02057400,0.30000000
2018-02-24 14:16:10,0.02057600,0.55000000
2018-02-24 14:16:11,0.02057700,0.04000000
2018-02-24 14:16:11,0.02059400,0.10000000
2018-02-24 14:16:11,0.02061400,0.10000000
2018-02-24 14:16:11,0.02061600,0.22000000
2018-02-24 14:16:12,0.02059300,0.10000000
2018-02-24 14:16:12,0.02057800,0.49000000
2018-02-24 14:16:14,0.02061500,0.04000000
2018-02-24 14:16:19,0.02058500,2.01000000
2018-02-24 14:16:23,0.02059600,1.19000000
2018-02-24 14:16:24,0.02059300,1.06000000
2018-02-24 14:16:24,0.02058400,1.00000000
2018-02-24 14:16:24,0.02059100,0.54000000
2018-02-24 14:16:25,0.02059000,0.44000000
2018-02-24 14:16:25,0.02059000,0.48000000
2018-02-24 14:16:27,0.02060700,1.00000000
2018-02-24 14:16:31,0.02060700,0.12000000
2018-02-24 14:16:31,0.02060700,0.19000000
2018-02-24 14:16:34,0.02060700,0.19000000
2018-02-24 14:16:34,0.02060700,0.10000000
2018-02-24 14:16:34,0.02060700,4.11000000
2018-02-24 14:16:40,0.02060800,0.34000000
2018-02-24 14:16:41,0.02060800,1.07000000
2018-02-24 14:16:42,0.02060800,0.10000000
2018-02-24 14:16:42,0.02060800,0.50000000
2018-02-24 14:16:43,0.02061400,0.10000000
2018-02-24 14:16:44,0.02062700,0.29000000
2018-02-24 14:16:44,0.02062700,0.29000000
2018-02-24 14:16:44,0.02062700,0.18000000
2018-02-24 14:16:51,0.02063500,0.10000000
2018-02-24 14:16:51,0.02064400,0.08000000
2018-02-24 14:16:51,0.02064500,0.48000000
2018-02-24 14:16:51,0.02065100,1.44000000
2018-02-24 14:16:51,0.02065100,1.89000000
2018-02-24 14:16:51,0.02065600,0.10000000
2018-02-24 14:16:52,0.02067100,0.08000000
2018-02-24 14:16:52,0.02067500,0.21000000
2018-02-24 14:16:52,0.02067600,0.66000000
2018-02-24 14:16:52,0.02067600,0.66000000
2018-02-24 14:16:52,0.02067600,0.78000000
2018-02-24 14:16:53,0.02067600,1.45000000
2018-02-24 14:16:53,0.02067600,0.14000000
2018-02-24 14:16:54,0.02067700,0.16000000
2018-02-24 14:16:55,0.02065200,1.00000000
2018-02-24 14:16:58,0.02068000,0.40000000
2018-02-24 14:16:58,0.02068200,1.44000000
2018-02-24 14:16:58,0.02068200,0.56000000
2018-02-24 14:17:02,0.02065700,4.02000000
2018-02-24 14:17:02,0.02065600,8.29000000
2018-02-24 14:17:02,0.02065500,0.10000000
2018-02-24 14:17:02,0.02065300,2.50000000
2018-02-24 14:17:02,0.02068100,0.11000000
2018-02-24 14:17:02,0.02067900,1.44000000
2018-02-24 14:17:03,0.02067900,1.44000000
2018-02-24 14:17:03,0.02067900,1.13000000
2018-02-24 14:17:03,0.02067600,0.10000000
2018-02-24 14:17:03,0.02067900,0.01000000
2018-02-24 14:17:03,0.02068000,4.02000000
2018-02-24 14:17:03,0.02068100,1.91000000
2018-02-24 14:17:03,0.02068200,0.01000000
2018-02-24 14:17:03,0.02069700,0.10000000
2018-02-24 14:17:03,0.02070000,4.94000000
2018-02-24 14:17:03,0.02070300,0.59000000
2018-02-24 14:17:03,0.02071400,0.24000000
2018-02-24 14:17:03,0.02071800,0.10000000
2018-02-24 14:17:03,0.02072000,2.00000000
2018-02-24 14:17:03,0.02072200,3.84000000
2018-02-24 14:17:03,0.02072300,0.61000000
2018-02-24 14:17:03,0.02072700,0.35000000
2018-02-24 14:17:03,0.02072800,9.18000000
2018-02-24 14:17:03,0.02067900,1.44000000
2018-02-24 14:17:03,0.02067900,0.56000000
2018-02-24 14:17:05,0.02065500,6.03000000
2018-02-24 14:17:05,0.02065400,1.19000000
2018-02-24 14:17:05,0.02065300,0.80000000
2018-02-24 14:17:05,0.02065200,0.44000000
2018-02-24 14:17:05,0.02065100,0.12000000
2018-02-24 14:17:05,0.02067900,0.01000000
2018-02-24 14:17:05,0.02068100,0.24000000
2018-02-24 14:17:05,0.02068000,1.77000000
2018-02-24 14:17:05,0.02069700,0.10000000
2018-02-24 14:17:05,0.02068000,1.91000000
2018-02-24 14:17:05,0.02068000,2.01000000
2018-02-24 14:17:07,0.02068200,1.00000000
2018-02-24 14:17:07,0.02071700,0.05000000
2018-02-24 14:17:07,0.02068500,1.74000000
2018-02-24 14:17:08,0.02068500,0.37000000
2018-02-24 14:17:09,0.02068500,0.31000000
2018-02-24 14:17:09,0.02068500,4.22000000
2018-02-24 14:17:10,0.02068500,0.61000000
2018-02-24 14:17:10,0.02068100,30.85000000
2018-02-24 14:17:10,0.02068100,0.12000000
2018-02-24 14:17:12,0.02068300,3.18000000
2018-02-24 14:17:13,0.02068000,0.24000000
2018-02-24 14:17:14,0.02068300,0.28000000
2018-02-24 14:17:14,0.02068000,0.15000000
2018-02-24 14:17:15,0.02068300,1.44000000
2018-02-24 14:17:15,0.02068300,3.35000000
2018-02-24 14:17:15,0.02068500,0.91000000
2018-02-24 14:17:15,0.02068400,1.44000000
2018-02-24 14:17:15,0.02068000,9.28000000
2018-02-24 14:17:17,0.02068000,0.11000000
2018-02-24 14:17:17,0.02070600,0.01000000
2018-02-24 14:17:17,0.02068000,0.26000000
2018-02-24 14:17:18,0.02070500,4.48000000
2018-02-24 14:17:18,0.02070600,30.96000000
2018-02-24 14:17:18,0.02070700,2.50000000
2018-02-24 14:17:18,0.02071000,0.25000000
2018-02-24 14:17:18,0.02071000,12.00000000
2018-02-24 14:17:18,0.02071000,4.59000000
2018-02-24 14:17:18,0.02071000,1.04000000
2018-02-24 14:17:19,0.02071000,4.85000000
2018-02-24 14:17:19,0.02071000,14.40000000
2018-02-24 14:17:19,0.02068200,2.42000000
2018-02-24 14:17:19,0.02068200,3.40000000
2018-02-24 14:17:20,0.02068400,0.82000000
2018-02-24 14:17:21,0.02068200,0.07000000
2018-02-24 14:17:21,0.02068100,0.09000000
2018-02-24 14:17:22,0.02069300,0.37000000
2018-02-24 14:17:23,0.02067600,0.10000000
2018-02-24 14:17:25,0.02068100,0.52000000
2018-02-24 14:17:25,0.02065900,0.20000000
2018-02-24 14:17:26,0.02065900,0.29000000
2018-02-24 14:17:26,0.02069300,5.45000000
2018-02-24 14:17:26,0.02069500,14.55000000
2018-02-24 14:17:26,0.02066000,0.30000000
2018-02-24 14:17:27,0.02066200,3.58000000
2018-02-24 14:17:29,0.02066200,0.20000000
2018-02-24 14:17:30,0.02066400,0.48000000
2018-02-24 14:17:31,0.02066200,0.05000000
2018-02-24 14:17:31,0.02069200,1.44000000
2018-02-24 14:17:31,0.02069200,1.44000000
2018-02-24 14:17:31,0.02069100,0.30000000
2018-02-24 14:17:31,0.02069200,0.60000000
2018-02-24 14:17:31,0.02069500,0.30000000
2018-02-24 14:17:32,0.02069500,0.30000000
2018-02-24 14:17:32,0.02069200,0.90000000
2018-02-24 14:17:33,0.02069500,0.22000000
2018-02-24 14:17:33,0.02066700,2.94000000
2018-02-24 14:17:37,0.02069500,1.44000000
2018-02-24 14:17:37,0.02069500,0.14000000
2018-02-24 14:17:37,0.02069500,0.15000000
2018-02-24 14:17:39,0.02069400,2.41000000
2018-02-24 14:17:39,0.02069300,0.48000000
2018-02-24 14:17:39,0.02069300,0.73000000
2018-02-24 14:17:39,0.02069400,7.61000000
2018-02-24 14:17:40,0.02067200,0.56000000
2018-02-24 14:17:41,0.02067200,0.51000000
2018-02-24 14:17:41,0.02069400,1.00000000
2018-02-24 14:17:43,0.02069400,1.44000000
2018-02-24 14:17:44,0.02069300,0.79000000
2018-02-24 14:17:44,0.02069300,0.93000000
2018-02-24 14:17:45,0.02068000,1.44000000
2018-02-24 14:17:45,0.02068000,2.02000000
2018-02-24 14:17:45,0.02068000,0.14000000
2018-02-24 14:17:45,0.02069300,1.30000000
2018-02-24 14:17:45,0.02067300,0.25000000
2018-02-24 14:17:45,0.02067000,0.12000000
2018-02-24 14:17:45,0.02067000,0.11000000
2018-02-24 14:17:46,0.02067000,0.12000000
2018-02-24 14:17:46,0.02067000,1.44000000
2018-02-24 14:17:46,0.02067000,1.33000000
2018-02-24 14:17:46,0.02067000,0.61000000
2018-02-24 14:17:46,0.02067000,0.24000000
2018-02-24 14:17:46,0.02067000,0.31000000
2018-02-24 14:17:46,0.02066900,1.44000000
2018-02-24 14:17:47,0.02066900,1.44000000
2018-02-24 14:17:47,0.02066900,1.45000000
2018-02-24 14:17:47,0.02066900,0.14000000
2018-02-24 14:17:47,0.02067000,1.45000000
2018-02-24 14:17:47,0.02067000,1.45000000
2018-02-24 14:17:48,0.02067000,0.90000000
2018-02-24 14:17:48,0.02066700,0.06000000
2018-02-24 14:17:48,0.02067000,1.39000000
2018-02-24 14:17:48,0.02067000,1.45000000
2018-02-24 14:17:48,0.02067000,0.83000000
2018-02-24 14:17:51,0.02066500,0.11000000
2018-02-24 14:17:53,0.02066500,0.14000000
2018-02-24 14:17:53,0.02066400,0.04000000
2018-02-24 14:17:53,0.02069000,1.44000000
2018-02-24 14:17:53,0.02069000,3.56000000
2018-02-24 14:17:54,0.02066500,0.05000000
2018-02-24 14:17:57,0.02067000,1.03000000
2018-02-24 14:17:57,0.02067000,0.41000000
2018-02-24 14:17:59,0.02069600,1.21000000
2018-02-24 14:18:00,0.02069600,0.21000000
2018-02-24 14:18:04,0.02069500,0.19000000
2018-02-24 14:18:05,0.02069500,2.00000000
2018-02-24 14:18:08,0.02069400,0.50000000
2018-02-24 14:18:09,0.02067000,0.05000000
2018-02-24 14:18:12,0.02067000,0.05000000
2018-02-24 14:18:15,0.02067000,0.80000000
2018-02-24 14:18:16,0.02069300,0.05000000
2018-02-24 14:18:20,0.02069300,22.17000000
2018-02-24 14:18:22,0.02067200,0.39000000
2018-02-24 14:18:23,0.02068000,0.30000000
2018-02-24 14:18:24,0.02068000,0.50000000
2018-02-24 14:18:24,0.02067200,1.62000000
2018-02-24 14:18:25,0.02069200,0.53000000
2018-02-24 14:18:25,0.02067200,2.82000000
2018-02-24 14:18:25,0.02067200,1.44000000
2018-02-24 14:18:25,0.02067200,1.45000000
2018-02-24 14:18:25,0.02067200,1.44000000
2018-02-24 14:18:25,0.02067200,0.98000000
2018-02-24 14:18:26,0.02067200,0.92000000
2018-02-24 14:18:32,0.02067000,0.05000000
2018-02-24 14:18:38,0.02068800,0.96000000
2018-02-24 14:18:38,0.02068800,1.44000000
2018-02-24 14:18:40,0.02068500,0.48000000
2018-02-24 14:18:41,0.02068500,0.42000000
2018-02-24 14:18:49,0.02067000,0.72000000
2018-02-24 14:18:51,0.02067000,0.12000000
2018-02-24 14:18:54,0.02068400,0.05000000
2018-02-24 14:18:56,0.02067100,0.24000000
2018-02-24 14:18:56,0.02067000,0.06000000
2018-02-24 14:18:58,0.02067000,1.66000000
2018-02-24 14:19:01,0.02067000,0.43000000
2018-02-24 14:19:03,0.02067000,3.04000000
2018-02-24 14:19:03,0.02067000,0.62000000
2018-02-24 14:19:07,0.02067000,4.73000000
2018-02-24 14:19:08,0.02065500,0.17000000
2018-02-24 14:19:08,0.02063500,0.10000000
2018-02-24 14:19:08,0.02062600,1.73000000
2018-02-24 14:19:08,0.02067000,0.84000000
2018-02-24 14:19:10,0.02063400,0.25000000
2018-02-24 14:19:12,0.02063000,0.25000000
2018-02-24 14:19:13,0.02065600,0.10000000
2018-02-24 14:19:13,0.02065500,2.33000000
2018-02-24 14:19:14,0.02065500,1.45000000
2018-02-24 14:19:14,0.02065500,1.45000000
2018-02-24 14:19:14,0.02065500,2.97000000
2018-02-24 14:19:14,0.02065500,1.45000000
2018-02-24 14:19:14,0.02065500,1.45000000
2018-02-24 14:19:15,0.02065500,1.45000000
2018-02-24 14:19:15,0.02065500,1.42000000
2018-02-24 14:19:15,0.02065500,1.37000000
2018-02-24 14:19:15,0.02063500,0.10000000
2018-02-24 14:19:15,0.02062900,1.32000000
2018-02-24 14:19:18,0.02063100,2.49000000
2018-02-24 14:19:18,0.02062900,0.94000000
2018-02-24 14:19:18,0.02062400,22.02000000
2018-02-24 14:19:18,0.02065500,39.49000000
2018-02-24 14:19:20,0.02065200,0.30000000
2018-02-24 14:19:21,0.02065200,0.64000000
2018-02-24 14:19:24,0.02062800,1.00000000
2018-02-24 14:19:26,0.02064900,0.25000000
2018-02-24 14:19:26,0.02062800,0.10000000
2018-02-24 14:19:26,0.02062800,0.20000000
2018-02-24 14:19:28,0.02064900,0.48000000
2018-02-24 14:19:29,0.02062800,0.20000000
2018-02-24 14:19:29,0.02062800,0.10000000
2018-02-24 14:19:30,0.02064800,2.04000000
2018-02-24 14:19:30,0.02064800,10.79000000
2018-02-24 14:19:30,0.02064800,0.24000000
2018-02-24 14:19:31,0.02064600,1.45000000
2018-02-24 14:19:32,0.02064600,0.56000000
2018-02-24 14:19:32,0.02064600,0.56000000
2018-02-24 14:19:32,0.02063000,0.56000000
2018-02-24 14:19:32,0.02064600,0.29000000
2018-02-24 14:19:32,0.02063100,0.20000000
2018-02-24 14:19:33,0.02063000,0.84000000
2018-02-24 14:19:34,0.02063000,3.64000000
2018-02-24 14:19:34,0.02062800,0.41000000
2018-02-24 14:19:34,0.02062100,0.48000000
2018-02-24 14:19:34,0.02062000,0.27000000
2018-02-24 14:19:35,0.02064600,1.45000000
2018-02-24 14:19:35,0.02064600,1.45000000
2018-02-24 14:19:35,0.02064600,13.21000000
2018-02-24 14:19:35,0.02064600,2.32000000
2018-02-24 14:19:35,0.02064800,1.45000000
2018-02-24 14:19:35,0.02064800,0.49000000
2018-02-24 14:19:35,0.02064800,0.83000000
2018-02-24 14:19:35,0.02064800,6.19000000
2018-02-24 14:19:38,0.02064600,0.30000000
2018-02-24 14:19:41,0.02065000,0.48000000
2018-02-24 14:19:42,0.02064900,0.08000000
2018-02-24 14:19:42,0.02064900,1.45000000
2018-02-24 14:19:42,0.02064900,1.00000000
2018-02-24 14:19:42,0.02064900,1.45000000
2018-02-24 14:19:42,0.02064900,0.86000000
2018-02-24 14:19:42,0.02064600,0.35000000
2018-02-24 14:19:42,0.02065000,1.24000000
2018-02-24 14:19:43,0.02065000,1.01000000
2018-02-24 14:19:43,0.02065000,0.54000000
2018-02-24 14:19:43,0.02065000,1.45000000
2018-02-24 14:19:43,0.02065000,3.89000000
2018-02-24 14:19:43,0.02065100,1.45000000
2018-02-24 14:19:43,0.02065100,0.56000000
2018-02-24 14:19:43,0.02065200,1.07000000
2018-02-24 14:19:43,0.02065600,0.10000000
2018-02-24 14:19:43,0.02066900,0.07000000
2018-02-24 14:19:44,0.02065100,0.08000000
2018-02-24 14:19:44,0.02065100,0.48000000
2018-02-24 14:19:44,0.02064800,0.56000000
2018-02-24 14:19:44,0.02064800,2.07000000
2018-02-24 14:19:44,0.02064800,2.07000000
2018-02-24 14:19:44,0.02064800,1.51000000
2018-02-24 14:19:44,0.02064800,1.45000000
2018-02-24 14:19:44,0.02064800,2.07000000
2018-02-24 14:19:45,0.02064800,1.00000000
2018-02-24 14:19:45,0.02063500,0.10000000
2018-02-24 14:19:49,0.02063100,0.24000000
2018-02-24 14:19:49,0.02063000,0.12000000
2018-02-24 14:19:50,0.02063000,0.24000000
2018-02-24 14:19:51,0.02065600,0.10000000
2018-02-24 14:19:52,0.02063500,0.13000000
2018-02-24 14:19:55,0.02066800,0.13000000
2018-02-24 14:19:55,0.02066900,0.35000000
2018-02-24 14:19:55,0.02066900,1.07000000
2018-02-24 14:19:55,0.02064100,0.21000000
2018-02-24 14:19:56,0.02066900,2.81000000
2018-02-24 14:19:59,0.02064800,0.46000000
2018-02-24 14:20:03,0.02066900,0.48000000
2018-02-24 14:20:04,0.02066900,0.48000000
2018-02-24 14:20:05,0.02066900,1.92000000
2018-02-24 14:20:05,0.02064800,0.50000000
2018-02-24 14:20:08,0.02064800,0.09000000
2018-02-24 14:20:08,0.02064800,0.60000000
2018-02-24 14:20:08,0.02064800,0.39000000
2018-02-24 14:20:11,0.02065300,0.63000000
2018-02-24 14:20:11,0.02065400,3.26000000
2018-02-24 14:20:11,0.02066800,4.48000000
2018-02-24 14:20:11,0.02066900,1.14000000
2018-02-24 14:20:11,0.02066900,0.96000000
2018-02-24 14:20:11,0.02066900,0.62000000
2018-02-24 14:20:11,0.02066900,3.88000000
2018-02-24 14:20:11,0.02065300,0.63000000
2018-02-24 14:20:12,0.02066900,2.41000000
2018-02-24 14:20:13,0.02065500,0.93000000
2018-02-24 14:20:13,0.02066900,14.22000000
2018-02-24 14:20:13,0.02067000,0.56000000
2018-02-24 14:20:13,0.02067100,1.22000000
2018-02-24 14:20:23,0.02067000,0.94000000
2018-02-24 14:20:25,0.02065300,0.63000000
2018-02-24 14:20:25,0.02064800,0.37000000
2018-02-24 14:20:36,0.02064800,0.07000000
2018-02-24 14:20:36,0.02064700,0.93000000
2018-02-24 14:20:37,0.02066000,0.20000000
2018-02-24 14:20:37,0.02066000,1.45000000
2018-02-24 14:20:37,0.02066000,0.15000000
2018-02-24 14:20:37,0.02067100,1.45000000
2018-02-24 14:20:37,0.02067100,0.74000000
2018-02-24 14:20:38,0.02067600,0.10000000
2018-02-24 14:20:40,0.02065600,4.02000000
2018-02-24 14:20:40,0.02065500,0.10000000
2018-02-24 14:20:41,0.02065800,0.44000000
2018-02-24 14:20:41,0.02067100,0.24000000
2018-02-24 14:20:42,0.02067600,0.10000000
2018-02-24 14:20:48,0.02067900,1.75000000
2018-02-24 14:20:50,0.02067600,0.51000000
2018-02-24 14:20:51,0.02065500,0.10000000
2018-02-24 14:20:52,0.02065500,0.07000000
2018-02-24 14:20:52,0.02065200,0.35000000
2018-02-24 14:20:52,0.02067600,0.10000000
2018-02-24 14:20:53,0.02067800,0.27000000
2018-02-24 14:20:53,0.02067900,0.21000000
2018-02-24 14:20:53,0.02067900,0.21000000
2018-02-24 14:20:53,0.02067900,0.24000000
2018-02-24 14:20:56,0.02067900,5.92000000
2018-02-24 14:20:59,0.02067900,0.58000000
2018-02-24 14:21:01,0.02067900,0.80000000
2018-02-24 14:21:03,0.02067900,1.45000000
2018-02-24 14:21:03,0.02065500,0.10000000
2018-02-24 14:21:03,0.02065200,3.90000000
2018-02-24 14:21:03,0.02065200,0.60000000
2018-02-24 14:21:03,0.02065000,3.55000000
2018-02-24 14:21:03,0.02064800,2.01000000
2018-02-24 14:21:03,0.02063500,0.10000000
2018-02-24 14:21:03,0.02063200,0.26000000
2018-02-24 14:21:03,0.02063100,9.48000000
2018-02-24 14:21:04,0.02067900,1.44000000
2018-02-24 14:21:04,0.02067900,0.48000000
2018-02-24 14:21:05,0.02065600,0.10000000
2018-02-24 14:21:05,0.02065500,0.19000000
2018-02-24 14:21:05,0.02065500,0.70000000
2018-02-24 14:21:05,0.02065500,0.49000000
2018-02-24 14:21:05,0.02065500,0.12000000
2018-02-24 14:21:05,0.02065500,7.22000000
2018-02-24 14:21:05,0.02067800,4.48000000
2018-02-24 14:21:05,0.02067900,4.28000000
2018-02-24 14:21:09,0.02067600,0.10000000
2018-02-24 14:21:10,0.02067600,0.09000000
2018-02-24 14:21:10,0.02064900,0.37000000
2018-02-24 14:21:11,0.02067600,0.37000000
2018-02-24 14:21:11,0.02067800,0.11000000
2018-02-24 14:21:12,0.02067800,0.26000000
2018-02-24 14:21:12,0.02067800,0.13000000
2018-02-24 14:21:12,0.02067900,1.10000000
2018-02-24 14:21:12,0.02067900,1.44000000
2018-02-24 14:21:12,0.02067900,1.44000000
2018-02-24 14:21:12,0.02067900,2.97000000
2018-02-24 14:21:12,0.02067900,0.50000000
2018-02-24 14:21:12,0.02067900,1.32000000
2018-02-24 14:21:13,0.02066000,2.15000000
2018-02-24 14:21:14,0.02067900,0.26000000
2018-02-24 14:21:15,0.02067900,2.33000000
2018-02-24 14:21:17,0.02067900,0.48000000
2018-02-24 14:21:17,0.02065500,0.10000000
2018-02-24 14:21:18,0.02067900,14.07000000
2018-02-24 14:21:21,0.02065700,0.21000000
2018-02-24 14:21:22,0.02065100,0.34000000
2018-02-24 14:21:22,0.02065100,4.14000000
2018-02-24 14:21:22,0.02063800,0.07000000
2018-02-24 14:21:22,0.02063700,1.87000000
2018-02-24 14:21:23,0.02067600,0.10000000
2018-02-24 14:21:23,0.02067900,0.38000000
2018-02-24 14:21:23,0.02063900,6.76000000
2018-02-24 14:21:24,0.02065500,0.10000000
2018-02-24 14:21:24,0.02064200,5.52000000
2018-02-24 14:21:27,0.02064200,0.72000000
2018-02-24 14:21:27,0.02064200,0.23000000
2018-02-24 14:21:28,0.02065100,0.30000000
2018-02-24 14:21:29,0.02065100,25.62000000
2018-02-24 14:21:32,0.02064200,3.74000000
2018-02-24 14:21:34,0.02066100,0.80000000
2018-02-24 14:21:34,0.02066100,0.29000000
2018-02-24 14:21:35,0.02065800,0.11000000
2018-02-24 14:21:35,0.02065800,0.11000000
2018-02-24 14:21:35,0.02065800,0.48000000
2018-02-24 14:21:36,0.02064200,0.31000000
2018-02-24 14:21:36,0.02064200,0.23000000
2018-02-24 14:21:36,0.02065500,0.30000000
2018-02-24 14:21:38,0.02064900,1.45000000
2018-02-24 14:21:39,0.02064900,0.83000000
2018-02-24 14:21:40,0.02064600,0.11000000
2018-02-24 14:21:42,0.02064200,0.46000000
2018-02-24 14:21:42,0.02064000,0.24000000
2018-02-24 14:21:42,0.02064000,0.70000000
2018-02-24 14:21:44,0.02063700,0.07000000
2018-02-24 14:21:44,0.02063700,0.05000000
2018-02-24 14:21:45,0.02063600,1.62000000
2018-02-24 14:21:45,0.02063500,0.19000000
2018-02-24 14:21:47,0.02063600,0.01000000
2018-02-24 14:21:47,0.02064000,0.47000000
2018-02-24 14:21:51,0.02063500,0.14000000
2018-02-24 14:21:51,0.02063000,5.00000000
2018-02-24 14:21:51,0.02063600,4.71000000
2018-02-24 14:21:51,0.02063600,1.30000000
2018-02-24 14:21:52,0.02063600,1.21000000
2018-02-24 14:21:52,0.02063800,5.00000000
2018-02-24 14:21:53,0.02064200,1.19000000
2018-02-24 14:21:57,0.02063200,0.11000000
2018-02-24 14:22:01,0.02063300,0.82000000
2018-02-24 14:22:01,0.02063200,0.47000000
2018-02-24 14:22:01,0.02063100,0.24000000
2018-02-24 14:22:01,0.02063000,3.27000000
2018-02-24 14:22:02,0.02063500,0.10000000
2018-02-24 14:22:02,0.02063300,0.05000000
2018-02-24 14:22:02,0.02063000,40.11000000
2018-02-24 14:22:03,0.02063500,0.17000000
2018-02-24 14:22:04,0.02063400,0.53000000
2018-02-24 14:22:04,0.02063400,0.53000000
2018-02-24 14:22:05,0.02063500,0.11000000
2018-02-24 14:22:06,0.02063300,0.80000000
2018-02-24 14:22:06,0.02063000,0.05000000
2018-02-24 14:22:09,0.02061400,0.14000000
2018-02-24 14:22:09,0.02062900,0.58000000
2018-02-24 14:22:11,0.02061400,0.15000000
2018-02-24 14:22:12,0.02062900,4.49000000
2018-02-24 14:22:12,0.02062900,38.30000000
2018-02-24 14:22:13,0.02061400,0.39000000
2018-02-24 14:22:13,0.02060200,0.23000000
2018-02-24 14:22:13,0.02060200,0.70000000
2018-02-24 14:22:16,0.02060200,0.45000000
2018-02-24 14:22:19,0.02060200,0.23000000
2018-02-24 14:22:25,0.02062800,3.40000000
2018-02-24 14:22:27,0.02060400,4.94000000
2018-02-24 14:22:41,0.02062700,1.45000000
2018-02-24 14:22:41,0.02062700,1.45000000
2018-02-24 14:22:41,0.02062700,1.12000000
2018-02-24 14:22:41,0.02063000,1.45000000
2018-02-24 14:22:41,0.02063000,1.45000000
2018-02-24 14:22:41,0.02063000,0.18000000
2018-02-24 14:22:42,0.02062900,0.47000000
2018-02-24 14:22:42,0.02062700,1.12000000
2018-02-24 14:22:42,0.02061100,0.08000000
2018-02-24 14:22:43,0.02061100,1.02000000
2018-02-24 14:22:43,0.02063000,0.80000000
2018-02-24 14:22:46,0.02062900,0.11000000
2018-02-24 14:22:46,0.02062900,1.45000000
2018-02-24 14:22:46,0.02062900,1.08000000
2018-02-24 14:22:46,0.02062900,1.08000000
2018-02-24 14:22:46,0.02062900,2.77000000
2018-02-24 14:22:47,0.02062900,1.45000000
2018-02-24 14:22:47,0.02062900,3.25000000
2018-02-24 14:22:47,0.02063000,5.92000000
2018-02-24 14:22:47,0.02063500,0.81000000
2018-02-24 14:22:47,0.02063500,1.45000000
2018-02-24 14:22:47,0.02063500,0.54000000
2018-02-24 14:22:47,0.02063500,0.09000000
2018-02-24 14:22:47,0.02062900,0.09000000
2018-02-24 14:22:48,0.02062900,0.41000000
2018-02-24 14:22:49,0.02062900,0.30000000
2018-02-24 14:22:51,0.02062900,0.20000000
2018-02-24 14:22:51,0.02065400,0.48000000
2018-02-24 14:22:53,0.02065300,0.30000000
2018-02-24 14:22:53,0.02065300,0.19000000
2018-02-24 14:22:54,0.02063000,2.71000000
2018-02-24 14:22:56,0.02065300,0.48000000
2018-02-24 14:22:56,0.02063000,0.54000000
2018-02-24 14:23:01,0.02065300,0.48000000
2018-02-24 14:23:07,0.02065300,1.05000000
2018-02-24 14:23:07,0.02065400,1.45000000
2018-02-24 14:23:07,0.02065400,1.45000000
2018-02-24 14:23:07,0.02065400,0.73000000
2018-02-24 14:23:09,0.02065400,0.33000000
2018-02-24 14:23:11,0.02065500,0.84000000
2018-02-24 14:23:11,0.02065600,0.10000000
2018-02-24 14:23:12,0.02065600,0.22000000
2018-02-24 14:23:13,0.02065600,2.01000000
2018-02-24 14:23:13,0.02065600,0.30000000
2018-02-24 14:23:13,0.02065600,0.78000000
2018-02-24 14:23:14,0.02065600,0.22000000
2018-02-24 14:23:15,0.02065600,0.27000000
2018-02-24 14:23:17,0.02065600,0.10000000
2018-02-24 14:23:18,0.02065400,0.11000000
2018-02-24 14:23:19,0.02065400,0.31000000
2018-02-24 14:23:20,0.02065400,0.15000000
2018-02-24 14:23:20,0.02065400,0.27000000
2018-02-24 14:23:21,0.02065400,0.01000000
2018-02-24 14:23:21,0.02065700,0.47000000
2018-02-24 14:23:23,0.02063500,0.10000000
2018-02-24 14:23:23,0.02063100,0.05000000
2018-02-24 14:23:23,0.02063000,0.16000000
2018-02-24 14:23:29,0.02065400,4.14000000
2018-02-24 14:23:44,0.02065000,0.70000000
2018-02-24 14:23:44,0.02065300,0.08000000
2018-02-24 14:23:45,0.02065400,0.28000000
2018-02-24 14:23:45,0.02065600,0.48000000
2018-02-24 14:23:45,0.02065400,0.11000000
2018-02-24 14:23:46,0.02065400,0.26000000
2018-02-24 14:23:49,0.02065400,0.24000000
2018-02-24 14:23:49,0.02065400,0.29000000
2018-02-24 14:23:49,0.02065400,10.76000000
2018-02-24 14:23:50,0.02065400,1.08000000
2018-02-24 14:23:52,0.02065400,1.45000000
2018-02-24 14:23:52,0.02065400,1.45000000
2018-02-24 14:23:52,0.02065400,1.79000000
2018-02-24 14:23:53,0.02065400,0.14000000
2018-02-24 14:23:56,0.02063500,0.10000000
2018-02-24 14:23:56,0.02063000,0.65000000
2018-02-24 14:23:56,0.02063000,0.30000000
2018-02-24 14:24:03,0.02065400,0.48000000
2018-02-24 14:24:09,0.02063000,1.32000000
2018-02-24 14:24:09,0.02065400,1.41000000
2018-02-24 14:24:15,0.02065400,0.01000000
2018-02-24 14:24:15,0.02065500,3.25000000
2018-02-24 14:24:15,0.02065600,1.12000000
2018-02-24 14:24:16,0.02065400,0.10000000
2018-02-24 14:24:16,0.02065400,0.21000000
2018-02-24 14:24:17,0.02065400,0.10000000
2018-02-24 14:24:17,0.02065400,1.35000000
2018-02-24 14:24:18,0.02065400,1.45000000
2018-02-24 14:24:18,0.02065400,1.45000000
2018-02-24 14:24:18,0.02065400,1.45000000
2018-02-24 14:24:18,0.02065400,1.45000000
2018-02-24 14:24:18,0.02065400,1.45000000
2018-02-24 14:24:18,0.02065400,1.45000000
2018-02-24 14:24:18,0.02065400,1.45000000
2018-02-24 14:24:18,0.02065400,1.45000000
2018-02-24 14:24:23,0.02065400,0.30000000
2018-02-24 14:24:26,0.02065400,0.20000000
2018-02-24 14:24:26,0.02065400,0.50000000
2018-02-24 14:24:27,0.02065400,0.30000000
2018-02-24 14:24:27,0.02065400,0.32000000
2018-02-24 14:24:28,0.02065400,0.16000000
2018-02-24 14:24:29,0.02065400,0.18000000
2018-02-24 14:24:29,0.02065400,0.16000000
2018-02-24 14:24:31,0.02065400,0.14000000
2018-02-24 14:24:41,0.02065400,2.64000000
2018-02-24 14:24:44,0.02065500,0.08000000
2018-02-24 14:24:49,0.02065500,0.02000000
2018-02-24 14:24:49,0.02065600,0.12000000
2018-02-24 14:24:51,0.02065600,3.13000000
2018-02-24 14:24:51,0.02065600,0.35000000
2018-02-24 14:24:51,0.02065700,0.33000000
2018-02-24 14:24:53,0.02063600,6.03000000
2018-02-24 14:24:53,0.02063500,0.06000000
2018-02-24 14:24:53,0.02063500,0.04000000
2018-02-24 14:24:53,0.02063400,0.21000000
2018-02-24 14:24:54,0.02065900,4.71000000
2018-02-24 14:24:54,0.02065900,0.10000000
2018-02-24 14:24:54,0.02065900,0.12000000
2018-02-24 14:24:56,0.02065600,0.10000000
2018-02-24 14:24:56,0.02065900,1.10000000
2018-02-24 14:24:56,0.02066000,0.30000000
2018-02-24 14:24:56,0.02063500,1.10000000
2018-02-24 14:24:58,0.02066500,0.21000000
2018-02-24 14:25:00,0.02066500,3.22000000
2018-02-24 14:25:01,0.02066500,4.70000000
2018-02-24 14:25:19,0.02066500,0.11000000
2018-02-24 14:25:23,0.02066500,0.11000000
2018-02-24 14:25:27,0.02066500,0.11000000
2018-02-24 14:25:28,0.02066500,1.04000000
2018-02-24 14:25:32,0.02066500,0.11000000
2018-02-24 14:25:37,0.02066500,0.10000000
2018-02-24 14:25:39,0.02066500,0.48000000
2018-02-24 14:25:41,0.02066500,0.48000000
2018-02-24 14:25:48,0.02064000,6.07000000
2018-02-24 14:25:48,0.02063900,4.84000000
2018-02-24 14:25:48,0.02063900,0.80000000
2018-02-24 14:25:48,0.02063900,0.08000000
2018-02-24 14:25:49,0.02063900,1.11000000
2018-02-24 14:25:50,0.02063700,0.51000000
2018-02-24 14:25:53,0.02063500,0.21000000
2018-02-24 14:25:55,0.02066000,0.16000000
2018-02-24 14:26:01,0.02066500,0.48000000
2018-02-24 14:26:05,0.02064000,1.23000000
2018-02-24 14:26:12,0.02066500,0.48000000
2018-02-24 14:26:18,0.02064100,0.24000000
2018-02-24 14:26:18,0.02064100,0.24000000
2018-02-24 14:26:23,0.02066500,0.37000000
2018-02-24 14:26:26,0.02066000,0.07000000
2018-02-24 14:26:27,0.02066000,12.57000000
2018-02-24 14:26:29,0.02064300,0.11000000
2018-02-24 14:26:38,0.02066000,0.48000000
2018-02-24 14:26:43,0.02066000,0.48000000
2018-02-24 14:26:44,0.02064300,0.11000000
2018-02-24 14:26:51,0.02064300,0.50000000
2018-02-24 14:27:04,0.02066000,0.48000000
2018-02-24 14:27:05,0.02064500,0.10000000
2018-02-24 14:27:06,0.02066000,0.48000000
2018-02-24 14:27:08,0.02064500,0.14000000
2018-02-24 14:27:09,0.02064500,0.01000000
2018-02-24 14:27:09,0.02064300,3.97000000
2018-02-24 14:27:09,0.02064000,3.67000000
2018-02-24 14:27:09,0.02063500,8.47000000
2018-02-24 14:27:11,0.02065600,0.10000000
2018-02-24 14:27:11,0.02066000,11.12000000
2018-02-24 14:27:11,0.02066000,4.20000000
2018-02-24 14:27:23,0.02063500,12.47000000
2018-02-24 14:27:25,0.02065600,0.10000000
2018-02-24 14:27:25,0.02065900,0.21000000
2018-02-24 14:27:25,0.02066000,8.35000000
2018-02-24 14:27:31,0.02063500,0.10000000
2018-02-24 14:27:33,0.02063500,1.00000000
2018-02-24 14:27:33,0.02063000,2.10000000
2018-02-24 14:27:34,0.02063200,0.15000000
2018-02-24 14:27:41,0.02064300,0.48000000
2018-02-24 14:27:44,0.02063000,2.86000000
2018-02-24 14:27:44,0.02062900,0.28000000
2018-02-24 14:27:49,0.02064300,0.09000000
2018-02-24 14:27:49,0.02065600,0.10000000
2018-02-24 14:27:49,0.02065900,0.29000000
2018-02-24 14:27:55,0.02065900,0.30000000
2018-02-24 14:27:57,0.02063500,0.10000000
2018-02-24 14:27:57,0.02063400,1.70000000
2018-02-24 14:28:00,0.02065600,0.10000000
2018-02-24 14:28:00,0.02065900,0.90000000
2018-02-24 14:28:00,0.02065900,0.90000000
2018-02-24 14:28:04,0.02065900,1.88000000
2018-02-24 14:28:04,0.02065900,0.10000000
2018-02-24 14:28:05,0.02065900,4.06000000
2018-02-24 14:28:05,0.02063600,0.28000000
2018-02-24 14:28:05,0.02063500,6.08000000
2018-02-24 14:28:15,0.02065600,0.10000000
2018-02-24 14:28:15,0.02066000,0.83000000
2018-02-24 14:28:16,0.02063700,1.00000000
2018-02-24 14:28:17,0.02063700,3.83000000
2018-02-24 14:28:17,0.02063700,0.01000000
2018-02-24 14:28:18,0.02063600,2.49000000
2018-02-24 14:28:24,0.02063600,0.05000000
2018-02-24 14:28:34,0.02063600,0.40000000
2018-02-24 14:28:37,0.02065200,0.48000000
2018-02-24 14:28:38,0.02063600,2.08000000
2018-02-24 14:28:42,0.02065200,0.48000000
2018-02-24 14:28:43,0.02065200,0.11000000
2018-02-24 14:28:43,0.02063500,0.10000000
2018-02-24 14:28:43,0.02062900,0.20000000
2018-02-24 14:28:43,0.02065200,0.11000000
2018-02-24 14:28:47,0.02062900,3.27000000
2018-02-24 14:28:47,0.02062800,0.07000000
2018-02-24 14:28:47,0.02062700,0.09000000
2018-02-24 14:28:47,0.02061400,0.10000000
2018-02-24 14:28:47,0.02061100,2.30000000
2018-02-24 14:28:47,0.02061000,0.24000000
2018-02-24 14:28:47,0.02060900,4.58000000
2018-02-24 14:28:48,0.02063500,0.74000000
2018-02-24 14:28:48,0.02063500,0.10000000
2018-02-24 14:28:49,0.02063500,0.24000000
2018-02-24 14:28:57,0.02063000,0.25000000
2018-02-24 14:28:57,0.02063000,1.12000000
2018-02-24 14:28:57,0.02061400,0.10000000
2018-02-24 14:28:57,0.02060100,8.46000000
2018-02-24 14:28:57,0.02060000,13.20000000
2018-02-24 14:29:00,0.02063500,0.10000000
2018-02-24 14:29:00,0.02065000,0.24000000
2018-02-24 14:29:00,0.02065100,0.34000000
2018-02-24 14:29:03,0.02065100,0.47000000
2018-02-24 14:29:05,0.02061700,2.36000000
2018-02-24 14:29:12,0.02065100,3.16000000
2018-02-24 14:29:12,0.02065200,0.86000000
2018-02-24 14:29:13,0.02065200,0.40000000
2018-02-24 14:29:14,0.02065200,0.42000000
2018-02-24 14:29:14,0.02061800,0.25000000
2018-02-24 14:29:14,0.02061500,0.09000000
2018-02-24 14:29:14,0.02061500,0.30000000
2018-02-24 14:29:14,0.02061500,0.29000000
2018-02-24 14:29:14,0.02061500,0.30000000
2018-02-24 14:29:14,0.02061500,1.10000000
2018-02-24 14:29:14,0.02061500,0.25000000
2018-02-24 14:29:17,0.02061500,0.03000000
2018-02-24 14:29:17,0.02061700,0.42000000
2018-02-24 14:29:25,0.02063500,0.61000000
2018-02-24 14:29:36,0.02062400,4.14000000
2018-02-24 14:29:36,0.02061800,5.11000000
2018-02-24 14:29:36,0.02061800,0.11000000
2018-02-24 14:29:36,0.02061800,0.11000000
2018-02-24 14:29:36,0.02061800,1.45000000
2018-02-24 14:29:36,0.02061800,2.97000000
2018-02-24 14:29:36,0.02061800,1.00000000
2018-02-24 14:29:38,0.02061800,0.97000000
2018-02-24 14:29:40,0.02061700,0.24000000
2018-02-24 14:29:44,0.02061400,0.08000000
2018-02-24 14:29:49,0.02061500,1.45000000
2018-02-24 14:29:49,0.02061500,0.46000000
2018-02-24 14:29:49,0.02061700,1.26000000
2018-02-24 14:29:57,0.02061700,0.08000000
2018-02-24 14:29:57,0.02061400,0.02000000
2018-02-24 14:30:00,0.02061400,1.98000000
2018-02-24 14:30:02,0.02061500,1.40000000
2018-02-24 14:30:02,0.02061500,0.11000000
2018-02-24 14:30:04,0.02061500,0.09000000
2018-02-24 14:30:09,0.02061500,0.29000000
2018-02-24 14:30:10,0.02061500,2.83000000
2018-02-24 14:30:12,0.02060500,4.37000000
2018-02-24 14:30:17,0.02060500,0.48000000
2018-02-24 14:30:18,0.02060500,1.00000000
2018-02-24 14:30:18,0.02060500,1.65000000
2018-02-24 14:30:19,0.02060300,0.15000000
2018-02-24 14:30:20,0.02060500,1.45000000
2018-02-24 14:30:20,0.02060500,0.81000000
2018-02-24 14:30:20,0.02061800,1.45000000
2018-02-24 14:30:20,0.02061800,14.58000000
2018-02-24 14:30:20,0.02061800,1.45000000
2018-02-24 14:30:20,0.02061800,1.45000000
2018-02-24 14:30:20,0.02060300,1.45000000
2018-02-24 14:30:20,0.02060300,1.45000000
2018-02-24 14:30:22,0.02061800,1.45000000
2018-02-24 14:30:22,0.02061800,1.45000000
2018-02-24 14:30:22,0.02061800,1.45000000
2018-02-24 14:30:22,0.02061800,1.45000000
2018-02-24 14:30:22,0.02061800,7.93000000
2018-02-24 14:30:22,0.02061800,1.45000000
2018-02-24 14:30:22,0.02061800,1.28000000
2018-02-24 14:30:22,0.02061800,1.28000000
2018-02-24 14:30:22,0.02061800,1.45000000
2018-02-24 14:30:22,0.02061800,1.45000000
2018-02-24 14:30:22,0.02061800,1.45000000
2018-02-24 14:30:23,0.02060300,1.45000000
2018-02-24 14:30:26,0.02060300,0.48000000
2018-02-24 14:30:26,0.02061800,13.47000000
2018-02-24 14:30:26,0.02060300,0.13000000
2018-02-24 14:30:26,0.02060300,0.88000000
2018-02-24 14:30:28,0.02061800,1.45000000
2018-02-24 14:30:28,0.02061800,2.97000000
2018-02-24 14:30:28,0.02061800,1.45000000
2018-02-24 14:30:28,0.02061800,0.14000000
2018-02-24 14:30:28,0.02060200,1.45000000
2018-02-24 14:30:28,0.02061800,1.45000000
2018-02-24 14:30:28,0.02061800,2.97000000
2018-02-24 14:30:28,0.02061800,1.45000000
2018-02-24 14:30:29,0.02060200,1.45000000
2018-02-24 14:30:29,0.02061800,0.99000000
2018-02-24 14:30:32,0.02061800,0.61000000
2018-02-24 14:30:34,0.02060500,4.27000000
2018-02-24 14:30:35,0.02060500,1.21000000
2018-02-24 14:30:39,0.02063500,0.10000000
2018-02-24 14:30:42,0.02061700,0.83000000
2018-02-24 14:30:48,0.02062100,0.29000000
2018-02-24 14:30:56,0.02061500,0.40000000
2018-02-24 14:30:56,0.02062100,1.40000000
2018-02-24 14:30:59,0.02064200,0.48000000
2018-02-24 14:31:00,0.02062100,0.28000000
2018-02-24 14:31:01,0.02062100,0.20000000
2018-02-24 14:31:03,0.02062100,2.35000000
2018-02-24 14:31:06,0.02062200,1.19000000
2018-02-24 14:31:08,0.02064200,0.48000000
2018-02-24 14:31:09,0.02062200,0.60000000
2018-02-24 14:31:11,0.02062200,0.16000000
2018-02-24 14:31:22,0.02062200,0.34000000
2018-02-24 14:31:22,0.02062200,6.34000000
2018-02-24 14:31:22,0.02062100,5.15000000
2018-02-24 14:31:23,0.02064200,1.22000000
2018-02-24 14:31:23,0.02062100,4.13000000
2018-02-24 14:31:23,0.02062200,2.86000000
2018-02-24 14:31:24,0.02062100,7.64000000
2018-02-24 14:31:24,0.02061400,0.34000000
2018-02-24 14:31:24,0.02061000,13.80000000
2018-02-24 14:31:24,0.02060300,4.04000000
2018-02-24 14:31:24,0.02062200,0.14000000
2018-02-24 14:31:24,0.02062300,7.94000000
2018-02-24 14:31:26,0.02064300,0.45000000
2018-02-24 14:31:28,0.02062100,0.90000000
2018-02-24 14:31:28,0.02062100,0.25000000
2018-02-24 14:31:28,0.02063500,0.10000000
2018-02-24 14:31:28,0.02064300,3.59000000
2018-02-24 14:31:28,0.02064400,1.53000000
2018-02-24 14:31:28,0.02064900,3.18000000
2018-02-24 14:31:32,0.02061700,0.20000000
2018-02-24 14:31:37,0.02062000,0.20000000
2018-02-24 14:31:37,0.02062200,0.10000000
2018-02-24 14:31:39,0.02064900,0.48000000
2018-02-24 14:31:41,0.02062100,0.31000000
2018-02-24 14:31:42,0.02064900,0.48000000
2018-02-24 14:31:49,0.02062200,2.03000000
2018-02-24 14:31:51,0.02062200,0.31000000
2018-02-24 14:31:51,0.02064500,2.00000000
2018-02-24 14:31:51,0.02062200,0.31000000
2018-02-24 14:31:53,0.02062200,0.31000000
2018-02-24 14:31:59,0.02064500,0.01000000
2018-02-24 14:31:59,0.02064800,0.30000000
2018-02-24 14:31:59,0.02064900,0.69000000
2018-02-24 14:32:01,0.02062300,2.01000000
2018-02-24 14:32:10,0.02064800,0.33000000
2018-02-24 14:32:10,0.02064900,2.09000000
2018-02-24 14:32:15,0.02064900,0.48000000
2018-02-24 14:32:17,0.02062700,0.35000000
2018-02-24 14:32:19,0.02064900,0.48000000
2018-02-24 14:32:21,0.02064900,0.10000000
2018-02-24 14:32:26,0.02062700,1.31000000
2018-02-24 14:32:26,0.02062600,8.44000000
2018-02-24 14:32:26,0.02062300,40.71000000
2018-02-24 14:32:32,0.02062300,0.03000000
2018-02-24 14:32:32,0.02062300,7.20000000
2018-02-24 14:32:32,0.02062300,3.66000000
2018-02-24 14:32:32,0.02062200,1.36000000
2018-02-24 14:32:32,0.02062100,0.50000000
2018-02-24 14:32:32,0.02062000,2.00000000
2018-02-24 14:32:32,0.02061400,0.10000000
2018-02-24 14:32:33,0.02060700,0.12000000
2018-02-24 14:32:33,0.02060700,0.07000000
2018-02-24 14:32:34,0.02060700,0.05000000
2018-02-24 14:32:42,0.02060600,0.12000000
2018-02-24 14:32:42,0.02060700,0.11000000
2018-02-24 14:32:42,0.02060700,0.85000000
2018-02-24 14:32:49,0.02060500,24.30000000
2018-02-24 14:32:49,0.02060600,1.39000000
2018-02-24 14:32:51,0.02060600,0.18000000
2018-02-24 14:32:52,0.02060600,1.00000000
2018-02-24 14:32:54,0.02060600,1.45000000
2018-02-24 14:32:54,0.02060600,0.93000000
2018-02-24 14:32:54,0.02060700,0.04000000
2018-02-24 14:32:54,0.02063500,0.10000000
2018-02-24 14:32:54,0.02064400,0.12000000
2018-02-24 14:32:54,0.02064500,0.31000000
2018-02-24 14:33:00,0.02061500,4.02000000
2018-02-24 14:33:00,0.02061400,0.10000000
2018-02-24 14:33:00,0.02060600,46.00000000
2018-02-24 14:33:00,0.02060500,33.99000000
2018-02-24 14:33:02,0.02061500,0.48000000
2018-02-24 14:33:02,0.02060500,0.02000000
2018-02-24 14:33:03,0.02061500,0.15000000
2018-02-24 14:33:03,0.02060500,0.50000000
2018-02-24 14:33:05,0.02060500,0.12000000
2018-02-24 14:33:07,0.02061400,0.55000000
2018-02-24 14:33:07,0.02060500,1.45000000
2018-02-24 14:33:07,0.02060500,1.45000000
2018-02-24 14:33:07,0.02060500,1.45000000
2018-02-24 14:33:08,0.02060500,0.05000000
2018-02-24 14:33:08,0.02061400,0.05000000
2018-02-24 14:33:08,0.02060500,1.45000000
2018-02-24 14:33:08,0.02060500,0.59000000
2018-02-24 14:33:10,0.02061300,0.21000000
2018-02-24 14:33:11,0.02060500,1.45000000
2018-02-24 14:33:11,0.02060500,1.45000000
2018-02-24 14:33:11,0.02060500,1.45000000
2018-02-24 14:33:11,0.02060500,1.45000000
2018-02-24 14:33:11,0.02060500,1.45000000
2018-02-24 14:33:11,0.02060500,1.45000000
2018-02-24 14:33:11,0.02060500,1.45000000
2018-02-24 14:33:12,0.02060500,1.45000000
2018-02-24 14:33:12,0.02060500,1.45000000
2018-02-24 14:33:12,0.02060500,1.45000000
2018-02-24 14:33:12,0.02060500,4.84000000
2018-02-24 14:33:13,0.02060500,1.45000000
2018-02-24 14:33:15,0.02060500,3.22000000
2018-02-24 14:33:15,0.02060500,0.40000000
2018-02-24 14:33:16,0.02060500,6.71000000
2018-02-24 14:33:18,0.02060500,30.64000000
2018-02-24 14:33:18,0.02060500,0.37000000
2018-02-24 14:33:27,0.02060000,2.57000000
2018-02-24 14:33:28,0.02060000,1.05000000
2018-02-24 14:33:29,0.02060400,0.48000000
2018-02-24 14:33:29,0.02060400,0.31000000
2018-02-24 14:33:32,0.02060200,3.29000000
2018-02-24 14:33:33,0.02060200,0.56000000
2018-02-24 14:33:34,0.02060200,0.29000000
2018-02-24 14:33:34,0.02060200,0.61000000
2018-02-24 14:33:34,0.02060400,0.60000000
2018-02-24 14:33:35,0.02060400,0.48000000
2018-02-24 14:33:35,0.02060400,1.45000000
2018-02-24 14:33:35,0.02060400,0.48000000
2018-02-24 14:33:35,0.02060400,1.45000000
2018-02-24 14:33:35,0.02060400,0.34000000
2018-02-24 14:33:36,0.02059400,0.14000000
2018-02-24 14:33:36,0.02059300,0.19000000
2018-02-24 14:33:37,0.02059300,0.14000000
2018-02-24 14:33:38,0.02059400,0.44000000
2018-02-24 14:33:38,0.02059400,0.28000000
2018-02-24 14:33:40,0.02059300,1.50000000
2018-02-24 14:33:40,0.02059300,0.49000000
2018-02-24 14:33:42,0.02059300,0.49000000
2018-02-24 14:33:43,0.02059300,0.05000000
2018-02-24 14:33:44,0.02058000,0.13000000
2018-02-24 14:33:45,0.02059300,0.44000000
2018-02-24 14:33:47,0.02059300,0.05000000
2018-02-24 14:33:47,0.02059300,1.00000000
2018-02-24 14:33:47,0.02059300,1.00000000
2018-02-24 14:33:48,0.02059300,2.43000000
2018-02-24 14:33:50,0.02059300,2.00000000
2018-02-24 14:33:51,0.02059300,2.43000000
2018-02-24 14:33:52,0.02059300,1.00000000
2018-02-24 14:33:52,0.02059200,1.00000000
2018-02-24 14:33:54,0.02057600,0.28000000
2018-02-24 14:33:55,0.02059200,2.43000000
2018-02-24 14:33:55,0.02059200,0.48000000
2018-02-24 14:33:56,0.02059200,2.43000000
2018-02-24 14:33:57,0.02059200,0.95000000
2018-02-24 14:33:58,0.02059200,3.66000000
2018-02-24 14:33:59,0.02059200,0.55000000
2018-02-24 14:33:59,0.02057700,0.24000000
2018-02-24 14:33:59,0.02059200,2.43000000
2018-02-24 14:34:00,0.02059200,3.51000000
2018-02-24 14:34:01,0.02059200,2.43000000
2018-02-24 14:34:02,0.02057500,0.07000000
2018-02-24 14:34:03,0.02057500,1.19000000
2018-02-24 14:34:03,0.02057400,2.43000000
2018-02-24 14:34:04,0.02057400,14.25000000
2018-02-24 14:34:05,0.02059300,0.80000000
2018-02-24 14:34:05,0.02059300,1.06000000
2018-02-24 14:34:06,0.02060300,0.50000000
2018-02-24 14:34:06,0.02060400,0.25000000
2018-02-24 14:34:09,0.02060400,0.48000000
2018-02-24 14:34:10,0.02057700,0.01000000
2018-02-24 14:34:10,0.02060400,0.63000000
2018-02-24 14:34:10,0.02060400,0.88000000
2018-02-24 14:34:10,0.02057700,0.12000000
2018-02-24 14:34:10,0.02057600,0.91000000
2018-02-24 14:34:13,0.02057600,5.82000000
2018-02-24 14:34:13,0.02057600,1.62000000
2018-02-24 14:34:13,0.02057600,0.66000000
2018-02-24 14:34:13,0.02057600,0.15000000
2018-02-24 14:34:14,0.02057600,12.15000000
2018-02-24 14:34:14,0.02057600,7.23000000
2018-02-24 14:34:16,0.02057600,2.43000000
2018-02-24 14:34:16,0.02057600,4.65000000
2018-02-24 14:34:17,0.02060400,0.05000000
2018-02-24 14:34:19,0.02057600,7.12000000
2018-02-24 14:34:22,0.02060000,0.28000000
2018-02-24 14:34:22,0.02060400,0.20000000
2018-02-24 14:34:23,0.02060400,4.20000000
2018-02-24 14:34:23,0.02060500,32.38000000
2018-02-24 14:34:23,0.02060600,1.40000000
2018-02-24 14:34:23,0.02061400,0.10000000
2018-02-24 14:34:23,0.02061500,2.92000000
2018-02-24 14:34:24,0.02060400,14.93000000
2018-02-24 14:34:24,0.02060400,0.68000000
2018-02-24 14:34:28,0.02060400,0.24000000
2018-02-24 14:34:28,0.02060400,10.82000000
2018-02-24 14:34:28,0.02060400,2.99000000
2018-02-24 14:34:30,0.02061500,0.29000000
2018-02-24 14:34:32,0.02061500,0.48000000
2018-02-24 14:34:45,0.02061500,8.48000000
2018-02-24 14:34:45,0.02061500,0.48000000
2018-02-24 14:34:45,0.02061500,0.50000000
2018-02-24 14:34:45,0.02061500,14.50000000
2018-02-24 14:34:56,0.02061500,3.85000000
2018-02-24 14:34:56,0.02062500,0.48000000
2018-02-24 14:35:04,0.02061500,0.67000000
2018-02-24 14:35:13,0.02060400,0.06000000
2018-02-24 14:35:15,0.02060400,1.17000000
2018-02-24 14:35:17,0.02060400,0.11000000
2018-02-24 14:35:24,0.02060400,4.59000000
2018-02-24 14:35:30,0.02061500,0.34000000
2018-02-24 14:35:30,0.02061600,0.96000000
2018-02-24 14:35:34,0.02060400,0.14000000
2018-02-24 14:35:36,0.02060400,0.80000000
2018-02-24 14:35:36,0.02060400,0.75000000
2018-02-24 14:35:37,0.02060400,0.80000000
2018-02-24 14:35:37,0.02060400,0.60000000
2018-02-24 14:35:37,0.02060400,5.78000000
2018-02-24 14:35:42,0.02060400,0.80000000
2018-02-24 14:35:42,0.02061400,0.15000000
2018-02-24 14:35:42,0.02060400,0.15000000
2018-02-24 14:35:43,0.02060500,0.36000000
2018-02-24 14:35:43,0.02060500,0.01000000
2018-02-24 14:35:43,0.02060400,0.77000000
2018-02-24 14:35:43,0.02060400,0.11000000
2018-02-24 14:35:44,0.02060500,0.11000000
2018-02-24 14:35:44,0.02060400,0.80000000
2018-02-24 14:35:44,0.02060400,0.47000000
2018-02-24 14:35:44,0.02060400,0.48000000
2018-02-24 14:35:44,0.02060400,3.93000000
2018-02-24 14:35:44,0.02060400,4.63000000
2018-02-24 14:35:44,0.02060400,13.20000000
2018-02-24 14:35:45,0.02060400,4.48000000
2018-02-24 14:35:46,0.02060400,0.12000000
2018-02-24 14:35:47,0.02060400,0.11000000
2018-02-24 14:35:47,0.02060400,2.98000000
2018-02-24 14:35:47,0.02060400,16.00000000
2018-02-24 14:35:47,0.02060400,0.80000000
2018-02-24 14:35:49,0.02059300,0.10000000
2018-02-24 14:35:50,0.02059300,0.14000000
2018-02-24 14:35:50,0.02058800,0.83000000
2018-02-24 14:35:50,0.02058800,0.15000000
2018-02-24 14:35:50,0.02058800,0.15000000
2018-02-24 14:35:50,0.02058800,0.38000000
2018-02-24 14:35:50,0.02058800,0.47000000
2018-02-24 14:35:50,0.02057700,0.15000000
2018-02-24 14:35:51,0.02058800,0.72000000
2018-02-24 14:35:52,0.02058800,0.64000000
2018-02-24 14:35:52,0.02058800,0.09000000
2018-02-24 14:35:52,0.02058800,1.45000000
2018-02-24 14:35:52,0.02058800,0.79000000
2018-02-24 14:35:55,0.02060200,0.05000000
2018-02-24 14:35:57,0.02057800,0.24000000
2018-02-24 14:35:57,0.02057600,0.63000000
2018-02-24 14:36:03,0.02058000,0.23000000
2018-02-24 14:36:03,0.02057800,0.24000000
2018-02-24 14:36:03,0.02057600,0.23000000
2018-02-24 14:36:04,0.02057600,2.02000000
2018-02-24 14:36:06,0.02060200,0.48000000
2018-02-24 14:36:09,0.02060200,0.47000000
2018-02-24 14:36:09,0.02060300,0.15000000
2018-02-24 14:36:09,0.02060400,0.04000000
2018-02-24 14:36:10,0.02060400,0.05000000
2018-02-24 14:36:10,0.02060400,0.71000000
2018-02-24 14:36:10,0.02060500,0.25000000
2018-02-24 14:36:10,0.02061100,1.70000000
2018-02-24 14:36:10,0.02061400,8.41000000
2018-02-24 14:36:10,0.02061500,0.52000000
2018-02-24 14:36:10,0.02057800,5.00000000
2018-02-24 14:36:12,0.02061400,0.48000000
2018-02-24 14:36:12,0.02059300,0.10000000
2018-02-24 14:36:12,0.02061400,0.48000000
2018-02-24 14:36:14,0.02061400,0.48000000
2018-02-24 14:36:17,0.02061400,0.10000000
2018-02-24 14:36:17,0.02061500,0.38000000
2018-02-24 14:36:19,0.02059300,0.10000000
2018-02-24 14:36:34,0.02060200,0.48000000
2018-02-24 14:36:35,0.02057800,0.39000000
2018-02-24 14:36:36,0.02058100,1.37000000
2018-02-24 14:36:37,0.02058800,0.48000000
2018-02-24 14:36:39,0.02057800,0.12000000
2018-02-24 14:36:41,0.02058800,1.99000000
2018-02-24 14:36:44,0.02057800,1.10000000
2018-02-24 14:36:44,0.02057800,0.23000000
2018-02-24 14:36:45,0.02058800,2.05000000
2018-02-24 14:36:45,0.02059000,0.10000000
2018-02-24 14:36:45,0.02060400,0.44000000
2018-02-24 14:36:45,0.02061300,0.49000000
2018-02-24 14:36:45,0.02061400,0.10000000
2018-02-24 14:36:45,0.02061500,0.10000000
2018-02-24 14:36:45,0.02061600,0.35000000
2018-02-24 14:36:45,0.02061600,0.48000000
2018-02-24 14:36:46,0.02058800,0.10000000
2018-02-24 14:36:46,0.02058800,0.48000000
2018-02-24 14:36:46,0.02058800,0.47000000
2018-02-24 14:36:49,0.02057800,0.17000000
2018-02-24 14:36:49,0.02057600,2.98000000
2018-02-24 14:36:49,0.02057600,6.75000000
2018-02-24 14:36:50,0.02057600,2.98000000
2018-02-24 14:36:50,0.02057600,2.98000000
2018-02-24 14:36:51,0.02058800,1.43000000
2018-02-24 14:36:54,0.02057600,0.04000000
2018-02-24 14:36:54,0.02057500,0.07000000
2018-02-24 14:36:54,0.02057300,0.10000000
2018-02-24 14:36:54,0.02057200,4.79000000
2018-02-24 14:36:54,0.02057200,2.93000000
2018-02-24 14:36:55,0.02057200,0.27000000
2018-02-24 14:37:06,0.02058800,0.48000000
2018-02-24 14:37:06,0.02059300,39.41000000
2018-02-24 14:37:08,0.02059400,0.10000000
2018-02-24 14:37:08,0.02060100,0.90000000
2018-02-24 14:37:09,0.02057200,2.04000000
2018-02-24 14:37:21,0.02057300,0.10000000
2018-02-24 14:37:21,0.02057200,0.35000000
2018-02-24 14:37:21,0.02057200,0.43000000
2018-02-24 14:37:21,0.02057200,0.40000000
2018-02-24 14:37:23,0.02057200,1.10000000
2018-02-24 14:37:24,0.02057200,0.40000000
2018-02-24 14:37:24,0.02057200,0.43000000
2018-02-24 14:37:26,0.02057200,0.40000000
2018-02-24 14:37:26,0.02057200,0.43000000
2018-02-24 14:37:29,0.02057200,0.43000000
2018-02-24 14:37:29,0.02057200,0.40000000
2018-02-24 14:37:31,0.02057200,0.33000000
2018-02-24 14:37:31,0.02058800,0.10000000
2018-02-24 14:37:31,0.02058800,0.40000000
2018-02-24 14:37:31,0.02056000,0.08000000
2018-02-24 14:37:34,0.02058800,0.53000000
2018-02-24 14:37:34,0.02058800,0.30000000
2018-02-24 14:37:36,0.02058800,0.17000000
2018-02-24 14:37:36,0.02059400,0.10000000
2018-02-24 14:37:36,0.02060100,0.23000000
2018-02-24 14:37:36,0.02060100,0.33000000
2018-02-24 14:37:36,0.02056200,0.11000000
2018-02-24 14:37:37,0.02056500,2.47000000
2018-02-24 14:37:38,0.02060100,0.48000000
2018-02-24 14:37:39,0.02057400,0.55000000
2018-02-24 14:37:40,0.02057400,0.13000000
2018-02-24 14:37:40,0.02059900,0.43000000
2018-02-24 14:37:43,0.02059900,0.53000000
2018-02-24 14:37:43,0.02057400,0.11000000
2018-02-24 14:37:45,0.02059900,0.48000000
2018-02-24 14:37:45,0.02059900,0.33000000
2018-02-24 14:37:46,0.02057400,0.11000000
2018-02-24 14:37:47,0.02057400,0.05000000
2018-02-24 14:37:49,0.02059600,0.81000000
2018-02-24 14:37:49,0.02059800,0.37000000
2018-02-24 14:37:49,0.02060100,0.07000000
2018-02-24 14:37:49,0.02060800,0.06000000
2018-02-24 14:37:49,0.02060800,0.48000000
2018-02-24 14:37:56,0.02057600,4.69000000
2018-02-24 14:37:57,0.02057600,2.59000000
2018-02-24 14:37:57,0.02057400,1.06000000
2018-02-24 14:37:57,0.02057300,0.10000000
2018-02-24 14:37:57,0.02056200,2.48000000
2018-02-24 14:37:57,0.02056100,8.77000000
2018-02-24 14:37:59,0.02059200,0.33000000
2018-02-24 14:38:00,0.02058900,0.30000000
2018-02-24 14:38:01,0.02058300,1.13000000
2018-02-24 14:38:04,0.02057700,0.48000000
2018-02-24 14:38:04,0.02057700,2.43000000
2018-02-24 14:38:04,0.02057700,0.08000000
2018-02-24 14:38:04,0.02057700,1.79000000
2018-02-24 14:38:05,0.02057400,0.10000000
2018-02-24 14:38:05,0.02057400,0.48000000
2018-02-24 14:38:07,0.02057100,0.15000000
2018-02-24 14:38:10,0.02057000,0.48000000
2018-02-24 14:38:13,0.02056200,0.48000000
2018-02-24 14:38:14,0.02057000,0.48000000
2018-02-24 14:38:14,0.02056100,0.10000000
2018-02-24 14:38:14,0.02057000,1.52000000
2018-02-24 14:38:15,0.02058900,1.89000000
2018-02-24 14:38:16,0.02056300,0.38000000
2018-02-24 14:38:16,0.02056300,1.85000000
2018-02-24 14:38:18,0.02057000,1.45000000
2018-02-24 14:38:18,0.02057000,7.94000000
2018-02-24 14:38:19,0.02059200,2.24000000
2018-02-24 14:38:19,0.02056500,1.45000000
2018-02-24 14:38:21,0.02059400,0.10000000
2018-02-24 14:38:21,0.02059600,0.07000000
2018-02-24 14:38:21,0.02059600,0.48000000
2018-02-24 14:38:21,0.02059600,0.20000000
2018-02-24 14:38:22,0.02057300,0.10000000
2018-02-24 14:38:23,0.02056500,1.45000000
2018-02-24 14:38:23,0.02056500,1.45000000
2018-02-24 14:38:24,0.02056500,0.47000000
2018-02-24 14:38:25,0.02057000,0.68000000
2018-02-24 14:38:26,0.02057000,0.01000000
2018-02-24 14:38:26,0.02056300,0.53000000
2018-02-24 14:38:26,0.02056000,2.45000000
2018-02-24 14:38:26,0.02055700,2.01000000
2018-02-24 14:38:28,0.02058200,0.48000000
2018-02-24 14:38:29,0.02058000,1.30000000
2018-02-24 14:38:36,0.02057400,0.19000000
2018-02-24 14:38:39,0.02055700,0.05000000
2018-02-24 14:38:40,0.02057400,0.79000000
2018-02-24 14:38:40,0.02055700,1.45000000
2018-02-24 14:38:40,0.02055700,1.45000000
2018-02-24 14:38:52,0.02057400,1.50000000
2018-02-24 14:38:55,0.02055700,1.16000000
2018-02-24 14:38:57,0.02057400,0.81000000
2018-02-24 14:38:58,0.02057400,1.45000000
2018-02-24 14:38:58,0.02057400,0.25000000
2018-02-24 14:38:58,0.02057700,1.45000000
2018-02-24 14:38:58,0.02057700,1.66000000
2018-02-24 14:38:58,0.02057700,1.45000000
2018-02-24 14:39:01,0.02055800,0.25000000
2018-02-24 14:39:02,0.02057700,0.05000000
2018-02-24 14:39:23,0.02057700,1.04000000
2018-02-24 14:39:23,0.02057700,1.45000000
2018-02-24 14:39:23,0.02057700,0.04000000
2018-02-24 14:39:23,0.02057700,1.45000000
2018-02-24 14:39:23,0.02057700,2.41000000
2018-02-24 14:39:32,0.02057700,0.80000000
2018-02-24 14:39:32,0.02057700,0.13000000
2018-02-24 14:39:33,0.02057700,0.11000000
2018-02-24 14:39:34,0.02057700,1.02000000
2018-02-24 14:39:34,0.02055800,1.25000000
2018-02-24 14:39:44,0.02056700,0.23000000
2018-02-24 14:39:44,0.02057600,0.09000000
2018-02-24 14:39:51,0.02057600,1.45000000
2018-02-24 14:39:52,0.02057600,0.91000000
2018-02-24 14:39:52,0.02057600,1.44000000
2018-02-24 14:39:52,0.02057600,1.25000000
2018-02-24 14:39:53,0.02057600,0.48000000
2018-02-24 14:39:54,0.02057600,0.42000000
2018-02-24 14:39:59,0.02056100,0.10000000
2018-02-24 14:40:01,0.02057600,0.08000000
2018-02-24 14:40:07,0.02057600,2.99000000
2018-02-24 14:40:07,0.02057600,8.82000000
2018-02-24 14:40:07,0.02057700,0.59000000
2018-02-24 14:40:11,0.02057500,0.25000000
2018-02-24 14:40:11,0.02056200,0.12000000
2018-02-24 14:40:17,0.02056200,0.57000000
2018-02-24 14:40:18,0.02057600,0.20000000
2018-02-24 14:40:25,0.02057000,1.45000000
2018-02-24 14:40:25,0.02057000,1.18000000
2018-02-24 14:40:27,0.02057500,0.46000000
2018-02-24 14:40:28,0.02057500,0.34000000
2018-02-24 14:40:45,0.02057400,0.05000000
2018-02-24 14:40:46,0.02057400,0.06000000
2018-02-24 14:40:46,0.02057500,1.45000000
2018-02-24 14:40:46,0.02057500,0.15000000
2018-02-24 14:40:47,0.02057700,0.01000000
2018-02-24 14:40:48,0.02059400,0.10000000
2018-02-24 14:40:53,0.02059700,0.48000000
2018-02-24 14:40:55,0.02059700,1.53000000
2018-02-24 14:40:59,0.02060700,0.07000000
2018-02-24 14:40:59,0.02060700,0.48000000
2018-02-24 14:41:05,0.02060700,0.02000000
2018-02-24 14:41:05,0.02060800,0.90000000
2018-02-24 14:41:05,0.02060800,0.80000000
2018-02-24 14:41:05,0.02060800,0.08000000
2018-02-24 14:41:06,0.02060700,0.14000000
2018-02-24 14:41:08,0.02060700,0.01000000
2018-02-24 14:41:08,0.02060800,0.04000000
2018-02-24 14:41:08,0.02060900,2.93000000
2018-02-24 14:41:11,0.02059500,0.50000000
2018-02-24 14:41:11,0.02060700,0.62000000
2018-02-24 14:41:11,0.02060700,0.56000000
2018-02-24 14:41:11,0.02060700,1.98000000
2018-02-24 14:41:11,0.02058200,0.56000000
2018-02-24 14:41:11,0.02060700,0.17000000
2018-02-24 14:41:12,0.02060700,0.35000000
2018-02-24 14:41:12,0.02060700,0.19000000
2018-02-24 14:41:12,0.02060700,0.56000000
2018-02-24 14:41:13,0.02060700,0.48000000
2018-02-24 14:41:13,0.02060700,0.49000000
2018-02-24 14:41:13,0.02060700,0.49000000
2018-02-24 14:41:13,0.02060700,0.80000000
2018-02-24 14:41:14,0.02060700,1.30000000
2018-02-24 14:41:14,0.02060700,0.46000000
2018-02-24 14:41:16,0.02060700,0.01000000
2018-02-24 14:41:16,0.02060900,0.19000000
2018-02-24 14:41:16,0.02060900,0.14000000
2018-02-24 14:41:17,0.02060900,4.09000000
2018-02-24 14:41:17,0.02060900,0.92000000
2018-02-24 14:41:17,0.02060900,0.95000000
2018-02-24 14:41:17,0.02060900,0.41000000
2018-02-24 14:41:20,0.02060900,0.88000000
2018-02-24 14:41:20,0.02060900,8.84000000
2018-02-24 14:41:25,0.02060800,1.63000000
2018-02-24 14:41:37,0.02060800,0.38000000
2018-02-24 14:41:37,0.02060800,0.80000000
2018-02-24 14:41:37,0.02060800,0.80000000
2018-02-24 14:42:14,0.02060800,0.30000000
2018-02-24 14:42:20,0.02060800,5.62000000
2018-02-24 14:42:20,0.02060800,0.80000000
2018-02-24 14:42:20,0.02060800,0.80000000
2018-02-24 14:42:20,0.02060800,5.82000000
2018-02-24 14:42:21,0.02060800,2.25000000
2018-02-24 14:42:23,0.02060800,1.97000000
2018-02-24 14:42:23,0.02058700,0.35000000
2018-02-24 14:42:23,0.02057900,1.46000000
2018-02-24 14:42:26,0.02057700,2.29000000
2018-02-24 14:42:26,0.02057500,0.12000000
2018-02-24 14:42:26,0.02057300,0.10000000
2018-02-24 14:42:26,0.02057000,0.89000000
2018-02-24 14:42:27,0.02057200,1.32000000
2018-02-24 14:42:32,0.02057000,9.56000000
2018-02-24 14:42:32,0.02055900,26.98000000
2018-02-24 14:42:40,0.02058000,0.43000000
2018-02-24 14:42:41,0.02057700,0.40000000
2018-02-24 14:42:42,0.02057400,0.43000000
2018-02-24 14:42:43,0.02057400,0.06000000
2018-02-24 14:42:43,0.02057600,0.34000000
2018-02-24 14:42:45,0.02057600,0.33000000
2018-02-24 14:42:46,0.02057600,0.40000000
2018-02-24 14:42:46,0.02057600,0.80000000
2018-02-24 14:42:46,0.02057600,0.10000000
2018-02-24 14:42:49,0.02057600,1.32000000
2018-02-24 14:42:49,0.02057600,0.10000000
2018-02-24 14:42:51,0.02057600,0.45000000
2018-02-24 14:42:58,0.02057200,0.26000000
2018-02-24 14:42:59,0.02056100,0.48000000
2018-02-24 14:43:08,0.02056200,0.24000000
2018-02-24 14:43:09,0.02056900,0.41000000
2018-02-24 14:43:09,0.02057000,0.37000000
2018-02-24 14:43:09,0.02057600,1.65000000
2018-02-24 14:43:10,0.02057600,2.43000000
2018-02-24 14:43:12,0.02057600,2.43000000
2018-02-24 14:43:13,0.02057600,2.98000000
2018-02-24 14:43:13,0.02057600,1.14000000
2018-02-24 14:43:13,0.02057600,1.15000000
2018-02-24 14:43:14,0.02057600,2.43000000
2018-02-24 14:43:16,0.02057600,2.43000000
2018-02-24 14:43:17,0.02057600,3.30000000
2018-02-24 14:43:18,0.02057600,0.46000000
2018-02-24 14:43:18,0.02057600,0.80000000
2018-02-24 14:43:19,0.02057600,1.93000000
2018-02-24 14:43:22,0.02057600,1.08000000
2018-02-24 14:43:22,0.02057700,1.53000000
2018-02-24 14:43:27,0.02057500,0.07000000
2018-02-24 14:43:27,0.02059400,0.10000000
2018-02-24 14:43:28,0.02059600,1.03000000
2018-02-24 14:43:33,0.02057600,2.00000000
2018-02-24 14:43:33,0.02057600,0.10000000
2018-02-24 14:43:35,0.02057700,0.13000000
2018-02-24 14:43:35,0.02059800,0.10000000
2018-02-24 14:43:35,0.02059800,0.59000000
2018-02-24 14:43:37,0.02060000,0.48000000
2018-02-24 14:43:41,0.02060000,0.08000000
2018-02-24 14:43:41,0.02060600,0.24000000
2018-02-24 14:43:41,0.02060700,0.16000000
2018-02-24 14:43:50,0.02059800,0.01000000
2018-02-24 14:43:50,0.02057800,0.57000000
2018-02-24 14:43:51,0.02057800,1.47000000
2018-02-24 14:44:00,0.02060500,0.81000000
2018-02-24 14:44:12,0.02057900,4.50000000
2018-02-24 14:44:13,0.02057600,1.23000000
2018-02-24 14:44:13,0.02057800,0.33000000
2018-02-24 14:44:13,0.02057800,0.50000000
2018-02-24 14:44:15,0.02057800,0.33000000
2018-02-24 14:44:15,0.02057800,0.30000000
2018-02-24 14:44:18,0.02057800,0.40000000
2018-02-24 14:44:18,0.02057800,0.43000000
2018-02-24 14:44:20,0.02057800,0.19000000
2018-02-24 14:44:20,0.02057800,0.40000000
2018-02-24 14:44:20,0.02057800,0.43000000
2018-02-24 14:44:23,0.02057800,0.43000000
2018-02-24 14:44:23,0.02057800,0.29000000
2018-02-24 14:44:25,0.02057800,0.01000000
2018-02-24 14:44:25,0.02059900,0.42000000
2018-02-24 14:44:26,0.02057600,2.06000000
2018-02-24 14:44:29,0.02057800,0.53000000
2018-02-24 14:44:29,0.02057800,0.81000000
2018-02-24 14:44:29,0.02057800,9.78000000
2018-02-24 14:44:34,0.02057600,9.81000000
2018-02-24 14:44:34,0.02057700,4.16000000
2018-02-24 14:44:45,0.02057600,1.00000000
2018-02-24 14:44:51,0.02057600,0.11000000
2018-02-24 14:44:55,0.02057800,15.00000000
2018-02-24 14:45:01,0.02057600,6.26000000
2018-02-24 14:45:03,0.02057600,0.48000000
2018-02-24 14:45:04,0.02057600,0.48000000
2018-02-24 14:45:08,0.02057300,0.10000000
2018-02-24 14:45:10,0.02056800,0.37000000
2018-02-24 14:45:10,0.02056600,0.06000000
2018-02-24 14:45:13,0.02056600,0.17000000
2018-02-24 14:45:13,0.02056600,2.99000000
2018-02-24 14:45:16,0.02056700,0.25000000
2018-02-24 14:45:16,0.02056600,0.43000000
2018-02-24 14:45:19,0.02056600,0.11000000
2018-02-24 14:45:20,0.02057600,1.45000000
2018-02-24 14:45:20,0.02057600,1.45000000
2018-02-24 14:45:20,0.02057600,1.45000000
2018-02-24 14:45:20,0.02057600,0.48000000
2018-02-24 14:45:21,0.02056700,0.25000000
2018-02-24 14:45:21,0.02056600,0.43000000
2018-02-24 14:45:22,0.02056600,1.45000000
2018-02-24 14:45:22,0.02056600,0.24000000
2018-02-24 14:45:23,0.02056600,0.20000000
2018-02-24 14:45:29,0.02056600,1.45000000
2018-02-24 14:45:29,0.02056600,0.25000000
2018-02-24 14:45:30,0.02056500,1.45000000
2018-02-24 14:45:30,0.02056500,2.49000000
2018-02-24 14:45:30,0.02056500,0.56000000
2018-02-24 14:45:30,0.02056600,3.05000000
2018-02-24 14:45:31,0.02056600,1.45000000
2018-02-24 14:45:34,0.02056600,1.45000000
2018-02-24 14:45:34,0.02056600,1.29000000
2018-02-24 14:45:34,0.02056600,1.45000000
2018-02-24 14:45:34,0.02056600,1.45000000
2018-02-24 14:45:34,0.02056600,1.45000000
2018-02-24 14:45:34,0.02056600,1.45000000
2018-02-24 14:45:34,0.02056600,1.45000000
2018-02-24 14:45:34,0.02056600,1.45000000
2018-02-24 14:45:34,0.02056600,1.45000000
2018-02-24 14:45:35,0.02056600,0.28000000
2018-02-24 14:45:35,0.02056600,1.45000000
2018-02-24 14:45:35,0.02056600,1.17000000
2018-02-24 14:45:36,0.02056600,0.48000000
2018-02-24 14:45:37,0.02056600,1.45000000
2018-02-24 14:45:37,0.02056600,1.45000000
2018-02-24 14:45:37,0.02056600,4.32000000
2018-02-24 14:45:39,0.02056500,0.07000000
2018-02-24 14:45:41,0.02056500,0.39000000
2018-02-24 14:45:41,0.02056600,10.99000000
2018-02-24 14:45:41,0.02056600,2.99000000
2018-02-24 14:45:41,0.02056600,2.09000000
2018-02-24 14:45:41,0.02057800,1.73000000
2018-02-24 14:45:41,0.02057800,0.24000000
2018-02-24 14:45:41,0.02057800,1.06000000
2018-02-24 14:45:42,0.02057800,1.45000000
2018-02-24 14:45:42,0.02057800,1.45000000
2018-02-24 14:45:42,0.02057800,1.45000000
2018-02-24 14:45:42,0.02057800,35.15000000
2018-02-24 14:45:45,0.02057800,11.75000000
2018-02-24 14:45:45,0.02057800,5.08000000
2018-02-24 14:45:46,0.02057800,4.07000000
2018-02-24 14:45:46,0.02058000,0.48000000
2018-02-24 14:45:46,0.02059000,1.00000000
2018-02-24 14:45:46,0.02059300,3.60000000
2018-02-24 14:45:50,0.02057700,0.46000000
2018-02-24 14:45:51,0.02059400,0.10000000
2018-02-24 14:45:51,0.02059900,1.00000000
2018-02-24 14:45:51,0.02060700,0.39000000
2018-02-24 14:45:51,0.02060800,1.26000000
2018-02-24 14:45:51,0.02060900,0.01000000
2018-02-24 14:45:51,0.02061400,0.84000000
2018-02-24 14:45:56,0.02059300,0.10000000
2018-02-24 14:45:58,0.02057900,0.07000000
2018-02-24 14:46:04,0.02058400,1.65000000
2018-02-24 14:46:07,0.02061200,1.45000000
2018-02-24 14:46:12,0.02061200,0.15000000
2018-02-24 14:46:12,0.02058700,1.39000000
2018-02-24 14:46:16,0.02058700,0.62000000
2018-02-24 14:46:22,0.02057400,0.25000000
2018-02-24 14:46:22,0.02057300,0.10000000
2018-02-24 14:46:22,0.02057200,0.24000000
2018-02-24 14:46:22,0.02056400,1.42000000
2018-02-24 14:46:25,0.02059100,0.79000000
2018-02-24 14:46:25,0.02058900,0.11000000
2018-02-24 14:46:26,0.02058800,0.63000000
2018-02-24 14:46:30,0.02059400,0.10000000
2018-02-24 14:46:30,0.02060900,0.24000000
2018-02-24 14:46:30,0.02061000,0.14000000
2018-02-24 14:46:35,0.02061000,0.48000000
2018-02-24 14:46:37,0.02059400,0.28000000
2018-02-24 14:46:38,0.02059500,0.24000000
2018-02-24 14:46:39,0.02061000,1.39000000
2018-02-24 14:46:39,0.02061400,0.47000000
2018-02-24 14:46:39,0.02061400,0.48000000
2018-02-24 14:46:44,0.02059500,0.69000000
2018-02-24 14:46:48,0.02059500,0.31000000
2018-02-24 14:46:48,0.02061300,1.45000000
2018-02-24 14:46:48,0.02061300,0.16000000
2018-02-24 14:46:48,0.02061300,0.60000000
2018-02-24 14:46:48,0.02059100,0.16000000
2018-02-24 14:46:51,0.02059100,2.00000000
2018-02-24 14:46:51,0.02059100,0.24000000
2018-02-24 14:46:51,0.02059100,1.95000000
2018-02-24 14:46:51,0.02061300,3.25000000
2018-02-24 14:46:51,0.02061400,0.80000000
2018-02-24 14:46:52,0.02059100,0.49000000
2018-02-24 14:46:54,0.02059100,0.01000000
2018-02-24 14:46:54,0.02059000,0.24000000
2018-02-24 14:46:56,0.02059000,1.13000000
2018-02-24 14:47:02,0.02059000,0.66000000
2018-02-24 14:47:06,0.02059000,0.11000000
2018-02-24 14:47:06,0.02058700,0.14000000
2018-02-24 14:47:06,0.02057300,0.10000000
2018-02-24 14:47:06,0.02057200,0.24000000
2018-02-24 14:47:06,0.02057000,0.47000000
2018-02-24 14:47:06,0.02056500,0.46000000
2018-02-24 14:47:07,0.02056600,0.01000000
2018-02-24 14:47:08,0.02059000,0.66000000
2018-02-24 14:47:08,0.02059100,0.97000000
2018-02-24 14:47:15,0.02059400,0.10000000
2018-02-24 14:47:16,0.02060600,0.24000000
2018-02-24 14:47:16,0.02061400,0.24000000
2018-02-24 14:47:16,0.02059100,0.74000000
2018-02-24 14:47:17,0.02059100,0.22000000
2018-02-24 14:47:20,0.02061400,0.48000000
2018-02-24 14:47:22,0.02061400,0.14000000
2018-02-24 14:47:22,0.02061400,0.83000000
2018-02-24 14:47:22,0.02061400,1.45000000
2018-02-24 14:47:22,0.02061400,0.50000000
2018-02-24 14:47:23,0.02061400,0.85000000
2018-02-24 14:47:24,0.02058600,0.44000000
2018-02-24 14:47:27,0.02061400,1.45000000
2018-02-24 14:47:28,0.02061400,0.43000000
2018-02-24 14:47:28,0.02061400,0.86000000
2018-02-24 14:47:28,0.02061400,1.45000000
2018-02-24 14:47:28,0.02061400,1.20000000
2018-02-24 14:47:28,0.02061400,0.27000000
2018-02-24 14:47:39,0.02061400,0.40000000
2018-02-24 14:47:39,0.02061500,0.36000000
2018-02-24 14:48:09,0.02061400,0.28000000
2018-02-24 14:48:09,0.02061500,9.04000000
2018-02-24 14:48:11,0.02061500,0.16000000
2018-02-24 14:48:16,0.02061500,0.16000000
2018-02-24 14:48:18,0.02061500,0.12000000
2018-02-24 14:48:22,0.02061500,0.85000000
2018-02-24 14:48:26,0.02061600,3.51000000
2018-02-24 14:48:26,0.02061500,6.30000000
2018-02-24 14:48:31,0.02061500,0.16000000
2018-02-24 14:48:32,0.02061500,0.30000000
2018-02-24 14:48:32,0.02062000,0.48000000
2018-02-24 14:48:33,0.02061700,0.18000000
2018-02-24 14:48:34,0.02061700,1.00000000
2018-02-24 14:48:34,0.02061700,3.67000000
2018-02-24 14:48:35,0.02061500,0.48000000
2018-02-24 14:48:36,0.02061500,0.48000000
2018-02-24 14:48:37,0.02061600,0.69000000
2018-02-24 14:48:37,0.02061600,0.69000000
2018-02-24 14:48:37,0.02061600,0.23000000
2018-02-24 14:48:37,0.02061600,0.82000000
2018-02-24 14:48:38,0.02061500,0.23000000
2018-02-24 14:48:40,0.02061600,0.48000000
2018-02-24 14:48:43,0.02061500,0.28000000
2018-02-24 14:48:44,0.02061600,0.16000000
2018-02-24 14:48:45,0.02061500,0.11000000
2018-02-24 14:48:46,0.02061500,0.29000000
2018-02-24 14:48:46,0.02061500,0.16000000
2018-02-24 14:48:49,0.02061500,0.38000000
2018-02-24 14:48:50,0.02061500,1.58000000
2018-02-24 14:48:51,0.02061500,2.00000000
2018-02-24 14:48:51,0.02061600,20.91000000
2018-02-24 14:48:51,0.02062000,7.20000000
2018-02-24 14:48:51,0.02062500,2.00000000
2018-02-24 14:48:51,0.02062800,0.73000000
2018-02-24 14:48:51,0.02063500,2.69000000
2018-02-24 14:48:51,0.02063800,4.02000000
2018-02-24 14:48:51,0.02064000,0.58000000
2018-02-24 14:48:51,0.02064400,3.46000000
2018-02-24 14:48:51,0.02064500,0.16000000
2018-02-24 14:48:51,0.02064800,0.17000000
2018-02-24 14:48:51,0.02065000,3.08000000
2018-02-24 14:48:51,0.02065500,2.90000000
2018-02-24 14:48:51,0.02065600,0.10000000
2018-02-24 14:48:51,0.02065900,2.96000000
2018-02-24 14:48:51,0.02066000,0.84000000
2018-02-24 14:48:51,0.02066200,0.48000000
2018-02-24 14:48:51,0.02066500,0.08000000
2018-02-24 14:48:51,0.02066600,0.60000000
2018-02-24 14:48:51,0.02067600,0.10000000
2018-02-24 14:48:51,0.02067900,4.00000000
2018-02-24 14:48:51,0.02068000,0.14000000
2018-02-24 14:48:51,0.02068300,0.73000000
2018-02-24 14:48:51,0.02068400,12.07000000
2018-02-24 14:48:51,0.02068400,0.48000000
2018-02-24 14:48:51,0.02061700,7.25000000
2018-02-24 14:48:51,0.02061500,28.21000000
2018-02-24 14:48:53,0.02061800,0.48000000
2018-02-24 14:48:53,0.02061700,0.97000000
2018-02-24 14:48:53,0.02065500,0.10000000
2018-02-24 14:48:54,0.02063500,0.10000000
2018-02-24 14:48:57,0.02065400,0.48000000
2018-02-24 14:48:58,0.02062400,1.57000000
2018-02-24 14:49:00,0.02064200,0.48000000
2018-02-24 14:49:01,0.02062500,0.16000000
2018-02-24 14:49:01,0.02062500,1.85000000
2018-02-24 14:49:01,0.02062300,3.15000000
2018-02-24 14:49:03,0.02062300,1.98000000
2018-02-24 14:49:05,0.02062300,0.90000000
2018-02-24 14:49:06,0.02062600,0.48000000
2018-02-24 14:49:06,0.02061900,0.17000000
2018-02-24 14:49:08,0.02061900,1.00000000
2018-02-24 14:49:09,0.02061900,0.40000000
2018-02-24 14:49:11,0.02061900,0.33000000
2018-02-24 14:49:11,0.02061900,0.10000000
2018-02-24 14:49:12,0.02061500,0.87000000
2018-02-24 14:49:12,0.02061500,1.19000000
2018-02-24 14:49:13,0.02061500,0.99000000
2018-02-24 14:49:13,0.02061500,0.58000000
2018-02-24 14:49:14,0.02061500,2.58000000
2018-02-24 14:49:14,0.02061500,0.36000000
2018-02-24 14:49:18,0.02061700,0.08000000
2018-02-24 14:49:23,0.02061700,0.48000000
2018-02-24 14:49:25,0.02061700,4.85000000
2018-02-24 14:49:28,0.02061700,0.40000000
2018-02-24 14:49:29,0.02061600,0.94000000
2018-02-24 14:49:29,0.02061500,3.10000000
2018-02-24 14:49:33,0.02061600,0.11000000
2018-02-24 14:49:37,0.02061600,0.56000000
2018-02-24 14:49:45,0.02061700,0.01000000
2018-02-24 14:50:05,0.02061800,0.25000000
2018-02-24 14:50:05,0.02061700,1.45000000
2018-02-24 14:50:05,0.02061600,0.21000000
2018-02-24 14:50:05,0.02061500,3.80000000
2018-02-24 14:50:08,0.02061500,21.13000000
2018-02-24 14:50:10,0.02061600,0.25000000
2018-02-24 14:50:10,0.02061500,13.07000000
2018-02-24 14:50:11,0.02061500,20.62000000
2018-02-24 14:50:13,0.02061500,13.32000000
2018-02-24 14:50:15,0.02061500,2.36000000
2018-02-24 14:50:16,0.02061600,0.25000000
2018-02-24 14:50:16,0.02061500,25.22000000
2018-02-24 14:50:35,0.02061500,1.20000000
2018-02-24 14:50:35,0.02061500,2.10000000
2018-02-24 14:50:38,0.02061500,0.01000000
2018-02-24 14:50:38,0.02061400,0.10000000
