DATE,PRICE,VOLUME
2018-02-25 22:00:00,0.02318900,0.24000000
2018-02-25 22:00:02,0.02318800,6.07000000
2018-02-25 22:00:03,0.02318800,0.54000000
2018-02-25 22:00:04,0.02318900,0.21000000
2018-02-25 22:00:04,0.02318900,1.20000000
2018-02-25 22:00:05,0.02319000,0.79000000
2018-02-25 22:00:05,0.02319900,0.38000000
2018-02-25 22:00:05,0.02319000,10.10000000
2018-02-25 22:00:07,0.02319000,0.64000000
2018-02-25 22:00:07,0.02319900,0.23000000
2018-02-25 22:00:09,0.02319000,2.27000000
2018-02-25 22:00:09,0.02319900,0.10000000
2018-02-25 22:00:10,0.02319900,0.57000000
2018-02-25 22:00:10,0.02319900,30.23000000
2018-02-25 22:00:10,0.02320000,12.13000000
2018-02-25 22:00:11,0.02319900,0.40000000
2018-02-25 22:00:11,0.02319900,0.30000000
2018-02-25 22:00:11,0.02319900,2.29000000
2018-02-25 22:00:12,0.02319000,0.85000000
2018-02-25 22:00:12,0.02319000,14.85000000
2018-02-25 22:00:13,0.02319800,0.02000000
2018-02-25 22:00:14,0.02319700,0.10000000
2018-02-25 22:00:15,0.02319500,0.50000000
2018-02-25 22:00:15,0.02319700,2.94000000
2018-02-25 22:00:15,0.02319800,8.24000000
2018-02-25 22:00:15,0.02319000,0.59000000
2018-02-25 22:00:16,0.02319800,2.08000000
2018-02-25 22:00:16,0.02319000,0.12000000
2018-02-25 22:00:19,0.02319800,0.23000000
2018-02-25 22:00:19,0.02319000,0.17000000
2018-02-25 22:00:20,0.02319000,0.03000000
2018-02-25 22:00:20,0.02319900,0.05000000
2018-02-25 22:00:20,0.02320000,2.31000000
2018-02-25 22:00:20,0.02319000,2.73000000
2018-02-25 22:00:21,0.02319000,0.40000000
2018-02-25 22:00:21,0.02319000,0.14000000
2018-02-25 22:00:21,0.02320000,0.55000000
2018-02-25 22:00:21,0.02319000,0.85000000
2018-02-25 22:00:22,0.02320000,0.08000000
2018-02-25 22:00:23,0.02319000,0.15000000
2018-02-25 22:00:23,0.02320000,0.10000000
2018-02-25 22:00:23,0.02320000,0.14000000
2018-02-25 22:00:25,0.02320000,0.22000000
2018-02-25 22:00:25,0.02319000,0.24000000
2018-02-25 22:00:25,0.02319000,1.05000000
2018-02-25 22:00:25,0.02319000,0.80000000
2018-02-25 22:00:25,0.02320000,0.04000000
2018-02-25 22:00:25,0.02320700,0.15000000
2018-02-25 22:00:25,0.02321000,0.35000000
2018-02-25 22:00:26,0.02319000,1.33000000
2018-02-25 22:00:27,0.02319000,4.31000000
2018-02-25 22:00:27,0.02319000,0.65000000
2018-02-25 22:00:28,0.02319000,0.14000000
2018-02-25 22:00:29,0.02319800,2.84000000
2018-02-25 22:00:29,0.02319900,0.15000000
2018-02-25 22:00:29,0.02320000,0.42000000
2018-02-25 22:00:29,0.02320000,0.10000000
2018-02-25 22:00:29,0.02320000,0.50000000
2018-02-25 22:00:29,0.02320000,50.90000000
2018-02-25 22:00:30,0.02319000,0.23000000
2018-02-25 22:00:30,0.02320000,0.27000000
2018-02-25 22:00:30,0.02319000,10.79000000
2018-02-25 22:00:30,0.02318900,5.05000000
2018-02-25 22:00:31,0.02318900,2.84000000
2018-02-25 22:00:31,0.02318900,1.26000000
2018-02-25 22:00:31,0.02320000,39.45000000
2018-02-25 22:00:32,0.02319000,1.20000000
2018-02-25 22:00:33,0.02319000,0.61000000
2018-02-25 22:00:33,0.02318800,2.87000000
2018-02-25 22:00:34,0.02320000,1.74000000
2018-02-25 22:00:34,0.02320000,0.44000000
2018-02-25 22:00:36,0.02320000,2.42000000
2018-02-25 22:00:36,0.02320000,0.17000000
2018-02-25 22:00:36,0.02320000,1.00000000
2018-02-25 22:00:36,0.02320000,0.34000000
2018-02-25 22:00:37,0.02319000,0.14000000
2018-02-25 22:00:38,0.02320000,3.05000000
2018-02-25 22:00:39,0.02319900,0.13000000
2018-02-25 22:00:39,0.02320000,1.01000000
2018-02-25 22:00:40,0.02320000,3.14000000
2018-02-25 22:00:41,0.02320000,2.70000000
2018-02-25 22:00:41,0.02320000,1.34000000
2018-02-25 22:00:41,0.02320000,1.33000000
2018-02-25 22:00:41,0.02320000,0.91000000
2018-02-25 22:00:41,0.02320000,1.00000000
2018-02-25 22:00:42,0.02320000,1.20000000
2018-02-25 22:00:43,0.02320000,15.19000000
2018-02-25 22:00:45,0.02319900,7.34000000
2018-02-25 22:00:46,0.02319800,2.76000000
2018-02-25 22:00:46,0.02319900,2.10000000
2018-02-25 22:00:46,0.02320000,5.30000000
2018-02-25 22:00:46,0.02319000,0.40000000
2018-02-25 22:00:46,0.02320000,2.08000000
2018-02-25 22:00:47,0.02320000,0.22000000
2018-02-25 22:00:47,0.02320000,18.46000000
2018-02-25 22:00:48,0.02320000,15.35000000
2018-02-25 22:00:48,0.02320000,3.95000000
2018-02-25 22:00:50,0.02320000,13.29000000
2018-02-25 22:00:50,0.02320000,1.55000000
2018-02-25 22:00:51,0.02319000,6.80000000
2018-02-25 22:00:52,0.02320000,0.22000000
2018-02-25 22:00:52,0.02320000,4.47000000
2018-02-25 22:00:53,0.02320000,0.22000000
2018-02-25 22:00:54,0.02319100,0.93000000
2018-02-25 22:00:54,0.02320000,12.32000000
2018-02-25 22:00:55,0.02320000,0.16000000
2018-02-25 22:00:55,0.02319100,0.13000000
2018-02-25 22:00:56,0.02320000,0.11000000
2018-02-25 22:00:56,0.02319100,0.76000000
2018-02-25 22:00:57,0.02320000,3.53000000
2018-02-25 22:00:58,0.02319200,0.16000000
2018-02-25 22:00:58,0.02320000,1.04000000
2018-02-25 22:00:58,0.02320000,3.07000000
2018-02-25 22:00:58,0.02319100,0.40000000
2018-02-25 22:00:59,0.02320000,0.43000000
2018-02-25 22:00:59,0.02320000,4.00000000
2018-02-25 22:01:00,0.02319100,0.02000000
2018-02-25 22:01:00,0.02319000,0.21000000
2018-02-25 22:01:00,0.02320000,0.77000000
2018-02-25 22:01:00,0.02319000,1.39000000
2018-02-25 22:01:00,0.02320000,0.17000000
2018-02-25 22:01:00,0.02319900,1.60000000
2018-02-25 22:01:00,0.02320000,6.90000000
2018-02-25 22:01:02,0.02320000,1.43000000
2018-02-25 22:01:02,0.02320000,31.83000000
2018-02-25 22:01:03,0.02320000,0.05000000
2018-02-25 22:01:03,0.02321000,0.21000000
2018-02-25 22:01:04,0.02321000,0.05000000
2018-02-25 22:01:05,0.02320000,6.88000000
2018-02-25 22:01:05,0.02320000,0.15000000
2018-02-25 22:01:06,0.02320000,13.32000000
2018-02-25 22:01:07,0.02321000,0.37000000
2018-02-25 22:01:07,0.02319300,2.04000000
2018-02-25 22:01:07,0.02321000,0.05000000
2018-02-25 22:01:09,0.02320000,1.73000000
2018-02-25 22:01:10,0.02320000,5.98000000
2018-02-25 22:01:11,0.02320000,0.40000000
2018-02-25 22:01:11,0.02321000,0.11000000
2018-02-25 22:01:11,0.02321200,4.19000000
2018-02-25 22:01:11,0.02321200,0.08000000
2018-02-25 22:01:11,0.02322000,1.12000000
2018-02-25 22:01:11,0.02322000,2.22000000
2018-02-25 22:01:11,0.02320000,0.13000000
2018-02-25 22:01:15,0.02322000,14.67000000
2018-02-25 22:01:15,0.02322200,1.00000000
2018-02-25 22:01:15,0.02322300,1.87000000
2018-02-25 22:01:15,0.02322900,1.00000000
2018-02-25 22:01:15,0.02323000,55.46000000
2018-02-25 22:01:15,0.02320000,0.98000000
2018-02-25 22:01:15,0.02323000,4.88000000
2018-02-25 22:01:16,0.02321000,0.10000000
2018-02-25 22:01:17,0.02320300,2.00000000
2018-02-25 22:01:17,0.02323000,22.37000000
2018-02-25 22:01:17,0.02320300,0.42000000
2018-02-25 22:01:18,0.02320300,1.64000000
2018-02-25 22:01:18,0.02320200,0.86000000
2018-02-25 22:01:18,0.02320100,2.51000000
2018-02-25 22:01:18,0.02320100,0.08000000
2018-02-25 22:01:19,0.02321000,0.23000000
2018-02-25 22:01:20,0.02321000,0.38000000
2018-02-25 22:01:21,0.02322900,0.80000000
2018-02-25 22:01:21,0.02322900,0.98000000
2018-02-25 22:01:21,0.02322900,0.27000000
2018-02-25 22:01:22,0.02322900,1.28000000
2018-02-25 22:01:22,0.02322900,1.13000000
2018-02-25 22:01:22,0.02323000,3.66000000
2018-02-25 22:01:22,0.02323100,0.79000000
2018-02-25 22:01:22,0.02323200,3.14000000
2018-02-25 22:01:22,0.02323300,4.93000000
2018-02-25 22:01:22,0.02323500,2.57000000
2018-02-25 22:01:22,0.02323800,1.14000000
2018-02-25 22:01:22,0.02324300,0.11000000
2018-02-25 22:01:22,0.02324500,0.82000000
2018-02-25 22:01:22,0.02324600,0.48000000
2018-02-25 22:01:22,0.02324800,0.08000000
2018-02-25 22:01:23,0.02321200,0.40000000
2018-02-25 22:01:23,0.02325000,0.40000000
2018-02-25 22:01:24,0.02321500,0.11000000
2018-02-25 22:01:28,0.02325000,0.01000000
2018-02-25 22:01:29,0.02325000,0.30000000
2018-02-25 22:01:30,0.02325000,1.30000000
2018-02-25 22:01:30,0.02325000,0.08000000
2018-02-25 22:01:30,0.02325000,1.74000000
2018-02-25 22:01:31,0.02324800,0.51000000
2018-02-25 22:01:31,0.02325000,0.08000000
2018-02-25 22:01:31,0.02325300,1.77000000
2018-02-25 22:01:31,0.02325500,5.94000000
2018-02-25 22:01:31,0.02325500,5.40000000
2018-02-25 22:01:31,0.02325500,0.49000000
2018-02-25 22:01:32,0.02325500,0.14000000
2018-02-25 22:01:32,0.02321900,0.10000000
2018-02-25 22:01:32,0.02321800,6.34000000
2018-02-25 22:01:33,0.02325500,2.25000000
2018-02-25 22:01:33,0.02325500,0.49000000
2018-02-25 22:01:33,0.02325400,0.10000000
2018-02-25 22:01:33,0.02325500,22.25000000
2018-02-25 22:01:33,0.02325700,0.45000000
2018-02-25 22:01:33,0.02325700,2.97000000
2018-02-25 22:01:33,0.02326000,0.17000000
2018-02-25 22:01:34,0.02325500,1.00000000
2018-02-25 22:01:34,0.02325800,6.34000000
2018-02-25 22:01:34,0.02326000,1.12000000
2018-02-25 22:01:34,0.02326200,4.65000000
2018-02-25 22:01:35,0.02325500,0.40000000
2018-02-25 22:01:35,0.02325500,0.32000000
2018-02-25 22:01:35,0.02325500,0.05000000
2018-02-25 22:01:35,0.02325500,0.10000000
2018-02-25 22:01:35,0.02325500,1.30000000
2018-02-25 22:01:36,0.02325500,0.71000000
2018-02-25 22:01:36,0.02325500,0.50000000
2018-02-25 22:01:36,0.02326200,2.35000000
2018-02-25 22:01:36,0.02327000,4.17000000
2018-02-25 22:01:36,0.02327100,0.24000000
2018-02-25 22:01:36,0.02326300,0.11000000
2018-02-25 22:01:36,0.02326300,2.24000000
2018-02-25 22:01:36,0.02325500,0.11000000
2018-02-25 22:01:37,0.02325500,0.50000000
2018-02-25 22:01:37,0.02326300,0.43000000
2018-02-25 22:01:37,0.02326300,0.10000000
2018-02-25 22:01:38,0.02326300,0.50000000
2018-02-25 22:01:38,0.02327100,0.58000000
2018-02-25 22:01:39,0.02327300,0.89000000
2018-02-25 22:01:39,0.02328000,0.15000000
2018-02-25 22:01:39,0.02328100,21.79000000
2018-02-25 22:01:39,0.02328500,1.17000000
2018-02-25 22:01:39,0.02327100,0.20000000
2018-02-25 22:01:39,0.02328500,4.03000000
2018-02-25 22:01:40,0.02327100,0.26000000
2018-02-25 22:01:40,0.02328500,0.16000000
2018-02-25 22:01:40,0.02328500,3.12000000
2018-02-25 22:01:40,0.02328600,0.67000000
2018-02-25 22:01:40,0.02327100,0.25000000
2018-02-25 22:01:40,0.02327100,0.11000000
2018-02-25 22:01:40,0.02325600,4.05000000
2018-02-25 22:01:40,0.02325500,8.69000000
2018-02-25 22:01:40,0.02325500,1.60000000
2018-02-25 22:01:40,0.02325500,1.00000000
2018-02-25 22:01:40,0.02328600,1.28000000
2018-02-25 22:01:40,0.02328600,3.47000000
2018-02-25 22:01:40,0.02325500,0.76000000
2018-02-25 22:01:41,0.02325500,0.22000000
2018-02-25 22:01:41,0.02328500,0.85000000
2018-02-25 22:01:41,0.02325500,0.10000000
2018-02-25 22:01:43,0.02328500,3.20000000
2018-02-25 22:01:43,0.02328500,23.84000000
2018-02-25 22:01:43,0.02328500,4.77000000
2018-02-25 22:01:43,0.02327100,4.40000000
2018-02-25 22:01:43,0.02328300,0.57000000
2018-02-25 22:01:43,0.02328300,2.44000000
2018-02-25 22:01:44,0.02328300,2.07000000
2018-02-25 22:01:44,0.02328300,8.16000000
2018-02-25 22:01:44,0.02328300,0.64000000
2018-02-25 22:01:44,0.02326000,0.81000000
2018-02-25 22:01:45,0.02326000,0.15000000
2018-02-25 22:01:45,0.02326000,1.50000000
2018-02-25 22:01:45,0.02328300,2.02000000
2018-02-25 22:01:46,0.02326000,0.05000000
2018-02-25 22:01:46,0.02328300,4.19000000
2018-02-25 22:01:47,0.02328300,3.75000000
2018-02-25 22:01:47,0.02328300,1.20000000
2018-02-25 22:01:47,0.02328300,0.71000000
2018-02-25 22:01:48,0.02328500,0.97000000
2018-02-25 22:01:48,0.02328600,3.34000000
2018-02-25 22:01:48,0.02327100,0.48000000
2018-02-25 22:01:48,0.02327100,0.07000000
2018-02-25 22:01:49,0.02327100,0.56000000
2018-02-25 22:01:49,0.02326000,9.44000000
2018-02-25 22:01:49,0.02328300,0.07000000
2018-02-25 22:01:49,0.02328300,2.70000000
2018-02-25 22:01:49,0.02326000,3.47000000
2018-02-25 22:01:49,0.02328600,0.90000000
2018-02-25 22:01:50,0.02328500,1.24000000
2018-02-25 22:01:51,0.02328300,0.90000000
2018-02-25 22:01:51,0.02327100,1.51000000
2018-02-25 22:01:51,0.02326000,7.59000000
2018-02-25 22:01:51,0.02326000,1.24000000
2018-02-25 22:01:51,0.02328600,0.56000000
2018-02-25 22:01:51,0.02326000,0.09000000
2018-02-25 22:01:52,0.02328600,0.40000000
2018-02-25 22:01:52,0.02328800,3.41000000
2018-02-25 22:01:52,0.02329000,0.80000000
2018-02-25 22:01:52,0.02329500,0.10000000
2018-02-25 22:01:52,0.02329900,0.10000000
2018-02-25 22:01:52,0.02330000,4.14000000
2018-02-25 22:01:52,0.02330000,8.30000000
2018-02-25 22:01:52,0.02330000,0.16000000
2018-02-25 22:01:52,0.02330000,0.17000000
2018-02-25 22:01:53,0.02326300,0.05000000
2018-02-25 22:01:53,0.02326200,6.44000000
2018-02-25 22:01:53,0.02326100,0.42000000
2018-02-25 22:01:53,0.02326000,3.09000000
2018-02-25 22:01:53,0.02330000,12.38000000
2018-02-25 22:01:54,0.02328300,2.50000000
2018-02-25 22:01:54,0.02328300,1.50000000
2018-02-25 22:01:55,0.02329800,6.49000000
2018-02-25 22:01:55,0.02329800,0.55000000
2018-02-25 22:01:55,0.02329800,0.65000000
2018-02-25 22:01:56,0.02329800,4.30000000
2018-02-25 22:01:56,0.02329800,0.20000000
2018-02-25 22:01:56,0.02329800,2.16000000
2018-02-25 22:01:56,0.02329800,3.01000000
2018-02-25 22:01:56,0.02328500,0.28000000
2018-02-25 22:01:56,0.02328300,1.11000000
2018-02-25 22:01:56,0.02328300,1.15000000
2018-02-25 22:01:56,0.02327100,0.17000000
2018-02-25 22:01:56,0.02326300,0.90000000
2018-02-25 22:01:56,0.02326500,0.08000000
2018-02-25 22:01:56,0.02330000,2.60000000
2018-02-25 22:01:56,0.02326500,0.20000000
2018-02-25 22:01:57,0.02330000,0.68000000
2018-02-25 22:01:57,0.02329900,0.05000000
2018-02-25 22:01:57,0.02329900,0.85000000
2018-02-25 22:01:57,0.02330000,0.38000000
2018-02-25 22:01:57,0.02329800,0.29000000
2018-02-25 22:01:57,0.02329800,0.67000000
2018-02-25 22:01:57,0.02330000,2.43000000
2018-02-25 22:01:58,0.02328600,1.79000000
2018-02-25 22:01:58,0.02326300,0.05000000
2018-02-25 22:01:58,0.02326000,4.60000000
2018-02-25 22:01:58,0.02329800,0.28000000
2018-02-25 22:01:58,0.02330000,0.59000000
2018-02-25 22:01:58,0.02330000,3.64000000
2018-02-25 22:01:58,0.02326000,0.12000000
2018-02-25 22:01:59,0.02329800,0.05000000
2018-02-25 22:01:59,0.02330000,133.39000000
2018-02-25 22:01:59,0.02330000,1.05000000
2018-02-25 22:01:59,0.02330000,0.07000000
2018-02-25 22:01:59,0.02330000,10.00000000
2018-02-25 22:02:00,0.02330000,2.01000000
2018-02-25 22:02:00,0.02330000,0.65000000
2018-02-25 22:02:00,0.02330000,0.90000000
2018-02-25 22:02:00,0.02330000,1.05000000
2018-02-25 22:02:00,0.02330000,0.10000000
2018-02-25 22:02:00,0.02330000,63.03000000
2018-02-25 22:02:00,0.02330000,0.50000000
2018-02-25 22:02:01,0.02330500,0.77000000
2018-02-25 22:02:01,0.02330000,4.00000000
2018-02-25 22:02:01,0.02330000,0.07000000
2018-02-25 22:02:01,0.02330000,0.40000000
2018-02-25 22:02:02,0.02330100,0.16000000
2018-02-25 22:02:02,0.02330000,3.66000000
2018-02-25 22:02:02,0.02330000,0.50000000
2018-02-25 22:02:02,0.02330100,0.16000000
2018-02-25 22:02:02,0.02330500,0.10000000
2018-02-25 22:02:02,0.02330000,0.50000000
2018-02-25 22:02:03,0.02330500,0.73000000
2018-02-25 22:02:04,0.02330000,2.60000000
2018-02-25 22:02:04,0.02330500,1.84000000
2018-02-25 22:02:04,0.02330000,0.65000000
2018-02-25 22:02:04,0.02330500,1.38000000
2018-02-25 22:02:04,0.02330800,1.14000000
2018-02-25 22:02:04,0.02330800,0.50000000
2018-02-25 22:02:05,0.02330800,3.67000000
2018-02-25 22:02:05,0.02330200,1.33000000
2018-02-25 22:02:05,0.02330900,0.89000000
2018-02-25 22:02:05,0.02330800,0.45000000
2018-02-25 22:02:05,0.02330200,0.07000000
2018-02-25 22:02:05,0.02330000,0.50000000
2018-02-25 22:02:05,0.02330800,0.08000000
2018-02-25 22:02:06,0.02330000,0.12000000
2018-02-25 22:02:06,0.02330500,0.06000000
2018-02-25 22:02:06,0.02330500,16.26000000
2018-02-25 22:02:06,0.02330000,5.26000000
2018-02-25 22:02:07,0.02330800,0.21000000
2018-02-25 22:02:07,0.02330000,5.20000000
2018-02-25 22:02:08,0.02330800,0.47000000
2018-02-25 22:02:08,0.02330000,0.21000000
2018-02-25 22:02:09,0.02330800,0.09000000
2018-02-25 22:02:09,0.02330900,3.70000000
2018-02-25 22:02:09,0.02330800,0.22000000
2018-02-25 22:02:09,0.02330800,0.49000000
2018-02-25 22:02:09,0.02330800,0.65000000
2018-02-25 22:02:10,0.02330900,2.95000000
2018-02-25 22:02:10,0.02331200,0.09000000
2018-02-25 22:02:10,0.02331300,0.21000000
2018-02-25 22:02:10,0.02331600,6.12000000
2018-02-25 22:02:10,0.02331800,0.07000000
2018-02-25 22:02:10,0.02332100,0.93000000
2018-02-25 22:02:10,0.02330800,0.44000000
2018-02-25 22:02:10,0.02330800,4.17000000
2018-02-25 22:02:10,0.02330000,0.83000000
2018-02-25 22:02:11,0.02330000,5.00000000
2018-02-25 22:02:11,0.02330000,0.06000000
2018-02-25 22:02:12,0.02330000,10.00000000
2018-02-25 22:02:12,0.02330000,0.52000000
2018-02-25 22:02:13,0.02330000,4.99000000
2018-02-25 22:02:13,0.02332100,0.89000000
2018-02-25 22:02:13,0.02330000,0.65000000
2018-02-25 22:02:14,0.02331000,6.51000000
2018-02-25 22:02:14,0.02330000,3.49000000
2018-02-25 22:02:14,0.02330000,0.50000000
2018-02-25 22:02:15,0.02330000,44.81000000
2018-02-25 22:02:15,0.02330000,0.40000000
2018-02-25 22:02:15,0.02332100,2.20000000
2018-02-25 22:02:15,0.02332100,6.33000000
2018-02-25 22:02:15,0.02332200,1.31000000
2018-02-25 22:02:15,0.02332500,0.11000000
2018-02-25 22:02:15,0.02332600,1.50000000
2018-02-25 22:02:15,0.02333000,1.57000000
2018-02-25 22:02:15,0.02333300,2.01000000
2018-02-25 22:02:15,0.02333400,4.99000000
2018-02-25 22:02:15,0.02333700,0.79000000
2018-02-25 22:02:15,0.02330200,6.42000000
2018-02-25 22:02:15,0.02330000,15.10000000
2018-02-25 22:02:16,0.02330100,4.04000000
2018-02-25 22:02:16,0.02330000,5.96000000
2018-02-25 22:02:16,0.02330000,10.00000000
2018-02-25 22:02:18,0.02332700,0.71000000
2018-02-25 22:02:19,0.02330200,0.65000000
2018-02-25 22:02:20,0.02332100,1.55000000
2018-02-25 22:02:20,0.02330800,0.08000000
2018-02-25 22:02:22,0.02330800,3.21000000
2018-02-25 22:02:22,0.02330200,2.17000000
2018-02-25 22:02:22,0.02330000,4.62000000
2018-02-25 22:02:22,0.02330000,1.34000000
2018-02-25 22:02:23,0.02331500,0.95000000
2018-02-25 22:02:23,0.02330800,0.43000000
2018-02-25 22:02:23,0.02330200,5.05000000
2018-02-25 22:02:23,0.02330000,4.52000000
2018-02-25 22:02:23,0.02330000,0.57000000
2018-02-25 22:02:23,0.02330000,0.35000000
2018-02-25 22:02:24,0.02330500,0.13000000
2018-02-25 22:02:24,0.02330200,0.53000000
2018-02-25 22:02:24,0.02330000,9.34000000
2018-02-25 22:02:24,0.02330000,6.81000000
2018-02-25 22:02:24,0.02330000,0.02000000
2018-02-25 22:02:24,0.02330000,0.07000000
2018-02-25 22:02:25,0.02330600,3.21000000
2018-02-25 22:02:25,0.02330800,4.69000000
2018-02-25 22:02:25,0.02330000,5.31000000
2018-02-25 22:02:26,0.02330000,10.00000000
2018-02-25 22:02:26,0.02330000,7.45000000
2018-02-25 22:02:26,0.02330100,1.79000000
2018-02-25 22:02:26,0.02330000,1.21000000
2018-02-25 22:02:27,0.02330100,9.24000000
2018-02-25 22:02:27,0.02330100,1.10000000
2018-02-25 22:02:28,0.02330100,10.55000000
2018-02-25 22:02:28,0.02330100,7.79000000
2018-02-25 22:02:28,0.02330000,2.21000000
2018-02-25 22:02:28,0.02330800,0.47000000
2018-02-25 22:02:28,0.02330900,4.04000000
2018-02-25 22:02:28,0.02330900,0.22000000
2018-02-25 22:02:29,0.02330900,1.53000000
2018-02-25 22:02:29,0.02331000,0.46000000
2018-02-25 22:02:29,0.02331200,5.26000000
2018-02-25 22:02:29,0.02331400,0.16000000
2018-02-25 22:02:29,0.02331900,0.21000000
2018-02-25 22:02:29,0.02333700,1.21000000
2018-02-25 22:02:29,0.02333900,0.85000000
2018-02-25 22:02:29,0.02334400,0.46000000
2018-02-25 22:02:29,0.02334600,0.50000000
2018-02-25 22:02:29,0.02335000,15.76000000
2018-02-25 22:02:29,0.02335300,5.41000000
2018-02-25 22:02:29,0.02335600,0.42000000
2018-02-25 22:02:29,0.02335700,5.08000000
2018-02-25 22:02:29,0.02336000,6.00000000
2018-02-25 22:02:29,0.02336100,23.14000000
2018-02-25 22:02:29,0.02336500,1.25000000
2018-02-25 22:02:29,0.02336700,2.21000000
2018-02-25 22:02:29,0.02336800,4.48000000
2018-02-25 22:02:29,0.02336900,0.11000000
2018-02-25 22:02:29,0.02337000,3.61000000
2018-02-25 22:02:29,0.02337200,0.75000000
2018-02-25 22:02:29,0.02337700,3.19000000
2018-02-25 22:02:29,0.02337900,0.09000000
2018-02-25 22:02:29,0.02338200,0.48000000
2018-02-25 22:02:29,0.02338600,0.60000000
2018-02-25 22:02:29,0.02338700,0.90000000
2018-02-25 22:02:29,0.02338800,2.00000000
2018-02-25 22:02:29,0.02339000,0.16000000
2018-02-25 22:02:29,0.02339500,0.39000000
2018-02-25 22:02:29,0.02339700,0.90000000
2018-02-25 22:02:29,0.02339800,0.50000000
2018-02-25 22:02:29,0.02339900,0.86000000
2018-02-25 22:02:29,0.02340000,44.33000000
2018-02-25 22:02:29,0.02340300,23.58000000
2018-02-25 22:02:29,0.02340900,15.09000000
2018-02-25 22:02:29,0.02341100,11.84000000
2018-02-25 22:02:29,0.02341300,2.76000000
2018-02-25 22:02:29,0.02330900,5.63000000
2018-02-25 22:02:30,0.02330900,10.00000000
2018-02-25 22:02:30,0.02333900,0.07000000
2018-02-25 22:02:31,0.02333900,0.01000000
2018-02-25 22:02:31,0.02331000,0.25000000
2018-02-25 22:02:31,0.02331000,1.50000000
2018-02-25 22:02:31,0.02331000,2.08000000
2018-02-25 22:02:31,0.02331500,0.96000000
2018-02-25 22:02:32,0.02331000,0.20000000
2018-02-25 22:02:32,0.02330900,10.00000000
2018-02-25 22:02:32,0.02330900,0.10000000
2018-02-25 22:02:32,0.02330900,9.91000000
2018-02-25 22:02:32,0.02330200,11.61000000
2018-02-25 22:02:32,0.02331500,0.21000000
2018-02-25 22:02:32,0.02333900,4.03000000
2018-02-25 22:02:32,0.02334000,0.51000000
2018-02-25 22:02:32,0.02334700,1.07000000
2018-02-25 22:02:32,0.02336000,0.09000000
2018-02-25 22:02:32,0.02337300,0.13000000
2018-02-25 22:02:32,0.02339900,0.14000000
2018-02-25 22:02:34,0.02330800,0.05000000
2018-02-25 22:02:34,0.02330700,6.42000000
2018-02-25 22:02:34,0.02330600,3.53000000
2018-02-25 22:02:34,0.02335500,0.24000000
2018-02-25 22:02:34,0.02334300,0.05000000
2018-02-25 22:02:34,0.02335500,6.18000000
2018-02-25 22:02:34,0.02335700,4.88000000
2018-02-25 22:02:34,0.02335800,77.00000000
2018-02-25 22:02:34,0.02336900,0.10000000
2018-02-25 22:02:34,0.02337000,1.00000000
2018-02-25 22:02:34,0.02337800,1.11000000
2018-02-25 22:02:35,0.02332800,0.99000000
2018-02-25 22:02:35,0.02330900,0.04000000
2018-02-25 22:02:35,0.02332800,0.51000000
2018-02-25 22:02:35,0.02334700,0.50000000
2018-02-25 22:02:35,0.02334700,0.02000000
2018-02-25 22:02:36,0.02331100,0.13000000
2018-02-25 22:02:36,0.02331100,6.29000000
2018-02-25 22:02:36,0.02330900,0.17000000
2018-02-25 22:02:36,0.02330800,16.00000000
2018-02-25 22:02:36,0.02330700,0.85000000
2018-02-25 22:02:36,0.02330500,2.00000000
2018-02-25 22:02:36,0.02330200,2.54000000
2018-02-25 22:02:36,0.02330000,9.24000000
2018-02-25 22:02:36,0.02334200,1.30000000
2018-02-25 22:02:37,0.02333900,0.56000000
2018-02-25 22:02:37,0.02333900,4.56000000
2018-02-25 22:02:37,0.02334100,3.53000000
2018-02-25 22:02:37,0.02334400,0.10000000
2018-02-25 22:02:37,0.02334500,0.50000000
2018-02-25 22:02:37,0.02334600,0.85000000
2018-02-25 22:02:37,0.02335300,2.00000000
2018-02-25 22:02:37,0.02336100,12.67000000
2018-02-25 22:02:37,0.02333800,0.31000000
2018-02-25 22:02:38,0.02330200,1.50000000
2018-02-25 22:02:38,0.02333800,15.69000000
2018-02-25 22:02:38,0.02336100,8.78000000
2018-02-25 22:02:38,0.02337800,22.54000000
2018-02-25 22:02:39,0.02334100,4.91000000
2018-02-25 22:02:39,0.02333900,1.00000000
2018-02-25 22:02:39,0.02330600,0.40000000
2018-02-25 22:02:39,0.02330600,2.70000000
2018-02-25 22:02:39,0.02330300,7.04000000
2018-02-25 22:02:39,0.02330000,0.26000000
2018-02-25 22:02:40,0.02330600,0.40000000
2018-02-25 22:02:41,0.02337000,0.18000000
2018-02-25 22:02:41,0.02330800,0.30000000
2018-02-25 22:02:41,0.02330800,0.13000000
2018-02-25 22:02:41,0.02330800,0.52000000
2018-02-25 22:02:41,0.02336700,2.12000000
2018-02-25 22:02:42,0.02330900,0.40000000
2018-02-25 22:02:42,0.02330900,0.10000000
2018-02-25 22:02:42,0.02335800,4.11000000
2018-02-25 22:02:42,0.02335900,0.85000000
2018-02-25 22:02:42,0.02336000,0.95000000
2018-02-25 22:02:42,0.02336100,2.63000000
2018-02-25 22:02:42,0.02336600,1.66000000
2018-02-25 22:02:42,0.02335700,0.44000000
2018-02-25 22:02:43,0.02331100,0.09000000
2018-02-25 22:02:45,0.02331400,0.05000000
2018-02-25 22:02:46,0.02335300,3.81000000
2018-02-25 22:02:46,0.02335400,0.69000000
2018-02-25 22:02:46,0.02337000,0.13000000
2018-02-25 22:02:46,0.02337200,0.22000000
2018-02-25 22:02:46,0.02337600,0.24000000
2018-02-25 22:02:47,0.02331700,2.86000000
2018-02-25 22:02:48,0.02335300,0.10000000
2018-02-25 22:02:48,0.02337500,0.26000000
2018-02-25 22:02:48,0.02337600,0.76000000
2018-02-25 22:02:48,0.02337700,2.00000000
2018-02-25 22:02:48,0.02340000,0.53000000
2018-02-25 22:02:48,0.02340200,0.16000000
2018-02-25 22:02:48,0.02340200,0.32000000
2018-02-25 22:02:48,0.02331700,0.90000000
2018-02-25 22:02:49,0.02334600,0.03000000
2018-02-25 22:02:49,0.02334600,0.13000000
2018-02-25 22:02:49,0.02332400,0.03000000
2018-02-25 22:02:50,0.02334800,0.35000000
2018-02-25 22:02:50,0.02334800,2.93000000
2018-02-25 22:02:50,0.02334800,0.15000000
2018-02-25 22:02:50,0.02332400,0.37000000
2018-02-25 22:02:50,0.02332400,0.50000000
2018-02-25 22:02:50,0.02332500,0.40000000
2018-02-25 22:02:51,0.02332500,14.97000000
2018-02-25 22:02:51,0.02332400,1.00000000
2018-02-25 22:02:51,0.02332300,1.58000000
2018-02-25 22:02:51,0.02332200,1.00000000
2018-02-25 22:02:51,0.02332100,2.85000000
2018-02-25 22:02:51,0.02331800,0.43000000
2018-02-25 22:02:51,0.02331400,0.84000000
2018-02-25 22:02:51,0.02330900,1.04000000
2018-02-25 22:02:51,0.02330800,1.91000000
2018-02-25 22:02:51,0.02330700,4.77000000
2018-02-25 22:02:51,0.02330600,10.45000000
2018-02-25 22:02:51,0.02330100,9.12000000
2018-02-25 22:02:51,0.02330000,35.75000000
2018-02-25 22:02:51,0.02329800,9.41000000
2018-02-25 22:02:51,0.02329000,0.48000000
2018-02-25 22:02:51,0.02328700,0.60000000
2018-02-25 22:02:51,0.02328600,2.93000000
2018-02-25 22:02:51,0.02327500,3.75000000
2018-02-25 22:02:51,0.02327200,5.14000000
2018-02-25 22:02:51,0.02327100,0.88000000
2018-02-25 22:02:51,0.02327100,3.29000000
2018-02-25 22:02:51,0.02334200,7.07000000
2018-02-25 22:02:52,0.02331700,0.26000000
2018-02-25 22:02:52,0.02331900,1.65000000
2018-02-25 22:02:52,0.02332500,1.73000000
2018-02-25 22:02:52,0.02332500,0.55000000
2018-02-25 22:02:52,0.02332500,0.51000000
2018-02-25 22:02:52,0.02332100,0.87000000
2018-02-25 22:02:52,0.02332500,0.05000000
2018-02-25 22:02:53,0.02330000,4.41000000
2018-02-25 22:02:53,0.02327400,0.48000000
2018-02-25 22:02:53,0.02327100,2.62000000
2018-02-25 22:02:53,0.02326600,1.31000000
2018-02-25 22:02:54,0.02332500,0.24000000
2018-02-25 22:02:54,0.02332500,1.98000000
2018-02-25 22:02:54,0.02332500,0.73000000
2018-02-25 22:02:54,0.02334200,0.50000000
2018-02-25 22:02:55,0.02332500,14.97000000
2018-02-25 22:02:55,0.02334400,0.13000000
2018-02-25 22:02:55,0.02334600,1.70000000
2018-02-25 22:02:55,0.02332500,0.41000000
2018-02-25 22:02:55,0.02332500,5.84000000
2018-02-25 22:02:55,0.02332500,0.20000000
2018-02-25 22:02:56,0.02331600,0.81000000
2018-02-25 22:02:56,0.02332500,0.81000000
2018-02-25 22:02:57,0.02331500,0.80000000
2018-02-25 22:02:57,0.02331500,5.85000000
2018-02-25 22:02:57,0.02332500,2.10000000
2018-02-25 22:02:58,0.02332500,2.35000000
2018-02-25 22:02:58,0.02332500,0.34000000
2018-02-25 22:02:58,0.02332500,6.15000000
2018-02-25 22:02:58,0.02331400,2.68000000
2018-02-25 22:02:58,0.02331100,0.41000000
2018-02-25 22:02:58,0.02326600,2.43000000
2018-02-25 22:02:59,0.02332500,0.55000000
2018-02-25 22:02:59,0.02332500,1.66000000
2018-02-25 22:02:59,0.02333500,1.73000000
2018-02-25 22:02:59,0.02334300,1.32000000
2018-02-25 22:02:59,0.02334300,5.10000000
2018-02-25 22:02:59,0.02326800,0.10000000
2018-02-25 22:03:00,0.02332200,0.85000000
2018-02-25 22:03:00,0.02332300,0.15000000
2018-02-25 22:03:01,0.02327100,0.22000000
2018-02-25 22:03:01,0.02327100,0.22000000
2018-02-25 22:03:01,0.02327100,5.86000000
2018-02-25 22:03:01,0.02326900,2.00000000
2018-02-25 22:03:01,0.02332200,1.65000000
2018-02-25 22:03:01,0.02326800,0.13000000
2018-02-25 22:03:01,0.02326500,2.51000000
2018-02-25 22:03:01,0.02326300,0.20000000
2018-02-25 22:03:01,0.02332200,0.78000000
2018-02-25 22:03:01,0.02332300,0.39000000
2018-02-25 22:03:01,0.02326300,0.44000000
2018-02-25 22:03:01,0.02326100,10.93000000
2018-02-25 22:03:01,0.02326100,3.88000000
2018-02-25 22:03:01,0.02331900,1.03000000
2018-02-25 22:03:01,0.02332100,0.13000000
2018-02-25 22:03:01,0.02332500,0.67000000
2018-02-25 22:03:02,0.02331700,6.40000000
2018-02-25 22:03:02,0.02331900,5.02000000
2018-02-25 22:03:02,0.02326400,0.85000000
2018-02-25 22:03:02,0.02326300,3.36000000
2018-02-25 22:03:02,0.02331900,1.31000000
2018-02-25 22:03:03,0.02326600,0.35000000
2018-02-25 22:03:03,0.02326600,0.40000000
2018-02-25 22:03:03,0.02326600,0.80000000
2018-02-25 22:03:03,0.02332400,0.39000000
2018-02-25 22:03:03,0.02326900,0.22000000
2018-02-25 22:03:04,0.02332400,0.11000000
2018-02-25 22:03:04,0.02326900,0.58000000
2018-02-25 22:03:04,0.02326900,0.31000000
2018-02-25 22:03:04,0.02326900,1.19000000
2018-02-25 22:03:04,0.02326700,2.00000000
2018-02-25 22:03:04,0.02326500,1.70000000
2018-02-25 22:03:05,0.02326500,6.76000000
2018-02-25 22:03:05,0.02326800,1.38000000
2018-02-25 22:03:05,0.02326600,0.13000000
2018-02-25 22:03:05,0.02326600,3.07000000
2018-02-25 22:03:05,0.02326600,0.84000000
2018-02-25 22:03:05,0.02326500,1.99000000
2018-02-25 22:03:05,0.02332000,0.61000000
2018-02-25 22:03:05,0.02331100,1.00000000
2018-02-25 22:03:06,0.02331900,5.37000000
2018-02-25 22:03:06,0.02331100,0.11000000
2018-02-25 22:03:06,0.02331100,0.28000000
2018-02-25 22:03:06,0.02326500,0.13000000
2018-02-25 22:03:06,0.02326500,0.42000000
2018-02-25 22:03:06,0.02326500,0.10000000
2018-02-25 22:03:08,0.02326500,0.27000000
2018-02-25 22:03:08,0.02330300,1.84000000
2018-02-25 22:03:08,0.02326500,0.09000000
2018-02-25 22:03:08,0.02330200,0.93000000
2018-02-25 22:03:08,0.02330300,4.76000000
2018-02-25 22:03:08,0.02330500,3.10000000
2018-02-25 22:03:08,0.02326500,0.22000000
2018-02-25 22:03:08,0.02326600,0.86000000
2018-02-25 22:03:09,0.02326700,1.34000000
2018-02-25 22:03:09,0.02326500,0.47000000
2018-02-25 22:03:09,0.02331100,0.44000000
2018-02-25 22:03:11,0.02331000,0.33000000
2018-02-25 22:03:12,0.02331100,1.35000000
2018-02-25 22:03:12,0.02331500,0.82000000
2018-02-25 22:03:12,0.02331500,0.56000000
2018-02-25 22:03:12,0.02332500,0.29000000
2018-02-25 22:03:12,0.02330000,0.44000000
2018-02-25 22:03:12,0.02331000,8.06000000
2018-02-25 22:03:12,0.02331000,6.22000000
2018-02-25 22:03:13,0.02331000,0.26000000
2018-02-25 22:03:13,0.02330000,0.49000000
2018-02-25 22:03:13,0.02331000,12.98000000
2018-02-25 22:03:14,0.02330000,0.24000000
2018-02-25 22:03:14,0.02330900,0.72000000
2018-02-25 22:03:14,0.02331000,5.89000000
2018-02-25 22:03:14,0.02330200,0.10000000
2018-02-25 22:03:14,0.02330100,0.21000000
2018-02-25 22:03:14,0.02330200,12.22000000
2018-02-25 22:03:14,0.02331000,19.88000000
2018-02-25 22:03:14,0.02330800,1.71000000
2018-02-25 22:03:14,0.02331000,9.98000000
2018-02-25 22:03:15,0.02330000,17.05000000
2018-02-25 22:03:15,0.02330200,0.19000000
2018-02-25 22:03:15,0.02331000,0.32000000
2018-02-25 22:03:15,0.02331000,2.86000000
2018-02-25 22:03:15,0.02332500,1.47000000
2018-02-25 22:03:15,0.02330900,4.51000000
2018-02-25 22:03:15,0.02330200,0.15000000
2018-02-25 22:03:16,0.02330200,1.04000000
2018-02-25 22:03:16,0.02328900,0.13000000
2018-02-25 22:03:16,0.02328900,0.51000000
2018-02-25 22:03:16,0.02330000,2.30000000
2018-02-25 22:03:17,0.02330000,0.19000000
2018-02-25 22:03:17,0.02330000,1.07000000
2018-02-25 22:03:17,0.02330000,0.11000000
2018-02-25 22:03:17,0.02330000,3.00000000
2018-02-25 22:03:17,0.02330100,0.05000000
2018-02-25 22:03:18,0.02330800,0.06000000
2018-02-25 22:03:18,0.02330900,1.08000000
2018-02-25 22:03:18,0.02332400,0.36000000
2018-02-25 22:03:18,0.02330100,0.74000000
2018-02-25 22:03:19,0.02330100,1.76000000
2018-02-25 22:03:19,0.02330100,1.10000000
2018-02-25 22:03:19,0.02330100,0.48000000
2018-02-25 22:03:19,0.02328900,0.18000000
2018-02-25 22:03:19,0.02332500,0.39000000
2018-02-25 22:03:19,0.02333300,1.08000000
2018-02-25 22:03:19,0.02334100,3.00000000
2018-02-25 22:03:19,0.02334300,1.38000000
2018-02-25 22:03:20,0.02329100,3.43000000
2018-02-25 22:03:20,0.02328900,0.92000000
2018-02-25 22:03:20,0.02327100,9.08000000
2018-02-25 22:03:20,0.02331000,13.88000000
2018-02-25 22:03:21,0.02333200,0.53000000
2018-02-25 22:03:21,0.02329600,0.85000000
2018-02-25 22:03:21,0.02328700,3.43000000
2018-02-25 22:03:21,0.02328900,0.07000000
2018-02-25 22:03:21,0.02333100,1.09000000
2018-02-25 22:03:22,0.02333300,0.80000000
2018-02-25 22:03:22,0.02333300,2.95000000
2018-02-25 22:03:22,0.02333300,2.01000000
2018-02-25 22:03:23,0.02333200,1.28000000
2018-02-25 22:03:23,0.02330000,1.00000000
2018-02-25 22:03:24,0.02329600,0.16000000
2018-02-25 22:03:24,0.02329800,2.39000000
2018-02-25 22:03:24,0.02329800,1.84000000
2018-02-25 22:03:24,0.02330000,0.05000000
2018-02-25 22:03:25,0.02332500,0.86000000
2018-02-25 22:03:25,0.02332500,5.33000000
2018-02-25 22:03:25,0.02329600,4.34000000
2018-02-25 22:03:25,0.02329600,0.23000000
2018-02-25 22:03:26,0.02329600,4.11000000
2018-02-25 22:03:26,0.02330000,34.20000000
2018-02-25 22:03:26,0.02328900,0.40000000
2018-02-25 22:03:26,0.02330000,6.92000000
2018-02-25 22:03:26,0.02330000,0.26000000
2018-02-25 22:03:27,0.02330800,1.25000000
2018-02-25 22:03:28,0.02332400,2.00000000
2018-02-25 22:03:28,0.02330800,0.77000000
2018-02-25 22:03:28,0.02327500,0.85000000
2018-02-25 22:03:28,0.02327500,0.17000000
2018-02-25 22:03:28,0.02327600,0.85000000
2018-02-25 22:03:28,0.02327500,0.47000000
2018-02-25 22:03:29,0.02330000,0.65000000
2018-02-25 22:03:29,0.02333100,1.00000000
2018-02-25 22:03:29,0.02333200,1.35000000
2018-02-25 22:03:29,0.02327600,6.10000000
2018-02-25 22:03:29,0.02327500,0.13000000
2018-02-25 22:03:29,0.02327300,2.49000000
2018-02-25 22:03:29,0.02327200,2.00000000
2018-02-25 22:03:29,0.02327200,0.06000000
2018-02-25 22:03:29,0.02327100,2.42000000
2018-02-25 22:03:29,0.02327100,1.17000000
2018-02-25 22:03:29,0.02327200,20.54000000
2018-02-25 22:03:29,0.02333100,5.10000000
2018-02-25 22:03:29,0.02333200,4.23000000
2018-02-25 22:03:29,0.02333300,2.29000000
2018-02-25 22:03:29,0.02334300,0.54000000
2018-02-25 22:03:29,0.02327100,0.45000000
2018-02-25 22:03:29,0.02327000,0.56000000
2018-02-25 22:03:29,0.02334300,5.21000000
2018-02-25 22:03:29,0.02334900,2.27000000
2018-02-25 22:03:29,0.02327100,19.84000000
2018-02-25 22:03:29,0.02327000,4.62000000
2018-02-25 22:03:29,0.02326700,3.55000000
2018-02-25 22:03:29,0.02326600,1.42000000
2018-02-25 22:03:29,0.02326500,31.40000000
2018-02-25 22:03:30,0.02327100,1.00000000
2018-02-25 22:03:30,0.02332800,0.64000000
2018-02-25 22:03:30,0.02332900,4.04000000
2018-02-25 22:03:30,0.02333000,5.68000000
2018-02-25 22:03:30,0.02327400,1.00000000
2018-02-25 22:03:30,0.02327300,1.18000000
2018-02-25 22:03:31,0.02332800,1.85000000
2018-02-25 22:03:31,0.02332900,1.00000000
2018-02-25 22:03:31,0.02333000,5.09000000
2018-02-25 22:03:31,0.02327600,6.32000000
2018-02-25 22:03:31,0.02327600,0.10000000
2018-02-25 22:03:31,0.02327400,2.90000000
2018-02-25 22:03:31,0.02333000,0.57000000
2018-02-25 22:03:31,0.02327500,0.38000000
2018-02-25 22:03:31,0.02327500,0.10000000
2018-02-25 22:03:32,0.02327500,0.52000000
2018-02-25 22:03:32,0.02327400,3.36000000
2018-02-25 22:03:32,0.02327300,0.59000000
2018-02-25 22:03:32,0.02330900,0.05000000
2018-02-25 22:03:32,0.02331400,1.54000000
2018-02-25 22:03:32,0.02332800,0.43000000
2018-02-25 22:03:32,0.02330800,1.00000000
2018-02-25 22:03:32,0.02330900,0.05000000
2018-02-25 22:03:32,0.02331200,5.99000000
2018-02-25 22:03:32,0.02331400,1.54000000
2018-02-25 22:03:32,0.02333000,8.98000000
2018-02-25 22:03:32,0.02333100,0.21000000
2018-02-25 22:03:32,0.02327500,2.35000000
2018-02-25 22:03:33,0.02327700,0.13000000
2018-02-25 22:03:33,0.02331400,3.08000000
2018-02-25 22:03:33,0.02331500,1.54000000
2018-02-25 22:03:34,0.02332500,7.49000000
2018-02-25 22:03:34,0.02332500,0.01000000
2018-02-25 22:03:34,0.02327500,0.78000000
2018-02-25 22:03:34,0.02327700,1.00000000
2018-02-25 22:03:34,0.02327600,0.94000000
2018-02-25 22:03:35,0.02331000,0.05000000
2018-02-25 22:03:35,0.02331500,1.54000000
2018-02-25 22:03:35,0.02332800,1.00000000
2018-02-25 22:03:35,0.02333100,1.92000000
2018-02-25 22:03:35,0.02333200,2.51000000
2018-02-25 22:03:35,0.02332600,0.13000000
2018-02-25 22:03:35,0.02333200,3.06000000
2018-02-25 22:03:36,0.02328100,1.00000000
2018-02-25 22:03:36,0.02328000,0.85000000
2018-02-25 22:03:36,0.02327900,0.05000000
2018-02-25 22:03:36,0.02327900,5.59000000
2018-02-25 22:03:36,0.02332500,1.71000000
2018-02-25 22:03:36,0.02332500,0.01000000
2018-02-25 22:03:36,0.02333100,0.68000000
2018-02-25 22:03:37,0.02331300,0.01000000
2018-02-25 22:03:37,0.02331300,0.22000000
2018-02-25 22:03:37,0.02331300,0.97000000
2018-02-25 22:03:37,0.02331300,4.38000000
2018-02-25 22:03:37,0.02331300,0.01000000
2018-02-25 22:03:37,0.02331300,1.50000000
2018-02-25 22:03:37,0.02331300,0.32000000
2018-02-25 22:03:37,0.02331500,0.25000000
2018-02-25 22:03:37,0.02331300,0.40000000
2018-02-25 22:03:37,0.02331500,0.07000000
2018-02-25 22:03:38,0.02331300,0.55000000
2018-02-25 22:03:38,0.02331400,0.32000000
2018-02-25 22:03:38,0.02331300,0.62000000
2018-02-25 22:03:38,0.02331600,0.05000000
2018-02-25 22:03:38,0.02333200,0.57000000
2018-02-25 22:03:38,0.02333300,2.84000000
2018-02-25 22:03:39,0.02331300,0.11000000
2018-02-25 22:03:39,0.02332900,0.42000000
2018-02-25 22:03:39,0.02332900,0.56000000
2018-02-25 22:03:39,0.02333300,22.40000000
2018-02-25 22:03:40,0.02333300,0.52000000
2018-02-25 22:03:40,0.02331500,0.07000000
2018-02-25 22:03:40,0.02331300,0.30000000
2018-02-25 22:03:40,0.02331300,0.82000000
2018-02-25 22:03:40,0.02328800,0.50000000
2018-02-25 22:03:40,0.02329500,0.06000000
2018-02-25 22:03:40,0.02328800,0.22000000
2018-02-25 22:03:41,0.02331300,0.01000000
2018-02-25 22:03:41,0.02332500,0.04000000
2018-02-25 22:03:41,0.02329000,1.49000000
2018-02-25 22:03:42,0.02329000,4.95000000
2018-02-25 22:03:42,0.02328800,1.33000000
2018-02-25 22:03:42,0.02332500,0.07000000
2018-02-25 22:03:43,0.02328000,1.59000000
2018-02-25 22:03:43,0.02328100,3.35000000
2018-02-25 22:03:43,0.02327900,2.70000000
2018-02-25 22:03:43,0.02327900,1.28000000
2018-02-25 22:03:43,0.02327900,0.58000000
2018-02-25 22:03:43,0.02327900,0.85000000
2018-02-25 22:03:43,0.02327900,1.03000000
2018-02-25 22:03:43,0.02332200,0.95000000
2018-02-25 22:03:43,0.02327800,0.75000000
2018-02-25 22:03:44,0.02332200,0.64000000
2018-02-25 22:03:44,0.02333000,0.60000000
2018-02-25 22:03:44,0.02332500,1.36000000
2018-02-25 22:03:44,0.02327700,0.22000000
2018-02-25 22:03:44,0.02327600,16.13000000
2018-02-25 22:03:44,0.02327500,3.50000000
2018-02-25 22:03:44,0.02327400,6.10000000
2018-02-25 22:03:45,0.02327400,0.09000000
2018-02-25 22:03:45,0.02327500,1.36000000
2018-02-25 22:03:45,0.02330000,20.34000000
2018-02-25 22:03:45,0.02330000,49.74000000
2018-02-25 22:03:45,0.02332400,0.75000000
2018-02-25 22:03:45,0.02327500,0.85000000
2018-02-25 22:03:46,0.02327500,1.36000000
2018-02-25 22:03:46,0.02332600,0.84000000
2018-02-25 22:03:46,0.02327700,0.04000000
2018-02-25 22:03:47,0.02327800,0.22000000
2018-02-25 22:03:47,0.02327400,1.94000000
2018-02-25 22:03:48,0.02331500,0.51000000
2018-02-25 22:03:49,0.02328100,0.11000000
2018-02-25 22:03:50,0.02328100,0.26000000
2018-02-25 22:03:50,0.02328000,0.52000000
2018-02-25 22:03:50,0.02327900,0.83000000
2018-02-25 22:03:50,0.02327700,0.32000000
2018-02-25 22:03:50,0.02327500,0.11000000
2018-02-25 22:03:50,0.02331300,0.05000000
2018-02-25 22:03:50,0.02327700,0.79000000
2018-02-25 22:03:50,0.02330000,0.14000000
2018-02-25 22:03:50,0.02327500,0.14000000
2018-02-25 22:03:50,0.02330000,0.01000000
2018-02-25 22:03:50,0.02331000,0.83000000
2018-02-25 22:03:50,0.02331200,0.99000000
2018-02-25 22:03:51,0.02331200,0.32000000
2018-02-25 22:03:52,0.02331200,0.69000000
2018-02-25 22:03:52,0.02331200,1.57000000
2018-02-25 22:03:52,0.02328300,0.43000000
2018-02-25 22:03:52,0.02327800,0.09000000
2018-02-25 22:03:53,0.02328000,2.29000000
2018-02-25 22:03:53,0.02331300,0.93000000
2018-02-25 22:03:53,0.02330000,0.09000000
2018-02-25 22:03:53,0.02331300,0.53000000
2018-02-25 22:03:53,0.02327800,0.13000000
2018-02-25 22:03:53,0.02327500,0.19000000
2018-02-25 22:03:54,0.02327600,0.13000000
2018-02-25 22:03:55,0.02329800,1.11000000
2018-02-25 22:03:55,0.02329000,0.50000000
2018-02-25 22:03:55,0.02329800,0.07000000
2018-02-25 22:03:55,0.02329800,1.04000000
2018-02-25 22:03:55,0.02329800,0.07000000
2018-02-25 22:03:56,0.02329000,0.72000000
2018-02-25 22:03:56,0.02329000,0.32000000
2018-02-25 22:03:56,0.02327700,1.08000000
2018-02-25 22:03:56,0.02327500,6.18000000
2018-02-25 22:03:56,0.02329800,0.13000000
2018-02-25 22:03:56,0.02329900,4.16000000
2018-02-25 22:03:58,0.02327700,0.10000000
2018-02-25 22:03:59,0.02329900,9.82000000
2018-02-25 22:03:59,0.02327700,0.10000000
2018-02-25 22:04:01,0.02329900,2.24000000
2018-02-25 22:04:01,0.02327700,0.98000000
2018-02-25 22:04:01,0.02327500,41.90000000
2018-02-25 22:04:01,0.02327400,0.03000000
2018-02-25 22:04:02,0.02327400,1.39000000
2018-02-25 22:04:02,0.02327400,0.45000000
2018-02-25 22:04:02,0.02327300,3.54000000
2018-02-25 22:04:02,0.02327100,0.30000000
2018-02-25 22:04:02,0.02326300,1.22000000
2018-02-25 22:04:03,0.02329700,1.00000000
2018-02-25 22:04:03,0.02329700,0.22000000
2018-02-25 22:04:04,0.02329700,1.72000000
2018-02-25 22:04:04,0.02327700,0.30000000
2018-02-25 22:04:04,0.02327700,0.33000000
2018-02-25 22:04:04,0.02327400,0.10000000
2018-02-25 22:04:04,0.02326300,0.10000000
2018-02-25 22:04:04,0.02329700,0.22000000
2018-02-25 22:04:04,0.02326300,0.10000000
2018-02-25 22:04:04,0.02329700,6.73000000
2018-02-25 22:04:04,0.02329800,2.67000000
2018-02-25 22:04:04,0.02330000,15.24000000
2018-02-25 22:04:04,0.02331300,0.25000000
2018-02-25 22:04:04,0.02331500,1.35000000
2018-02-25 22:04:04,0.02332100,0.84000000
2018-02-25 22:04:04,0.02332500,3.91000000
2018-02-25 22:04:04,0.02332600,3.38000000
2018-02-25 22:04:04,0.02332800,0.13000000
2018-02-25 22:04:04,0.02333000,0.58000000
2018-02-25 22:04:05,0.02326500,0.05000000
2018-02-25 22:04:06,0.02329600,0.08000000
2018-02-25 22:04:06,0.02327600,7.72000000
2018-02-25 22:04:06,0.02327600,0.74000000
2018-02-25 22:04:07,0.02327600,3.56000000
2018-02-25 22:04:07,0.02327600,0.45000000
2018-02-25 22:04:08,0.02328000,0.15000000
2018-02-25 22:04:08,0.02328000,0.01000000
2018-02-25 22:04:08,0.02329600,0.02000000
2018-02-25 22:04:08,0.02329800,0.58000000
2018-02-25 22:04:09,0.02327600,2.35000000
2018-02-25 22:04:10,0.02327600,2.96000000
2018-02-25 22:04:10,0.02327600,2.31000000
2018-02-25 22:04:12,0.02327600,15.11000000
2018-02-25 22:04:12,0.02329500,0.35000000
2018-02-25 22:04:12,0.02327600,14.74000000
2018-02-25 22:04:12,0.02329500,0.10000000
2018-02-25 22:04:12,0.02329500,1.28000000
2018-02-25 22:04:12,0.02329500,3.63000000
2018-02-25 22:04:12,0.02329800,0.59000000
2018-02-25 22:04:12,0.02330000,8.43000000
2018-02-25 22:04:12,0.02330400,26.23000000
2018-02-25 22:04:12,0.02331000,1.90000000
2018-02-25 22:04:12,0.02333000,0.22000000
2018-02-25 22:04:12,0.02329600,0.13000000
2018-02-25 22:04:13,0.02329600,4.78000000
2018-02-25 22:04:13,0.02327600,6.77000000
2018-02-25 22:04:13,0.02327600,11.00000000
2018-02-25 22:04:13,0.02327600,10.99000000
2018-02-25 22:04:13,0.02327600,2.70000000
2018-02-25 22:04:13,0.02327600,0.38000000
2018-02-25 22:04:13,0.02329600,0.28000000
2018-02-25 22:04:14,0.02327700,1.00000000
2018-02-25 22:04:14,0.02327600,1.00000000
2018-02-25 22:04:14,0.02329500,0.45000000
2018-02-25 22:04:15,0.02328400,0.11000000
2018-02-25 22:04:16,0.02329800,0.11000000
2018-02-25 22:04:17,0.02329900,1.00000000
2018-02-25 22:04:17,0.02329700,0.39000000
2018-02-25 22:04:17,0.02330000,22.04000000
2018-02-25 22:04:17,0.02330000,0.45000000
2018-02-25 22:04:18,0.02329700,0.22000000
2018-02-25 22:04:18,0.02328200,0.15000000
2018-02-25 22:04:19,0.02327700,0.56000000
2018-02-25 22:04:19,0.02327700,1.16000000
2018-02-25 22:04:19,0.02327700,0.15000000
2018-02-25 22:04:20,0.02327700,3.04000000
2018-02-25 22:04:20,0.02327600,0.52000000
2018-02-25 22:04:21,0.02327700,3.31000000
2018-02-25 22:04:21,0.02330000,3.30000000
2018-02-25 22:04:22,0.02330000,3.43000000
2018-02-25 22:04:22,0.02327600,0.01000000
2018-02-25 22:04:22,0.02330000,0.11000000
2018-02-25 22:04:22,0.02330000,2.60000000
2018-02-25 22:04:23,0.02330000,0.26000000
2018-02-25 22:04:23,0.02327600,2.98000000
2018-02-25 22:04:23,0.02327600,3.00000000
2018-02-25 22:04:23,0.02327200,1.52000000
2018-02-25 22:04:23,0.02326600,2.19000000
2018-02-25 22:04:23,0.02326300,4.05000000
2018-02-25 22:04:23,0.02326100,3.99000000
2018-02-25 22:04:24,0.02327500,0.07000000
2018-02-25 22:04:24,0.02327600,3.99000000
2018-02-25 22:04:24,0.02326100,12.31000000
2018-02-25 22:04:24,0.02326000,1.28000000
2018-02-25 22:04:24,0.02325800,8.64000000
2018-02-25 22:04:25,0.02326000,6.40000000
2018-02-25 22:04:25,0.02325800,2.00000000
2018-02-25 22:04:25,0.02325800,2.72000000
2018-02-25 22:04:25,0.02325500,5.01000000
2018-02-25 22:04:25,0.02325400,0.06000000
2018-02-25 22:04:25,0.02325200,0.55000000
2018-02-25 22:04:25,0.02325100,0.20000000
2018-02-25 22:04:25,0.02325000,1.54000000
2018-02-25 22:04:25,0.02325000,3.98000000
2018-02-25 22:04:25,0.02324300,0.11000000
2018-02-25 22:04:25,0.02324100,0.21000000
2018-02-25 22:04:25,0.02324000,2.87000000
2018-02-25 22:04:25,0.02325100,0.40000000
2018-02-25 22:04:25,0.02325100,42.11000000
2018-02-25 22:04:25,0.02325900,5.16000000
2018-02-25 22:04:25,0.02325900,0.07000000
2018-02-25 22:04:25,0.02324100,0.70000000
2018-02-25 22:04:25,0.02324100,2.17000000
2018-02-25 22:04:25,0.02323600,0.05000000
2018-02-25 22:04:25,0.02323100,0.26000000
2018-02-25 22:04:25,0.02323000,1.63000000
2018-02-25 22:04:25,0.02321800,3.34000000
2018-02-25 22:04:25,0.02321800,8.50000000
2018-02-25 22:04:25,0.02323000,0.46000000
2018-02-25 22:04:25,0.02323000,2.45000000
2018-02-25 22:04:25,0.02325900,1.17000000
2018-02-25 22:04:25,0.02326100,0.45000000
2018-02-25 22:04:26,0.02323500,3.13000000
2018-02-25 22:04:26,0.02323500,1.37000000
2018-02-25 22:04:26,0.02323500,0.61000000
2018-02-25 22:04:26,0.02323500,1.33000000
2018-02-25 22:04:26,0.02323500,3.69000000
2018-02-25 22:04:26,0.02323500,0.52000000
2018-02-25 22:04:26,0.02323500,1.68000000
2018-02-25 22:04:26,0.02323500,1.33000000
2018-02-25 22:04:26,0.02323500,1.28000000
2018-02-25 22:04:26,0.02323500,7.37000000
2018-02-25 22:04:26,0.02323500,1.69000000
2018-02-25 22:04:26,0.02326100,0.41000000
2018-02-25 22:04:26,0.02327400,0.04000000
2018-02-25 22:04:26,0.02321600,0.23000000
2018-02-25 22:04:27,0.02323700,1.00000000
2018-02-25 22:04:27,0.02323600,0.18000000
2018-02-25 22:04:27,0.02323900,0.22000000
2018-02-25 22:04:28,0.02323900,0.16000000
2018-02-25 22:04:28,0.02323900,1.40000000
2018-02-25 22:04:28,0.02327600,1.00000000
2018-02-25 22:04:28,0.02327600,0.22000000
2018-02-25 22:04:28,0.02327600,0.22000000
2018-02-25 22:04:28,0.02327600,0.20000000
2018-02-25 22:04:28,0.02327600,1.92000000
2018-02-25 22:04:29,0.02327600,1.14000000
2018-02-25 22:04:29,0.02321700,3.25000000
2018-02-25 22:04:29,0.02321400,2.26000000
2018-02-25 22:04:29,0.02321300,18.49000000
2018-02-25 22:04:29,0.02320200,0.60000000
2018-02-25 22:04:29,0.02320000,3.40000000
2018-02-25 22:04:29,0.02320000,10.00000000
2018-02-25 22:04:29,0.02320000,4.54000000
2018-02-25 22:04:29,0.02320000,0.12000000
2018-02-25 22:04:29,0.02320000,6.75000000
2018-02-25 22:04:29,0.02319000,2.17000000
2018-02-25 22:04:29,0.02320000,20.93000000
2018-02-25 22:04:29,0.02320000,20.30000000
2018-02-25 22:04:29,0.02318500,3.11000000
2018-02-25 22:04:29,0.02318100,0.90000000
2018-02-25 22:04:29,0.02318000,5.00000000
2018-02-25 22:04:29,0.02317600,1.12000000
2018-02-25 22:04:29,0.02317100,19.84000000
2018-02-25 22:04:29,0.02317800,2.11000000
2018-02-25 22:04:29,0.02319900,1.29000000
2018-02-25 22:04:29,0.02319900,0.24000000
2018-02-25 22:04:30,0.02317200,2.50000000
2018-02-25 22:04:30,0.02317200,1.95000000
2018-02-25 22:04:30,0.02317100,0.27000000
2018-02-25 22:04:31,0.02317300,0.99000000
2018-02-25 22:04:31,0.02317800,0.24000000
2018-02-25 22:04:31,0.02321500,0.20000000
2018-02-25 22:04:31,0.02321400,1.00000000
2018-02-25 22:04:31,0.02321500,0.62000000
2018-02-25 22:04:32,0.02321500,0.20000000
2018-02-25 22:04:32,0.02320000,0.44000000
2018-02-25 22:04:32,0.02321500,0.98000000
2018-02-25 22:04:32,0.02320000,3.56000000
2018-02-25 22:04:32,0.02320000,1.21000000
2018-02-25 22:04:32,0.02318100,0.37000000
2018-02-25 22:04:32,0.02317800,1.72000000
2018-02-25 22:04:32,0.02317800,0.39000000
2018-02-25 22:04:32,0.02317400,0.06000000
2018-02-25 22:04:32,0.02317400,0.16000000
2018-02-25 22:04:32,0.02317300,0.46000000
2018-02-25 22:04:32,0.02317300,0.39000000
2018-02-25 22:04:33,0.02317300,0.16000000
2018-02-25 22:04:33,0.02321400,0.11000000
2018-02-25 22:04:33,0.02317300,0.18000000
2018-02-25 22:04:33,0.02321400,1.62000000
2018-02-25 22:04:33,0.02317300,0.45000000
2018-02-25 22:04:33,0.02317300,0.45000000
2018-02-25 22:04:34,0.02317300,4.44000000
2018-02-25 22:04:34,0.02317300,0.94000000
2018-02-25 22:04:34,0.02321300,1.86000000
2018-02-25 22:04:34,0.02317100,0.13000000
2018-02-25 22:04:34,0.02317000,0.32000000
2018-02-25 22:04:34,0.02317000,0.90000000
2018-02-25 22:04:34,0.02317000,0.76000000
2018-02-25 22:04:34,0.02316600,0.16000000
2018-02-25 22:04:34,0.02316200,1.30000000
2018-02-25 22:04:34,0.02316100,0.90000000
2018-02-25 22:04:34,0.02316000,2.00000000
2018-02-25 22:04:34,0.02315600,0.29000000
2018-02-25 22:04:34,0.02314500,2.88000000
2018-02-25 22:04:34,0.02314400,0.48000000
2018-02-25 22:04:34,0.02311600,0.60000000
2018-02-25 22:04:34,0.02311500,4.37000000
2018-02-25 22:04:34,0.02314500,0.96000000
2018-02-25 22:04:34,0.02314500,0.68000000
2018-02-25 22:04:35,0.02317100,0.45000000
2018-02-25 22:04:35,0.02317800,0.45000000
2018-02-25 22:04:35,0.02317800,0.45000000
2018-02-25 22:04:35,0.02320800,0.86000000
2018-02-25 22:04:35,0.02317800,0.10000000
2018-02-25 22:04:35,0.02320800,0.16000000
2018-02-25 22:04:35,0.02317800,0.10000000
2018-02-25 22:04:35,0.02317800,0.45000000
2018-02-25 22:04:35,0.02320800,5.45000000
2018-02-25 22:04:35,0.02321200,0.13000000
2018-02-25 22:04:35,0.02321700,0.91000000
2018-02-25 22:04:35,0.02321900,2.00000000
2018-02-25 22:04:35,0.02322100,0.22000000
2018-02-25 22:04:35,0.02323900,3.01000000
2018-02-25 22:04:35,0.02317800,0.18000000
2018-02-25 22:04:35,0.02317800,6.38000000
2018-02-25 22:04:35,0.02317800,0.05000000
2018-02-25 22:04:35,0.02317800,0.85000000
2018-02-25 22:04:35,0.02317800,0.45000000
2018-02-25 22:04:35,0.02317800,0.93000000
2018-02-25 22:04:36,0.02320700,0.42000000
2018-02-25 22:04:36,0.02318000,0.09000000
2018-02-25 22:04:36,0.02318000,0.45000000
2018-02-25 22:04:36,0.02318000,0.45000000
2018-02-25 22:04:36,0.02318000,0.42000000
2018-02-25 22:04:36,0.02317800,0.03000000
2018-02-25 22:04:36,0.02320700,1.72000000
2018-02-25 22:04:36,0.02317800,0.58000000
2018-02-25 22:04:36,0.02317800,0.22000000
2018-02-25 22:04:36,0.02317800,0.45000000
2018-02-25 22:04:36,0.02317800,0.45000000
2018-02-25 22:04:37,0.02317800,3.47000000
2018-02-25 22:04:37,0.02317800,0.45000000
2018-02-25 22:04:37,0.02317800,0.45000000
2018-02-25 22:04:37,0.02317800,0.45000000
2018-02-25 22:04:38,0.02317800,4.27000000
2018-02-25 22:04:38,0.02317800,0.29000000
2018-02-25 22:04:38,0.02319500,0.08000000
2018-02-25 22:04:38,0.02317800,0.37000000
2018-02-25 22:04:38,0.02317800,0.45000000
2018-02-25 22:04:39,0.02317800,0.45000000
2018-02-25 22:04:39,0.02317800,0.72000000
2018-02-25 22:04:39,0.02317800,0.45000000
2018-02-25 22:04:39,0.02317800,0.45000000
2018-02-25 22:04:39,0.02317800,0.22000000
2018-02-25 22:04:39,0.02317800,0.45000000
2018-02-25 22:04:39,0.02317800,0.45000000
2018-02-25 22:04:40,0.02320500,4.06000000
2018-02-25 22:04:40,0.02320600,2.44000000
2018-02-25 22:04:40,0.02317800,4.03000000
2018-02-25 22:04:40,0.02320600,0.78000000
2018-02-25 22:04:40,0.02317800,0.23000000
2018-02-25 22:04:40,0.02317800,4.00000000
2018-02-25 22:04:40,0.02317800,0.45000000
2018-02-25 22:04:40,0.02320600,0.78000000
2018-02-25 22:04:40,0.02320600,5.58000000
2018-02-25 22:04:40,0.02320600,1.05000000
2018-02-25 22:04:40,0.02317800,0.45000000
2018-02-25 22:04:40,0.02317800,21.45000000
2018-02-25 22:04:40,0.02320600,3.93000000
2018-02-25 22:04:40,0.02320700,2.39000000
2018-02-25 22:04:40,0.02317800,0.69000000
2018-02-25 22:04:40,0.02317800,0.45000000
2018-02-25 22:04:40,0.02317800,0.45000000
2018-02-25 22:04:40,0.02317800,0.80000000
2018-02-25 22:04:40,0.02317800,0.45000000
2018-02-25 22:04:41,0.02317800,0.06000000
2018-02-25 22:04:41,0.02317800,0.61000000
2018-02-25 22:04:41,0.02320400,0.86000000
2018-02-25 22:04:41,0.02320700,0.15000000
2018-02-25 22:04:41,0.02317800,0.45000000
2018-02-25 22:04:41,0.02317800,4.66000000
2018-02-25 22:04:42,0.02318000,0.89000000
2018-02-25 22:04:42,0.02318000,0.45000000
2018-02-25 22:04:42,0.02318000,0.13000000
2018-02-25 22:04:42,0.02318000,0.45000000
2018-02-25 22:04:42,0.02318000,0.47000000
2018-02-25 22:04:42,0.02318000,0.45000000
2018-02-25 22:04:42,0.02318000,0.45000000
2018-02-25 22:04:42,0.02318000,0.24000000
2018-02-25 22:04:42,0.02320600,0.43000000
2018-02-25 22:04:42,0.02317800,3.92000000
2018-02-25 22:04:42,0.02317800,0.10000000
2018-02-25 22:04:43,0.02318000,0.30000000
2018-02-25 22:04:43,0.02318000,0.23000000
2018-02-25 22:04:43,0.02317800,0.22000000
2018-02-25 22:04:43,0.02317800,0.45000000
2018-02-25 22:04:43,0.02317800,0.45000000
2018-02-25 22:04:43,0.02317800,0.78000000
2018-02-25 22:04:43,0.02317800,0.45000000
2018-02-25 22:04:43,0.02317800,0.45000000
2018-02-25 22:04:44,0.02317800,3.90000000
2018-02-25 22:04:44,0.02317800,0.22000000
2018-02-25 22:04:44,0.02317800,0.22000000
2018-02-25 22:04:44,0.02317800,0.45000000
2018-02-25 22:04:44,0.02317800,0.87000000
2018-02-25 22:04:44,0.02320000,1.40000000
2018-02-25 22:04:44,0.02317800,0.45000000
2018-02-25 22:04:44,0.02317800,35.72000000
2018-02-25 22:04:44,0.02317800,0.16000000
2018-02-25 22:04:44,0.02317800,0.45000000
2018-02-25 22:04:44,0.02318000,2.00000000
2018-02-25 22:04:44,0.02320000,1.08000000
2018-02-25 22:04:44,0.02317800,0.90000000
2018-02-25 22:04:45,0.02317800,7.92000000
2018-02-25 22:04:45,0.02317800,2.94000000
2018-02-25 22:04:45,0.02317800,0.45000000
2018-02-25 22:04:45,0.02320000,14.06000000
2018-02-25 22:04:45,0.02320000,0.07000000
2018-02-25 22:04:45,0.02317800,0.12000000
2018-02-25 22:04:45,0.02317800,0.45000000
2018-02-25 22:04:45,0.02317800,1.22000000
2018-02-25 22:04:45,0.02320000,0.43000000
2018-02-25 22:04:45,0.02320000,0.43000000
2018-02-25 22:04:45,0.02317800,4.93000000
2018-02-25 22:04:45,0.02317800,0.45000000
2018-02-25 22:04:45,0.02317800,0.45000000
2018-02-25 22:04:45,0.02317800,0.71000000
2018-02-25 22:04:46,0.02317800,0.22000000
2018-02-25 22:04:46,0.02320000,7.70000000
2018-02-25 22:04:46,0.02317800,1.47000000
2018-02-25 22:04:46,0.02317800,0.45000000
2018-02-25 22:04:46,0.02317800,1.13000000
2018-02-25 22:04:46,0.02317800,0.45000000
2018-02-25 22:04:46,0.02317800,1.31000000
2018-02-25 22:04:46,0.02317800,0.44000000
2018-02-25 22:04:47,0.02317800,0.06000000
2018-02-25 22:04:47,0.02317800,33.74000000
2018-02-25 22:04:47,0.02317900,3.96000000
2018-02-25 22:04:47,0.02317800,9.08000000
2018-02-25 22:04:47,0.02317800,0.45000000
2018-02-25 22:04:47,0.02320000,20.00000000
2018-02-25 22:04:47,0.02320500,1.96000000
2018-02-25 22:04:47,0.02320000,0.45000000
2018-02-25 22:04:47,0.02320000,0.44000000
2018-02-25 22:04:48,0.02320000,0.36000000
2018-02-25 22:04:48,0.02320000,33.14000000
2018-02-25 22:04:48,0.02317800,6.79000000
2018-02-25 22:04:48,0.02320500,0.42000000
2018-02-25 22:04:48,0.02317800,0.07000000
2018-02-25 22:04:48,0.02317900,5.83000000
2018-02-25 22:04:48,0.02317900,0.08000000
2018-02-25 22:04:48,0.02317900,0.22000000
2018-02-25 22:04:49,0.02317900,0.45000000
2018-02-25 22:04:49,0.02317900,0.45000000
2018-02-25 22:04:49,0.02317900,0.45000000
2018-02-25 22:04:49,0.02319600,0.35000000
2018-02-25 22:04:49,0.02317800,0.99000000
2018-02-25 22:04:50,0.02319600,1.39000000
2018-02-25 22:04:50,0.02320000,0.30000000
2018-02-25 22:04:50,0.02320600,2.17000000
2018-02-25 22:04:50,0.02320000,0.45000000
2018-02-25 22:04:50,0.02320000,0.45000000
2018-02-25 22:04:50,0.02320000,0.18000000
2018-02-25 22:04:50,0.02320000,1.17000000
2018-02-25 22:04:50,0.02318000,0.45000000
2018-02-25 22:04:50,0.02318000,0.45000000
2018-02-25 22:04:50,0.02318000,20.74000000
2018-02-25 22:04:50,0.02317700,2.38000000
2018-02-25 22:04:50,0.02317100,1.15000000
2018-02-25 22:04:50,0.02317100,18.64000000
2018-02-25 22:04:50,0.02317100,0.05000000
2018-02-25 22:04:50,0.02316200,0.28000000
2018-02-25 22:04:50,0.02316000,0.17000000
2018-02-25 22:04:50,0.02317100,2.11000000
2018-02-25 22:04:50,0.02317800,0.32000000
2018-02-25 22:04:50,0.02320000,0.73000000
2018-02-25 22:04:50,0.02320600,7.61000000
2018-02-25 22:04:51,0.02320600,0.05000000
2018-02-25 22:04:51,0.02316200,0.45000000
2018-02-25 22:04:51,0.02316200,0.45000000
2018-02-25 22:04:51,0.02316200,2.30000000
2018-02-25 22:04:51,0.02316000,0.45000000
2018-02-25 22:04:51,0.02316000,0.08000000
2018-02-25 22:04:51,0.02314900,0.37000000
2018-02-25 22:04:51,0.02317800,0.74000000
2018-02-25 22:04:51,0.02320600,0.16000000
2018-02-25 22:04:52,0.02314900,0.45000000
2018-02-25 22:04:52,0.02316000,0.45000000
2018-02-25 22:04:52,0.02316000,0.45000000
2018-02-25 22:04:52,0.02316000,0.45000000
2018-02-25 22:04:52,0.02316000,0.45000000
2018-02-25 22:04:52,0.02317600,3.20000000
2018-02-25 22:04:52,0.02320500,4.06000000
2018-02-25 22:04:52,0.02320600,3.51000000
2018-02-25 22:04:53,0.02316000,0.45000000
2018-02-25 22:04:53,0.02317800,0.09000000
2018-02-25 22:04:53,0.02320600,1.08000000
2018-02-25 22:04:53,0.02316200,0.45000000
2018-02-25 22:04:53,0.02316200,0.45000000
2018-02-25 22:04:53,0.02320000,0.45000000
2018-02-25 22:04:53,0.02320000,0.45000000
2018-02-25 22:04:53,0.02320000,0.69000000
2018-02-25 22:04:54,0.02320000,0.30000000
2018-02-25 22:04:54,0.02316000,8.29000000
2018-02-25 22:04:54,0.02316000,4.45000000
2018-02-25 22:04:54,0.02316300,0.40000000
2018-02-25 22:04:54,0.02316300,0.34000000
2018-02-25 22:04:54,0.02316300,0.45000000
2018-02-25 22:04:54,0.02316300,0.44000000
2018-02-25 22:04:54,0.02316300,0.45000000
2018-02-25 22:04:54,0.02316300,0.45000000
2018-02-25 22:04:54,0.02316300,0.45000000
2018-02-25 22:04:55,0.02316300,1.08000000
2018-02-25 22:04:55,0.02316000,3.35000000
2018-02-25 22:04:55,0.02316000,4.26000000
2018-02-25 22:04:55,0.02316000,2.38000000
2018-02-25 22:04:55,0.02316000,1.33000000
2018-02-25 22:04:55,0.02315000,0.16000000
2018-02-25 22:04:55,0.02314800,0.21000000
2018-02-25 22:04:55,0.02314500,0.08000000
2018-02-25 22:04:55,0.02320000,0.90000000
2018-02-25 22:04:55,0.02320200,0.10000000
2018-02-25 22:04:55,0.02314500,0.44000000
2018-02-25 22:04:55,0.02320200,0.11000000
2018-02-25 22:04:55,0.02320500,1.83000000
2018-02-25 22:04:55,0.02320600,0.06000000
2018-02-25 22:04:55,0.02314600,0.45000000
2018-02-25 22:04:56,0.02314800,0.44000000
2018-02-25 22:04:56,0.02314800,6.01000000
2018-02-25 22:04:56,0.02314600,6.34000000
2018-02-25 22:04:56,0.02314900,0.45000000
2018-02-25 22:04:56,0.02314900,0.44000000
2018-02-25 22:04:57,0.02314900,0.03000000
2018-02-25 22:04:57,0.02314700,3.97000000
2018-02-25 22:04:57,0.02314700,0.29000000
2018-02-25 22:04:57,0.02314500,0.16000000
2018-02-25 22:04:57,0.02314500,0.45000000
2018-02-25 22:04:57,0.02314500,0.01000000
2018-02-25 22:04:57,0.02313100,0.43000000
2018-02-25 22:04:57,0.02320400,0.01000000
2018-02-25 22:04:57,0.02313100,2.59000000
2018-02-25 22:04:57,0.02311400,8.64000000
2018-02-25 22:04:57,0.02311300,0.69000000
2018-02-25 22:04:57,0.02311200,4.21000000
2018-02-25 22:04:57,0.02317800,1.96000000
2018-02-25 22:04:57,0.02313200,0.45000000
2018-02-25 22:04:58,0.02317100,4.53000000
2018-02-25 22:04:58,0.02317800,2.78000000
2018-02-25 22:04:58,0.02313200,0.44000000
2018-02-25 22:04:58,0.02313200,0.45000000
2018-02-25 22:04:58,0.02313200,0.45000000
2018-02-25 22:04:58,0.02313200,0.44000000
2018-02-25 22:04:58,0.02317500,0.80000000
2018-02-25 22:04:58,0.02317500,1.79000000
2018-02-25 22:04:58,0.02317100,1.30000000
2018-02-25 22:04:58,0.02316000,0.28000000
2018-02-25 22:04:58,0.02317500,0.43000000
2018-02-25 22:04:59,0.02316000,4.90000000
2018-02-25 22:04:59,0.02313200,0.44000000
2018-02-25 22:04:59,0.02313200,0.56000000
2018-02-25 22:04:59,0.02313100,3.67000000
2018-02-25 22:04:59,0.02313100,1.13000000
2018-02-25 22:04:59,0.02313300,0.44000000
2018-02-25 22:04:59,0.02313300,0.16000000
2018-02-25 22:04:59,0.02313100,1.73000000
2018-02-25 22:04:59,0.02316100,0.44000000
2018-02-25 22:04:59,0.02316100,0.16000000
2018-02-25 22:04:59,0.02313100,0.28000000
2018-02-25 22:04:59,0.02313200,0.23000000
2018-02-25 22:05:00,0.02313200,21.21000000
2018-02-25 22:05:00,0.02313100,4.24000000
2018-02-25 22:05:00,0.02313100,3.91000000
2018-02-25 22:05:00,0.02313100,2.00000000
2018-02-25 22:05:00,0.02313100,0.07000000
2018-02-25 22:05:00,0.02311200,0.44000000
2018-02-25 22:05:00,0.02312900,1.03000000
2018-02-25 22:05:00,0.02311200,0.82000000
2018-02-25 22:05:00,0.02312900,0.50000000
2018-02-25 22:05:00,0.02312900,0.10000000
2018-02-25 22:05:00,0.02311200,0.44000000
2018-02-25 22:05:00,0.02311200,2.00000000
2018-02-25 22:05:00,0.02312900,0.40000000
2018-02-25 22:05:00,0.02312900,0.90000000
2018-02-25 22:05:01,0.02311200,2.09000000
2018-02-25 22:05:01,0.02312900,0.49000000
2018-02-25 22:05:01,0.02313100,1.67000000
2018-02-25 22:05:01,0.02313100,1.03000000
2018-02-25 22:05:01,0.02313100,0.30000000
2018-02-25 22:05:01,0.02312900,0.06000000
2018-02-25 22:05:01,0.02310600,0.38000000
2018-02-25 22:05:01,0.02310600,0.37000000
2018-02-25 22:05:01,0.02313000,0.37000000
2018-02-25 22:05:01,0.02310600,0.45000000
2018-02-25 22:05:01,0.02313000,0.20000000
2018-02-25 22:05:02,0.02310600,4.27000000
2018-02-25 22:05:02,0.02313000,1.69000000
2018-02-25 22:05:02,0.02313100,0.69000000
2018-02-25 22:05:02,0.02313100,20.00000000
2018-02-25 22:05:02,0.02311300,0.16000000
2018-02-25 22:05:02,0.02313100,1.06000000
2018-02-25 22:05:02,0.02313100,4.59000000
2018-02-25 22:05:02,0.02313100,0.30000000
2018-02-25 22:05:02,0.02313200,0.60000000
2018-02-25 22:05:02,0.02313200,0.05000000
2018-02-25 22:05:02,0.02313200,0.30000000
2018-02-25 22:05:02,0.02311200,1.34000000
2018-02-25 22:05:02,0.02313200,5.50000000
2018-02-25 22:05:02,0.02313200,0.16000000
2018-02-25 22:05:02,0.02311200,0.45000000
2018-02-25 22:05:02,0.02311200,0.17000000
2018-02-25 22:05:02,0.02310600,0.28000000
2018-02-25 22:05:02,0.02313200,0.40000000
2018-02-25 22:05:03,0.02310600,0.45000000
2018-02-25 22:05:03,0.02313200,0.30000000
2018-02-25 22:05:03,0.02313000,2.16000000
2018-02-25 22:05:03,0.02313000,0.06000000
2018-02-25 22:05:03,0.02310400,0.25000000
2018-02-25 22:05:03,0.02310100,0.05000000
2018-02-25 22:05:03,0.02310000,0.15000000
2018-02-25 22:05:03,0.02310000,1.90000000
2018-02-25 22:05:03,0.02310000,2.19000000
2018-02-25 22:05:03,0.02308500,0.44000000
2018-02-25 22:05:03,0.02308000,0.17000000
2018-02-25 22:05:03,0.02307600,0.09000000
2018-02-25 22:05:03,0.02306800,0.90000000
2018-02-25 22:05:03,0.02306700,5.76000000
2018-02-25 22:05:03,0.02306100,0.50000000
2018-02-25 22:05:03,0.02305600,1.20000000
2018-02-25 22:05:03,0.02305600,0.44000000
2018-02-25 22:05:03,0.02305500,0.01000000
2018-02-25 22:05:03,0.02309000,10.41000000
2018-02-25 22:05:03,0.02309200,0.78000000
2018-02-25 22:05:04,0.02309200,0.05000000
2018-02-25 22:05:04,0.02309200,2.00000000
2018-02-25 22:05:04,0.02309200,0.89000000
2018-02-25 22:05:04,0.02309200,2.51000000
2018-02-25 22:05:04,0.02309200,0.92000000
2018-02-25 22:05:04,0.02309200,2.51000000
2018-02-25 22:05:04,0.02309200,2.10000000
2018-02-25 22:05:04,0.02309000,0.45000000
2018-02-25 22:05:04,0.02309200,1.80000000
2018-02-25 22:05:04,0.02309000,0.45000000
2018-02-25 22:05:04,0.02309200,0.17000000
2018-02-25 22:05:04,0.02309200,0.07000000
2018-02-25 22:05:04,0.02309000,1.08000000
2018-02-25 22:05:04,0.02309200,3.82000000
2018-02-25 22:05:04,0.02309200,0.93000000
2018-02-25 22:05:04,0.02309200,0.89000000
2018-02-25 22:05:04,0.02309200,2.00000000
2018-02-25 22:05:04,0.02309200,2.88000000
2018-02-25 22:05:04,0.02309300,1.88000000
2018-02-25 22:05:04,0.02309300,10.00000000
2018-02-25 22:05:04,0.02309300,1.00000000
2018-02-25 22:05:04,0.02309300,1.08000000
2018-02-25 22:05:04,0.02309300,10.00000000
2018-02-25 22:05:04,0.02309300,0.10000000
2018-02-25 22:05:04,0.02309300,0.12000000
2018-02-25 22:05:04,0.02309300,0.13000000
2018-02-25 22:05:04,0.02309200,1.37000000
2018-02-25 22:05:04,0.02309400,0.13000000
2018-02-25 22:05:04,0.02309200,0.21000000
2018-02-25 22:05:04,0.02309300,0.45000000
2018-02-25 22:05:05,0.02309400,4.04000000
2018-02-25 22:05:05,0.02309400,9.68000000
2018-02-25 22:05:05,0.02309400,2.17000000
2018-02-25 22:05:05,0.02309400,0.18000000
2018-02-25 22:05:05,0.02310000,9.01000000
2018-02-25 22:05:05,0.02310600,2.97000000
2018-02-25 22:05:05,0.02309300,0.45000000
2018-02-25 22:05:05,0.02309300,0.45000000
2018-02-25 22:05:05,0.02309300,0.45000000
2018-02-25 22:05:05,0.02309300,0.45000000
2018-02-25 22:05:05,0.02310600,1.03000000
2018-02-25 22:05:05,0.02313000,0.57000000
2018-02-25 22:05:05,0.02313000,0.41000000
2018-02-25 22:05:05,0.02309500,0.12000000
2018-02-25 22:05:05,0.02309500,0.45000000
2018-02-25 22:05:06,0.02309500,5.91000000
2018-02-25 22:05:06,0.02309400,2.17000000
2018-02-25 22:05:06,0.02309300,0.61000000
2018-02-25 22:05:06,0.02309000,2.75000000
2018-02-25 22:05:06,0.02308200,0.26000000
2018-02-25 22:05:06,0.02305500,1.84000000
2018-02-25 22:05:06,0.02309300,4.18000000
2018-02-25 22:05:06,0.02309300,2.79000000
2018-02-25 22:05:06,0.02305500,0.45000000
2018-02-25 22:05:06,0.02309300,0.34000000
2018-02-25 22:05:06,0.02310100,0.44000000
2018-02-25 22:05:06,0.02310100,0.45000000
2018-02-25 22:05:06,0.02310100,0.45000000
2018-02-25 22:05:06,0.02310100,1.13000000
2018-02-25 22:05:06,0.02305500,0.30000000
2018-02-25 22:05:06,0.02304900,0.22000000
2018-02-25 22:05:06,0.02304900,0.62000000
2018-02-25 22:05:06,0.02304800,0.57000000
2018-02-25 22:05:06,0.02304500,0.60000000
2018-02-25 22:05:06,0.02304400,0.20000000
2018-02-25 22:05:06,0.02304500,0.45000000
2018-02-25 22:05:07,0.02304500,1.29000000
2018-02-25 22:05:07,0.02309500,0.37000000
2018-02-25 22:05:07,0.02312600,0.37000000
2018-02-25 22:05:07,0.02312600,0.63000000
2018-02-25 22:05:07,0.02312700,0.67000000
2018-02-25 22:05:07,0.02305600,0.45000000
2018-02-25 22:05:07,0.02305600,0.44000000
2018-02-25 22:05:07,0.02305600,0.45000000
2018-02-25 22:05:07,0.02305600,0.45000000
2018-02-25 22:05:07,0.02312800,0.86000000
2018-02-25 22:05:07,0.02312900,1.98000000
2018-02-25 22:05:07,0.02305600,0.47000000
2018-02-25 22:05:07,0.02305000,0.16000000
2018-02-25 22:05:07,0.02304900,0.13000000
2018-02-25 22:05:07,0.02304500,0.56000000
2018-02-25 22:05:07,0.02312900,0.06000000
2018-02-25 22:05:07,0.02313000,1.00000000
2018-02-25 22:05:07,0.02312900,0.34000000
2018-02-25 22:05:08,0.02305700,0.34000000
2018-02-25 22:05:08,0.02305800,0.17000000
2018-02-25 22:05:08,0.02305700,0.45000000
2018-02-25 22:05:08,0.02305700,0.38000000
2018-02-25 22:05:08,0.02305700,0.45000000
2018-02-25 22:05:08,0.02309500,0.28000000
2018-02-25 22:05:08,0.02305700,0.17000000
2018-02-25 22:05:08,0.02305700,0.44000000
2018-02-25 22:05:08,0.02305700,0.45000000
2018-02-25 22:05:08,0.02305700,3.81000000
2018-02-25 22:05:08,0.02305700,1.00000000
2018-02-25 22:05:09,0.02305800,0.21000000
2018-02-25 22:05:09,0.02305700,0.33000000
2018-02-25 22:05:09,0.02305700,0.51000000
2018-02-25 22:05:09,0.02305700,0.05000000
2018-02-25 22:05:09,0.02305700,3.98000000
2018-02-25 22:05:09,0.02309400,0.45000000
2018-02-25 22:05:09,0.02309400,1.02000000
2018-02-25 22:05:09,0.02309600,4.81000000
2018-02-25 22:05:09,0.02309800,2.30000000
2018-02-25 22:05:09,0.02310100,3.55000000
2018-02-25 22:05:09,0.02309400,0.18000000
2018-02-25 22:05:09,0.02305800,0.21000000
2018-02-25 22:05:09,0.02305100,0.24000000
2018-02-25 22:05:09,0.02308400,0.50000000
2018-02-25 22:05:09,0.02305100,0.45000000
2018-02-25 22:05:09,0.02305100,0.17000000
2018-02-25 22:05:09,0.02304400,0.27000000
2018-02-25 22:05:09,0.02308400,2.32000000
2018-02-25 22:05:09,0.02310100,0.21000000
2018-02-25 22:05:10,0.02308400,0.49000000
2018-02-25 22:05:10,0.02305800,0.35000000
2018-02-25 22:05:10,0.02305800,2.23000000
2018-02-25 22:05:10,0.02305800,0.45000000
2018-02-25 22:05:10,0.02308300,0.06000000
2018-02-25 22:05:10,0.02305800,2.26000000
2018-02-25 22:05:10,0.02305800,0.45000000
2018-02-25 22:05:10,0.02308300,2.16000000
2018-02-25 22:05:10,0.02305800,0.44000000
2018-02-25 22:05:10,0.02305800,0.44000000
2018-02-25 22:05:10,0.02308300,0.04000000
2018-02-25 22:05:10,0.02308300,0.45000000
2018-02-25 22:05:11,0.02308300,1.71000000
2018-02-25 22:05:11,0.02306000,2.22000000
2018-02-25 22:05:11,0.02306000,0.79000000
2018-02-25 22:05:11,0.02306000,3.29000000
2018-02-25 22:05:11,0.02310100,0.05000000
2018-02-25 22:05:11,0.02310100,0.15000000
2018-02-25 22:05:11,0.02310600,0.33000000
2018-02-25 22:05:11,0.02306000,0.16000000
2018-02-25 22:05:11,0.02304700,0.29000000
2018-02-25 22:05:11,0.02305900,0.44000000
2018-02-25 22:05:11,0.02305900,0.01000000
2018-02-25 22:05:12,0.02305900,0.44000000
2018-02-25 22:05:12,0.02305900,0.44000000
2018-02-25 22:05:12,0.02305900,0.06000000
2018-02-25 22:05:12,0.02305900,0.44000000
2018-02-25 22:05:12,0.02310400,0.56000000
2018-02-25 22:05:12,0.02305900,2.23000000
2018-02-25 22:05:12,0.02310400,1.68000000
2018-02-25 22:05:12,0.02305900,0.31000000
2018-02-25 22:05:12,0.02305900,4.56000000
2018-02-25 22:05:12,0.02305900,0.07000000
2018-02-25 22:05:12,0.02305900,0.44000000
2018-02-25 22:05:12,0.02306000,0.21000000
2018-02-25 22:05:12,0.02305900,0.23000000
2018-02-25 22:05:13,0.02305900,0.44000000
2018-02-25 22:05:13,0.02306000,0.21000000
2018-02-25 22:05:13,0.02305900,0.23000000
2018-02-25 22:05:13,0.02305900,1.71000000
2018-02-25 22:05:13,0.02305900,3.86000000
2018-02-25 22:05:13,0.02308300,0.44000000
2018-02-25 22:05:13,0.02308300,0.29000000
2018-02-25 22:05:14,0.02308300,1.47000000
2018-02-25 22:05:14,0.02306000,0.21000000
2018-02-25 22:05:14,0.02305900,20.56000000
2018-02-25 22:05:14,0.02305900,4.15000000
2018-02-25 22:05:14,0.02305900,1.83000000
2018-02-25 22:05:14,0.02305900,0.44000000
2018-02-25 22:05:14,0.02305900,0.84000000
2018-02-25 22:05:14,0.02305800,0.44000000
2018-02-25 22:05:15,0.02305900,2.11000000
2018-02-25 22:05:15,0.02305800,5.74000000
2018-02-25 22:05:15,0.02304400,21.03000000
2018-02-25 22:05:15,0.02304000,0.16000000
2018-02-25 22:05:15,0.02303800,10.07000000
2018-02-25 22:05:15,0.02303800,0.47000000
2018-02-25 22:05:15,0.02303800,0.45000000
2018-02-25 22:05:15,0.02303800,10.62000000
2018-02-25 22:05:16,0.02308600,0.57000000
2018-02-25 22:05:16,0.02303900,0.45000000
2018-02-25 22:05:16,0.02303900,0.44000000
2018-02-25 22:05:16,0.02303900,0.45000000
2018-02-25 22:05:16,0.02305000,2.00000000
2018-02-25 22:05:17,0.02304800,3.65000000
2018-02-25 22:05:17,0.02308500,0.53000000
2018-02-25 22:05:17,0.02308800,0.22000000
2018-02-25 22:05:17,0.02309200,1.82000000
2018-02-25 22:05:17,0.02309800,0.16000000
2018-02-25 22:05:17,0.02309900,0.91000000
2018-02-25 22:05:17,0.02309900,0.14000000
2018-02-25 22:05:17,0.02304100,0.45000000
2018-02-25 22:05:17,0.02304100,0.45000000
2018-02-25 22:05:17,0.02304000,0.13000000
2018-02-25 22:05:17,0.02302800,0.21000000
2018-02-25 22:05:17,0.02302000,0.10000000
2018-02-25 22:05:17,0.02302000,0.95000000
2018-02-25 22:05:17,0.02303000,0.33000000
2018-02-25 22:05:17,0.02302000,0.45000000
2018-02-25 22:05:17,0.02302000,0.62000000
2018-02-25 22:05:17,0.02301600,1.61000000
2018-02-25 22:05:17,0.02301000,0.09000000
2018-02-25 22:05:17,0.02300400,0.22000000
2018-02-25 22:05:17,0.02300300,0.06000000
2018-02-25 22:05:17,0.02300200,22.71000000
2018-02-25 22:05:17,0.02300200,0.89000000
2018-02-25 22:05:17,0.02300200,6.77000000
2018-02-25 22:05:17,0.02300100,0.15000000
2018-02-25 22:05:17,0.02300000,8.61000000
2018-02-25 22:05:17,0.02299900,2.00000000
2018-02-25 22:05:17,0.02299900,1.75000000
2018-02-25 22:05:17,0.02299200,0.25000000
2018-02-25 22:05:17,0.02299200,8.67000000
2018-02-25 22:05:17,0.02299800,1.94000000
2018-02-25 22:05:17,0.02299800,0.12000000
2018-02-25 22:05:17,0.02299800,2.47000000
2018-02-25 22:05:17,0.02299800,0.87000000
2018-02-25 22:05:17,0.02300000,0.98000000
2018-02-25 22:05:17,0.02300000,14.86000000
2018-02-25 22:05:17,0.02300100,10.00000000
2018-02-25 22:05:17,0.02303000,4.22000000
2018-02-25 22:05:18,0.02303000,10.00000000
2018-02-25 22:05:18,0.02303000,2.55000000
2018-02-25 22:05:18,0.02303000,1.52000000
2018-02-25 22:05:18,0.02305900,0.09000000
2018-02-25 22:05:18,0.02309900,8.45000000
2018-02-25 22:05:18,0.02310000,5.53000000
2018-02-25 22:05:18,0.02299200,4.41000000
2018-02-25 22:05:18,0.02299200,0.45000000
2018-02-25 22:05:18,0.02309000,0.48000000
2018-02-25 22:05:18,0.02309800,0.43000000
2018-02-25 22:05:18,0.02309800,0.47000000
2018-02-25 22:05:18,0.02310000,13.60000000
2018-02-25 22:05:18,0.02304800,0.42000000
2018-02-25 22:05:18,0.02303100,0.03000000
2018-02-25 22:05:18,0.02303100,0.45000000
2018-02-25 22:05:18,0.02303000,0.44000000
2018-02-25 22:05:19,0.02303000,0.45000000
2018-02-25 22:05:19,0.02305900,0.60000000
2018-02-25 22:05:19,0.02305900,0.20000000
2018-02-25 22:05:19,0.02305900,2.00000000
2018-02-25 22:05:19,0.02304700,0.21000000
2018-02-25 22:05:19,0.02304700,0.45000000
2018-02-25 22:05:19,0.02305900,5.50000000
2018-02-25 22:05:19,0.02310000,9.48000000
2018-02-25 22:05:19,0.02310000,2.17000000
2018-02-25 22:05:19,0.02304900,0.45000000
2018-02-25 22:05:20,0.02304900,0.44000000
2018-02-25 22:05:20,0.02305900,0.20000000
2018-02-25 22:05:20,0.02306100,0.44000000
2018-02-25 22:05:20,0.02306100,0.80000000
2018-02-25 22:05:20,0.02306100,0.45000000
2018-02-25 22:05:20,0.02306300,0.10000000
2018-02-25 22:05:20,0.02306300,1.34000000
2018-02-25 22:05:20,0.02306300,4.17000000
2018-02-25 22:05:20,0.02306100,2.17000000
2018-02-25 22:05:20,0.02305900,5.50000000
2018-02-25 22:05:20,0.02304700,3.11000000
2018-02-25 22:05:20,0.02304800,0.86000000
2018-02-25 22:05:20,0.02304700,8.05000000
2018-02-25 22:05:20,0.02304700,0.45000000
2018-02-25 22:05:20,0.02304700,0.45000000
2018-02-25 22:05:21,0.02304700,0.44000000
2018-02-25 22:05:21,0.02304700,0.44000000
2018-02-25 22:05:21,0.02304700,0.45000000
2018-02-25 22:05:21,0.02304700,3.08000000
2018-02-25 22:05:21,0.02305700,1.61000000
2018-02-25 22:05:21,0.02305700,0.05000000
2018-02-25 22:05:21,0.02305700,0.45000000
2018-02-25 22:05:21,0.02304700,1.11000000
2018-02-25 22:05:21,0.02304700,0.44000000
2018-02-25 22:05:22,0.02305700,2.17000000
2018-02-25 22:05:22,0.02304700,0.45000000
2018-02-25 22:05:22,0.02304700,0.45000000
2018-02-25 22:05:22,0.02304700,0.44000000
2018-02-25 22:05:22,0.02304700,0.44000000
2018-02-25 22:05:22,0.02305700,1.50000000
2018-02-25 22:05:22,0.02305700,0.72000000
2018-02-25 22:05:22,0.02305900,0.08000000
2018-02-25 22:05:22,0.02309900,1.41000000
2018-02-25 22:05:22,0.02304700,0.22000000
2018-02-25 22:05:22,0.02304800,0.45000000
2018-02-25 22:05:23,0.02304800,0.96000000
2018-02-25 22:05:23,0.02304700,0.44000000
2018-02-25 22:05:23,0.02304700,0.08000000
2018-02-25 22:05:23,0.02304700,0.45000000
2018-02-25 22:05:23,0.02304700,0.44000000
2018-02-25 22:05:23,0.02304700,1.21000000
2018-02-25 22:05:23,0.02304700,0.44000000
2018-02-25 22:05:23,0.02304700,0.11000000
2018-02-25 22:05:23,0.02304700,4.34000000
2018-02-25 22:05:23,0.02303000,0.70000000
2018-02-25 22:05:23,0.02302100,1.43000000
2018-02-25 22:05:24,0.02302100,0.87000000
2018-02-25 22:05:24,0.02299300,0.91000000
2018-02-25 22:05:24,0.02298900,2.69000000
2018-02-25 22:05:24,0.02304600,0.24000000
2018-02-25 22:05:24,0.02298900,0.44000000
2018-02-25 22:05:24,0.02298900,0.44000000
2018-02-25 22:05:24,0.02298900,0.45000000
2018-02-25 22:05:24,0.02298900,0.44000000
2018-02-25 22:05:24,0.02303900,0.44000000
2018-02-25 22:05:24,0.02303900,0.80000000
2018-02-25 22:05:25,0.02299000,0.81000000
2018-02-25 22:05:25,0.02305700,0.63000000
2018-02-25 22:05:25,0.02299000,0.44000000
2018-02-25 22:05:25,0.02302200,0.21000000
2018-02-25 22:05:25,0.02299000,0.23000000
2018-02-25 22:05:25,0.02302200,0.21000000
2018-02-25 22:05:25,0.02299000,0.24000000
2018-02-25 22:05:25,0.02299000,0.44000000
2018-02-25 22:05:25,0.02299000,0.44000000
2018-02-25 22:05:26,0.02305700,0.19000000
2018-02-25 22:05:26,0.02305700,0.44000000
2018-02-25 22:05:26,0.02302200,0.21000000
2018-02-25 22:05:26,0.02299600,0.23000000
2018-02-25 22:05:26,0.02299600,0.44000000
2018-02-25 22:05:26,0.02299600,1.27000000
2018-02-25 22:05:26,0.02299600,1.90000000
2018-02-25 22:05:26,0.02299100,7.11000000
2018-02-25 22:05:26,0.02299000,4.00000000
2018-02-25 22:05:26,0.02298900,2.60000000
2018-02-25 22:05:26,0.02298800,1.19000000
2018-02-25 22:05:26,0.02297600,0.14000000
2018-02-25 22:05:26,0.02297400,0.39000000
2018-02-25 22:05:26,0.02297400,0.08000000
2018-02-25 22:05:26,0.02297000,0.36000000
2018-02-25 22:05:26,0.02297000,0.44000000
2018-02-25 22:05:27,0.02299700,0.44000000
2018-02-25 22:05:27,0.02299700,4.41000000
2018-02-25 22:05:27,0.02303300,0.08000000
2018-02-25 22:05:27,0.02305100,0.21000000
2018-02-25 22:05:27,0.02305200,0.56000000
2018-02-25 22:05:27,0.02305200,0.44000000
2018-02-25 22:05:27,0.02305300,0.05000000
2018-02-25 22:05:27,0.02297100,0.44000000
2018-02-25 22:05:28,0.02299800,0.53000000
2018-02-25 22:05:28,0.02305000,0.14000000
2018-02-25 22:05:28,0.02299800,0.03000000
2018-02-25 22:05:28,0.02299700,0.69000000
2018-02-25 22:05:28,0.02299700,3.28000000
2018-02-25 22:05:28,0.02297100,5.14000000
2018-02-25 22:05:28,0.02297000,1.19000000
2018-02-25 22:05:28,0.02296500,25.81000000
2018-02-25 22:05:28,0.02296400,0.17000000
2018-02-25 22:05:28,0.02295800,0.29000000
2018-02-25 22:05:28,0.02295700,2.07000000
2018-02-25 22:05:28,0.02295600,22.92000000
2018-02-25 22:05:28,0.02295100,0.29000000
2018-02-25 22:05:28,0.02295000,0.05000000
2018-02-25 22:05:28,0.02294800,0.39000000
2018-02-25 22:05:28,0.02294100,0.22000000
2018-02-25 22:05:28,0.02294000,0.65000000
2018-02-25 22:05:28,0.02293600,0.09000000
2018-02-25 22:05:28,0.02293500,24.61000000
2018-02-25 22:05:28,0.02293400,2.63000000
2018-02-25 22:05:28,0.02293000,2.42000000
2018-02-25 22:05:28,0.02292300,0.22000000
2018-02-25 22:05:28,0.02292200,0.17000000
2018-02-25 22:05:28,0.02292000,0.10000000
2018-02-25 22:05:28,0.02291500,0.22000000
2018-02-25 22:05:28,0.02291400,0.61000000
2018-02-25 22:05:28,0.02291200,1.53000000
2018-02-25 22:05:28,0.02290600,10.30000000
2018-02-25 22:05:28,0.02290600,0.44000000
2018-02-25 22:05:28,0.02291400,2.31000000
2018-02-25 22:05:28,0.02291400,0.95000000
2018-02-25 22:05:28,0.02304900,1.27000000
2018-02-25 22:05:29,0.02297100,0.21000000
2018-02-25 22:05:29,0.02291500,0.24000000
2018-02-25 22:05:29,0.02304900,2.17000000
2018-02-25 22:05:29,0.02304900,0.62000000
2018-02-25 22:05:29,0.02304900,0.86000000
2018-02-25 22:05:29,0.02304900,1.31000000
2018-02-25 22:05:30,0.02304800,0.54000000
2018-02-25 22:05:30,0.02304700,0.17000000
2018-02-25 22:05:30,0.02304700,1.19000000
2018-02-25 22:05:30,0.02299800,0.21000000
2018-02-25 22:05:30,0.02297300,0.05000000
2018-02-25 22:05:30,0.02297300,0.44000000
2018-02-25 22:05:30,0.02297300,0.44000000
2018-02-25 22:05:30,0.02297300,0.44000000
2018-02-25 22:05:30,0.02304600,2.17000000
2018-02-25 22:05:30,0.02304600,0.18000000
2018-02-25 22:05:31,0.02304600,2.83000000
2018-02-25 22:05:31,0.02304500,0.49000000
2018-02-25 22:05:31,0.02299800,0.09000000
2018-02-25 22:05:31,0.02297600,0.44000000
2018-02-25 22:05:32,0.02297900,1.05000000
2018-02-25 22:05:32,0.02297800,3.01000000
2018-02-25 22:05:32,0.02297800,1.01000000
2018-02-25 22:05:32,0.02297800,0.04000000
2018-02-25 22:05:32,0.02297600,0.44000000
2018-02-25 22:05:32,0.02297700,0.44000000
2018-02-25 22:05:32,0.02297700,0.43000000
2018-02-25 22:05:32,0.02297600,0.01000000
2018-02-25 22:05:32,0.02304400,0.39000000
2018-02-25 22:05:32,0.02304600,0.95000000
2018-02-25 22:05:32,0.02304700,0.83000000
2018-02-25 22:05:32,0.02304700,0.22000000
2018-02-25 22:05:32,0.02297600,0.44000000
2018-02-25 22:05:32,0.02299800,0.44000000
2018-02-25 22:05:33,0.02299800,2.75000000
2018-02-25 22:05:33,0.02304100,0.10000000
2018-02-25 22:05:33,0.02304700,2.07000000
2018-02-25 22:05:33,0.02297700,0.44000000
2018-02-25 22:05:33,0.02297700,0.44000000
2018-02-25 22:05:33,0.02300000,0.52000000
2018-02-25 22:05:33,0.02297700,0.44000000
2018-02-25 22:05:33,0.02297700,0.45000000
2018-02-25 22:05:33,0.02297700,0.05000000
2018-02-25 22:05:33,0.02304100,0.10000000
2018-02-25 22:05:33,0.02304100,2.17000000
2018-02-25 22:05:34,0.02297700,0.44000000
2018-02-25 22:05:34,0.02297600,0.60000000
2018-02-25 22:05:34,0.02297600,0.44000000
2018-02-25 22:05:34,0.02297600,0.44000000
2018-02-25 22:05:34,0.02300000,0.62000000
2018-02-25 22:05:34,0.02301600,1.54000000
2018-02-25 22:05:34,0.02304000,0.01000000
2018-02-25 22:05:34,0.02297600,0.44000000
2018-02-25 22:05:34,0.02297600,4.02000000
2018-02-25 22:05:34,0.02297600,0.45000000
2018-02-25 22:05:34,0.02297600,0.44000000
2018-02-25 22:05:35,0.02297700,2.27000000
2018-02-25 22:05:35,0.02297600,0.70000000
2018-02-25 22:05:35,0.02297300,0.78000000
2018-02-25 22:05:35,0.02303900,2.17000000
2018-02-25 22:05:35,0.02297300,0.44000000
2018-02-25 22:05:35,0.02300000,0.09000000
2018-02-25 22:05:35,0.02301300,0.01000000
2018-02-25 22:05:35,0.02297300,0.44000000
2018-02-25 22:05:36,0.02297300,1.04000000
2018-02-25 22:05:36,0.02297300,2.09000000
2018-02-25 22:05:36,0.02297200,4.22000000
2018-02-25 22:05:36,0.02297000,0.44000000
2018-02-25 22:05:36,0.02301300,1.53000000
2018-02-25 22:05:36,0.02303800,0.22000000
2018-02-25 22:05:36,0.02303900,0.24000000
2018-02-25 22:05:36,0.02304000,0.18000000
2018-02-25 22:05:36,0.02297000,0.44000000
2018-02-25 22:05:36,0.02297000,0.44000000
2018-02-25 22:05:37,0.02297000,1.26000000
2018-02-25 22:05:37,0.02297000,1.03000000
2018-02-25 22:05:37,0.02291800,7.68000000
2018-02-25 22:05:37,0.02291800,0.64000000
2018-02-25 22:05:37,0.02291700,6.57000000
2018-02-25 22:05:37,0.02291700,0.44000000
2018-02-25 22:05:37,0.02291700,0.44000000
2018-02-25 22:05:37,0.02291700,0.02000000
2018-02-25 22:05:37,0.02291700,0.44000000
2018-02-25 22:05:37,0.02299900,0.11000000
2018-02-25 22:05:37,0.02300000,0.44000000
2018-02-25 22:05:37,0.02300000,0.07000000
2018-02-25 22:05:37,0.02291700,0.37000000
2018-02-25 22:05:37,0.02301300,2.17000000
2018-02-25 22:05:38,0.02291700,0.38000000
2018-02-25 22:05:38,0.02291800,0.44000000
2018-02-25 22:05:38,0.02300000,0.45000000
2018-02-25 22:05:38,0.02301100,1.72000000
2018-02-25 22:05:38,0.02299900,0.14000000
2018-02-25 22:05:38,0.02291900,0.21000000
2018-02-25 22:05:38,0.02291800,0.09000000
2018-02-25 22:05:38,0.02291800,0.44000000
2018-02-25 22:05:38,0.02291800,7.46000000
2018-02-25 22:05:39,0.02291800,0.44000000
2018-02-25 22:05:39,0.02300700,0.95000000
2018-02-25 22:05:39,0.02300800,2.54000000
2018-02-25 22:05:39,0.02291900,0.44000000
2018-02-25 22:05:39,0.02297300,2.17000000
2018-02-25 22:05:39,0.02297300,8.71000000
2018-02-25 22:05:39,0.02299900,1.29000000
2018-02-25 22:05:39,0.02291900,0.44000000
2018-02-25 22:05:40,0.02292000,0.44000000
2018-02-25 22:05:40,0.02292000,0.44000000
2018-02-25 22:05:40,0.02292000,0.44000000
2018-02-25 22:05:40,0.02292000,0.44000000
2018-02-25 22:05:41,0.02292100,0.17000000
2018-02-25 22:05:41,0.02292000,0.27000000
2018-02-25 22:05:41,0.02299200,1.83000000
2018-02-25 22:05:41,0.02299300,0.34000000
2018-02-25 22:05:41,0.02297300,1.01000000
2018-02-25 22:05:41,0.02292600,0.44000000
2018-02-25 22:05:41,0.02299300,0.14000000
2018-02-25 22:05:41,0.02299400,0.06000000
2018-02-25 22:05:41,0.02292600,0.44000000
2018-02-25 22:05:41,0.02292600,0.44000000
2018-02-25 22:05:42,0.02292600,0.44000000
2018-02-25 22:05:42,0.02292700,0.18000000
2018-02-25 22:05:42,0.02299200,0.68000000
2018-02-25 22:05:42,0.02292700,0.44000000
2018-02-25 22:05:42,0.02299200,0.11000000
2018-02-25 22:05:42,0.02299200,0.28000000
2018-02-25 22:05:42,0.02299100,0.19000000
2018-02-25 22:05:42,0.02299100,2.17000000
2018-02-25 22:05:42,0.02292700,0.21000000
2018-02-25 22:05:42,0.02292600,0.55000000
2018-02-25 22:05:42,0.02291900,5.08000000
2018-02-25 22:05:42,0.02291800,0.61000000
2018-02-25 22:05:42,0.02299100,0.25000000
2018-02-25 22:05:43,0.02299100,0.15000000
2018-02-25 22:05:43,0.02291900,0.44000000
2018-02-25 22:05:43,0.02291900,0.44000000
2018-02-25 22:05:43,0.02291900,0.12000000
2018-02-25 22:05:43,0.02291800,0.32000000
2018-02-25 22:05:43,0.02299000,2.17000000
2018-02-25 22:05:43,0.02292000,0.08000000
2018-02-25 22:05:43,0.02292000,0.44000000
2018-02-25 22:05:44,0.02298900,1.00000000
2018-02-25 22:05:44,0.02299000,1.17000000
2018-02-25 22:05:44,0.02296400,0.44000000
2018-02-25 22:05:44,0.02296400,0.06000000
2018-02-25 22:05:44,0.02298900,2.17000000
2018-02-25 22:05:45,0.02298800,0.62000000
2018-02-25 22:05:45,0.02298900,7.01000000
2018-02-25 22:05:45,0.02299100,2.37000000
2018-02-25 22:05:45,0.02298900,2.17000000
2018-02-25 22:05:45,0.02292200,0.44000000
2018-02-25 22:05:45,0.02298700,4.06000000
2018-02-25 22:05:45,0.02292200,0.39000000
2018-02-25 22:05:46,0.02298800,0.36000000
2018-02-25 22:05:46,0.02298800,2.18000000
2018-02-25 22:05:46,0.02298700,6.50000000
2018-02-25 22:05:47,0.02292400,0.44000000
2018-02-25 22:05:47,0.02296400,0.06000000
2018-02-25 22:05:47,0.02298800,1.94000000
2018-02-25 22:05:47,0.02298800,2.00000000
2018-02-25 22:05:47,0.02298800,0.18000000
2018-02-25 22:05:47,0.02292400,0.26000000
2018-02-25 22:05:47,0.02292400,0.44000000
2018-02-25 22:05:47,0.02299000,10.00000000
2018-02-25 22:05:47,0.02292400,0.44000000
2018-02-25 22:05:47,0.02292500,0.20000000
2018-02-25 22:05:48,0.02292500,0.44000000
2018-02-25 22:05:48,0.02292500,0.44000000
2018-02-25 22:05:48,0.02292500,0.44000000
2018-02-25 22:05:48,0.02292500,0.44000000
2018-02-25 22:05:48,0.02299000,2.17000000
2018-02-25 22:05:48,0.02298700,2.54000000
2018-02-25 22:05:48,0.02298900,0.08000000
2018-02-25 22:05:48,0.02292600,0.20000000
2018-02-25 22:05:48,0.02298900,0.91000000
2018-02-25 22:05:48,0.02299000,1.09000000
2018-02-25 22:05:48,0.02292600,0.44000000
2018-02-25 22:05:49,0.02298900,0.87000000
2018-02-25 22:05:49,0.02299000,1.30000000
2018-02-25 22:05:49,0.02299000,0.43000000
2018-02-25 22:05:49,0.02292700,0.44000000
2018-02-25 22:05:49,0.02299000,1.88000000
2018-02-25 22:05:49,0.02292700,0.44000000
2018-02-25 22:05:49,0.02292700,0.44000000
2018-02-25 22:05:49,0.02296400,0.90000000
2018-02-25 22:05:49,0.02292800,0.89000000
2018-02-25 22:05:49,0.02296400,0.44000000
2018-02-25 22:05:50,0.02298900,0.87000000
2018-02-25 22:05:50,0.02299000,2.73000000
2018-02-25 22:05:50,0.02298600,3.22000000
2018-02-25 22:05:50,0.02298600,0.05000000
2018-02-25 22:05:50,0.02296400,0.44000000
2018-02-25 22:05:50,0.02298800,0.21000000
2018-02-25 22:05:50,0.02299000,0.19000000
2018-02-25 22:05:50,0.02296400,0.02000000
2018-02-25 22:05:50,0.02296300,0.44000000
2018-02-25 22:05:50,0.02299000,0.03000000
2018-02-25 22:05:50,0.02298800,1.88000000
2018-02-25 22:05:50,0.02299000,0.29000000
2018-02-25 22:05:50,0.02292800,0.44000000
2018-02-25 22:05:50,0.02299000,1.00000000
2018-02-25 22:05:50,0.02299000,1.95000000
2018-02-25 22:05:50,0.02292800,0.04000000
2018-02-25 22:05:50,0.02292700,0.40000000
2018-02-25 22:05:50,0.02292100,0.80000000
2018-02-25 22:05:50,0.02291900,0.24000000
2018-02-25 22:05:50,0.02292600,0.10000000
2018-02-25 22:05:51,0.02293000,0.44000000
2018-02-25 22:05:51,0.02297500,0.08000000
2018-02-25 22:05:51,0.02298600,0.21000000
2018-02-25 22:05:51,0.02293000,0.32000000
2018-02-25 22:05:51,0.02292000,1.17000000
2018-02-25 22:05:51,0.02291900,0.91000000
2018-02-25 22:05:51,0.02291900,0.44000000
2018-02-25 22:05:51,0.02298600,0.05000000
2018-02-25 22:05:51,0.02298600,0.43000000
2018-02-25 22:05:51,0.02298600,0.05000000
2018-02-25 22:05:51,0.02292000,0.44000000
2018-02-25 22:05:51,0.02292000,0.43000000
2018-02-25 22:05:51,0.02291900,0.01000000
2018-02-25 22:05:51,0.02291900,0.23000000
2018-02-25 22:05:51,0.02291900,0.44000000
2018-02-25 22:05:52,0.02292600,0.45000000
2018-02-25 22:05:52,0.02292100,0.44000000
2018-02-25 22:05:52,0.02292100,0.13000000
2018-02-25 22:05:52,0.02292100,0.44000000
2018-02-25 22:05:52,0.02296900,0.17000000
2018-02-25 22:05:52,0.02292100,0.44000000
2018-02-25 22:05:53,0.02292500,0.44000000
2018-02-25 22:05:53,0.02292500,0.25000000
2018-02-25 22:05:53,0.02296800,0.68000000
2018-02-25 22:05:53,0.02296800,0.80000000
2018-02-25 22:05:53,0.02292500,0.39000000
2018-02-25 22:05:53,0.02292000,4.85000000
2018-02-25 22:05:53,0.02291900,0.44000000
2018-02-25 22:05:53,0.02291900,0.44000000
2018-02-25 22:05:53,0.02292000,5.32000000
2018-02-25 22:05:54,0.02291900,0.03000000
2018-02-25 22:05:54,0.02291900,0.44000000
2018-02-25 22:05:54,0.02291900,0.45000000
2018-02-25 22:05:54,0.02292000,7.97000000
2018-02-25 22:05:54,0.02292000,1.21000000
2018-02-25 22:05:54,0.02296900,0.47000000
2018-02-25 22:05:54,0.02297000,9.94000000
2018-02-25 22:05:54,0.02291900,0.44000000
2018-02-25 22:05:54,0.02297000,0.10000000
2018-02-25 22:05:54,0.02291900,0.61000000
2018-02-25 22:05:54,0.02297000,6.40000000
2018-02-25 22:05:54,0.02291900,0.44000000
2018-02-25 22:05:54,0.02296900,0.05000000
2018-02-25 22:05:55,0.02292000,0.34000000
2018-02-25 22:05:55,0.02291900,0.10000000
2018-02-25 22:05:55,0.02291900,0.44000000
2018-02-25 22:05:55,0.02291900,1.04000000
2018-02-25 22:05:55,0.02291900,0.44000000
2018-02-25 22:05:55,0.02291900,0.44000000
2018-02-25 22:05:55,0.02291900,3.53000000
2018-02-25 22:05:55,0.02291800,1.47000000
2018-02-25 22:05:55,0.02291600,7.00000000
2018-02-25 22:05:56,0.02296800,0.31000000
2018-02-25 22:05:56,0.02292000,0.44000000
2018-02-25 22:05:56,0.02292000,0.44000000
2018-02-25 22:05:56,0.02292000,0.44000000
2018-02-25 22:05:56,0.02292000,4.47000000
2018-02-25 22:05:56,0.02295000,0.13000000
2018-02-25 22:05:56,0.02292000,10.21000000
2018-02-25 22:05:56,0.02291600,0.44000000
2018-02-25 22:05:56,0.02291400,0.44000000
2018-02-25 22:05:57,0.02294900,0.20000000
2018-02-25 22:05:57,0.02291400,0.44000000
2018-02-25 22:05:57,0.02291400,0.44000000
2018-02-25 22:05:57,0.02291400,0.44000000
2018-02-25 22:05:57,0.02291400,0.20000000
2018-02-25 22:05:57,0.02291400,0.18000000
2018-02-25 22:05:57,0.02291400,1.88000000
2018-02-25 22:05:57,0.02291900,0.06000000
2018-02-25 22:05:57,0.02292000,0.44000000
2018-02-25 22:05:57,0.02294800,0.10000000
2018-02-25 22:05:57,0.02292000,1.68000000
2018-02-25 22:05:57,0.02291400,13.01000000
2018-02-25 22:05:57,0.02290300,9.28000000
2018-02-25 22:05:58,0.02292100,0.09000000
2018-02-25 22:05:58,0.02294800,1.88000000
2018-02-25 22:05:58,0.02290300,0.44000000
2018-02-25 22:05:58,0.02290300,2.00000000
2018-02-25 22:05:58,0.02290300,4.97000000
2018-02-25 22:05:58,0.02290300,0.44000000
2018-02-25 22:05:58,0.02294800,0.95000000
2018-02-25 22:05:58,0.02290300,0.44000000
2018-02-25 22:05:59,0.02291800,0.09000000
2018-02-25 22:05:59,0.02292600,0.25000000
2018-02-25 22:05:59,0.02294700,0.75000000
2018-02-25 22:05:59,0.02290400,0.20000000
2018-02-25 22:05:59,0.02290300,3.32000000
2018-02-25 22:05:59,0.02290000,15.05000000
2018-02-25 22:05:59,0.02290000,2.19000000
2018-02-25 22:05:59,0.02290000,0.64000000
2018-02-25 22:05:59,0.02290000,8.28000000
2018-02-25 22:05:59,0.02290300,0.05000000
2018-02-25 22:05:59,0.02290000,0.44000000
2018-02-25 22:05:59,0.02290000,20.34000000
2018-02-25 22:05:59,0.02290000,0.06000000
2018-02-25 22:05:59,0.02290000,1.05000000
2018-02-25 22:06:00,0.02290000,0.44000000
2018-02-25 22:06:00,0.02290000,2.47000000
2018-02-25 22:06:00,0.02289300,0.13000000
2018-02-25 22:06:00,0.02288300,2.47000000
2018-02-25 22:06:00,0.02287600,1.24000000
2018-02-25 22:06:00,0.02290200,0.21000000
2018-02-25 22:06:00,0.02290300,22.79000000
2018-02-25 22:06:00,0.02290300,1.62000000
2018-02-25 22:06:00,0.02287600,7.85000000
2018-02-25 22:06:00,0.02286600,2.75000000
2018-02-25 22:06:00,0.02286300,3.33000000
2018-02-25 22:06:00,0.02286000,0.14000000
2018-02-25 22:06:00,0.02285900,0.89000000
2018-02-25 22:06:00,0.02285600,0.46000000
2018-02-25 22:06:00,0.02285500,1.27000000
2018-02-25 22:06:00,0.02290300,0.72000000
2018-02-25 22:06:00,0.02294700,3.31000000
2018-02-25 22:06:00,0.02294800,0.77000000
2018-02-25 22:06:00,0.02291800,0.20000000
2018-02-25 22:06:00,0.02291800,0.06000000
2018-02-25 22:06:01,0.02291800,0.20000000
2018-02-25 22:06:01,0.02285500,0.50000000
2018-02-25 22:06:01,0.02285400,0.44000000
2018-02-25 22:06:01,0.02285000,5.06000000
2018-02-25 22:06:01,0.02285700,0.44000000
2018-02-25 22:06:01,0.02285700,0.56000000
2018-02-25 22:06:01,0.02285600,2.47000000
2018-02-25 22:06:01,0.02285000,11.96000000
2018-02-25 22:06:01,0.02294700,0.49000000
2018-02-25 22:06:01,0.02294700,0.43000000
2018-02-25 22:06:01,0.02294600,0.51000000
2018-02-25 22:06:01,0.02285600,0.44000000
2018-02-25 22:06:02,0.02291900,0.10000000
2018-02-25 22:06:02,0.02285700,0.34000000
2018-02-25 22:06:02,0.02285700,0.44000000
2018-02-25 22:06:02,0.02288400,2.00000000
2018-02-25 22:06:03,0.02285800,0.44000000
2018-02-25 22:06:03,0.02285800,0.44000000
2018-02-25 22:06:03,0.02292100,0.21000000
2018-02-25 22:06:03,0.02285800,0.23000000
2018-02-25 22:06:03,0.02285800,0.44000000
2018-02-25 22:06:03,0.02294100,0.05000000
2018-02-25 22:06:03,0.02294200,0.09000000
2018-02-25 22:06:03,0.02285900,0.44000000
2018-02-25 22:06:04,0.02286100,1.00000000
2018-02-25 22:06:04,0.02294000,0.52000000
2018-02-25 22:06:04,0.02294000,0.65000000
2018-02-25 22:06:04,0.02292000,0.19000000
2018-02-25 22:06:04,0.02286200,0.14000000
2018-02-25 22:06:04,0.02286100,0.30000000
2018-02-25 22:06:04,0.02286100,0.44000000
2018-02-25 22:06:04,0.02286100,0.44000000
2018-02-25 22:06:04,0.02288400,2.18000000
2018-02-25 22:06:04,0.02286000,1.58000000
2018-02-25 22:06:04,0.02286300,0.44000000
2018-02-25 22:06:04,0.02288300,1.88000000
2018-02-25 22:06:05,0.02288300,0.68000000
2018-02-25 22:06:05,0.02288300,2.49000000
2018-02-25 22:06:05,0.02288300,5.21000000
2018-02-25 22:06:05,0.02288300,0.42000000
2018-02-25 22:06:05,0.02286400,0.44000000
2018-02-25 22:06:05,0.02288300,0.43000000
2018-02-25 22:06:05,0.02288300,1.19000000
2018-02-25 22:06:05,0.02288400,0.77000000
2018-02-25 22:06:05,0.02288400,1.35000000
2018-02-25 22:06:05,0.02291800,0.09000000
2018-02-25 22:06:05,0.02293900,2.26000000
2018-02-25 22:06:05,0.02294200,0.38000000
2018-02-25 22:06:05,0.02294200,0.06000000
2018-02-25 22:06:05,0.02294200,2.18000000
2018-02-25 22:06:05,0.02286400,0.44000000
2018-02-25 22:06:05,0.02294200,0.32000000
2018-02-25 22:06:05,0.02294200,0.31000000
2018-02-25 22:06:05,0.02294200,0.32000000
2018-02-25 22:06:05,0.02286400,0.44000000
2018-02-25 22:06:06,0.02289000,1.69000000
2018-02-25 22:06:06,0.02288300,0.06000000
2018-02-25 22:06:06,0.02288300,0.17000000
2018-02-25 22:06:06,0.02286400,0.27000000
2018-02-25 22:06:06,0.02286400,0.50000000
2018-02-25 22:06:06,0.02286400,0.80000000
2018-02-25 22:06:06,0.02288400,0.08000000
2018-02-25 22:06:06,0.02286400,0.36000000
2018-02-25 22:06:06,0.02286400,0.44000000
2018-02-25 22:06:06,0.02288400,0.44000000
2018-02-25 22:06:06,0.02288400,0.44000000
2018-02-25 22:06:07,0.02293000,0.08000000
2018-02-25 22:06:07,0.02293000,0.92000000
2018-02-25 22:06:07,0.02294100,0.58000000
2018-02-25 22:06:07,0.02293900,0.44000000
2018-02-25 22:06:07,0.02294000,0.02000000
2018-02-25 22:06:07,0.02291600,0.17000000
2018-02-25 22:06:07,0.02291600,0.27000000
2018-02-25 22:06:07,0.02291600,0.44000000
2018-02-25 22:06:07,0.02291600,0.44000000
2018-02-25 22:06:07,0.02291600,0.44000000
2018-02-25 22:06:07,0.02291600,0.16000000
2018-02-25 22:06:07,0.02291300,0.58000000
2018-02-25 22:06:07,0.02286800,1.50000000
2018-02-25 22:06:07,0.02292900,1.00000000
2018-02-25 22:06:07,0.02294000,0.81000000
2018-02-25 22:06:07,0.02294200,0.32000000
2018-02-25 22:06:08,0.02286900,0.44000000
2018-02-25 22:06:08,0.02286900,0.44000000
2018-02-25 22:06:08,0.02293600,0.52000000
2018-02-25 22:06:08,0.02293600,0.38000000
2018-02-25 22:06:08,0.02294000,0.14000000
2018-02-25 22:06:08,0.02286900,0.30000000
2018-02-25 22:06:08,0.02286900,0.44000000
2018-02-25 22:06:09,0.02287100,0.44000000
2018-02-25 22:06:09,0.02294000,3.12000000
2018-02-25 22:06:09,0.02294100,0.78000000
2018-02-25 22:06:09,0.02294200,4.50000000
2018-02-25 22:06:09,0.02294400,5.51000000
2018-02-25 22:06:09,0.02294900,3.39000000
2018-02-25 22:06:09,0.02293900,0.10000000
2018-02-25 22:06:09,0.02292900,0.07000000
2018-02-25 22:06:09,0.02287100,0.27000000
2018-02-25 22:06:09,0.02288900,0.44000000
2018-02-25 22:06:10,0.02292900,0.41000000
2018-02-25 22:06:10,0.02290000,0.04000000
2018-02-25 22:06:10,0.02290000,0.44000000
2018-02-25 22:06:10,0.02294100,0.19000000
2018-02-25 22:06:10,0.02290100,0.25000000
2018-02-25 22:06:10,0.02294000,0.06000000
2018-02-25 22:06:10,0.02290100,0.44000000
2018-02-25 22:06:10,0.02290100,0.31000000
2018-02-25 22:06:10,0.02290000,0.13000000
2018-02-25 22:06:10,0.02290000,0.44000000
2018-02-25 22:06:10,0.02292800,0.21000000
2018-02-25 22:06:10,0.02290300,4.36000000
2018-02-25 22:06:10,0.02290100,1.86000000
2018-02-25 22:06:11,0.02290200,0.44000000
2018-02-25 22:06:11,0.02290200,2.95000000
2018-02-25 22:06:11,0.02290100,6.51000000
2018-02-25 22:06:11,0.02292800,0.15000000
2018-02-25 22:06:11,0.02290100,0.44000000
2018-02-25 22:06:11,0.02290100,0.44000000
2018-02-25 22:06:11,0.02292800,0.07000000
2018-02-25 22:06:11,0.02292800,0.78000000
2018-02-25 22:06:11,0.02294000,0.98000000
2018-02-25 22:06:11,0.02294000,0.44000000
2018-02-25 22:06:11,0.02294000,2.29000000
2018-02-25 22:06:11,0.02294000,1.30000000
2018-02-25 22:06:11,0.02290100,0.46000000
2018-02-25 22:06:12,0.02294200,0.50000000
2018-02-25 22:06:12,0.02292800,0.10000000
2018-02-25 22:06:12,0.02290100,0.34000000
2018-02-25 22:06:12,0.02290100,0.10000000
2018-02-25 22:06:12,0.02290100,0.44000000
2018-02-25 22:06:12,0.02294200,0.10000000
2018-02-25 22:06:12,0.02292800,0.44000000
2018-02-25 22:06:13,0.02292800,0.16000000
2018-02-25 22:06:13,0.02290100,0.28000000
2018-02-25 22:06:13,0.02294200,0.43000000
2018-02-25 22:06:13,0.02290100,0.44000000
2018-02-25 22:06:13,0.02294200,0.36000000
2018-02-25 22:06:13,0.02294500,1.90000000
2018-02-25 22:06:13,0.02290100,0.44000000
2018-02-25 22:06:14,0.02294500,0.43000000
2018-02-25 22:06:14,0.02290000,0.44000000
2018-02-25 22:06:14,0.02290000,0.44000000
2018-02-25 22:06:15,0.02292800,0.48000000
2018-02-25 22:06:15,0.02294400,5.19000000
2018-02-25 22:06:15,0.02292800,0.01000000
2018-02-25 22:06:15,0.02290100,0.43000000
2018-02-25 22:06:15,0.02290100,0.44000000
2018-02-25 22:06:15,0.02290100,0.44000000
2018-02-25 22:06:16,0.02294400,3.05000000
2018-02-25 22:06:16,0.02294400,0.09000000
2018-02-25 22:06:16,0.02290200,0.30000000
2018-02-25 22:06:16,0.02290100,0.44000000
2018-02-25 22:06:16,0.02294500,0.20000000
2018-02-25 22:06:16,0.02294500,0.22000000
2018-02-25 22:06:17,0.02290200,1.70000000
2018-02-25 22:06:17,0.02290300,1.00000000
2018-02-25 22:06:18,0.02290500,0.12000000
2018-02-25 22:06:18,0.02290300,0.76000000
2018-02-25 22:06:18,0.02290300,0.44000000
2018-02-25 22:06:18,0.02290300,0.44000000
2018-02-25 22:06:18,0.02290300,0.44000000
2018-02-25 22:06:19,0.02292100,0.09000000
2018-02-25 22:06:19,0.02290400,0.29000000
2018-02-25 22:06:19,0.02290300,0.15000000
2018-02-25 22:06:19,0.02295300,0.29000000
2018-02-25 22:06:19,0.02295400,0.14000000
2018-02-25 22:06:19,0.02290300,0.44000000
2018-02-25 22:06:20,0.02290300,0.44000000
2018-02-25 22:06:20,0.02290300,0.44000000
2018-02-25 22:06:21,0.02290300,0.44000000
2018-02-25 22:06:21,0.02290300,0.44000000
2018-02-25 22:06:21,0.02292000,0.05000000
2018-02-25 22:06:21,0.02290300,0.44000000
2018-02-25 22:06:21,0.02290500,0.44000000
2018-02-25 22:06:22,0.02291900,2.61000000
2018-02-25 22:06:22,0.02290500,0.44000000
2018-02-25 22:06:22,0.02291000,0.44000000
2018-02-25 22:06:22,0.02291000,0.44000000
2018-02-25 22:06:22,0.02291000,0.44000000
2018-02-25 22:06:23,0.02291900,0.81000000
2018-02-25 22:06:23,0.02292000,0.83000000
2018-02-25 22:06:23,0.02291000,0.44000000
2018-02-25 22:06:23,0.02291000,5.36000000
2018-02-25 22:06:23,0.02294400,0.18000000
2018-02-25 22:06:23,0.02295400,0.25000000
2018-02-25 22:06:23,0.02291000,1.58000000
2018-02-25 22:06:23,0.02291000,0.44000000
2018-02-25 22:06:23,0.02291000,0.44000000
2018-02-25 22:06:23,0.02291000,0.44000000
2018-02-25 22:06:24,0.02291000,0.44000000
2018-02-25 22:06:24,0.02295300,1.56000000
2018-02-25 22:06:24,0.02291000,0.44000000
2018-02-25 22:06:24,0.02295400,0.25000000
2018-02-25 22:06:24,0.02291000,0.30000000
2018-02-25 22:06:24,0.02291000,0.44000000
2018-02-25 22:06:25,0.02291100,0.44000000
2018-02-25 22:06:25,0.02291100,0.44000000
2018-02-25 22:06:25,0.02291100,0.44000000
2018-02-25 22:06:25,0.02291000,0.44000000
2018-02-25 22:06:25,0.02295400,0.17000000
2018-02-25 22:06:25,0.02291900,0.44000000
2018-02-25 22:06:26,0.02291900,0.44000000
2018-02-25 22:06:26,0.02291900,3.80000000
