DATE,PRICE,VOLUME
2018-02-25 16:00:00,0.02228900,0.44000000
2018-02-25 16:00:05,0.02227500,0.50000000
2018-02-25 16:00:07,0.02228900,0.44000000
2018-02-25 16:00:08,0.02228900,6.80000000
2018-02-25 16:00:08,0.02227500,0.67000000
2018-02-25 16:00:08,0.02227000,1.31000000
2018-02-25 16:00:13,0.02228700,0.96000000
2018-02-25 16:00:14,0.02227600,1.30000000
2018-02-25 16:00:14,0.02227600,0.09000000
2018-02-25 16:00:14,0.02228700,1.45000000
2018-02-25 16:00:15,0.02228700,0.48000000
2018-02-25 16:00:16,0.02227600,0.73000000
2018-02-25 16:00:16,0.02228700,0.48000000
2018-02-25 16:00:22,0.02228700,0.49000000
2018-02-25 16:00:23,0.02228700,0.44000000
2018-02-25 16:00:23,0.02228700,0.48000000
2018-02-25 16:00:23,0.02228900,1.28000000
2018-02-25 16:00:23,0.02229300,0.49000000
2018-02-25 16:00:25,0.02228700,0.44000000
2018-02-25 16:00:25,0.02227700,0.25000000
2018-02-25 16:00:28,0.02229000,4.04000000
2018-02-25 16:00:29,0.02229000,2.64000000
2018-02-25 16:00:31,0.02228900,0.27000000
2018-02-25 16:00:32,0.02228900,0.48000000
2018-02-25 16:00:34,0.02228900,0.33000000
2018-02-25 16:00:34,0.02228900,0.34000000
2018-02-25 16:00:35,0.02228900,0.32000000
2018-02-25 16:00:37,0.02229000,1.40000000
2018-02-25 16:00:39,0.02229000,0.06000000
2018-02-25 16:00:43,0.02229200,0.10000000
2018-02-25 16:00:45,0.02229200,2.63000000
2018-02-25 16:00:45,0.02228900,0.22000000
2018-02-25 16:00:45,0.02228700,0.65000000
2018-02-25 16:00:46,0.02228700,2.75000000
2018-02-25 16:00:47,0.02228700,12.19000000
2018-02-25 16:00:51,0.02229100,1.97000000
2018-02-25 16:00:52,0.02229300,3.43000000
2018-02-25 16:00:52,0.02229000,0.34000000
2018-02-25 16:00:53,0.02229000,1.01000000
2018-02-25 16:00:54,0.02228700,0.89000000
2018-02-25 16:00:54,0.02228000,1.26000000
2018-02-25 16:00:55,0.02229000,0.22000000
2018-02-25 16:00:56,0.02228000,1.02000000
2018-02-25 16:00:58,0.02229400,0.44000000
2018-02-25 16:00:59,0.02228000,0.50000000
2018-02-25 16:01:03,0.02229300,1.46000000
2018-02-25 16:01:07,0.02229300,0.01000000
2018-02-25 16:01:07,0.02229300,0.06000000
2018-02-25 16:01:07,0.02229300,8.77000000
2018-02-25 16:01:08,0.02229200,0.08000000
2018-02-25 16:01:08,0.02229400,4.49000000
2018-02-25 16:01:10,0.02228200,4.48000000
2018-02-25 16:01:10,0.02228000,1.02000000
2018-02-25 16:01:12,0.02228200,0.46000000
2018-02-25 16:01:13,0.02228000,0.30000000
2018-02-25 16:01:15,0.02228000,0.40000000
2018-02-25 16:01:15,0.02228000,0.43000000
2018-02-25 16:01:15,0.02228000,4.79000000
2018-02-25 16:01:17,0.02228000,0.16000000
2018-02-25 16:01:17,0.02228000,4.50000000
2018-02-25 16:01:20,0.02229300,0.22000000
2018-02-25 16:01:20,0.02228000,6.46000000
2018-02-25 16:01:21,0.02228000,0.24000000
2018-02-25 16:01:23,0.02228000,3.48000000
2018-02-25 16:01:25,0.02228000,1.01000000
2018-02-25 16:01:26,0.02228000,2.57000000
2018-02-25 16:01:28,0.02228000,0.31000000
2018-02-25 16:01:29,0.02228000,0.24000000
2018-02-25 16:01:30,0.02229000,0.21000000
2018-02-25 16:01:32,0.02228000,0.24000000
2018-02-25 16:01:33,0.02229000,0.50000000
2018-02-25 16:01:36,0.02228100,0.14000000
2018-02-25 16:01:36,0.02228100,1.37000000
2018-02-25 16:01:36,0.02228100,0.05000000
2018-02-25 16:01:36,0.02228000,9.94000000
2018-02-25 16:01:36,0.02228000,10.00000000
2018-02-25 16:01:37,0.02229000,0.45000000
2018-02-25 16:01:38,0.02228000,14.89000000
2018-02-25 16:01:41,0.02228000,2.00000000
2018-02-25 16:01:41,0.02228000,1.58000000
2018-02-25 16:01:49,0.02229000,1.86000000
2018-02-25 16:01:50,0.02229000,1.00000000
2018-02-25 16:01:51,0.02229000,2.16000000
2018-02-25 16:01:54,0.02228400,1.30000000
2018-02-25 16:01:55,0.02229000,0.44000000
2018-02-25 16:01:55,0.02229000,2.00000000
2018-02-25 16:01:56,0.02228400,0.13000000
2018-02-25 16:01:56,0.02229000,0.22000000
2018-02-25 16:01:56,0.02229000,3.51000000
2018-02-25 16:01:57,0.02229300,1.69000000
2018-02-25 16:02:02,0.02229000,0.35000000
2018-02-25 16:02:02,0.02228400,1.08000000
2018-02-25 16:02:02,0.02228400,0.40000000
2018-02-25 16:02:02,0.02228400,0.43000000
2018-02-25 16:02:03,0.02229300,9.92000000
2018-02-25 16:02:03,0.02229300,0.36000000
2018-02-25 16:02:04,0.02229300,3.46000000
2018-02-25 16:02:05,0.02228600,0.40000000
2018-02-25 16:02:06,0.02229000,0.09000000
2018-02-25 16:02:06,0.02229300,0.04000000
2018-02-25 16:02:06,0.02229300,0.31000000
2018-02-25 16:02:07,0.02228600,0.60000000
2018-02-25 16:02:08,0.02229300,0.05000000
2018-02-25 16:02:08,0.02229300,0.44000000
2018-02-25 16:02:09,0.02229400,2.62000000
2018-02-25 16:02:09,0.02228600,0.84000000
2018-02-25 16:02:09,0.02228400,2.28000000
2018-02-25 16:02:09,0.02228200,1.13000000
2018-02-25 16:02:09,0.02228100,0.81000000
2018-02-25 16:02:09,0.02228000,3.85000000
2018-02-25 16:02:09,0.02228600,1.00000000
2018-02-25 16:02:09,0.02229900,7.58000000
2018-02-25 16:02:09,0.02230000,2.87000000
2018-02-25 16:02:10,0.02230000,4.63000000
2018-02-25 16:02:11,0.02230000,17.86000000
2018-02-25 16:02:12,0.02229000,0.21000000
2018-02-25 16:02:16,0.02229000,0.40000000
2018-02-25 16:02:17,0.02230000,3.34000000
2018-02-25 16:02:18,0.02230000,0.03000000
2018-02-25 16:02:18,0.02230000,0.27000000
2018-02-25 16:02:19,0.02229000,0.40000000
2018-02-25 16:02:21,0.02229000,6.14000000
2018-02-25 16:02:25,0.02229200,0.40000000
2018-02-25 16:02:25,0.02229200,0.53000000
2018-02-25 16:02:26,0.02230000,1.34000000
2018-02-25 16:02:26,0.02230000,2.76000000
2018-02-25 16:02:26,0.02230000,1.34000000
2018-02-25 16:02:26,0.02229200,1.34000000
2018-02-25 16:02:26,0.02229200,0.38000000
2018-02-25 16:02:27,0.02229200,0.50000000
2018-02-25 16:02:27,0.02229200,0.43000000
2018-02-25 16:02:28,0.02229200,0.90000000
2018-02-25 16:02:28,0.02229000,10.12000000
2018-02-25 16:02:29,0.02230000,0.80000000
2018-02-25 16:02:30,0.02229000,0.40000000
2018-02-25 16:02:30,0.02229000,0.33000000
2018-02-25 16:02:30,0.02229000,0.07000000
2018-02-25 16:02:31,0.02229000,0.35000000
2018-02-25 16:02:31,0.02229000,0.38000000
2018-02-25 16:02:32,0.02229500,0.66000000
2018-02-25 16:02:32,0.02229500,0.93000000
2018-02-25 16:02:34,0.02229500,0.01000000
2018-02-25 16:02:34,0.02230000,0.39000000
2018-02-25 16:02:35,0.02230000,8.03000000
2018-02-25 16:02:37,0.02229500,0.88000000
2018-02-25 16:02:37,0.02230000,0.57000000
2018-02-25 16:02:38,0.02230000,33.27000000
2018-02-25 16:02:38,0.02229000,0.40000000
2018-02-25 16:02:38,0.02229000,0.53000000
2018-02-25 16:02:39,0.02230000,3.78000000
2018-02-25 16:02:40,0.02230000,16.63000000
2018-02-25 16:02:41,0.02229100,0.43000000
2018-02-25 16:02:41,0.02229100,0.40000000
2018-02-25 16:02:41,0.02230000,1.54000000
2018-02-25 16:02:42,0.02229900,0.13000000
2018-02-25 16:02:42,0.02230000,22.43000000
2018-02-25 16:02:42,0.02230000,17.86000000
2018-02-25 16:02:43,0.02229100,0.50000000
2018-02-25 16:02:43,0.02229100,0.43000000
2018-02-25 16:02:43,0.02230000,5.09000000
2018-02-25 16:02:43,0.02230000,2.79000000
2018-02-25 16:02:44,0.02230000,1.16000000
2018-02-25 16:02:44,0.02230000,0.16000000
2018-02-25 16:02:45,0.02230000,3.83000000
2018-02-25 16:02:45,0.02230000,56.76000000
2018-02-25 16:02:45,0.02230000,0.40000000
2018-02-25 16:02:45,0.02230000,0.53000000
2018-02-25 16:02:46,0.02230300,0.39000000
2018-02-25 16:02:47,0.02230000,0.33000000
2018-02-25 16:02:48,0.02230600,5.70000000
2018-02-25 16:02:48,0.02230700,0.50000000
2018-02-25 16:02:48,0.02230800,1.18000000
2018-02-25 16:02:48,0.02230800,0.43000000
2018-02-25 16:02:48,0.02230800,0.40000000
2018-02-25 16:02:49,0.02230900,0.53000000
2018-02-25 16:02:50,0.02230800,0.33000000
2018-02-25 16:02:50,0.02230800,0.40000000
2018-02-25 16:02:50,0.02230900,0.44000000
2018-02-25 16:02:51,0.02230900,0.45000000
2018-02-25 16:02:52,0.02230800,6.40000000
2018-02-25 16:02:53,0.02230900,0.08000000
2018-02-25 16:02:53,0.02231000,0.20000000
2018-02-25 16:02:53,0.02231100,0.05000000
2018-02-25 16:02:53,0.02231300,0.15000000
2018-02-25 16:02:53,0.02232100,0.20000000
2018-02-25 16:02:53,0.02230800,0.50000000
2018-02-25 16:02:53,0.02230800,0.33000000
2018-02-25 16:02:55,0.02230800,2.25000000
2018-02-25 16:02:57,0.02232000,0.20000000
2018-02-25 16:02:57,0.02232500,0.07000000
2018-02-25 16:02:57,0.02232600,1.12000000
2018-02-25 16:02:57,0.02232900,0.23000000
2018-02-25 16:02:57,0.02233000,1.56000000
2018-02-25 16:02:58,0.02231000,0.11000000
2018-02-25 16:03:01,0.02232100,0.05000000
2018-02-25 16:03:01,0.02231000,2.91000000
2018-02-25 16:03:01,0.02230800,13.28000000
2018-02-25 16:03:05,0.02231100,0.20000000
2018-02-25 16:03:06,0.02232100,0.44000000
2018-02-25 16:03:06,0.02232100,1.52000000
2018-02-25 16:03:07,0.02231100,2.04000000
2018-02-25 16:03:09,0.02232100,2.74000000
2018-02-25 16:03:09,0.02231100,0.01000000
2018-02-25 16:03:10,0.02231000,0.95000000
2018-02-25 16:03:10,0.02231100,20.19000000
2018-02-25 16:03:11,0.02231100,0.44000000
2018-02-25 16:03:11,0.02231100,8.46000000
2018-02-25 16:03:12,0.02231100,5.98000000
2018-02-25 16:03:12,0.02232100,13.72000000
2018-02-25 16:03:13,0.02232100,0.44000000
2018-02-25 16:03:13,0.02231100,0.05000000
2018-02-25 16:03:14,0.02232000,0.44000000
2018-02-25 16:03:14,0.02231100,0.40000000
2018-02-25 16:03:14,0.02232000,1.28000000
2018-02-25 16:03:14,0.02231100,0.43000000
2018-02-25 16:03:15,0.02232000,1.12000000
2018-02-25 16:03:15,0.02232000,0.14000000
2018-02-25 16:03:15,0.02232000,1.12000000
2018-02-25 16:03:15,0.02232000,2.85000000
2018-02-25 16:03:15,0.02232000,0.22000000
2018-02-25 16:03:15,0.02232000,2.37000000
2018-02-25 16:03:16,0.02232000,5.35000000
2018-02-25 16:03:17,0.02231100,0.55000000
2018-02-25 16:03:19,0.02232000,1.41000000
2018-02-25 16:03:20,0.02232000,0.05000000
2018-02-25 16:03:20,0.02232000,0.44000000
2018-02-25 16:03:21,0.02231100,1.42000000
2018-02-25 16:03:21,0.02232000,8.54000000
2018-02-25 16:03:21,0.02232000,0.05000000
2018-02-25 16:03:22,0.02232000,0.19000000
2018-02-25 16:03:23,0.02231100,0.05000000
2018-02-25 16:03:23,0.02232000,0.44000000
2018-02-25 16:03:24,0.02232000,0.05000000
2018-02-25 16:03:25,0.02231100,0.53000000
2018-02-25 16:03:25,0.02232000,6.91000000
2018-02-25 16:03:25,0.02232000,25.05000000
2018-02-25 16:03:25,0.02232100,1.85000000
2018-02-25 16:03:25,0.02232100,0.01000000
2018-02-25 16:03:25,0.02233000,0.13000000
2018-02-25 16:03:25,0.02233000,1.59000000
2018-02-25 16:03:25,0.02233300,0.49000000
2018-02-25 16:03:25,0.02233600,0.21000000
2018-02-25 16:03:25,0.02233800,1.65000000
2018-02-25 16:03:25,0.02234000,0.66000000
2018-02-25 16:03:25,0.02234000,7.49000000
2018-02-25 16:03:25,0.02234000,7.98000000
2018-02-25 16:03:25,0.02234200,0.20000000
2018-02-25 16:03:25,0.02234300,5.46000000
2018-02-25 16:03:26,0.02232100,1.00000000
2018-02-25 16:03:26,0.02234300,0.44000000
2018-02-25 16:03:27,0.02232100,0.20000000
2018-02-25 16:03:27,0.02231200,0.30000000
2018-02-25 16:03:27,0.02231200,1.20000000
2018-02-25 16:03:31,0.02231100,0.05000000
2018-02-25 16:03:31,0.02232100,1.00000000
2018-02-25 16:03:32,0.02232100,0.40000000
2018-02-25 16:03:34,0.02233800,0.95000000
2018-02-25 16:03:34,0.02232100,0.40000000
2018-02-25 16:03:35,0.02233800,0.44000000
2018-02-25 16:03:36,0.02232100,0.24000000
2018-02-25 16:03:36,0.02232100,0.29000000
2018-02-25 16:03:36,0.02232100,1.00000000
2018-02-25 16:03:36,0.02232100,4.73000000
2018-02-25 16:03:37,0.02232100,0.40000000
2018-02-25 16:03:39,0.02232100,0.30000000
2018-02-25 16:03:40,0.02232100,0.51000000
2018-02-25 16:03:41,0.02232300,1.00000000
2018-02-25 16:03:42,0.02232300,0.40000000
2018-02-25 16:03:44,0.02232300,0.50000000
2018-02-25 16:03:46,0.02233000,0.43000000
2018-02-25 16:03:46,0.02233000,0.40000000
2018-02-25 16:03:46,0.02233000,0.01000000
2018-02-25 16:03:46,0.02232300,0.49000000
2018-02-25 16:03:50,0.02232300,1.42000000
2018-02-25 16:03:50,0.02232800,0.11000000
2018-02-25 16:03:50,0.02232900,4.75000000
2018-02-25 16:03:50,0.02233000,0.41000000
2018-02-25 16:03:50,0.02233300,1.14000000
2018-02-25 16:03:50,0.02233300,1.01000000
2018-02-25 16:03:50,0.02233300,2.90000000
2018-02-25 16:03:52,0.02232300,1.00000000
2018-02-25 16:03:52,0.02232300,3.49000000
2018-02-25 16:03:52,0.02232200,3.08000000
2018-02-25 16:03:53,0.02232200,0.01000000
2018-02-25 16:03:53,0.02232100,8.98000000
2018-02-25 16:03:53,0.02232100,0.14000000
2018-02-25 16:03:53,0.02232100,0.40000000
2018-02-25 16:03:53,0.02232100,10.78000000
2018-02-25 16:03:53,0.02232100,10.79000000
2018-02-25 16:03:54,0.02232100,7.21000000
2018-02-25 16:03:54,0.02232900,0.14000000
2018-02-25 16:03:54,0.02233000,0.21000000
2018-02-25 16:03:54,0.02232100,0.01000000
2018-02-25 16:03:54,0.02232000,0.51000000
2018-02-25 16:03:54,0.02232000,1.62000000
2018-02-25 16:03:54,0.02232000,2.77000000
2018-02-25 16:03:55,0.02232300,0.08000000
2018-02-25 16:03:56,0.02232000,0.55000000
2018-02-25 16:03:56,0.02232000,0.19000000
2018-02-25 16:03:56,0.02231500,0.16000000
2018-02-25 16:03:56,0.02231200,1.46000000
2018-02-25 16:03:56,0.02231200,2.83000000
2018-02-25 16:03:56,0.02231100,4.61000000
2018-02-25 16:03:57,0.02231100,0.05000000
2018-02-25 16:03:57,0.02231100,1.62000000
2018-02-25 16:03:57,0.02231100,7.08000000
2018-02-25 16:03:58,0.02231100,1.05000000
2018-02-25 16:03:59,0.02232300,0.81000000
2018-02-25 16:03:59,0.02232800,6.10000000
2018-02-25 16:04:00,0.02231100,1.23000000
2018-02-25 16:04:00,0.02232000,6.00000000
2018-02-25 16:04:01,0.02232300,1.53000000
2018-02-25 16:04:01,0.02232800,0.44000000
2018-02-25 16:04:01,0.02232300,0.70000000
2018-02-25 16:04:01,0.02232000,1.42000000
2018-02-25 16:04:01,0.02232800,0.43000000
2018-02-25 16:04:01,0.02233000,0.01000000
2018-02-25 16:04:01,0.02232000,2.12000000
2018-02-25 16:04:03,0.02232000,0.46000000
2018-02-25 16:04:04,0.02233000,0.34000000
2018-02-25 16:04:05,0.02233000,0.36000000
2018-02-25 16:04:05,0.02233300,2.25000000
2018-02-25 16:04:05,0.02233800,15.10000000
2018-02-25 16:04:05,0.02233800,0.44000000
2018-02-25 16:04:06,0.02232000,0.24000000
2018-02-25 16:04:08,0.02232000,0.45000000
2018-02-25 16:04:09,0.02232000,0.33000000
2018-02-25 16:04:10,0.02232000,4.00000000
2018-02-25 16:04:10,0.02233000,0.38000000
2018-02-25 16:04:10,0.02233800,5.33000000
2018-02-25 16:04:11,0.02233800,1.54000000
2018-02-25 16:04:11,0.02232000,1.00000000
2018-02-25 16:04:13,0.02233800,23.16000000
2018-02-25 16:04:13,0.02234200,0.04000000
2018-02-25 16:04:13,0.02232000,0.06000000
2018-02-25 16:04:14,0.02232000,1.23000000
2018-02-25 16:04:14,0.02232000,0.68000000
2018-02-25 16:04:14,0.02232000,14.26000000
2018-02-25 16:04:14,0.02232000,2.54000000
2018-02-25 16:04:15,0.02232000,0.61000000
2018-02-25 16:04:16,0.02232000,2.95000000
2018-02-25 16:04:16,0.02232000,1.00000000
2018-02-25 16:04:17,0.02232000,0.44000000
2018-02-25 16:04:17,0.02232000,0.46000000
2018-02-25 16:04:19,0.02232000,9.83000000
2018-02-25 16:04:19,0.02231200,4.27000000
2018-02-25 16:04:19,0.02231100,17.48000000
2018-02-25 16:04:19,0.02231100,1.00000000
2018-02-25 16:04:20,0.02233600,0.44000000
2018-02-25 16:04:21,0.02233600,2.69000000
2018-02-25 16:04:22,0.02231100,4.73000000
2018-02-25 16:04:24,0.02231100,14.40000000
2018-02-25 16:04:25,0.02231000,0.24000000
2018-02-25 16:04:26,0.02231100,0.11000000
2018-02-25 16:04:28,0.02231000,0.24000000
2018-02-25 16:04:29,0.02231100,1.95000000
2018-02-25 16:04:30,0.02231100,0.29000000
2018-02-25 16:04:30,0.02231000,2.31000000
2018-02-25 16:04:30,0.02233600,1.14000000
2018-02-25 16:04:30,0.02233700,1.00000000
2018-02-25 16:04:30,0.02233800,1.00000000
2018-02-25 16:04:30,0.02233800,0.22000000
2018-02-25 16:04:31,0.02233800,7.21000000
2018-02-25 16:04:31,0.02233800,4.82000000
2018-02-25 16:04:31,0.02233800,24.00000000
2018-02-25 16:04:31,0.02233800,6.09000000
2018-02-25 16:04:32,0.02231100,0.30000000
2018-02-25 16:04:33,0.02233600,4.77000000
2018-02-25 16:04:35,0.02233600,0.44000000
2018-02-25 16:04:35,0.02231100,0.14000000
2018-02-25 16:04:37,0.02232000,0.70000000
2018-02-25 16:04:37,0.02232000,3.56000000
2018-02-25 16:04:40,0.02232000,1.00000000
2018-02-25 16:04:41,0.02232000,0.24000000
2018-02-25 16:04:42,0.02232000,0.40000000
2018-02-25 16:04:42,0.02232000,0.43000000
2018-02-25 16:04:43,0.02232000,0.40000000
2018-02-25 16:04:43,0.02232000,0.33000000
2018-02-25 16:04:44,0.02232000,2.54000000
2018-02-25 16:04:44,0.02232000,0.50000000
2018-02-25 16:04:44,0.02232000,0.43000000
2018-02-25 16:04:45,0.02232000,1.00000000
2018-02-25 16:04:45,0.02232000,1.16000000
2018-02-25 16:04:46,0.02232000,0.43000000
2018-02-25 16:04:46,0.02232000,0.30000000
2018-02-25 16:04:46,0.02232000,0.40000000
2018-02-25 16:04:46,0.02232000,0.43000000
2018-02-25 16:04:47,0.02232900,0.44000000
2018-02-25 16:04:47,0.02233000,3.56000000
2018-02-25 16:04:48,0.02232000,12.19000000
2018-02-25 16:04:49,0.02232000,0.48000000
2018-02-25 16:04:49,0.02232000,0.40000000
2018-02-25 16:04:49,0.02232000,0.40000000
2018-02-25 16:04:49,0.02232000,0.53000000
2018-02-25 16:04:49,0.02232000,0.43000000
2018-02-25 16:04:50,0.02232000,0.23000000
2018-02-25 16:04:51,0.02232000,0.50000000
2018-02-25 16:04:51,0.02232000,0.40000000
2018-02-25 16:04:51,0.02232000,0.53000000
2018-02-25 16:04:51,0.02232000,0.43000000
2018-02-25 16:04:52,0.02232000,1.84000000
2018-02-25 16:04:54,0.02232000,0.40000000
2018-02-25 16:04:54,0.02232000,0.33000000
2018-02-25 16:04:54,0.02232000,10.08000000
2018-02-25 16:04:55,0.02232000,1.00000000
2018-02-25 16:04:56,0.02232000,0.30000000
2018-02-25 16:04:56,0.02232000,0.43000000
2018-02-25 16:04:56,0.02232000,0.53000000
2018-02-25 16:04:56,0.02232000,1.44000000
2018-02-25 16:04:56,0.02232000,0.40000000
2018-02-25 16:04:56,0.02232000,0.53000000
2018-02-25 16:04:57,0.02232000,0.24000000
2018-02-25 16:04:58,0.02232000,0.05000000
2018-02-25 16:04:58,0.02232000,0.30000000
2018-02-25 16:04:58,0.02232000,0.33000000
2018-02-25 16:04:59,0.02232000,0.30000000
2018-02-25 16:04:59,0.02232000,0.43000000
2018-02-25 16:04:59,0.02232000,1.76000000
2018-02-25 16:04:59,0.02232000,1.20000000
2018-02-25 16:05:00,0.02232000,0.11000000
2018-02-25 16:05:00,0.02232000,0.18000000
2018-02-25 16:05:00,0.02232000,3.53000000
2018-02-25 16:05:01,0.02232000,0.31000000
2018-02-25 16:05:02,0.02232700,4.76000000
2018-02-25 16:05:02,0.02232800,0.01000000
2018-02-25 16:05:04,0.02232000,0.05000000
2018-02-25 16:05:05,0.02232000,0.05000000
2018-02-25 16:05:05,0.02232000,9.01000000
2018-02-25 16:05:05,0.02232000,1.63000000
2018-02-25 16:05:05,0.02232000,0.31000000
2018-02-25 16:05:06,0.02232000,0.25000000
2018-02-25 16:05:06,0.02232000,3.33000000
2018-02-25 16:05:07,0.02232000,0.30000000
2018-02-25 16:05:07,0.02232000,0.43000000
2018-02-25 16:05:09,0.02232000,0.50000000
2018-02-25 16:05:10,0.02232000,0.33000000
2018-02-25 16:05:10,0.02232000,0.05000000
2018-02-25 16:05:10,0.02232000,2.14000000
2018-02-25 16:05:10,0.02232000,1.87000000
2018-02-25 16:05:11,0.02232700,0.18000000
2018-02-25 16:05:11,0.02232800,0.93000000
2018-02-25 16:05:11,0.02233000,0.90000000
2018-02-25 16:05:11,0.02234100,0.75000000
2018-02-25 16:05:11,0.02234200,9.64000000
2018-02-25 16:05:12,0.02232000,0.47000000
2018-02-25 16:05:12,0.02232000,0.40000000
2018-02-25 16:05:12,0.02232000,0.53000000
2018-02-25 16:05:13,0.02232000,0.30000000
2018-02-25 16:05:13,0.02232000,0.43000000
2018-02-25 16:05:14,0.02232000,1.00000000
2018-02-25 16:05:14,0.02232000,1.69000000
2018-02-25 16:05:14,0.02232700,1.09000000
2018-02-25 16:05:15,0.02232000,1.09000000
2018-02-25 16:05:15,0.02232000,0.50000000
2018-02-25 16:05:15,0.02232000,0.43000000
2018-02-25 16:05:15,0.02232000,4.59000000
2018-02-25 16:05:15,0.02232000,0.40000000
2018-02-25 16:05:16,0.02232000,12.46000000
2018-02-25 16:05:16,0.02232000,17.05000000
2018-02-25 16:05:17,0.02232000,0.11000000
2018-02-25 16:05:17,0.02232800,0.33000000
2018-02-25 16:05:18,0.02232800,1.00000000
2018-02-25 16:05:18,0.02232800,0.73000000
2018-02-25 16:05:18,0.02232800,5.00000000
2018-02-25 16:05:18,0.02232800,0.40000000
2018-02-25 16:05:18,0.02232800,0.50000000
2018-02-25 16:05:18,0.02232800,4.25000000
2018-02-25 16:05:18,0.02232800,17.79000000
2018-02-25 16:05:19,0.02232000,4.05000000
2018-02-25 16:05:19,0.02232000,5.69000000
2018-02-25 16:05:20,0.02232000,0.18000000
2018-02-25 16:05:21,0.02232000,6.48000000
2018-02-25 16:05:23,0.02232000,0.05000000
2018-02-25 16:05:23,0.02232000,0.05000000
2018-02-25 16:05:24,0.02232000,1.89000000
2018-02-25 16:05:24,0.02232000,1.29000000
2018-02-25 16:05:25,0.02232000,0.32000000
2018-02-25 16:05:26,0.02232800,0.75000000
2018-02-25 16:05:27,0.02232900,0.83000000
2018-02-25 16:05:28,0.02232900,0.30000000
2018-02-25 16:05:28,0.02232900,0.43000000
2018-02-25 16:05:29,0.02232900,0.70000000
2018-02-25 16:05:30,0.02232900,0.40000000
2018-02-25 16:05:30,0.02232900,0.33000000
2018-02-25 16:05:31,0.02232900,21.37000000
2018-02-25 16:05:32,0.02232900,0.44000000
2018-02-25 16:05:32,0.02234100,0.13000000
2018-02-25 16:05:32,0.02234200,0.91000000
2018-02-25 16:05:32,0.02232900,0.17000000
2018-02-25 16:05:32,0.02232900,0.23000000
2018-02-25 16:05:34,0.02232900,0.20000000
2018-02-25 16:05:34,0.02232900,0.33000000
2018-02-25 16:05:37,0.02232900,0.40000000
2018-02-25 16:05:37,0.02232900,0.43000000
2018-02-25 16:05:39,0.02232900,0.30000000
2018-02-25 16:05:39,0.02232900,0.33000000
2018-02-25 16:05:40,0.02234000,0.22000000
2018-02-25 16:05:40,0.02234200,8.79000000
2018-02-25 16:05:40,0.02234200,1.00000000
2018-02-25 16:05:41,0.02234200,1.00000000
2018-02-25 16:05:41,0.02232900,0.13000000
2018-02-25 16:05:41,0.02234200,0.89000000
2018-02-25 16:05:42,0.02232900,0.23000000
2018-02-25 16:05:42,0.02232900,0.20000000
2018-02-25 16:05:43,0.02234200,7.64000000
2018-02-25 16:05:45,0.02232900,0.09000000
2018-02-25 16:05:46,0.02232900,0.30000000
2018-02-25 16:05:46,0.02232900,0.33000000
2018-02-25 16:05:46,0.02232900,0.47000000
2018-02-25 16:05:48,0.02234200,0.20000000
2018-02-25 16:05:52,0.02232900,0.44000000
2018-02-25 16:05:53,0.02233000,13.07000000
2018-02-25 16:05:53,0.02234200,0.55000000
2018-02-25 16:05:54,0.02233000,0.81000000
2018-02-25 16:05:55,0.02233000,7.69000000
2018-02-25 16:05:55,0.02232900,8.75000000
2018-02-25 16:05:55,0.02232900,7.78000000
2018-02-25 16:05:55,0.02232700,0.55000000
2018-02-25 16:05:55,0.02232100,5.00000000
2018-02-25 16:05:55,0.02232000,26.94000000
2018-02-25 16:05:56,0.02232000,2.36000000
2018-02-25 16:05:56,0.02232000,2.64000000
2018-02-25 16:05:59,0.02232000,37.29000000
2018-02-25 16:05:59,0.02232000,3.02000000
2018-02-25 16:05:59,0.02232000,9.83000000
2018-02-25 16:06:02,0.02232000,4.17000000
2018-02-25 16:06:03,0.02232000,5.47000000
2018-02-25 16:06:03,0.02232000,0.54000000
2018-02-25 16:06:05,0.02232300,1.27000000
2018-02-25 16:06:06,0.02232300,10.22000000
2018-02-25 16:06:06,0.02232000,0.27000000
2018-02-25 16:06:08,0.02232000,9.88000000
2018-02-25 16:06:10,0.02232900,2.00000000
2018-02-25 16:06:11,0.02232000,1.12000000
2018-02-25 16:06:11,0.02232900,0.71000000
2018-02-25 16:06:12,0.02232000,0.19000000
2018-02-25 16:06:12,0.02232900,0.54000000
2018-02-25 16:06:13,0.02232000,0.51000000
2018-02-25 16:06:14,0.02232900,3.75000000
2018-02-25 16:06:14,0.02232000,1.96000000
2018-02-25 16:06:16,0.02232000,1.97000000
2018-02-25 16:06:16,0.02232000,0.08000000
2018-02-25 16:06:17,0.02232900,0.58000000
2018-02-25 16:06:18,0.02232900,1.33000000
2018-02-25 16:06:20,0.02232000,0.48000000
2018-02-25 16:06:22,0.02232900,1.42000000
2018-02-25 16:06:23,0.02232100,0.20000000
2018-02-25 16:06:26,0.02232100,5.73000000
2018-02-25 16:06:27,0.02232600,0.01000000
2018-02-25 16:06:29,0.02232600,0.48000000
2018-02-25 16:06:30,0.02232100,0.16000000
2018-02-25 16:06:32,0.02232600,0.22000000
2018-02-25 16:06:32,0.02232600,4.06000000
2018-02-25 16:06:32,0.02232700,0.89000000
2018-02-25 16:06:32,0.02232800,0.90000000
2018-02-25 16:06:32,0.02232900,4.16000000
2018-02-25 16:06:32,0.02234000,0.75000000
2018-02-25 16:06:32,0.02234200,17.24000000
2018-02-25 16:06:33,0.02234200,0.44000000
2018-02-25 16:06:33,0.02234200,4.67000000
2018-02-25 16:06:34,0.02232100,13.46000000
2018-02-25 16:06:35,0.02234200,34.71000000
2018-02-25 16:06:35,0.02234200,4.62000000
2018-02-25 16:06:35,0.02234200,0.71000000
2018-02-25 16:06:36,0.02234200,1.26000000
2018-02-25 16:06:36,0.02234200,1.70000000
2018-02-25 16:06:36,0.02234200,17.05000000
2018-02-25 16:06:37,0.02234200,1.26000000
2018-02-25 16:06:37,0.02234200,5.87000000
2018-02-25 16:06:38,0.02234300,0.48000000
2018-02-25 16:06:39,0.02234200,0.88000000
2018-02-25 16:06:41,0.02234200,16.66000000
2018-02-25 16:06:41,0.02234200,0.11000000
2018-02-25 16:06:41,0.02234200,0.08000000
2018-02-25 16:06:41,0.02234200,1.48000000
2018-02-25 16:06:42,0.02234200,0.72000000
2018-02-25 16:06:43,0.02234200,12.06000000
2018-02-25 16:06:43,0.02234200,1.50000000
2018-02-25 16:06:44,0.02234200,1.50000000
2018-02-25 16:06:45,0.02234200,1.90000000
2018-02-25 16:06:45,0.02234200,1.34000000
2018-02-25 16:06:45,0.02234200,0.06000000
2018-02-25 16:06:45,0.02234200,1.10000000
2018-02-25 16:06:45,0.02234200,38.25000000
2018-02-25 16:06:45,0.02234200,4.06000000
2018-02-25 16:06:45,0.02234200,11.60000000
2018-02-25 16:06:45,0.02234200,0.08000000
2018-02-25 16:06:46,0.02232900,0.44000000
2018-02-25 16:06:48,0.02234000,0.75000000
2018-02-25 16:06:48,0.02232100,0.72000000
2018-02-25 16:06:48,0.02234000,0.76000000
2018-02-25 16:06:48,0.02232100,1.50000000
2018-02-25 16:06:52,0.02232100,0.35000000
2018-02-25 16:06:57,0.02232800,0.03000000
2018-02-25 16:06:58,0.02232100,0.01000000
2018-02-25 16:06:58,0.02232000,1.34000000
2018-02-25 16:06:58,0.02232800,1.04000000
2018-02-25 16:06:58,0.02232000,16.00000000
2018-02-25 16:06:59,0.02232000,4.00000000
2018-02-25 16:06:59,0.02232000,1.20000000
2018-02-25 16:06:59,0.02232000,10.00000000
2018-02-25 16:07:00,0.02232800,2.19000000
2018-02-25 16:07:00,0.02232900,1.00000000
2018-02-25 16:07:00,0.02234000,0.92000000
2018-02-25 16:07:00,0.02234200,0.10000000
2018-02-25 16:07:00,0.02234200,15.26000000
2018-02-25 16:07:00,0.02232000,0.22000000
2018-02-25 16:07:00,0.02232000,0.22000000
2018-02-25 16:07:02,0.02232900,0.05000000
2018-02-25 16:07:02,0.02232900,0.17000000
2018-02-25 16:07:03,0.02234200,1.00000000
2018-02-25 16:07:04,0.02232000,0.14000000
2018-02-25 16:07:04,0.02232100,10.79000000
2018-02-25 16:07:04,0.02232200,0.13000000
2018-02-25 16:07:05,0.02232200,0.48000000
2018-02-25 16:07:06,0.02232200,7.58000000
2018-02-25 16:07:07,0.02232200,2.24000000
2018-02-25 16:07:08,0.02232200,0.02000000
2018-02-25 16:07:08,0.02234200,0.10000000
2018-02-25 16:07:08,0.02234300,1.17000000
2018-02-25 16:07:10,0.02232200,0.05000000
2018-02-25 16:07:10,0.02234100,0.44000000
2018-02-25 16:07:10,0.02232200,0.73000000
2018-02-25 16:07:12,0.02232200,0.30000000
2018-02-25 16:07:12,0.02234100,0.50000000
2018-02-25 16:07:12,0.02234300,3.02000000
2018-02-25 16:07:13,0.02234200,0.83000000
2018-02-25 16:07:13,0.02234300,3.82000000
2018-02-25 16:07:14,0.02232200,0.45000000
2018-02-25 16:07:15,0.02234300,0.44000000
2018-02-25 16:07:15,0.02234300,0.44000000
2018-02-25 16:07:15,0.02232200,0.14000000
2018-02-25 16:07:16,0.02232200,0.62000000
2018-02-25 16:07:16,0.02232100,1.25000000
2018-02-25 16:07:16,0.02232000,3.78000000
2018-02-25 16:07:16,0.02232000,0.45000000
2018-02-25 16:07:17,0.02232100,0.05000000
2018-02-25 16:07:19,0.02234000,1.35000000
2018-02-25 16:07:19,0.02232100,0.27000000
2018-02-25 16:07:19,0.02232000,0.19000000
2018-02-25 16:07:19,0.02232000,1.04000000
2018-02-25 16:07:20,0.02234000,0.44000000
2018-02-25 16:07:23,0.02232000,3.54000000
2018-02-25 16:07:25,0.02232000,1.34000000
2018-02-25 16:07:25,0.02232000,1.64000000
2018-02-25 16:07:25,0.02232000,1.34000000
2018-02-25 16:07:25,0.02232000,11.36000000
2018-02-25 16:07:25,0.02232000,11.60000000
2018-02-25 16:07:25,0.02232000,16.00000000
2018-02-25 16:07:26,0.02232100,2.00000000
2018-02-25 16:07:26,0.02232000,2.62000000
2018-02-25 16:07:26,0.02232000,0.05000000
2018-02-25 16:07:27,0.02232000,9.81000000
2018-02-25 16:07:27,0.02231300,0.07000000
2018-02-25 16:07:27,0.02231100,0.05000000
2018-02-25 16:07:27,0.02231000,5.86000000
2018-02-25 16:07:27,0.02230800,21.30000000
2018-02-25 16:07:27,0.02230800,4.00000000
2018-02-25 16:07:27,0.02230800,8.13000000
2018-02-25 16:07:27,0.02230500,1.87000000
2018-02-25 16:07:28,0.02230500,1.50000000
2018-02-25 16:07:29,0.02232100,0.26000000
2018-02-25 16:07:29,0.02230500,0.02000000
2018-02-25 16:07:29,0.02230300,5.69000000
2018-02-25 16:07:29,0.02232100,0.31000000
2018-02-25 16:07:30,0.02232100,0.44000000
2018-02-25 16:07:30,0.02230300,16.00000000
2018-02-25 16:07:30,0.02230300,3.18000000
2018-02-25 16:07:32,0.02231100,0.07000000
2018-02-25 16:07:32,0.02231100,0.47000000
2018-02-25 16:07:33,0.02231100,0.09000000
2018-02-25 16:07:33,0.02231100,2.53000000
2018-02-25 16:07:33,0.02231100,2.25000000
2018-02-25 16:07:34,0.02230300,3.76000000
2018-02-25 16:07:34,0.02230000,3.32000000
2018-02-25 16:07:34,0.02229900,1.00000000
2018-02-25 16:07:34,0.02229600,14.88000000
2018-02-25 16:07:34,0.02229600,0.60000000
2018-02-25 16:07:35,0.02229500,1.01000000
2018-02-25 16:07:36,0.02231100,1.92000000
2018-02-25 16:07:36,0.02229100,0.71000000
2018-02-25 16:07:37,0.02231100,0.47000000
2018-02-25 16:07:37,0.02229100,0.10000000
2018-02-25 16:07:37,0.02229100,0.08000000
2018-02-25 16:07:37,0.02229000,1.12000000
2018-02-25 16:07:37,0.02231100,9.45000000
2018-02-25 16:07:37,0.02231800,2.41000000
2018-02-25 16:07:38,0.02229000,1.34000000
2018-02-25 16:07:38,0.02231800,1.92000000
2018-02-25 16:07:38,0.02231800,0.12000000
2018-02-25 16:07:39,0.02229100,0.69000000
2018-02-25 16:07:39,0.02229100,3.59000000
2018-02-25 16:07:39,0.02229000,10.59000000
2018-02-25 16:07:39,0.02229000,0.48000000
2018-02-25 16:07:40,0.02229000,0.14000000
2018-02-25 16:07:41,0.02229000,0.84000000
2018-02-25 16:07:41,0.02229000,2.20000000
2018-02-25 16:07:42,0.02229000,1.08000000
2018-02-25 16:07:42,0.02231400,0.44000000
2018-02-25 16:07:42,0.02229000,0.12000000
2018-02-25 16:07:43,0.02230800,0.11000000
2018-02-25 16:07:43,0.02230800,0.89000000
2018-02-25 16:07:44,0.02229000,0.47000000
2018-02-25 16:07:44,0.02229000,0.46000000
2018-02-25 16:07:44,0.02229000,1.20000000
2018-02-25 16:07:45,0.02229000,0.12000000
2018-02-25 16:07:45,0.02229000,1.02000000
2018-02-25 16:07:45,0.02228500,3.82000000
2018-02-25 16:07:45,0.02228100,0.55000000
2018-02-25 16:07:45,0.02228000,2.78000000
2018-02-25 16:07:45,0.02227900,0.05000000
2018-02-25 16:07:45,0.02227700,0.10000000
2018-02-25 16:07:45,0.02227100,0.12000000
2018-02-25 16:07:45,0.02227000,3.81000000
2018-02-25 16:07:46,0.02229100,1.46000000
2018-02-25 16:07:46,0.02227000,7.61000000
2018-02-25 16:07:47,0.02230000,0.41000000
2018-02-25 16:07:47,0.02230100,1.74000000
2018-02-25 16:07:48,0.02227000,1.00000000
2018-02-25 16:07:48,0.02227000,3.52000000
2018-02-25 16:07:48,0.02230000,2.42000000
2018-02-25 16:07:49,0.02229000,0.07000000
2018-02-25 16:07:49,0.02229000,0.14000000
2018-02-25 16:07:49,0.02229000,0.79000000
2018-02-25 16:07:49,0.02227100,0.81000000
2018-02-25 16:07:49,0.02227100,0.46000000
2018-02-25 16:07:49,0.02227100,0.35000000
2018-02-25 16:07:49,0.02229900,0.58000000
2018-02-25 16:07:50,0.02229900,0.44000000
2018-02-25 16:07:50,0.02227100,0.80000000
2018-02-25 16:07:50,0.02227000,0.22000000
2018-02-25 16:07:50,0.02227000,0.12000000
2018-02-25 16:07:50,0.02227200,0.11000000
2018-02-25 16:07:50,0.02227200,0.40000000
2018-02-25 16:07:50,0.02227200,0.10000000
2018-02-25 16:07:50,0.02227200,0.44000000
2018-02-25 16:07:51,0.02227200,0.73000000
2018-02-25 16:07:51,0.02227200,0.42000000
2018-02-25 16:07:52,0.02227100,0.23000000
2018-02-25 16:07:53,0.02229600,2.20000000
2018-02-25 16:07:53,0.02229800,10.59000000
2018-02-25 16:07:53,0.02230000,1.52000000
2018-02-25 16:07:53,0.02230100,4.78000000
2018-02-25 16:07:53,0.02230500,0.25000000
2018-02-25 16:07:53,0.02231200,12.45000000
2018-02-25 16:07:53,0.02227200,4.18000000
2018-02-25 16:07:54,0.02227200,0.17000000
2018-02-25 16:07:54,0.02227100,0.87000000
2018-02-25 16:07:54,0.02229000,1.79000000
2018-02-25 16:07:54,0.02227100,0.14000000
2018-02-25 16:07:54,0.02229000,2.01000000
2018-02-25 16:07:54,0.02231200,0.84000000
2018-02-25 16:07:54,0.02231300,5.06000000
2018-02-25 16:07:55,0.02227100,0.10000000
2018-02-25 16:07:55,0.02227100,0.20000000
2018-02-25 16:07:55,0.02227000,0.12000000
2018-02-25 16:07:56,0.02228800,3.01000000
2018-02-25 16:07:56,0.02228800,1.34000000
2018-02-25 16:07:56,0.02231300,1.29000000
2018-02-25 16:07:56,0.02227200,0.52000000
2018-02-25 16:07:56,0.02227200,5.41000000
2018-02-25 16:07:56,0.02227200,0.78000000
2018-02-25 16:07:57,0.02227100,0.23000000
2018-02-25 16:07:57,0.02227000,8.36000000
2018-02-25 16:07:57,0.02226200,0.05000000
2018-02-25 16:07:57,0.02226000,0.46000000
2018-02-25 16:07:57,0.02225600,1.87000000
2018-02-25 16:07:57,0.02225500,0.20000000
2018-02-25 16:07:57,0.02225200,0.30000000
2018-02-25 16:07:57,0.02225000,0.45000000
2018-02-25 16:07:57,0.02224700,4.82000000
2018-02-25 16:07:57,0.02224300,0.75000000
2018-02-25 16:07:57,0.02224100,0.36000000
2018-02-25 16:07:57,0.02225000,1.94000000
2018-02-25 16:07:59,0.02226500,0.48000000
2018-02-25 16:08:00,0.02226500,0.86000000
2018-02-25 16:08:00,0.02226500,3.14000000
2018-02-25 16:08:00,0.02224400,0.22000000
2018-02-25 16:08:00,0.02224200,1.22000000
2018-02-25 16:08:00,0.02226500,0.21000000
2018-02-25 16:08:00,0.02226500,0.44000000
2018-02-25 16:08:01,0.02224200,0.14000000
2018-02-25 16:08:01,0.02226500,0.14000000
2018-02-25 16:08:03,0.02226200,1.44000000
2018-02-25 16:08:03,0.02226400,11.22000000
2018-02-25 16:08:03,0.02225000,0.26000000
2018-02-25 16:08:04,0.02225000,0.37000000
2018-02-25 16:08:04,0.02226900,3.89000000
2018-02-25 16:08:04,0.02224300,0.23000000
2018-02-25 16:08:04,0.02224200,0.06000000
2018-02-25 16:08:05,0.02224300,0.11000000
2018-02-25 16:08:05,0.02224300,1.48000000
2018-02-25 16:08:05,0.02224200,0.69000000
2018-02-25 16:08:05,0.02224200,1.67000000
2018-02-25 16:08:05,0.02224200,2.75000000
2018-02-25 16:08:05,0.02224200,0.88000000
2018-02-25 16:08:05,0.02224200,0.10000000
2018-02-25 16:08:06,0.02224200,2.25000000
2018-02-25 16:08:06,0.02224200,5.35000000
2018-02-25 16:08:06,0.02224200,0.86000000
2018-02-25 16:08:07,0.02224200,0.14000000
2018-02-25 16:08:07,0.02224200,4.51000000
2018-02-25 16:08:07,0.02224200,0.17000000
2018-02-25 16:08:07,0.02224200,12.07000000
2018-02-25 16:08:07,0.02224200,0.62000000
2018-02-25 16:08:08,0.02224200,0.08000000
2018-02-25 16:08:08,0.02224100,0.10000000
2018-02-25 16:08:08,0.02224100,0.32000000
2018-02-25 16:08:08,0.02224200,0.06000000
2018-02-25 16:08:08,0.02224200,11.32000000
2018-02-25 16:08:09,0.02226800,0.11000000
2018-02-25 16:08:09,0.02226900,0.60000000
2018-02-25 16:08:09,0.02227000,0.22000000
2018-02-25 16:08:09,0.02227100,0.18000000
2018-02-25 16:08:09,0.02227200,0.56000000
2018-02-25 16:08:09,0.02228600,0.58000000
2018-02-25 16:08:09,0.02224400,0.12000000
2018-02-25 16:08:09,0.02228600,1.42000000
2018-02-25 16:08:09,0.02229500,4.26000000
2018-02-25 16:08:09,0.02224400,0.18000000
2018-02-25 16:08:11,0.02227800,0.35000000
2018-02-25 16:08:11,0.02227800,0.29000000
2018-02-25 16:08:11,0.02227800,0.27000000
2018-02-25 16:08:11,0.02227800,0.34000000
2018-02-25 16:08:13,0.02227800,0.75000000
2018-02-25 16:08:13,0.02229300,0.11000000
2018-02-25 16:08:15,0.02227800,0.44000000
2018-02-25 16:08:15,0.02229300,0.19000000
2018-02-25 16:08:15,0.02229400,0.10000000
2018-02-25 16:08:15,0.02229500,0.15000000
2018-02-25 16:08:16,0.02227800,0.46000000
2018-02-25 16:08:17,0.02225400,6.73000000
2018-02-25 16:08:17,0.02225200,1.27000000
2018-02-25 16:08:18,0.02225200,0.11000000
2018-02-25 16:08:18,0.02225600,1.14000000
2018-02-25 16:08:21,0.02224900,0.04000000
2018-02-25 16:08:21,0.02228800,0.03000000
2018-02-25 16:08:23,0.02224900,0.14000000
2018-02-25 16:08:23,0.02228500,0.01000000
2018-02-25 16:08:24,0.02228500,3.14000000
2018-02-25 16:08:24,0.02224900,0.15000000
2018-02-25 16:08:25,0.02228500,3.55000000
2018-02-25 16:08:25,0.02228700,0.45000000
2018-02-25 16:08:26,0.02228500,9.44000000
2018-02-25 16:08:26,0.02228700,0.74000000
2018-02-25 16:08:26,0.02229000,0.11000000
2018-02-25 16:08:26,0.02229300,2.15000000
2018-02-25 16:08:26,0.02229600,0.89000000
2018-02-25 16:08:26,0.02229700,0.09000000
2018-02-25 16:08:26,0.02229900,0.10000000
2018-02-25 16:08:26,0.02230000,4.92000000
2018-02-25 16:08:26,0.02228500,0.32000000
2018-02-25 16:08:28,0.02227900,0.19000000
2018-02-25 16:08:29,0.02225800,0.37000000
2018-02-25 16:08:30,0.02228500,0.17000000
2018-02-25 16:08:32,0.02225800,1.26000000
2018-02-25 16:08:34,0.02228400,0.11000000
2018-02-25 16:08:34,0.02228500,0.33000000
2018-02-25 16:08:36,0.02228500,0.93000000
2018-02-25 16:08:38,0.02226000,0.97000000
2018-02-25 16:08:38,0.02228500,0.05000000
2018-02-25 16:08:39,0.02228500,0.46000000
2018-02-25 16:08:44,0.02228500,0.20000000
2018-02-25 16:08:44,0.02226000,1.17000000
2018-02-25 16:08:45,0.02226000,0.15000000
2018-02-25 16:08:46,0.02226000,1.75000000
2018-02-25 16:08:47,0.02228500,0.01000000
2018-02-25 16:08:47,0.02228900,2.99000000
2018-02-25 16:08:49,0.02226000,0.23000000
2018-02-25 16:08:49,0.02228500,0.25000000
2018-02-25 16:08:49,0.02228500,0.09000000
2018-02-25 16:08:49,0.02228900,1.33000000
2018-02-25 16:08:49,0.02229000,31.67000000
2018-02-25 16:08:50,0.02228500,0.56000000
2018-02-25 16:08:50,0.02228500,0.01000000
2018-02-25 16:08:50,0.02226200,0.10000000
2018-02-25 16:08:52,0.02226200,0.58000000
2018-02-25 16:08:55,0.02229000,0.89000000
2018-02-25 16:08:55,0.02228500,0.86000000
2018-02-25 16:08:55,0.02228500,0.05000000
2018-02-25 16:08:56,0.02229000,1.78000000
2018-02-25 16:08:56,0.02229900,0.10000000
2018-02-25 16:08:56,0.02230000,12.31000000
2018-02-25 16:08:56,0.02230000,4.80000000
2018-02-25 16:08:56,0.02228500,6.54000000
2018-02-25 16:08:56,0.02229000,0.17000000
2018-02-25 16:09:00,0.02230000,0.11000000
2018-02-25 16:09:01,0.02229000,0.20000000
2018-02-25 16:09:02,0.02230000,2.26000000
2018-02-25 16:09:02,0.02229000,0.20000000
2018-02-25 16:09:04,0.02229000,4.40000000
2018-02-25 16:09:05,0.02229000,0.42000000
2018-02-25 16:09:07,0.02229000,0.45000000
2018-02-25 16:09:07,0.02230000,3.02000000
2018-02-25 16:09:07,0.02231200,3.86000000
2018-02-25 16:09:07,0.02231300,3.12000000
2018-02-25 16:09:08,0.02229000,2.34000000
2018-02-25 16:09:09,0.02229000,1.34000000
2018-02-25 16:09:09,0.02229000,0.44000000
2018-02-25 16:09:11,0.02229000,0.67000000
2018-02-25 16:09:12,0.02229000,0.11000000
2018-02-25 16:09:12,0.02230000,1.91000000
2018-02-25 16:09:12,0.02231300,7.17000000
2018-02-25 16:09:12,0.02231700,1.01000000
2018-02-25 16:09:12,0.02232000,1.00000000
2018-02-25 16:09:12,0.02232700,0.26000000
2018-02-25 16:09:12,0.02233800,0.32000000
2018-02-25 16:09:12,0.02233900,2.32000000
2018-02-25 16:09:12,0.02234000,2.84000000
2018-02-25 16:09:14,0.02232100,0.44000000
2018-02-25 16:09:14,0.02229300,0.59000000
2018-02-25 16:09:17,0.02230000,0.06000000
2018-02-25 16:09:18,0.02232100,0.48000000
2018-02-25 16:09:20,0.02230000,12.06000000
2018-02-25 16:09:20,0.02230000,1.08000000
2018-02-25 16:09:21,0.02229800,0.39000000
2018-02-25 16:09:24,0.02230000,2.87000000
2018-02-25 16:09:26,0.02230000,0.01000000
2018-02-25 16:09:30,0.02232000,0.57000000
2018-02-25 16:09:31,0.02230000,0.05000000
2018-02-25 16:09:33,0.02232000,0.44000000
2018-02-25 16:09:34,0.02230000,1.66000000
2018-02-25 16:09:37,0.02230000,0.17000000
2018-02-25 16:09:39,0.02230000,0.08000000
2018-02-25 16:09:40,0.02231600,0.58000000
2018-02-25 16:09:40,0.02231700,1.59000000
2018-02-25 16:09:41,0.02230100,1.35000000
2018-02-25 16:09:41,0.02230000,0.66000000
2018-02-25 16:09:42,0.02230000,0.38000000
2018-02-25 16:09:44,0.02230000,8.19000000
2018-02-25 16:09:45,0.02230000,0.07000000
2018-02-25 16:09:45,0.02230000,0.79000000
2018-02-25 16:09:45,0.02230000,0.99000000
2018-02-25 16:09:46,0.02230000,3.13000000
2018-02-25 16:09:46,0.02230000,0.41000000
2018-02-25 16:09:47,0.02230000,0.22000000
2018-02-25 16:09:47,0.02230000,1.57000000
2018-02-25 16:09:51,0.02230000,0.44000000
2018-02-25 16:09:53,0.02231600,0.54000000
2018-02-25 16:09:57,0.02230200,0.08000000
2018-02-25 16:09:57,0.02231600,0.14000000
2018-02-25 16:09:58,0.02230300,0.18000000
2018-02-25 16:09:58,0.02230200,0.14000000
2018-02-25 16:09:58,0.02230100,0.22000000
2018-02-25 16:09:58,0.02230000,4.09000000
2018-02-25 16:10:00,0.02230000,0.05000000
2018-02-25 16:10:02,0.02231400,0.13000000
2018-02-25 16:10:02,0.02231600,0.74000000
2018-02-25 16:10:02,0.02232000,1.48000000
2018-02-25 16:10:02,0.02232100,0.06000000
2018-02-25 16:10:02,0.02233000,12.82000000
2018-02-25 16:10:02,0.02233900,0.10000000
2018-02-25 16:10:02,0.02234000,6.67000000
2018-02-25 16:10:03,0.02234000,0.03000000
2018-02-25 16:10:03,0.02231600,0.95000000
2018-02-25 16:10:08,0.02231600,1.22000000
2018-02-25 16:10:08,0.02230000,3.14000000
2018-02-25 16:10:09,0.02234000,0.01000000
2018-02-25 16:10:10,0.02231600,1.69000000
2018-02-25 16:10:12,0.02231600,1.34000000
2018-02-25 16:10:15,0.02230100,0.89000000
2018-02-25 16:10:15,0.02230100,0.88000000
2018-02-25 16:10:18,0.02231600,0.44000000
2018-02-25 16:10:20,0.02230200,0.23000000
2018-02-25 16:10:20,0.02230000,6.77000000
2018-02-25 16:10:22,0.02231600,0.53000000
2018-02-25 16:10:35,0.02231600,0.23000000
2018-02-25 16:10:35,0.02233800,3.36000000
2018-02-25 16:10:35,0.02233900,4.42000000
2018-02-25 16:10:35,0.02234000,2.57000000
2018-02-25 16:10:37,0.02231600,15.77000000
2018-02-25 16:10:38,0.02231600,9.83000000
2018-02-25 16:10:40,0.02234000,2.23000000
2018-02-25 16:10:40,0.02234000,0.95000000
2018-02-25 16:10:41,0.02234000,9.18000000
2018-02-25 16:10:42,0.02234000,10.35000000
2018-02-25 16:10:42,0.02234000,1.44000000
2018-02-25 16:10:43,0.02234000,22.26000000
2018-02-25 16:10:43,0.02234000,0.26000000
2018-02-25 16:10:43,0.02234000,2.26000000
2018-02-25 16:10:44,0.02234000,12.27000000
2018-02-25 16:10:46,0.02234000,1.93000000
2018-02-25 16:10:51,0.02234000,0.01000000
2018-02-25 16:10:51,0.02234200,0.66000000
2018-02-25 16:10:53,0.02234200,0.02000000
2018-02-25 16:10:54,0.02234200,0.70000000
2018-02-25 16:10:55,0.02234000,0.12000000
2018-02-25 16:10:55,0.02234200,1.56000000
2018-02-25 16:10:56,0.02234200,0.98000000
2018-02-25 16:10:56,0.02234200,0.39000000
2018-02-25 16:10:57,0.02234200,0.11000000
2018-02-25 16:10:58,0.02234200,2.55000000
2018-02-25 16:10:58,0.02234300,14.45000000
2018-02-25 16:10:59,0.02234300,9.91000000
2018-02-25 16:11:01,0.02234300,0.44000000
2018-02-25 16:11:03,0.02234300,11.88000000
2018-02-25 16:11:08,0.02234300,3.55000000
2018-02-25 16:11:08,0.02234300,2.66000000
2018-02-25 16:11:09,0.02234300,1.00000000
2018-02-25 16:11:09,0.02234300,8.32000000
2018-02-25 16:11:10,0.02234300,11.79000000
2018-02-25 16:11:11,0.02234300,0.44000000
2018-02-25 16:11:12,0.02234300,10.71000000
2018-02-25 16:11:12,0.02234300,1.54000000
2018-02-25 16:11:13,0.02234300,0.41000000
2018-02-25 16:11:16,0.02234300,20.93000000
2018-02-25 16:11:16,0.02234300,3.68000000
2018-02-25 16:11:17,0.02234300,9.45000000
2018-02-25 16:11:17,0.02234300,11.77000000
2018-02-25 16:11:18,0.02234300,15.37000000
2018-02-25 16:11:18,0.02234300,3.51000000
2018-02-25 16:11:18,0.02234200,0.20000000
2018-02-25 16:11:18,0.02234300,0.24000000
2018-02-25 16:11:19,0.02234300,2.37000000
2018-02-25 16:11:20,0.02234300,0.05000000
2018-02-25 16:11:20,0.02234300,20.01000000
2018-02-25 16:11:22,0.02234300,54.30000000
2018-02-25 16:11:25,0.02234300,22.57000000
2018-02-25 16:11:25,0.02234200,0.03000000
2018-02-25 16:11:25,0.02234300,0.08000000
2018-02-25 16:11:26,0.02234300,0.47000000
2018-02-25 16:11:29,0.02234300,1.51000000
2018-02-25 16:11:35,0.02234000,0.25000000
2018-02-25 16:11:36,0.02234200,0.23000000
2018-02-25 16:11:36,0.02234300,1.25000000
2018-02-25 16:11:39,0.02234000,11.97000000
2018-02-25 16:11:43,0.02234300,21.03000000
2018-02-25 16:11:44,0.02234200,0.40000000
2018-02-25 16:11:45,0.02234300,0.49000000
2018-02-25 16:11:45,0.02231700,0.87000000
2018-02-25 16:11:46,0.02234300,6.51000000
2018-02-25 16:11:47,0.02234300,13.08000000
2018-02-25 16:11:49,0.02234100,0.87000000
2018-02-25 16:11:49,0.02234300,3.17000000
2018-02-25 16:11:49,0.02234200,2.26000000
2018-02-25 16:11:50,0.02234300,0.44000000
2018-02-25 16:11:53,0.02234000,0.34000000
2018-02-25 16:11:53,0.02234300,2.06000000
2018-02-25 16:11:54,0.02234300,4.83000000
2018-02-25 16:11:54,0.02234000,0.46000000
2018-02-25 16:11:56,0.02234300,0.44000000
2018-02-25 16:11:56,0.02234300,2.01000000
2018-02-25 16:11:56,0.02234300,2.26000000
2018-02-25 16:12:00,0.02234000,1.27000000
2018-02-25 16:12:00,0.02234300,0.27000000
2018-02-25 16:12:01,0.02234300,22.37000000
2018-02-25 16:12:01,0.02234300,1.98000000
2018-02-25 16:12:03,0.02234300,2.23000000
2018-02-25 16:12:04,0.02234000,0.60000000
2018-02-25 16:12:07,0.02234300,18.79000000
2018-02-25 16:12:07,0.02234300,0.58000000
2018-02-25 16:12:07,0.02234000,11.39000000
2018-02-25 16:12:09,0.02234300,1.81000000
2018-02-25 16:12:09,0.02234300,10.52000000
2018-02-25 16:12:10,0.02234300,0.53000000
2018-02-25 16:12:13,0.02231900,4.32000000
2018-02-25 16:12:13,0.02231600,25.29000000
2018-02-25 16:12:13,0.02230200,2.72000000
2018-02-25 16:12:13,0.02230100,0.20000000
2018-02-25 16:12:13,0.02230000,6.24000000
2018-02-25 16:12:15,0.02234200,4.32000000
2018-02-25 16:12:15,0.02234300,1.94000000
2018-02-25 16:12:15,0.02234300,6.85000000
2018-02-25 16:12:16,0.02234300,8.35000000
2018-02-25 16:12:17,0.02230200,0.11000000
2018-02-25 16:12:18,0.02230200,0.41000000
2018-02-25 16:12:18,0.02230200,0.34000000
2018-02-25 16:12:18,0.02230300,0.23000000
2018-02-25 16:12:18,0.02230200,0.65000000
2018-02-25 16:12:19,0.02230200,0.93000000
2018-02-25 16:12:24,0.02230800,0.57000000
2018-02-25 16:12:33,0.02234300,0.44000000
2018-02-25 16:12:35,0.02230800,0.43000000
2018-02-25 16:12:35,0.02230800,0.48000000
2018-02-25 16:12:38,0.02234200,9.10000000
2018-02-25 16:12:38,0.02234300,34.90000000
2018-02-25 16:12:41,0.02230800,2.69000000
2018-02-25 16:12:43,0.02234200,0.25000000
2018-02-25 16:12:43,0.02234300,1.58000000
2018-02-25 16:12:44,0.02234300,2.10000000
2018-02-25 16:12:44,0.02234300,0.13000000
2018-02-25 16:12:45,0.02230900,0.40000000
2018-02-25 16:12:46,0.02234200,0.44000000
2018-02-25 16:12:49,0.02230900,0.34000000
2018-02-25 16:12:51,0.02230900,0.01000000
2018-02-25 16:12:51,0.02233900,3.13000000
2018-02-25 16:12:52,0.02233900,0.85000000
2018-02-25 16:12:53,0.02230900,1.51000000
2018-02-25 16:12:53,0.02230800,0.28000000
2018-02-25 16:12:53,0.02230000,3.08000000
2018-02-25 16:12:53,0.02229800,1.02000000
2018-02-25 16:12:53,0.02229300,0.06000000
2018-02-25 16:12:53,0.02229000,0.05000000
2018-02-25 16:13:03,0.02229100,0.07000000
2018-02-25 16:13:06,0.02232400,0.25000000
2018-02-25 16:13:08,0.02229100,0.30000000
2018-02-25 16:13:08,0.02229000,1.94000000
2018-02-25 16:13:08,0.02229100,1.06000000
2018-02-25 16:13:08,0.02229100,1.05000000
2018-02-25 16:13:08,0.02229100,4.44000000
2018-02-25 16:13:09,0.02229200,3.51000000
2018-02-25 16:13:12,0.02229200,0.04000000
2018-02-25 16:13:13,0.02233700,0.59000000
2018-02-25 16:13:13,0.02233800,0.11000000
2018-02-25 16:13:13,0.02234000,0.63000000
2018-02-25 16:13:15,0.02229500,0.02000000
2018-02-25 16:13:17,0.02229500,4.04000000
2018-02-25 16:13:17,0.02229300,2.40000000
2018-02-25 16:13:18,0.02229400,0.05000000
2018-02-25 16:13:21,0.02232500,3.58000000
2018-02-25 16:13:22,0.02230800,2.49000000
2018-02-25 16:13:22,0.02229800,0.38000000
2018-02-25 16:13:23,0.02229800,1.18000000
2018-02-25 16:13:27,0.02229800,1.58000000
2018-02-25 16:13:27,0.02229900,2.40000000
2018-02-25 16:13:27,0.02230000,0.52000000
2018-02-25 16:13:27,0.02230000,0.73000000
2018-02-25 16:13:31,0.02230000,0.04000000
2018-02-25 16:13:35,0.02233800,0.63000000
2018-02-25 16:13:35,0.02233900,2.69000000
2018-02-25 16:13:35,0.02234000,10.15000000
2018-02-25 16:13:37,0.02234000,1.33000000
2018-02-25 16:13:39,0.02230700,2.81000000
2018-02-25 16:13:39,0.02230700,0.48000000
2018-02-25 16:13:40,0.02234000,0.44000000
2018-02-25 16:13:40,0.02230700,2.35000000
2018-02-25 16:13:40,0.02230700,1.01000000
2018-02-25 16:13:43,0.02234000,0.42000000
2018-02-25 16:13:45,0.02234000,0.44000000
2018-02-25 16:13:46,0.02234000,1.79000000
2018-02-25 16:13:47,0.02230700,0.03000000
2018-02-25 16:13:47,0.02230500,0.45000000
2018-02-25 16:13:48,0.02230500,1.81000000
2018-02-25 16:13:49,0.02230600,3.43000000
2018-02-25 16:13:49,0.02230600,0.87000000
2018-02-25 16:13:50,0.02230500,3.43000000
2018-02-25 16:13:50,0.02230200,2.61000000
2018-02-25 16:13:50,0.02230200,0.10000000
2018-02-25 16:13:52,0.02230200,0.08000000
2018-02-25 16:13:54,0.02230200,3.97000000
2018-02-25 16:13:57,0.02231100,3.13000000
2018-02-25 16:13:58,0.02230200,0.50000000
2018-02-25 16:13:59,0.02230800,3.55000000
2018-02-25 16:13:59,0.02231000,1.45000000
2018-02-25 16:14:00,0.02231000,0.44000000
2018-02-25 16:14:01,0.02230200,5.64000000
2018-02-25 16:14:01,0.02230000,0.51000000
2018-02-25 16:14:02,0.02230200,1.82000000
2018-02-25 16:14:02,0.02230000,3.82000000
2018-02-25 16:14:02,0.02230000,13.04000000
2018-02-25 16:14:03,0.02231000,1.34000000
2018-02-25 16:14:05,0.02230200,1.98000000
2018-02-25 16:14:07,0.02230200,0.69000000
2018-02-25 16:14:07,0.02231000,1.55000000
2018-02-25 16:14:07,0.02231300,1.80000000
2018-02-25 16:14:09,0.02231000,1.11000000
2018-02-25 16:14:15,0.02231000,0.48000000
2018-02-25 16:14:18,0.02230200,0.90000000
2018-02-25 16:14:19,0.02231000,0.14000000
2018-02-25 16:14:21,0.02230900,0.44000000
2018-02-25 16:14:21,0.02230200,0.95000000
2018-02-25 16:14:25,0.02230900,0.44000000
2018-02-25 16:14:26,0.02230200,14.89000000
2018-02-25 16:14:26,0.02230000,0.55000000
2018-02-25 16:14:31,0.02230100,0.22000000
2018-02-25 16:14:33,0.02230100,0.08000000
2018-02-25 16:14:33,0.02230200,0.27000000
2018-02-25 16:14:34,0.02230000,0.91000000
2018-02-25 16:14:34,0.02230000,17.39000000
2018-02-25 16:14:36,0.02230000,14.29000000
2018-02-25 16:14:38,0.02230000,3.74000000
2018-02-25 16:14:40,0.02230000,1.95000000
2018-02-25 16:14:41,0.02230000,5.02000000
2018-02-25 16:14:41,0.02229900,0.64000000
2018-02-25 16:14:41,0.02229700,1.07000000
2018-02-25 16:14:41,0.02229500,6.14000000
2018-02-25 16:14:41,0.02229200,2.80000000
2018-02-25 16:14:41,0.02229000,1.78000000
2018-02-25 16:14:41,0.02228500,2.01000000
2018-02-25 16:14:41,0.02227000,0.06000000
2018-02-25 16:14:41,0.02226900,0.10000000
2018-02-25 16:14:41,0.02226500,0.11000000
2018-02-25 16:14:41,0.02226200,0.27000000
2018-02-25 16:14:41,0.02226100,0.10000000
2018-02-25 16:14:41,0.02226000,0.49000000
2018-02-25 16:14:41,0.02225600,1.67000000
2018-02-25 16:14:41,0.02224800,16.00000000
2018-02-25 16:14:41,0.02224700,2.81000000
2018-02-25 16:14:41,0.02224500,3.75000000
2018-02-25 16:14:41,0.02224400,0.08000000
2018-02-25 16:14:41,0.02224200,1.99000000
2018-02-25 16:14:41,0.02224000,0.10000000
2018-02-25 16:14:41,0.02223400,0.11000000
2018-02-25 16:14:41,0.02222900,0.90000000
2018-02-25 16:14:41,0.02222200,0.10000000
2018-02-25 16:14:41,0.02222100,3.64000000
2018-02-25 16:14:41,0.02222000,24.57000000
2018-02-25 16:14:41,0.02221400,0.13000000
2018-02-25 16:14:41,0.02221000,0.15000000
2018-02-25 16:14:41,0.02220900,14.90000000
2018-02-25 16:14:41,0.02220800,43.68000000
2018-02-25 16:14:41,0.02220500,0.60000000
2018-02-25 16:14:41,0.02220400,3.32000000
2018-02-25 16:14:41,0.02220000,5.91000000
2018-02-25 16:14:41,0.02219400,22.59000000
2018-02-25 16:14:41,0.02219100,6.80000000
2018-02-25 16:14:41,0.02219000,23.92000000
2018-02-25 16:14:41,0.02219000,0.50000000
2018-02-25 16:14:41,0.02219000,0.28000000
2018-02-25 16:14:41,0.02220000,0.98000000
2018-02-25 16:14:41,0.02220000,30.00000000
2018-02-25 16:14:41,0.02221000,0.22000000
2018-02-25 16:14:41,0.02221600,16.59000000
2018-02-25 16:14:41,0.02221600,1.34000000
2018-02-25 16:14:41,0.02221600,1.58000000
2018-02-25 16:14:41,0.02225000,1.00000000
2018-02-25 16:14:42,0.02229600,1.29000000
2018-02-25 16:14:42,0.02229600,2.90000000
2018-02-25 16:14:42,0.02229600,0.44000000
2018-02-25 16:14:42,0.02229600,2.92000000
2018-02-25 16:14:42,0.02229600,3.90000000
2018-02-25 16:14:42,0.02225700,0.50000000
2018-02-25 16:14:43,0.02225700,1.50000000
2018-02-25 16:14:43,0.02226000,0.23000000
2018-02-25 16:14:44,0.02226200,0.05000000
2018-02-25 16:14:44,0.02226200,2.28000000
2018-02-25 16:14:46,0.02229400,1.09000000
2018-02-25 16:14:47,0.02226300,1.09000000
2018-02-25 16:14:47,0.02226000,1.94000000
2018-02-25 16:14:47,0.02225000,1.00000000
2018-02-25 16:14:47,0.02221800,0.11000000
2018-02-25 16:14:47,0.02221600,0.62000000
2018-02-25 16:14:48,0.02228800,1.34000000
2018-02-25 16:14:49,0.02228200,0.11000000
2018-02-25 16:14:49,0.02228200,0.88000000
2018-02-25 16:14:49,0.02228400,1.00000000
2018-02-25 16:14:49,0.02228600,6.20000000
2018-02-25 16:14:49,0.02228600,14.11000000
2018-02-25 16:14:50,0.02228400,0.35000000
2018-02-25 16:14:50,0.02223300,1.00000000
2018-02-25 16:14:50,0.02223200,6.74000000
2018-02-25 16:14:50,0.02223100,4.32000000
2018-02-25 16:14:50,0.02223000,4.57000000
2018-02-25 16:14:50,0.02223300,0.52000000
2018-02-25 16:14:51,0.02223400,0.23000000
2018-02-25 16:14:51,0.02223400,3.44000000
2018-02-25 16:14:52,0.02223400,6.74000000
2018-02-25 16:14:52,0.02228200,0.44000000
2018-02-25 16:14:52,0.02228200,1.12000000
2018-02-25 16:14:52,0.02223400,0.22000000
2018-02-25 16:14:52,0.02228200,0.14000000
2018-02-25 16:14:52,0.02223400,0.27000000
2018-02-25 16:14:53,0.02228200,0.99000000
2018-02-25 16:14:53,0.02223500,0.22000000
2018-02-25 16:14:53,0.02223400,5.28000000
2018-02-25 16:14:53,0.02228200,4.05000000
2018-02-25 16:14:56,0.02229300,3.44000000
2018-02-25 16:14:56,0.02229400,1.79000000
2018-02-25 16:14:57,0.02224600,0.53000000
2018-02-25 16:14:58,0.02224900,0.99000000
2018-02-25 16:15:00,0.02229400,1.23000000
2018-02-25 16:15:00,0.02229400,2.57000000
2018-02-25 16:15:01,0.02229400,1.22000000
2018-02-25 16:15:01,0.02229500,0.11000000
2018-02-25 16:15:01,0.02229600,4.37000000
2018-02-25 16:15:01,0.02229400,5.63000000
2018-02-25 16:15:01,0.02229400,54.30000000
2018-02-25 16:15:02,0.02229400,2.61000000
2018-02-25 16:15:03,0.02229400,8.41000000
2018-02-25 16:15:04,0.02229600,0.89000000
2018-02-25 16:15:05,0.02229400,1.26000000
2018-02-25 16:15:08,0.02229400,0.13000000
2018-02-25 16:15:08,0.02229400,0.09000000
2018-02-25 16:15:08,0.02229600,0.63000000
2018-02-25 16:15:11,0.02229800,0.05000000
2018-02-25 16:15:12,0.02229800,0.21000000
2018-02-25 16:15:12,0.02230000,5.66000000
2018-02-25 16:15:12,0.02229900,0.07000000
2018-02-25 16:15:14,0.02229900,0.05000000
2018-02-25 16:15:14,0.02229900,0.05000000
2018-02-25 16:15:15,0.02229900,0.64000000
2018-02-25 16:15:15,0.02229900,1.12000000
2018-02-25 16:15:15,0.02229900,1.02000000
2018-02-25 16:15:16,0.02229400,3.14000000
2018-02-25 16:15:16,0.02229400,3.15000000
2018-02-25 16:15:16,0.02229400,5.31000000
2018-02-25 16:15:16,0.02229400,3.96000000
2018-02-25 16:15:17,0.02229500,2.85000000
2018-02-25 16:15:17,0.02230000,3.83000000
2018-02-25 16:15:18,0.02230200,0.40000000
2018-02-25 16:15:18,0.02229500,0.01000000
2018-02-25 16:15:18,0.02229400,0.47000000
2018-02-25 16:15:19,0.02229400,1.07000000
2018-02-25 16:15:20,0.02230900,1.16000000
2018-02-25 16:15:23,0.02229600,0.80000000
2018-02-25 16:15:24,0.02230900,3.64000000
2018-02-25 16:15:27,0.02230900,0.25000000
2018-02-25 16:15:28,0.02230900,7.17000000
2018-02-25 16:15:29,0.02230900,7.66000000
2018-02-25 16:15:29,0.02230900,0.14000000
2018-02-25 16:15:30,0.02230900,0.55000000
2018-02-25 16:15:32,0.02230000,0.08000000
2018-02-25 16:15:33,0.02230100,0.36000000
2018-02-25 16:15:34,0.02230100,3.23000000
2018-02-25 16:15:35,0.02230000,9.86000000
2018-02-25 16:15:39,0.02230000,0.11000000
2018-02-25 16:15:39,0.02230000,0.71000000
2018-02-25 16:15:39,0.02230000,0.17000000
2018-02-25 16:15:40,0.02230000,1.19000000
2018-02-25 16:15:40,0.02230000,1.41000000
2018-02-25 16:15:40,0.02230000,1.34000000
2018-02-25 16:15:40,0.02230000,1.34000000
2018-02-25 16:15:40,0.02229900,1.34000000
2018-02-25 16:15:41,0.02230000,3.21000000
2018-02-25 16:15:41,0.02230900,0.74000000
2018-02-25 16:15:41,0.02231000,0.08000000
2018-02-25 16:15:42,0.02230000,0.05000000
2018-02-25 16:15:42,0.02230000,0.05000000
2018-02-25 16:15:43,0.02230000,0.80000000
2018-02-25 16:15:43,0.02230000,0.31000000
2018-02-25 16:15:43,0.02231000,0.13000000
2018-02-25 16:15:43,0.02231000,0.17000000
2018-02-25 16:15:45,0.02230100,0.10000000
2018-02-25 16:15:45,0.02229900,0.38000000
2018-02-25 16:15:46,0.02231000,2.27000000
2018-02-25 16:15:47,0.02231000,1.79000000
2018-02-25 16:15:50,0.02231000,1.80000000
2018-02-25 16:15:50,0.02230900,0.11000000
2018-02-25 16:15:58,0.02230900,1.12000000
2018-02-25 16:15:59,0.02231400,0.05000000
2018-02-25 16:15:59,0.02231500,0.39000000
2018-02-25 16:16:01,0.02231500,0.48000000
2018-02-25 16:16:02,0.02231500,0.20000000
2018-02-25 16:16:02,0.02231900,0.58000000
2018-02-25 16:16:03,0.02231500,0.68000000
2018-02-25 16:16:03,0.02229900,0.23000000
2018-02-25 16:16:05,0.02231900,2.68000000
2018-02-25 16:16:09,0.02231900,0.30000000
2018-02-25 16:16:11,0.02231900,0.89000000
2018-02-25 16:16:14,0.02231900,1.12000000
2018-02-25 16:16:15,0.02231900,0.83000000
2018-02-25 16:16:16,0.02231900,3.21000000
2018-02-25 16:16:17,0.02231900,0.89000000
2018-02-25 16:16:20,0.02231400,0.11000000
2018-02-25 16:16:21,0.02231400,0.89000000
2018-02-25 16:16:24,0.02231900,0.05000000
2018-02-25 16:16:24,0.02231900,0.80000000
2018-02-25 16:16:24,0.02232000,0.28000000
2018-02-25 16:16:24,0.02232000,0.05000000
2018-02-25 16:16:25,0.02232000,0.05000000
2018-02-25 16:16:25,0.02232000,12.07000000
2018-02-25 16:16:26,0.02232000,4.08000000
2018-02-25 16:16:28,0.02232000,1.08000000
2018-02-25 16:16:29,0.02232000,3.58000000
2018-02-25 16:16:30,0.02232000,3.35000000
2018-02-25 16:16:32,0.02233000,0.11000000
2018-02-25 16:16:33,0.02233000,1.66000000
2018-02-25 16:16:33,0.02233700,0.24000000
2018-02-25 16:16:35,0.02233900,2.08000000
2018-02-25 16:16:35,0.02234000,0.15000000
2018-02-25 16:16:35,0.02234000,0.21000000
2018-02-25 16:16:39,0.02232100,1.34000000
2018-02-25 16:16:39,0.02232100,3.14000000
2018-02-25 16:16:39,0.02231900,0.03000000
2018-02-25 16:16:40,0.02234000,0.83000000
2018-02-25 16:16:47,0.02232000,1.79000000
2018-02-25 16:16:47,0.02231900,0.78000000
2018-02-25 16:16:47,0.02230200,0.24000000
2018-02-25 16:16:47,0.02230000,0.65000000
2018-02-25 16:16:47,0.02229900,0.28000000
2018-02-25 16:16:48,0.02232000,0.88000000
2018-02-25 16:16:50,0.02232000,0.08000000
2018-02-25 16:16:53,0.02232000,0.44000000
2018-02-25 16:16:53,0.02232000,0.81000000
2018-02-25 16:16:54,0.02233900,2.04000000
2018-02-25 16:17:02,0.02232500,0.17000000
2018-02-25 16:17:09,0.02232500,0.01000000
2018-02-25 16:17:09,0.02232000,1.75000000
2018-02-25 16:17:09,0.02231900,4.30000000
2018-02-25 16:17:11,0.02233900,0.82000000
2018-02-25 16:17:19,0.02233900,1.43000000
2018-02-25 16:17:19,0.02233900,0.25000000
2018-02-25 16:17:29,0.02234000,6.08000000
2018-02-25 16:17:29,0.02234000,0.44000000
2018-02-25 16:17:36,0.02233900,2.71000000
2018-02-25 16:17:39,0.02233900,0.52000000
2018-02-25 16:17:42,0.02234000,2.16000000
2018-02-25 16:17:45,0.02234000,0.16000000
2018-02-25 16:17:46,0.02234000,0.06000000
2018-02-25 16:17:46,0.02234000,1.51000000
2018-02-25 16:17:49,0.02234200,0.46000000
2018-02-25 16:17:49,0.02234200,0.03000000
2018-02-25 16:17:49,0.02234000,1.49000000
2018-02-25 16:17:54,0.02233900,0.04000000
2018-02-25 16:17:55,0.02233900,0.05000000
2018-02-25 16:17:56,0.02234000,3.31000000
2018-02-25 16:17:57,0.02234000,0.48000000
2018-02-25 16:17:58,0.02234200,0.47000000
2018-02-25 16:17:58,0.02234300,0.01000000
2018-02-25 16:18:01,0.02234000,0.82000000
2018-02-25 16:18:01,0.02234300,3.20000000
2018-02-25 16:18:04,0.02234300,2.21000000
2018-02-25 16:18:05,0.02234300,1.12000000
2018-02-25 16:18:06,0.02234200,0.96000000
2018-02-25 16:18:08,0.02234000,0.16000000
2018-02-25 16:18:08,0.02234000,0.62000000
2018-02-25 16:18:09,0.02234200,2.84000000
2018-02-25 16:18:09,0.02234300,0.16000000
2018-02-25 16:18:12,0.02234200,1.26000000
2018-02-25 16:18:14,0.02234100,0.44000000
2018-02-25 16:18:15,0.02234100,0.17000000
2018-02-25 16:18:15,0.02234100,3.91000000
2018-02-25 16:18:16,0.02234200,0.23000000
2018-02-25 16:18:21,0.02234200,0.05000000
2018-02-25 16:18:21,0.02234200,5.46000000
2018-02-25 16:18:22,0.02234200,0.07000000
2018-02-25 16:18:22,0.02234300,8.98000000
2018-02-25 16:18:23,0.02234200,7.12000000
2018-02-25 16:18:25,0.02234300,1.03000000
2018-02-25 16:18:27,0.02234200,0.01000000
2018-02-25 16:18:28,0.02234100,0.67000000
2018-02-25 16:18:29,0.02234200,2.00000000
2018-02-25 16:18:29,0.02234100,2.20000000
2018-02-25 16:18:31,0.02234000,0.34000000
2018-02-25 16:18:33,0.02234200,7.60000000
2018-02-25 16:18:33,0.02234200,0.44000000
2018-02-25 16:18:36,0.02234100,0.07000000
2018-02-25 16:18:39,0.02234200,4.02000000
2018-02-25 16:18:39,0.02234000,2.11000000
2018-02-25 16:18:41,0.02234000,4.32000000
2018-02-25 16:18:43,0.02234200,3.68000000
2018-02-25 16:18:43,0.02234300,8.23000000
2018-02-25 16:18:43,0.02234300,3.68000000
2018-02-25 16:18:43,0.02234300,1.33000000
2018-02-25 16:18:43,0.02234000,1.33000000
2018-02-25 16:18:45,0.02234300,4.02000000
2018-02-25 16:18:49,0.02234300,0.86000000
2018-02-25 16:18:49,0.02234200,0.40000000
2018-02-25 16:18:49,0.02234300,1.96000000
2018-02-25 16:18:49,0.02234300,0.44000000
2018-02-25 16:18:51,0.02234300,0.44000000
2018-02-25 16:18:51,0.02234300,0.49000000
2018-02-25 16:18:51,0.02234400,1.07000000
2018-02-25 16:18:52,0.02234400,0.11000000
2018-02-25 16:18:52,0.02234500,0.05000000
2018-02-25 16:18:53,0.02234500,1.64000000
2018-02-25 16:18:54,0.02234400,2.80000000
2018-02-25 16:18:56,0.02234400,0.88000000
2018-02-25 16:18:56,0.02234500,2.09000000
2018-02-25 16:18:59,0.02234600,1.29000000
2018-02-25 16:19:00,0.02234600,0.09000000
2018-02-25 16:19:00,0.02234600,2.03000000
2018-02-25 16:19:03,0.02234600,0.14000000
2018-02-25 16:19:05,0.02234700,0.80000000
2018-02-25 16:19:09,0.02234800,0.08000000
2018-02-25 16:19:10,0.02234700,1.00000000
2018-02-25 16:19:10,0.02234700,0.40000000
2018-02-25 16:19:11,0.02234800,3.13000000
2018-02-25 16:19:12,0.02234700,1.02000000
2018-02-25 16:19:12,0.02234800,3.13000000
2018-02-25 16:19:13,0.02234900,0.24000000
2018-02-25 16:19:15,0.02234800,1.00000000
2018-02-25 16:19:16,0.02234800,0.10000000
2018-02-25 16:19:17,0.02234800,2.25000000
2018-02-25 16:19:19,0.02234900,1.86000000
2018-02-25 16:19:20,0.02235000,2.25000000
2018-02-25 16:19:20,0.02234900,0.12000000
2018-02-25 16:19:20,0.02235000,6.51000000
2018-02-25 16:19:20,0.02235000,2.71000000
2018-02-25 16:19:20,0.02234900,1.00000000
2018-02-25 16:19:21,0.02235000,3.19000000
2018-02-25 16:19:24,0.02235000,5.03000000
2018-02-25 16:19:25,0.02234900,0.88000000
2018-02-25 16:19:26,0.02235000,0.44000000
2018-02-25 16:19:26,0.02235000,25.05000000
2018-02-25 16:19:27,0.02235000,5.57000000
2018-02-25 16:19:28,0.02234900,0.80000000
2018-02-25 16:19:28,0.02235000,5.23000000
2018-02-25 16:19:29,0.02235000,31.52000000
2018-02-25 16:19:30,0.02235000,20.03000000
2018-02-25 16:19:31,0.02235000,3.65000000
2018-02-25 16:19:32,0.02235000,5.15000000
2018-02-25 16:19:33,0.02235000,0.68000000
2018-02-25 16:19:39,0.02235000,0.60000000
2018-02-25 16:19:40,0.02234900,5.20000000
2018-02-25 16:19:41,0.02234900,0.01000000
2018-02-25 16:19:41,0.02234800,0.12000000
2018-02-25 16:19:42,0.02234800,8.81000000
2018-02-25 16:19:42,0.02234700,0.04000000
2018-02-25 16:19:43,0.02234700,1.14000000
2018-02-25 16:19:45,0.02234700,0.01000000
2018-02-25 16:19:45,0.02234400,0.23000000
2018-02-25 16:19:45,0.02234000,1.61000000
2018-02-25 16:19:50,0.02234900,0.49000000
2018-02-25 16:19:51,0.02234900,0.44000000
2018-02-25 16:19:52,0.02234900,4.86000000
2018-02-25 16:19:56,0.02235000,0.92000000
2018-02-25 16:19:57,0.02235000,0.44000000
2018-02-25 16:19:58,0.02234800,2.00000000
2018-02-25 16:19:59,0.02234800,0.24000000
2018-02-25 16:19:59,0.02234800,0.50000000
2018-02-25 16:19:59,0.02234800,5.08000000
2018-02-25 16:20:00,0.02234800,0.06000000
2018-02-25 16:20:02,0.02234800,0.22000000
2018-02-25 16:20:02,0.02234800,0.07000000
2018-02-25 16:20:02,0.02234900,0.22000000
2018-02-25 16:20:02,0.02234900,0.29000000
2018-02-25 16:20:02,0.02234900,0.19000000
2018-02-25 16:20:03,0.02234700,0.13000000
2018-02-25 16:20:03,0.02234900,0.17000000
2018-02-25 16:20:04,0.02234900,0.41000000
2018-02-25 16:20:04,0.02234900,0.41000000
2018-02-25 16:20:04,0.02234900,0.48000000
2018-02-25 16:20:04,0.02234900,3.13000000
2018-02-25 16:20:05,0.02234800,0.08000000
2018-02-25 16:20:05,0.02234900,0.61000000
2018-02-25 16:20:05,0.02234900,0.61000000
2018-02-25 16:20:05,0.02234900,0.16000000
2018-02-25 16:20:07,0.02234900,2.30000000
2018-02-25 16:20:07,0.02235000,0.41000000
2018-02-25 16:20:09,0.02235000,0.51000000
2018-02-25 16:20:12,0.02235000,1.01000000
2018-02-25 16:20:14,0.02234900,0.42000000
2018-02-25 16:20:14,0.02234900,0.01000000
2018-02-25 16:20:14,0.02235000,0.41000000
2018-02-25 16:20:15,0.02235000,1.34000000
2018-02-25 16:20:15,0.02235000,3.27000000
2018-02-25 16:20:15,0.02235000,0.10000000
2018-02-25 16:20:19,0.02235000,22.37000000
2018-02-25 16:20:19,0.02235000,27.62000000
2018-02-25 16:20:20,0.02235000,20.00000000
2018-02-25 16:20:20,0.02234900,6.70000000
2018-02-25 16:20:20,0.02234800,0.65000000
2018-02-25 16:20:20,0.02235000,20.27000000
2018-02-25 16:20:21,0.02235000,12.20000000
2018-02-25 16:20:21,0.02235000,0.13000000
2018-02-25 16:20:22,0.02235000,12.99000000
2018-02-25 16:20:22,0.02235000,0.40000000
2018-02-25 16:20:25,0.02235000,6.26000000
2018-02-25 16:20:27,0.02235000,5.24000000
2018-02-25 16:20:27,0.02235000,3.00000000
2018-02-25 16:20:28,0.02235000,0.53000000
2018-02-25 16:20:28,0.02235000,1.98000000
2018-02-25 16:20:32,0.02235000,0.09000000
2018-02-25 16:20:33,0.02235000,0.14000000
2018-02-25 16:20:34,0.02235000,0.13000000
2018-02-25 16:20:34,0.02235000,0.06000000
2018-02-25 16:20:36,0.02235000,2.81000000
2018-02-25 16:20:36,0.02234900,0.50000000
2018-02-25 16:20:37,0.02234900,0.43000000
2018-02-25 16:20:37,0.02234800,0.57000000
2018-02-25 16:20:39,0.02235000,7.72000000
2018-02-25 16:20:40,0.02234900,0.49000000
2018-02-25 16:20:41,0.02235000,10.11000000
2018-02-25 16:20:42,0.02235000,0.01000000
2018-02-25 16:20:42,0.02235000,0.21000000
2018-02-25 16:20:42,0.02234900,0.40000000
2018-02-25 16:20:42,0.02234800,2.20000000
2018-02-25 16:20:42,0.02235300,0.52000000
2018-02-25 16:20:43,0.02235500,0.27000000
2018-02-25 16:20:46,0.02235700,0.09000000
2018-02-25 16:20:46,0.02236000,0.91000000
2018-02-25 16:20:46,0.02236000,0.44000000
2018-02-25 16:20:49,0.02234800,0.07000000
2018-02-25 16:20:49,0.02234900,0.10000000
2018-02-25 16:20:50,0.02234800,0.02000000
2018-02-25 16:20:50,0.02234500,1.65000000
2018-02-25 16:20:50,0.02234300,5.96000000
2018-02-25 16:20:50,0.02234300,4.16000000
2018-02-25 16:20:51,0.02234300,5.20000000
2018-02-25 16:20:52,0.02234300,0.01000000
2018-02-25 16:20:52,0.02236000,0.43000000
2018-02-25 16:20:52,0.02236000,0.05000000
2018-02-25 16:20:53,0.02236000,1.55000000
2018-02-25 16:20:54,0.02236000,1.59000000
2018-02-25 16:20:54,0.02236100,1.00000000
2018-02-25 16:20:54,0.02236200,1.00000000
2018-02-25 16:20:54,0.02236300,6.02000000
2018-02-25 16:20:54,0.02236400,0.23000000
2018-02-25 16:20:54,0.02236500,1.16000000
2018-02-25 16:20:54,0.02236700,3.31000000
2018-02-25 16:20:54,0.02236800,20.81000000
2018-02-25 16:20:54,0.02237000,0.33000000
2018-02-25 16:20:56,0.02236000,1.10000000
2018-02-25 16:20:59,0.02237000,2.39000000
2018-02-25 16:20:59,0.02237100,0.65000000
2018-02-25 16:20:59,0.02237100,0.10000000
2018-02-25 16:21:00,0.02237100,0.17000000
2018-02-25 16:21:00,0.02237100,1.47000000
2018-02-25 16:21:00,0.02237000,2.37000000
2018-02-25 16:21:00,0.02236200,0.17000000
2018-02-25 16:21:04,0.02237500,1.27000000
2018-02-25 16:21:04,0.02237700,0.27000000
2018-02-25 16:21:04,0.02238000,0.43000000
2018-02-25 16:21:04,0.02238000,0.64000000
2018-02-25 16:21:04,0.02238000,0.44000000
2018-02-25 16:21:04,0.02238000,0.47000000
2018-02-25 16:21:05,0.02238000,0.44000000
2018-02-25 16:21:07,0.02237000,0.22000000
2018-02-25 16:21:08,0.02238000,1.48000000
2018-02-25 16:21:08,0.02238100,2.23000000
2018-02-25 16:21:08,0.02238200,0.29000000
2018-02-25 16:21:10,0.02238200,0.88000000
2018-02-25 16:21:11,0.02238300,0.10000000
2018-02-25 16:21:11,0.02236600,3.41000000
2018-02-25 16:21:14,0.02236600,0.05000000
2018-02-25 16:21:17,0.02237000,0.94000000
2018-02-25 16:21:17,0.02236600,5.26000000
2018-02-25 16:21:18,0.02238300,0.28000000
2018-02-25 16:21:20,0.02238500,0.15000000
2018-02-25 16:21:20,0.02238700,0.07000000
2018-02-25 16:21:20,0.02238200,2.43000000
2018-02-25 16:21:21,0.02236600,22.76000000
2018-02-25 16:21:21,0.02236500,0.45000000
2018-02-25 16:21:24,0.02236500,0.11000000
2018-02-25 16:21:26,0.02238200,1.26000000
2018-02-25 16:21:27,0.02238200,0.20000000
2018-02-25 16:21:29,0.02236600,5.00000000
2018-02-25 16:21:29,0.02236700,0.01000000
2018-02-25 16:21:30,0.02238200,4.04000000
2018-02-25 16:21:31,0.02238200,1.90000000
2018-02-25 16:21:32,0.02238200,1.95000000
2018-02-25 16:21:32,0.02236700,0.40000000
2018-02-25 16:21:34,0.02238200,0.01000000
2018-02-25 16:21:34,0.02238200,0.64000000
2018-02-25 16:21:36,0.02238200,9.35000000
2018-02-25 16:21:36,0.02236700,1.19000000
2018-02-25 16:21:36,0.02236500,1.24000000
2018-02-25 16:21:36,0.02238700,0.74000000
2018-02-25 16:21:38,0.02238700,0.46000000
2018-02-25 16:21:39,0.02238700,2.05000000
2018-02-25 16:21:40,0.02238700,0.79000000
2018-02-25 16:21:41,0.02236800,16.83000000
2018-02-25 16:21:41,0.02236500,0.59000000
2018-02-25 16:21:45,0.02238700,2.61000000
2018-02-25 16:21:45,0.02236800,3.99000000
2018-02-25 16:21:50,0.02237000,0.37000000
2018-02-25 16:21:51,0.02238700,1.41000000
2018-02-25 16:21:56,0.02236800,0.22000000
2018-02-25 16:21:57,0.02236500,0.47000000
2018-02-25 16:22:00,0.02236900,0.89000000
2018-02-25 16:22:00,0.02236800,24.11000000
2018-02-25 16:22:01,0.02238600,0.25000000
2018-02-25 16:22:01,0.02238600,0.06000000
2018-02-25 16:22:01,0.02238600,0.09000000
2018-02-25 16:22:01,0.02238700,13.71000000
2018-02-25 16:22:04,0.02238700,0.17000000
2018-02-25 16:22:04,0.02238600,0.13000000
2018-02-25 16:22:05,0.02236800,20.14000000
2018-02-25 16:22:05,0.02238700,20.91000000
2018-02-25 16:22:08,0.02236800,3.47000000
2018-02-25 16:22:08,0.02236800,0.27000000
2018-02-25 16:22:09,0.02236800,0.17000000
2018-02-25 16:22:09,0.02236800,0.05000000
2018-02-25 16:22:10,0.02236800,1.04000000
2018-02-25 16:22:11,0.02238700,0.20000000
2018-02-25 16:22:13,0.02236800,4.51000000
2018-02-25 16:22:15,0.02238600,0.17000000
2018-02-25 16:22:16,0.02238700,3.68000000
2018-02-25 16:22:17,0.02236800,1.42000000
2018-02-25 16:22:17,0.02236800,4.55000000
2018-02-25 16:22:17,0.02236500,1.42000000
2018-02-25 16:22:20,0.02238700,10.00000000
2018-02-25 16:22:21,0.02238600,5.76000000
2018-02-25 16:22:21,0.02238700,2.54000000
2018-02-25 16:22:22,0.02238700,150.00000000
2018-02-25 16:22:26,0.02238700,0.10000000
2018-02-25 16:22:28,0.02238700,1.73000000
2018-02-25 16:22:29,0.02238700,0.44000000
2018-02-25 16:22:29,0.02238700,0.44000000
2018-02-25 16:22:31,0.02238700,0.11000000
2018-02-25 16:22:33,0.02238600,8.70000000
2018-02-25 16:22:33,0.02236600,0.25000000
2018-02-25 16:22:33,0.02238700,0.47000000
2018-02-25 16:22:33,0.02238700,2.57000000
2018-02-25 16:22:35,0.02238700,4.29000000
2018-02-25 16:22:35,0.02238700,0.81000000
2018-02-25 16:22:36,0.02238700,7.76000000
2018-02-25 16:22:38,0.02236500,1.68000000
2018-02-25 16:22:38,0.02238700,0.96000000
2018-02-25 16:22:38,0.02236500,0.14000000
2018-02-25 16:22:38,0.02238700,0.44000000
2018-02-25 16:22:42,0.02236500,0.47000000
2018-02-25 16:22:43,0.02238700,1.68000000
2018-02-25 16:22:44,0.02238700,5.79000000
2018-02-25 16:22:44,0.02236700,1.33000000
2018-02-25 16:22:44,0.02238700,12.02000000
2018-02-25 16:22:45,0.02238700,16.94000000
2018-02-25 16:22:46,0.02238700,5.00000000
2018-02-25 16:22:46,0.02238700,4.68000000
2018-02-25 16:22:48,0.02238000,0.11000000
2018-02-25 16:22:49,0.02238000,2.16000000
2018-02-25 16:22:50,0.02236700,0.10000000
2018-02-25 16:22:50,0.02236600,0.59000000
2018-02-25 16:22:52,0.02236800,0.22000000
2018-02-25 16:22:56,0.02237800,0.44000000
2018-02-25 16:22:59,0.02236800,0.42000000
2018-02-25 16:23:00,0.02237800,0.44000000
2018-02-25 16:23:01,0.02237800,0.45000000
2018-02-25 16:23:01,0.02238600,0.45000000
2018-02-25 16:23:01,0.02238700,0.69000000
2018-02-25 16:23:03,0.02236800,0.28000000
2018-02-25 16:23:06,0.02236500,3.00000000
2018-02-25 16:23:11,0.02236600,0.13000000
2018-02-25 16:23:11,0.02236500,9.00000000
2018-02-25 16:23:12,0.02236500,0.23000000
2018-02-25 16:23:12,0.02236500,10.92000000
2018-02-25 16:23:12,0.02236400,0.05000000
2018-02-25 16:23:12,0.02236200,0.42000000
2018-02-25 16:23:14,0.02236500,12.83000000
2018-02-25 16:23:19,0.02236500,0.01000000
2018-02-25 16:23:19,0.02238000,3.34000000
2018-02-25 16:23:19,0.02238000,0.11000000
2018-02-25 16:23:21,0.02238000,5.55000000
2018-02-25 16:23:21,0.02238000,2.88000000
2018-02-25 16:23:22,0.02238700,0.47000000
2018-02-25 16:23:22,0.02238000,5.42000000
2018-02-25 16:23:22,0.02236500,37.38000000
2018-02-25 16:23:22,0.02236200,1.57000000
2018-02-25 16:23:22,0.02236000,0.49000000
2018-02-25 16:23:22,0.02238700,5.84000000
2018-02-25 16:23:22,0.02238700,8.30000000
2018-02-25 16:23:23,0.02238700,0.28000000
2018-02-25 16:23:23,0.02238700,5.58000000
2018-02-25 16:23:24,0.02238800,0.11000000
2018-02-25 16:23:24,0.02238000,21.89000000
2018-02-25 16:23:25,0.02238000,20.31000000
2018-02-25 16:23:25,0.02238800,0.61000000
2018-02-25 16:23:27,0.02238600,0.34000000
2018-02-25 16:23:27,0.02238600,3.94000000
2018-02-25 16:23:27,0.02238600,0.72000000
2018-02-25 16:23:28,0.02235400,0.53000000
2018-02-25 16:23:29,0.02238800,0.28000000
2018-02-25 16:23:29,0.02238900,0.16000000
2018-02-25 16:23:30,0.02235500,0.69000000
2018-02-25 16:23:30,0.02235500,1.50000000
2018-02-25 16:23:31,0.02235500,0.47000000
2018-02-25 16:23:33,0.02235500,0.27000000
2018-02-25 16:23:36,0.02238100,0.37000000
2018-02-25 16:23:37,0.02238100,0.05000000
2018-02-25 16:23:39,0.02235200,0.11000000
2018-02-25 16:23:41,0.02237700,0.11000000
2018-02-25 16:23:41,0.02237800,0.11000000
2018-02-25 16:23:41,0.02238000,0.22000000
2018-02-25 16:23:43,0.02235000,1.28000000
2018-02-25 16:23:45,0.02235200,0.81000000
2018-02-25 16:23:45,0.02235200,0.55000000
2018-02-25 16:23:46,0.02235100,0.08000000
2018-02-25 16:23:50,0.02235500,0.88000000
2018-02-25 16:23:50,0.02235500,2.62000000
2018-02-25 16:23:51,0.02235500,0.44000000
2018-02-25 16:23:51,0.02235500,0.11000000
2018-02-25 16:23:52,0.02235500,3.60000000
2018-02-25 16:23:52,0.02235500,2.27000000
2018-02-25 16:23:52,0.02237100,0.25000000
2018-02-25 16:23:53,0.02235300,0.22000000
2018-02-25 16:23:54,0.02237100,0.08000000
2018-02-25 16:23:54,0.02237100,0.07000000
2018-02-25 16:23:55,0.02237100,0.71000000
2018-02-25 16:23:56,0.02235100,1.50000000
2018-02-25 16:23:57,0.02236900,0.58000000
2018-02-25 16:23:58,0.02236900,1.77000000
2018-02-25 16:24:01,0.02235300,0.10000000
2018-02-25 16:24:01,0.02235200,0.04000000
2018-02-25 16:24:03,0.02235200,0.18000000
2018-02-25 16:24:03,0.02235100,0.21000000
2018-02-25 16:24:07,0.02236600,1.77000000
2018-02-25 16:24:07,0.02235100,4.99000000
2018-02-25 16:24:09,0.02236600,0.62000000
2018-02-25 16:24:09,0.02236800,0.15000000
2018-02-25 16:24:09,0.02236900,0.73000000
2018-02-25 16:24:13,0.02236900,0.10000000
2018-02-25 16:24:14,0.02235100,0.02000000
2018-02-25 16:24:16,0.02235200,0.19000000
2018-02-25 16:24:16,0.02236900,3.87000000
2018-02-25 16:24:19,0.02235100,0.45000000
2018-02-25 16:24:22,0.02236800,0.13000000
2018-02-25 16:24:22,0.02236900,3.04000000
2018-02-25 16:24:29,0.02236900,0.15000000
2018-02-25 16:24:30,0.02236900,1.37000000
2018-02-25 16:24:34,0.02236700,0.10000000
2018-02-25 16:24:34,0.02236900,0.34000000
2018-02-25 16:24:35,0.02236900,8.27000000
2018-02-25 16:24:36,0.02236900,0.28000000
2018-02-25 16:24:38,0.02236800,0.22000000
2018-02-25 16:24:38,0.02236900,0.22000000
2018-02-25 16:24:39,0.02236800,7.16000000
2018-02-25 16:24:39,0.02236900,1.46000000
2018-02-25 16:24:39,0.02236900,2.81000000
2018-02-25 16:24:42,0.02236900,4.86000000
2018-02-25 16:24:43,0.02236900,5.69000000
2018-02-25 16:24:43,0.02237000,7.31000000
2018-02-25 16:24:46,0.02236900,0.52000000
2018-02-25 16:24:50,0.02236900,4.47000000
2018-02-25 16:24:50,0.02237000,3.07000000
2018-02-25 16:24:51,0.02237200,0.42000000
2018-02-25 16:24:51,0.02238000,5.24000000
2018-02-25 16:24:52,0.02235300,0.17000000
2018-02-25 16:24:52,0.02235300,0.17000000
2018-02-25 16:24:53,0.02238000,1.00000000
2018-02-25 16:24:53,0.02238900,3.25000000
2018-02-25 16:24:54,0.02237000,2.16000000
2018-02-25 16:24:54,0.02237000,0.04000000
2018-02-25 16:24:55,0.02235300,1.28000000
2018-02-25 16:24:55,0.02237000,6.80000000
2018-02-25 16:24:55,0.02238900,2.74000000
2018-02-25 16:24:56,0.02235500,6.69000000
2018-02-25 16:24:56,0.02235400,4.27000000
2018-02-25 16:24:56,0.02235300,4.62000000
2018-02-25 16:24:56,0.02235200,4.71000000
2018-02-25 16:24:56,0.02235100,1.98000000
2018-02-25 16:24:56,0.02235300,3.19000000
2018-02-25 16:24:57,0.02235300,3.75000000
2018-02-25 16:25:06,0.02236200,0.36000000
2018-02-25 16:25:06,0.02237900,4.27000000
2018-02-25 16:25:07,0.02237900,0.52000000
2018-02-25 16:25:08,0.02235300,0.27000000
2018-02-25 16:25:08,0.02235200,0.17000000
2018-02-25 16:25:10,0.02235300,0.96000000
2018-02-25 16:25:12,0.02235300,1.77000000
2018-02-25 16:25:15,0.02236900,0.17000000
2018-02-25 16:25:16,0.02236900,0.28000000
2018-02-25 16:25:21,0.02237000,0.52000000
2018-02-25 16:25:21,0.02237900,0.13000000
2018-02-25 16:25:21,0.02238000,0.70000000
2018-02-25 16:25:21,0.02238900,7.88000000
2018-02-25 16:25:23,0.02238900,11.76000000
2018-02-25 16:25:23,0.02237000,1.84000000
2018-02-25 16:25:24,0.02237000,0.29000000
2018-02-25 16:25:25,0.02237000,2.37000000
2018-02-25 16:25:25,0.02235200,2.83000000
2018-02-25 16:25:26,0.02238000,0.89000000
2018-02-25 16:25:29,0.02238000,0.73000000
2018-02-25 16:25:30,0.02235200,0.11000000
2018-02-25 16:25:32,0.02235300,0.13000000
2018-02-25 16:25:33,0.02235300,0.14000000
2018-02-25 16:25:35,0.02235300,0.03000000
2018-02-25 16:25:38,0.02235300,0.70000000
2018-02-25 16:25:38,0.02237900,1.07000000
2018-02-25 16:25:44,0.02237900,0.34000000
2018-02-25 16:25:53,0.02235900,1.53000000
2018-02-25 16:25:53,0.02236000,2.57000000
2018-02-25 16:25:53,0.02236000,7.88000000
2018-02-25 16:25:54,0.02236000,0.06000000
2018-02-25 16:25:58,0.02236000,0.11000000
2018-02-25 16:25:58,0.02235400,0.10000000
2018-02-25 16:26:00,0.02236000,0.07000000
2018-02-25 16:26:03,0.02235300,0.06000000
2018-02-25 16:26:04,0.02235300,0.13000000
2018-02-25 16:26:06,0.02235900,0.17000000
2018-02-25 16:26:11,0.02235900,0.24000000
2018-02-25 16:26:14,0.02235900,0.47000000
2018-02-25 16:26:15,0.02235900,0.24000000
2018-02-25 16:26:15,0.02235900,1.96000000
2018-02-25 16:26:15,0.02236000,18.99000000
2018-02-25 16:26:16,0.02237900,1.40000000
2018-02-25 16:26:16,0.02236000,0.75000000
2018-02-25 16:26:17,0.02236000,4.50000000
2018-02-25 16:26:18,0.02237900,0.83000000
2018-02-25 16:26:19,0.02237900,1.94000000
2018-02-25 16:26:21,0.02237900,0.24000000
2018-02-25 16:26:21,0.02237900,1.91000000
2018-02-25 16:26:21,0.02237900,6.58000000
2018-02-25 16:26:21,0.02238000,0.26000000
2018-02-25 16:26:22,0.02237900,0.19000000
2018-02-25 16:26:22,0.02237900,12.85000000
2018-02-25 16:26:25,0.02237900,0.96000000
2018-02-25 16:26:26,0.02237800,1.04000000
2018-02-25 16:26:26,0.02238000,1.12000000
2018-02-25 16:26:28,0.02238900,2.92000000
2018-02-25 16:26:29,0.02238900,0.77000000
2018-02-25 16:26:29,0.02238900,1.69000000
2018-02-25 16:26:31,0.02238900,0.19000000
2018-02-25 16:26:32,0.02236300,0.15000000
2018-02-25 16:26:32,0.02236100,4.40000000
2018-02-25 16:26:32,0.02236000,26.97000000
2018-02-25 16:26:32,0.02238900,0.10000000
2018-02-25 16:26:32,0.02239000,3.57000000
2018-02-25 16:26:32,0.02239000,0.44000000
2018-02-25 16:26:34,0.02236200,4.35000000
2018-02-25 16:26:34,0.02238900,0.17000000
2018-02-25 16:26:35,0.02238900,0.47000000
2018-02-25 16:26:36,0.02238900,3.63000000
2018-02-25 16:26:37,0.02238900,0.47000000
2018-02-25 16:26:37,0.02238900,0.56000000
2018-02-25 16:26:38,0.02239000,0.23000000
2018-02-25 16:26:38,0.02239000,0.27000000
2018-02-25 16:26:38,0.02239100,0.01000000
2018-02-25 16:26:38,0.02239100,0.20000000
2018-02-25 16:26:39,0.02239100,0.44000000
2018-02-25 16:26:39,0.02238900,0.09000000
2018-02-25 16:26:40,0.02239100,2.06000000
2018-02-25 16:26:40,0.02239100,8.53000000
2018-02-25 16:26:41,0.02238900,1.05000000
2018-02-25 16:26:41,0.02239100,8.59000000
2018-02-25 16:26:41,0.02238900,1.40000000
2018-02-25 16:26:41,0.02238800,0.13000000
2018-02-25 16:26:41,0.02239100,0.11000000
2018-02-25 16:26:41,0.02238900,2.52000000
2018-02-25 16:26:42,0.02238900,0.60000000
2018-02-25 16:26:42,0.02239100,7.06000000
2018-02-25 16:26:44,0.02236400,0.22000000
2018-02-25 16:26:44,0.02236200,0.33000000
2018-02-25 16:26:44,0.02236100,0.68000000
2018-02-25 16:26:45,0.02238700,0.11000000
2018-02-25 16:26:46,0.02238800,0.53000000
2018-02-25 16:26:48,0.02238800,1.01000000
2018-02-25 16:26:49,0.02236600,0.07000000
2018-02-25 16:26:51,0.02236200,1.30000000
2018-02-25 16:26:53,0.02236200,3.87000000
2018-02-25 16:26:53,0.02236100,6.20000000
2018-02-25 16:26:53,0.02236100,2.02000000
2018-02-25 16:26:54,0.02238500,2.81000000
2018-02-25 16:26:54,0.02238900,4.27000000
2018-02-25 16:26:54,0.02239100,32.08000000
2018-02-25 16:26:55,0.02236300,0.35000000
2018-02-25 16:26:55,0.02236100,0.09000000
2018-02-25 16:26:58,0.02236100,1.69000000
2018-02-25 16:26:58,0.02236000,1.92000000
2018-02-25 16:26:59,0.02237800,0.40000000
2018-02-25 16:27:00,0.02236200,0.13000000
2018-02-25 16:27:00,0.02236000,0.27000000
2018-02-25 16:27:02,0.02239100,0.05000000
2018-02-25 16:27:03,0.02238800,2.69000000
2018-02-25 16:27:04,0.02238900,0.68000000
2018-02-25 16:27:04,0.02239000,1.26000000
2018-02-25 16:27:05,0.02238800,3.12000000
2018-02-25 16:27:07,0.02238800,7.02000000
2018-02-25 16:27:08,0.02238800,8.25000000
2018-02-25 16:27:11,0.02236300,4.28000000
2018-02-25 16:27:11,0.02236200,12.39000000
2018-02-25 16:27:14,0.02236200,0.26000000
2018-02-25 16:27:17,0.02236200,4.76000000
2018-02-25 16:27:23,0.02238400,4.28000000
2018-02-25 16:27:23,0.02238500,3.72000000
2018-02-25 16:27:23,0.02236200,0.50000000
2018-02-25 16:27:24,0.02236200,0.26000000
2018-02-25 16:27:25,0.02238500,0.44000000
2018-02-25 16:27:26,0.02238500,0.44000000
2018-02-25 16:27:26,0.02238700,0.11000000
2018-02-25 16:27:26,0.02238900,0.13000000
2018-02-25 16:27:26,0.02239000,0.20000000
2018-02-25 16:27:29,0.02238800,3.74000000
2018-02-25 16:27:29,0.02239000,3.47000000
2018-02-25 16:27:31,0.02239000,0.75000000
2018-02-25 16:27:31,0.02239100,0.32000000
2018-02-25 16:27:36,0.02238800,1.82000000
2018-02-25 16:27:37,0.02239100,3.22000000
2018-02-25 16:27:37,0.02239100,2.00000000
2018-02-25 16:27:39,0.02239200,0.27000000
2018-02-25 16:27:40,0.02238800,0.05000000
2018-02-25 16:27:43,0.02238800,1.48000000
2018-02-25 16:27:47,0.02238800,0.17000000
2018-02-25 16:27:50,0.02238800,1.00000000
2018-02-25 16:27:52,0.02239000,0.10000000
2018-02-25 16:27:53,0.02239000,2.35000000
2018-02-25 16:27:53,0.02238800,1.36000000
2018-02-25 16:27:54,0.02238000,1.00000000
2018-02-25 16:27:54,0.02238000,0.81000000
2018-02-25 16:28:02,0.02239100,1.51000000
2018-02-25 16:28:02,0.02239200,8.49000000
2018-02-25 16:28:04,0.02239100,1.52000000
2018-02-25 16:28:06,0.02238000,0.51000000
2018-02-25 16:28:07,0.02236500,1.36000000
2018-02-25 16:28:09,0.02238000,0.46000000
2018-02-25 16:28:09,0.02236500,1.50000000
2018-02-25 16:28:10,0.02239100,0.05000000
2018-02-25 16:28:11,0.02239100,0.05000000
2018-02-25 16:28:15,0.02239200,0.05000000
2018-02-25 16:28:17,0.02239100,1.93000000
2018-02-25 16:28:21,0.02236600,0.35000000
2018-02-25 16:28:21,0.02236600,1.50000000
2018-02-25 16:28:21,0.02238900,0.41000000
2018-02-25 16:28:23,0.02236600,10.17000000
2018-02-25 16:28:25,0.02236600,0.57000000
2018-02-25 16:28:29,0.02236700,0.57000000
2018-02-25 16:28:30,0.02238900,0.44000000
2018-02-25 16:28:30,0.02236700,11.00000000
2018-02-25 16:28:34,0.02236800,1.00000000
2018-02-25 16:28:34,0.02236700,0.30000000
2018-02-25 16:28:39,0.02238800,0.22000000
2018-02-25 16:28:39,0.02238900,0.22000000
2018-02-25 16:28:39,0.02238900,0.44000000
2018-02-25 16:28:42,0.02236900,0.21000000
2018-02-25 16:28:42,0.02236700,0.27000000
2018-02-25 16:28:43,0.02237500,3.08000000
2018-02-25 16:28:45,0.02238900,0.48000000
2018-02-25 16:28:47,0.02237000,0.44000000
2018-02-25 16:28:48,0.02236700,0.05000000
2018-02-25 16:28:48,0.02236700,0.05000000
2018-02-25 16:28:49,0.02236700,2.20000000
2018-02-25 16:28:49,0.02236700,0.34000000
2018-02-25 16:28:50,0.02236700,2.73000000
2018-02-25 16:28:51,0.02236700,2.52000000
2018-02-25 16:28:51,0.02236700,0.11000000
2018-02-25 16:28:51,0.02236700,2.41000000
2018-02-25 16:28:52,0.02238500,0.87000000
2018-02-25 16:28:52,0.02238600,4.77000000
2018-02-25 16:28:52,0.02238800,0.44000000
2018-02-25 16:28:52,0.02238900,1.55000000
2018-02-25 16:28:52,0.02239000,0.37000000
2018-02-25 16:28:54,0.02237000,0.11000000
2018-02-25 16:28:54,0.02237000,15.47000000
2018-02-25 16:28:54,0.02237000,18.50000000
2018-02-25 16:28:54,0.02237000,2.86000000
2018-02-25 16:28:54,0.02237000,2.55000000
2018-02-25 16:28:54,0.02236900,2.87000000
2018-02-25 16:28:55,0.02236700,2.91000000
2018-02-25 16:28:56,0.02237000,4.19000000
2018-02-25 16:28:56,0.02236800,1.53000000
2018-02-25 16:28:56,0.02236800,0.47000000
2018-02-25 16:28:56,0.02236800,0.34000000
2018-02-25 16:28:56,0.02236800,3.47000000
2018-02-25 16:28:57,0.02236800,0.07000000
2018-02-25 16:28:57,0.02236800,0.47000000
2018-02-25 16:28:57,0.02236700,2.34000000
2018-02-25 16:29:00,0.02237000,5.46000000
2018-02-25 16:29:00,0.02237000,0.12000000
2018-02-25 16:29:00,0.02237000,5.05000000
2018-02-25 16:29:03,0.02237000,10.70000000
2018-02-25 16:29:03,0.02237000,5.63000000
2018-02-25 16:29:05,0.02237000,9.23000000
2018-02-25 16:29:07,0.02237000,0.65000000
2018-02-25 16:29:07,0.02237000,2.00000000
2018-02-25 16:29:12,0.02237000,9.56000000
2018-02-25 16:29:13,0.02237000,1.00000000
2018-02-25 16:29:14,0.02237000,1.50000000
2018-02-25 16:29:15,0.02237100,0.11000000
2018-02-25 16:29:15,0.02237000,2.77000000
2018-02-25 16:29:16,0.02237000,3.24000000
2018-02-25 16:29:17,0.02237000,0.20000000
2018-02-25 16:29:18,0.02238500,1.31000000
2018-02-25 16:29:21,0.02237000,3.52000000
2018-02-25 16:29:24,0.02238400,0.11000000
2018-02-25 16:29:27,0.02238400,0.03000000
2018-02-25 16:29:27,0.02238500,0.29000000
2018-02-25 16:29:28,0.02238400,0.60000000
2018-02-25 16:29:28,0.02237100,2.56000000
2018-02-25 16:29:28,0.02238500,0.05000000
2018-02-25 16:29:28,0.02237100,0.30000000
2018-02-25 16:29:29,0.02238500,0.44000000
2018-02-25 16:29:30,0.02238400,5.71000000
2018-02-25 16:29:31,0.02237100,0.45000000
2018-02-25 16:29:31,0.02237100,1.30000000
2018-02-25 16:29:34,0.02238400,0.56000000
2018-02-25 16:29:44,0.02238300,3.15000000
2018-02-25 16:29:44,0.02238400,0.85000000
2018-02-25 16:29:46,0.02238400,6.87000000
2018-02-25 16:29:48,0.02238400,6.91000000
2018-02-25 16:29:48,0.02238400,0.01000000
2018-02-25 16:29:49,0.02238500,0.49000000
2018-02-25 16:29:49,0.02237300,1.00000000
2018-02-25 16:29:51,0.02238400,0.44000000
2018-02-25 16:29:54,0.02238400,0.38000000
2018-02-25 16:29:54,0.02238400,10.10000000
2018-02-25 16:29:55,0.02238400,1.77000000
2018-02-25 16:29:56,0.02238400,0.48000000
2018-02-25 16:29:56,0.02238800,0.19000000
2018-02-25 16:29:57,0.02238800,1.72000000
2018-02-25 16:29:57,0.02238400,4.46000000
2018-02-25 16:29:57,0.02237300,5.54000000
2018-02-25 16:30:01,0.02238800,10.11000000
2018-02-25 16:30:02,0.02238800,1.00000000
2018-02-25 16:30:03,0.02239000,0.13000000
2018-02-25 16:30:04,0.02239100,0.13000000
2018-02-25 16:30:04,0.02239300,4.26000000
2018-02-25 16:30:06,0.02239300,0.01000000
2018-02-25 16:30:06,0.02239400,0.24000000
2018-02-25 16:30:07,0.02238800,1.00000000
2018-02-25 16:30:11,0.02238800,1.00000000
2018-02-25 16:30:12,0.02238800,1.00000000
2018-02-25 16:30:12,0.02239300,0.42000000
2018-02-25 16:30:12,0.02239400,1.91000000
2018-02-25 16:30:15,0.02239400,0.10000000
2018-02-25 16:30:17,0.02238800,1.00000000
2018-02-25 16:30:18,0.02238800,6.00000000
2018-02-25 16:30:19,0.02239000,4.61000000
2018-02-25 16:30:19,0.02238800,11.39000000
2018-02-25 16:30:19,0.02238800,12.31000000
2018-02-25 16:30:22,0.02238800,1.00000000
2018-02-25 16:30:23,0.02238800,7.00000000
2018-02-25 16:30:24,0.02238800,0.27000000
2018-02-25 16:30:24,0.02238400,0.76000000
2018-02-25 16:30:26,0.02239000,0.21000000
2018-02-25 16:30:27,0.02239000,0.30000000
2018-02-25 16:30:27,0.02239300,0.44000000
2018-02-25 16:30:28,0.02239000,0.45000000
2018-02-25 16:30:28,0.02239000,1.00000000
2018-02-25 16:30:29,0.02239000,0.57000000
2018-02-25 16:30:30,0.02239000,0.16000000
2018-02-25 16:30:31,0.02239000,0.93000000
2018-02-25 16:30:32,0.02239000,1.00000000
2018-02-25 16:30:33,0.02239000,0.23000000
2018-02-25 16:30:34,0.02239000,0.26000000
2018-02-25 16:30:35,0.02239000,21.36000000
2018-02-25 16:30:36,0.02239000,1.28000000
2018-02-25 16:30:36,0.02239000,5.84000000
2018-02-25 16:30:37,0.02239200,0.53000000
2018-02-25 16:30:37,0.02239000,0.01000000
2018-02-25 16:30:37,0.02238800,0.44000000
2018-02-25 16:30:37,0.02238800,1.00000000
2018-02-25 16:30:37,0.02238800,0.14000000
2018-02-25 16:30:39,0.02238400,0.40000000
2018-02-25 16:30:39,0.02238400,18.21000000
2018-02-25 16:30:39,0.02238400,1.23000000
2018-02-25 16:30:39,0.02238400,0.22000000
2018-02-25 16:30:41,0.02239000,3.28000000
2018-02-25 16:30:42,0.02239000,2.63000000
2018-02-25 16:30:42,0.02239000,0.45000000
2018-02-25 16:30:42,0.02238400,0.55000000
2018-02-25 16:30:44,0.02238900,3.72000000
2018-02-25 16:30:44,0.02238800,0.05000000
2018-02-25 16:30:44,0.02238800,0.97000000
2018-02-25 16:30:44,0.02238400,4.16000000
2018-02-25 16:30:44,0.02237300,31.92000000
2018-02-25 16:30:46,0.02238900,0.20000000
2018-02-25 16:30:46,0.02239000,0.05000000
2018-02-25 16:30:47,0.02239000,0.45000000
2018-02-25 16:30:47,0.02239400,0.74000000
2018-02-25 16:30:49,0.02239400,0.01000000
2018-02-25 16:30:49,0.02239500,0.38000000
2018-02-25 16:30:50,0.02237500,0.35000000
2018-02-25 16:30:50,0.02237300,8.10000000
2018-02-25 16:30:52,0.02237700,0.35000000
2018-02-25 16:30:52,0.02237300,0.96000000
2018-02-25 16:30:54,0.02239300,0.84000000
2018-02-25 16:30:54,0.02239500,2.32000000
2018-02-25 16:30:55,0.02237500,0.22000000
2018-02-25 16:30:55,0.02237300,21.40000000
2018-02-25 16:30:56,0.02237300,5.78000000
2018-02-25 16:30:56,0.02237200,9.22000000
2018-02-25 16:30:57,0.02239500,0.09000000
2018-02-25 16:30:59,0.02237200,10.27000000
2018-02-25 16:31:00,0.02237200,0.88000000
2018-02-25 16:31:01,0.02237200,10.85000000
2018-02-25 16:31:01,0.02237200,0.49000000
2018-02-25 16:31:02,0.02237200,0.14000000
2018-02-25 16:31:03,0.02237200,1.50000000
2018-02-25 16:31:03,0.02237200,4.35000000
2018-02-25 16:31:03,0.02239200,0.28000000
2018-02-25 16:31:04,0.02239200,0.44000000
2018-02-25 16:31:04,0.02237200,0.11000000
2018-02-25 16:31:06,0.02237200,11.56000000
2018-02-25 16:31:06,0.02237100,17.80000000
2018-02-25 16:31:08,0.02239200,1.45000000
2018-02-25 16:31:11,0.02237100,0.01000000
2018-02-25 16:31:11,0.02237000,4.62000000
2018-02-25 16:31:12,0.02237000,0.11000000
2018-02-25 16:31:12,0.02237000,0.99000000
2018-02-25 16:31:14,0.02237000,2.87000000
2018-02-25 16:31:14,0.02237000,0.17000000
2018-02-25 16:31:15,0.02238900,2.11000000
2018-02-25 16:31:15,0.02239000,1.73000000
2018-02-25 16:31:15,0.02239000,1.40000000
2018-02-25 16:31:16,0.02239200,1.00000000
2018-02-25 16:31:16,0.02239200,0.11000000
2018-02-25 16:31:20,0.02239200,3.86000000
2018-02-25 16:31:21,0.02239200,1.00000000
2018-02-25 16:31:22,0.02239200,0.14000000
2018-02-25 16:31:25,0.02239500,0.62000000
2018-02-25 16:31:26,0.02239200,0.57000000
2018-02-25 16:31:26,0.02239200,0.01000000
2018-02-25 16:31:27,0.02239000,0.11000000
2018-02-25 16:31:29,0.02239000,0.11000000
2018-02-25 16:31:29,0.02239000,0.67000000
2018-02-25 16:31:35,0.02237200,0.48000000
2018-02-25 16:31:35,0.02237200,2.06000000
2018-02-25 16:31:35,0.02239200,0.36000000
2018-02-25 16:31:35,0.02239500,0.65000000
2018-02-25 16:31:35,0.02239600,2.62000000
2018-02-25 16:31:35,0.02239800,2.97000000
2018-02-25 16:31:35,0.02239900,6.40000000
2018-02-25 16:31:36,0.02239000,0.10000000
2018-02-25 16:31:37,0.02239000,1.05000000
2018-02-25 16:31:40,0.02237200,13.64000000
2018-02-25 16:31:40,0.02237100,17.00000000
2018-02-25 16:31:40,0.02237000,14.36000000
2018-02-25 16:31:43,0.02238900,0.11000000
2018-02-25 16:31:43,0.02238000,0.45000000
2018-02-25 16:31:48,0.02237400,0.20000000
2018-02-25 16:31:49,0.02238900,2.43000000
2018-02-25 16:31:49,0.02239000,2.82000000
2018-02-25 16:31:49,0.02239900,68.78000000
2018-02-25 16:31:49,0.02240000,103.21000000
2018-02-25 16:31:51,0.02237400,4.04000000
2018-02-25 16:31:51,0.02238800,1.02000000
2018-02-25 16:31:51,0.02238800,6.31000000
2018-02-25 16:31:51,0.02240000,24.19000000
2018-02-25 16:31:52,0.02239000,0.10000000
2018-02-25 16:31:53,0.02239000,0.64000000
2018-02-25 16:31:57,0.02239000,2.20000000
2018-02-25 16:31:57,0.02239000,0.97000000
2018-02-25 16:31:57,0.02238800,1.01000000
2018-02-25 16:31:57,0.02238500,2.30000000
2018-02-25 16:31:57,0.02238000,0.42000000
2018-02-25 16:31:58,0.02238200,0.10000000
2018-02-25 16:32:01,0.02240000,0.32000000
2018-02-25 16:32:05,0.02239200,0.40000000
2018-02-25 16:32:05,0.02239900,1.35000000
2018-02-25 16:32:06,0.02240000,0.31000000
2018-02-25 16:32:06,0.02239900,3.40000000
2018-02-25 16:32:06,0.02239900,1.50000000
2018-02-25 16:32:07,0.02239900,2.49000000
2018-02-25 16:32:07,0.02240000,31.36000000
2018-02-25 16:32:08,0.02239900,0.02000000
2018-02-25 16:32:08,0.02239900,1.95000000
2018-02-25 16:32:09,0.02240000,0.28000000
2018-02-25 16:32:09,0.02240000,19.93000000
2018-02-25 16:32:12,0.02240000,2.80000000
2018-02-25 16:32:13,0.02239900,0.05000000
2018-02-25 16:32:13,0.02239900,0.70000000
2018-02-25 16:32:13,0.02239900,0.11000000
2018-02-25 16:32:15,0.02240000,6.48000000
2018-02-25 16:32:17,0.02240000,0.49000000
2018-02-25 16:32:22,0.02240000,0.11000000
2018-02-25 16:32:22,0.02240000,5.62000000
2018-02-25 16:32:25,0.02240000,8.00000000
2018-02-25 16:32:26,0.02240000,0.34000000
2018-02-25 16:32:27,0.02240000,1.06000000
2018-02-25 16:32:28,0.02240200,0.09000000
2018-02-25 16:32:29,0.02240200,0.17000000
2018-02-25 16:32:29,0.02240300,0.15000000
2018-02-25 16:32:29,0.02240800,0.09000000
2018-02-25 16:32:29,0.02240900,0.06000000
2018-02-25 16:32:31,0.02240000,0.07000000
2018-02-25 16:32:31,0.02240000,1.00000000
2018-02-25 16:32:32,0.02240000,2.85000000
2018-02-25 16:32:32,0.02240000,14.83000000
2018-02-25 16:32:32,0.02239900,3.67000000
2018-02-25 16:32:32,0.02239900,10.16000000
2018-02-25 16:32:32,0.02239900,1.33000000
2018-02-25 16:32:32,0.02239900,6.75000000
2018-02-25 16:32:32,0.02239900,1.47000000
2018-02-25 16:32:35,0.02239900,0.78000000
2018-02-25 16:32:36,0.02240000,0.44000000
2018-02-25 16:32:36,0.02240000,0.79000000
2018-02-25 16:32:37,0.02240000,5.04000000
2018-02-25 16:32:37,0.02240000,0.42000000
2018-02-25 16:32:38,0.02240200,0.47000000
2018-02-25 16:32:38,0.02240000,2.42000000
2018-02-25 16:32:40,0.02240000,7.16000000
2018-02-25 16:32:40,0.02240000,1.00000000
2018-02-25 16:32:45,0.02239900,0.34000000
2018-02-25 16:32:51,0.02239900,8.14000000
2018-02-25 16:32:53,0.02240800,0.63000000
2018-02-25 16:32:54,0.02239900,0.34000000
2018-02-25 16:32:55,0.02239900,0.95000000
2018-02-25 16:32:56,0.02239900,0.62000000
2018-02-25 16:32:59,0.02239900,0.96000000
2018-02-25 16:33:00,0.02240800,4.11000000
2018-02-25 16:33:00,0.02240800,4.04000000
2018-02-25 16:33:00,0.02240900,1.04000000
2018-02-25 16:33:01,0.02239900,0.10000000
2018-02-25 16:33:01,0.02239900,2.23000000
2018-02-25 16:33:10,0.02240800,0.33000000
2018-02-25 16:33:11,0.02240800,0.17000000
2018-02-25 16:33:11,0.02240900,1.94000000
2018-02-25 16:33:11,0.02240800,0.92000000
2018-02-25 16:33:11,0.02240800,0.59000000
2018-02-25 16:33:11,0.02240000,1.47000000
2018-02-25 16:33:12,0.02240700,0.92000000
2018-02-25 16:33:12,0.02240900,2.66000000
2018-02-25 16:33:13,0.02240900,0.22000000
2018-02-25 16:33:15,0.02240900,0.10000000
2018-02-25 16:33:16,0.02241000,0.22000000
2018-02-25 16:33:16,0.02241100,2.34000000
2018-02-25 16:33:17,0.02241000,0.34000000
2018-02-25 16:33:18,0.02241000,7.66000000
2018-02-25 16:33:18,0.02240900,0.10000000
2018-02-25 16:33:19,0.02240000,2.14000000
2018-02-25 16:33:19,0.02239900,0.44000000
2018-02-25 16:33:21,0.02239900,2.00000000
2018-02-25 16:33:21,0.02239900,1.58000000
2018-02-25 16:33:21,0.02239900,14.07000000
2018-02-25 16:33:22,0.02239900,7.79000000
2018-02-25 16:33:24,0.02239900,0.47000000
2018-02-25 16:33:24,0.02239900,2.60000000
2018-02-25 16:33:25,0.02239900,2.16000000
2018-02-25 16:33:26,0.02241100,0.66000000
2018-02-25 16:33:26,0.02241100,1.25000000
2018-02-25 16:33:27,0.02241100,4.19000000
2018-02-25 16:33:32,0.02240000,2.00000000
2018-02-25 16:33:34,0.02241100,2.24000000
2018-02-25 16:33:34,0.02241200,0.15000000
2018-02-25 16:33:34,0.02241300,1.03000000
2018-02-25 16:33:34,0.02241400,0.06000000
2018-02-25 16:33:34,0.02241500,1.39000000
2018-02-25 16:33:35,0.02240900,0.08000000
2018-02-25 16:33:37,0.02240900,0.49000000
2018-02-25 16:33:37,0.02241400,0.35000000
2018-02-25 16:33:37,0.02241500,1.61000000
2018-02-25 16:33:37,0.02241900,0.68000000
2018-02-25 16:33:38,0.02241900,0.28000000
2018-02-25 16:33:39,0.02241900,1.08000000
2018-02-25 16:33:39,0.02241900,0.85000000
2018-02-25 16:33:39,0.02240900,0.23000000
2018-02-25 16:33:40,0.02240000,0.45000000
2018-02-25 16:33:43,0.02240900,8.04000000
2018-02-25 16:33:43,0.02241900,1.93000000
2018-02-25 16:33:43,0.02241900,1.60000000
2018-02-25 16:33:43,0.02241900,4.10000000
2018-02-25 16:33:43,0.02241900,2.05000000
2018-02-25 16:33:43,0.02241900,6.44000000
2018-02-25 16:33:43,0.02241900,0.82000000
2018-02-25 16:33:43,0.02241900,0.17000000
2018-02-25 16:33:43,0.02241900,2.23000000
2018-02-25 16:33:44,0.02241900,10.00000000
2018-02-25 16:33:44,0.02241900,0.16000000
2018-02-25 16:33:44,0.02241900,27.40000000
2018-02-25 16:33:44,0.02240000,49.27000000
2018-02-25 16:33:44,0.02239900,51.02000000
2018-02-25 16:33:45,0.02239900,1.55000000
2018-02-25 16:33:46,0.02239900,10.00000000
2018-02-25 16:33:46,0.02238800,1.00000000
2018-02-25 16:33:48,0.02239000,0.05000000
2018-02-25 16:33:48,0.02239000,0.11000000
2018-02-25 16:33:50,0.02239000,0.79000000
2018-02-25 16:33:51,0.02239900,105.44000000
2018-02-25 16:33:51,0.02239900,0.11000000
2018-02-25 16:33:52,0.02239900,5.40000000
2018-02-25 16:33:52,0.02239900,0.07000000
2018-02-25 16:33:54,0.02239900,4.41000000
2018-02-25 16:33:54,0.02240000,0.58000000
2018-02-25 16:33:59,0.02241900,0.18000000
2018-02-25 16:34:01,0.02240900,2.23000000
2018-02-25 16:34:02,0.02240900,0.11000000
2018-02-25 16:34:02,0.02241000,1.50000000
2018-02-25 16:34:03,0.02241000,2.23000000
2018-02-25 16:34:04,0.02241100,4.46000000
2018-02-25 16:34:04,0.02241000,4.54000000
2018-02-25 16:34:04,0.02241000,1.83000000
2018-02-25 16:34:04,0.02241000,0.11000000
2018-02-25 16:34:04,0.02241000,0.30000000
2018-02-25 16:34:06,0.02241000,0.64000000
2018-02-25 16:34:06,0.02240900,0.36000000
2018-02-25 16:34:06,0.02240900,0.07000000
2018-02-25 16:34:08,0.02240900,0.12000000
2018-02-25 16:34:08,0.02240900,0.11000000
2018-02-25 16:34:08,0.02240900,0.11000000
2018-02-25 16:34:08,0.02240900,2.00000000
2018-02-25 16:34:08,0.02240900,0.53000000
2018-02-25 16:34:08,0.02240000,0.97000000
2018-02-25 16:34:09,0.02240000,11.44000000
2018-02-25 16:34:11,0.02241000,0.52000000
2018-02-25 16:34:11,0.02241000,0.78000000
2018-02-25 16:34:11,0.02241000,0.20000000
2018-02-25 16:34:12,0.02241000,0.08000000
2018-02-25 16:34:13,0.02240000,0.01000000
2018-02-25 16:34:13,0.02239900,0.01000000
2018-02-25 16:34:13,0.02239800,0.05000000
2018-02-25 16:34:14,0.02238800,0.05000000
2018-02-25 16:34:15,0.02238800,0.48000000
2018-02-25 16:34:15,0.02239900,0.11000000
2018-02-25 16:34:16,0.02239900,9.46000000
2018-02-25 16:34:16,0.02238800,2.23000000
2018-02-25 16:34:21,0.02238800,0.40000000
2018-02-25 16:34:29,0.02239200,4.27000000
2018-02-25 16:34:29,0.02239100,0.59000000
2018-02-25 16:34:30,0.02239100,4.33000000
2018-02-25 16:34:32,0.02239100,0.11000000
2018-02-25 16:34:35,0.02239100,0.28000000
2018-02-25 16:34:35,0.02239800,0.06000000
2018-02-25 16:34:35,0.02239900,4.27000000
2018-02-25 16:34:35,0.02240000,7.49000000
2018-02-25 16:34:35,0.02240000,0.11000000
2018-02-25 16:34:36,0.02240000,2.37000000
2018-02-25 16:34:36,0.02239100,0.57000000
2018-02-25 16:34:39,0.02239200,0.91000000
2018-02-25 16:34:40,0.02239200,3.35000000
2018-02-25 16:34:42,0.02239200,3.64000000
2018-02-25 16:34:42,0.02241900,2.73000000
2018-02-25 16:34:42,0.02239100,2.54000000
2018-02-25 16:34:44,0.02239100,0.47000000
2018-02-25 16:34:45,0.02239100,2.20000000
2018-02-25 16:34:46,0.02239100,13.77000000
2018-02-25 16:34:46,0.02240000,18.46000000
