DATE,PRICE,VOLUME
2018-02-23 09:00:04,0.01982900,1.51000000
2018-02-23 09:00:04,0.01982900,1.51000000
2018-02-23 09:00:04,0.01982900,1.51000000
2018-02-23 09:00:05,0.01982900,1.98000000
2018-02-23 09:00:05,0.01983000,0.56000000
2018-02-23 09:00:05,0.01983000,0.56000000
2018-02-23 09:00:05,0.01981400,0.15000000
2018-02-23 09:00:05,0.01981500,0.27000000
2018-02-23 09:00:05,0.01983600,0.47000000
2018-02-23 09:00:08,0.01983700,1.23000000
2018-02-23 09:00:09,0.01984000,0.06000000
2018-02-23 09:00:11,0.01984000,0.96000000
2018-02-23 09:00:13,0.01984600,0.12000000
2018-02-23 09:00:13,0.01984600,0.71000000
2018-02-23 09:00:13,0.01984900,1.12000000
2018-02-23 09:00:14,0.01984900,0.29000000
2018-02-23 09:00:14,0.01985000,0.25000000
2018-02-23 09:00:16,0.01985700,0.23000000
2018-02-23 09:00:17,0.01985700,1.55000000
2018-02-23 09:00:21,0.01985700,0.80000000
2018-02-23 09:00:21,0.01985700,1.51000000
2018-02-23 09:00:21,0.01985700,0.18000000
2018-02-23 09:00:21,0.01985700,1.51000000
2018-02-23 09:00:23,0.01985700,4.21000000
2018-02-23 09:00:23,0.01984600,4.37000000
2018-02-23 09:00:23,0.01984600,0.85000000
2018-02-23 09:00:29,0.01985700,2.00000000
2018-02-23 09:00:30,0.01985700,0.80000000
2018-02-23 09:00:31,0.01985700,7.20000000
2018-02-23 09:00:36,0.01985600,0.07000000
2018-02-23 09:00:52,0.01984600,0.30000000
2018-02-23 09:00:56,0.01985600,1.00000000
2018-02-23 09:00:56,0.01984600,0.81000000
2018-02-23 09:00:58,0.01984600,1.74000000
2018-02-23 09:01:03,0.01983700,8.71000000
2018-02-23 09:01:03,0.01983600,5.31000000
2018-02-23 09:01:03,0.01982600,0.10000000
2018-02-23 09:01:03,0.01981100,0.48000000
2018-02-23 09:01:03,0.01981000,1.39000000
2018-02-23 09:01:04,0.01984500,0.50000000
2018-02-23 09:01:05,0.01984400,0.19000000
2018-02-23 09:01:07,0.01984400,2.95000000
2018-02-23 09:01:08,0.01984400,4.22000000
2018-02-23 09:01:08,0.01984500,1.01000000
2018-02-23 09:01:08,0.01984600,2.30000000
2018-02-23 09:01:09,0.01982200,0.50000000
2018-02-23 09:01:09,0.01982000,0.83000000
2018-02-23 09:01:10,0.01984500,0.50000000
2018-02-23 09:01:17,0.01982000,1.00000000
2018-02-23 09:01:17,0.01984500,0.80000000
2018-02-23 09:01:22,0.01984500,0.50000000
2018-02-23 09:01:22,0.01984500,2.89000000
2018-02-23 09:01:29,0.01984500,0.50000000
2018-02-23 09:01:32,0.01982000,0.10000000
2018-02-23 09:01:33,0.01984500,0.31000000
2018-02-23 09:01:33,0.01984600,3.69000000
2018-02-23 09:01:34,0.01984600,0.50000000
2018-02-23 09:01:40,0.01984500,0.61000000
2018-02-23 09:01:41,0.01984500,7.88000000
2018-02-23 09:01:42,0.01984600,0.50000000
2018-02-23 09:01:45,0.01984600,1.00000000
2018-02-23 09:01:48,0.01984600,0.50000000
2018-02-23 09:01:48,0.01984600,0.50000000
2018-02-23 09:01:50,0.01984600,4.33000000
2018-02-23 09:01:50,0.01984600,0.50000000
2018-02-23 09:01:53,0.01984600,0.50000000
2018-02-23 09:01:53,0.01984600,1.34000000
2018-02-23 09:01:53,0.01984600,0.59000000
2018-02-23 09:01:53,0.01984600,1.51000000
2018-02-23 09:01:55,0.01984600,0.95000000
2018-02-23 09:01:55,0.01984600,7.11000000
2018-02-23 09:01:55,0.01984600,1.51000000
2018-02-23 09:01:55,0.01984600,0.50000000
2018-02-23 09:01:56,0.01984600,1.51000000
2018-02-23 09:01:57,0.01984600,1.51000000
2018-02-23 09:01:57,0.01984600,1.51000000
2018-02-23 09:01:57,0.01984600,1.51000000
2018-02-23 09:01:59,0.01984600,0.50000000
2018-02-23 09:02:01,0.01984600,0.50000000
2018-02-23 09:02:03,0.01984600,0.50000000
2018-02-23 09:02:09,0.01984600,0.50000000
2018-02-23 09:02:11,0.01984600,5.53000000
2018-02-23 09:02:11,0.01985600,0.31000000
2018-02-23 09:02:11,0.01985700,0.39000000
2018-02-23 09:02:11,0.01986000,1.62000000
2018-02-23 09:02:12,0.01984000,1.51000000
2018-02-23 09:02:12,0.01984000,1.19000000
2018-02-23 09:02:13,0.01986600,0.10000000
2018-02-23 09:02:13,0.01986800,0.40000000
2018-02-23 09:02:13,0.01983000,1.51000000
2018-02-23 09:02:14,0.01983200,1.51000000
2018-02-23 09:02:14,0.01983200,1.51000000
2018-02-23 09:02:14,0.01983200,4.51000000
2018-02-23 09:02:14,0.01982900,7.53000000
2018-02-23 09:02:14,0.01983100,1.51000000
2018-02-23 09:02:14,0.01984000,1.51000000
2018-02-23 09:02:15,0.01984000,0.85000000
2018-02-23 09:02:15,0.01984600,0.10000000
2018-02-23 09:02:15,0.01984600,0.40000000
2018-02-23 09:02:15,0.01985000,2.49000000
2018-02-23 09:02:15,0.01985000,9.11000000
2018-02-23 09:02:15,0.01982600,0.10000000
2018-02-23 09:02:15,0.01982500,2.39000000
2018-02-23 09:02:17,0.01982500,1.51000000
2018-02-23 09:02:21,0.01984500,0.04000000
2018-02-23 09:02:21,0.01982000,0.64000000
2018-02-23 09:02:21,0.01981200,0.46000000
2018-02-23 09:02:24,0.01984500,0.17000000
2018-02-23 09:02:25,0.01981700,7.64000000
2018-02-23 09:02:31,0.01984300,0.50000000
2018-02-23 09:02:36,0.01984300,6.22000000
2018-02-23 09:02:40,0.01981200,2.70000000
2018-02-23 09:02:43,0.01983200,3.93000000
2018-02-23 09:02:43,0.01983200,14.99000000
2018-02-23 09:02:44,0.01983200,21.08000000
2018-02-23 09:02:44,0.01980800,1.28000000
2018-02-23 09:02:45,0.01983300,1.10000000
2018-02-23 09:02:45,0.01980600,0.10000000
2018-02-23 09:02:45,0.01980000,3.79000000
2018-02-23 09:02:46,0.01980800,0.06000000
2018-02-23 09:02:46,0.01980000,3.28000000
2018-02-23 09:02:46,0.01979700,0.11000000
2018-02-23 09:02:46,0.01979100,22.17000000
2018-02-23 09:02:46,0.01979900,0.59000000
2018-02-23 09:02:47,0.01979900,1.28000000
2018-02-23 09:02:47,0.01979900,0.34000000
2018-02-23 09:02:47,0.01979900,0.33000000
2018-02-23 09:02:48,0.01982300,1.51000000
2018-02-23 09:02:48,0.01982200,0.99000000
2018-02-23 09:02:49,0.01982200,0.17000000
2018-02-23 09:02:49,0.01980000,0.33000000
2018-02-23 09:02:49,0.01982200,1.51000000
2018-02-23 09:02:49,0.01979900,1.51000000
2018-02-23 09:02:50,0.01981900,0.32000000
2018-02-23 09:02:51,0.01981900,0.53000000
2018-02-23 09:02:51,0.01982000,0.71000000
2018-02-23 09:02:51,0.01980000,1.06000000
2018-02-23 09:02:51,0.01982000,0.79000000
2018-02-23 09:02:51,0.01982000,1.50000000
2018-02-23 09:02:51,0.01982000,1.69000000
2018-02-23 09:02:51,0.01982100,0.49000000
2018-02-23 09:02:52,0.01982100,3.81000000
2018-02-23 09:02:52,0.01982100,0.13000000
2018-02-23 09:02:52,0.01982100,1.68000000
2018-02-23 09:02:52,0.01982200,3.85000000
2018-02-23 09:02:54,0.01982600,0.10000000
2018-02-23 09:02:54,0.01983500,0.40000000
2018-02-23 09:02:59,0.01983300,0.50000000
2018-02-23 09:03:00,0.01981200,0.51000000
2018-02-23 09:03:02,0.01983200,0.10000000
2018-02-23 09:03:09,0.01981300,0.75000000
2018-02-23 09:03:09,0.01981300,0.65000000
2018-02-23 09:03:09,0.01981300,0.15000000
2018-02-23 09:03:09,0.01981300,5.68000000
2018-02-23 09:03:10,0.01981300,8.09000000
2018-02-23 09:03:13,0.01981300,1.51000000
2018-02-23 09:03:15,0.01981300,0.52000000
2018-02-23 09:03:17,0.01983300,2.82000000
2018-02-23 09:03:17,0.01980800,3.39000000
2018-02-23 09:03:30,0.01981100,2.70000000
2018-02-23 09:03:35,0.01983300,0.50000000
2018-02-23 09:03:52,0.01983300,0.06000000
2018-02-23 09:03:52,0.01983500,0.44000000
2018-02-23 09:03:57,0.01983600,0.50000000
2018-02-23 09:04:16,0.01981200,0.37000000
2018-02-23 09:04:25,0.01981300,0.80000000
2018-02-23 09:04:26,0.01981300,1.24000000
2018-02-23 09:04:28,0.01981300,0.18000000
2018-02-23 09:04:29,0.01981300,1.22000000
2018-02-23 09:04:37,0.01983200,3.44000000
2018-02-23 09:04:37,0.01983300,2.24000000
2018-02-23 09:04:37,0.01983500,0.44000000
2018-02-23 09:04:37,0.01983600,4.71000000
2018-02-23 09:04:37,0.01983800,1.11000000
2018-02-23 09:04:37,0.01984300,0.72000000
2018-02-23 09:04:37,0.01984500,0.28000000
2018-02-23 09:04:37,0.01984600,0.10000000
2018-02-23 09:04:37,0.01985000,0.16000000
2018-02-23 09:04:37,0.01986000,3.58000000
2018-02-23 09:04:37,0.01986600,0.10000000
2018-02-23 09:04:37,0.01986900,0.51000000
2018-02-23 09:04:37,0.01987000,0.47000000
2018-02-23 09:04:37,0.01987300,0.18000000
2018-02-23 09:04:37,0.01987900,1.10000000
2018-02-23 09:04:37,0.01988000,0.30000000
2018-02-23 09:04:37,0.01988200,0.07000000
2018-02-23 09:04:37,0.01988300,0.51000000
2018-02-23 09:04:37,0.01988600,0.10000000
2018-02-23 09:04:37,0.01989100,4.88000000
2018-02-23 09:04:38,0.01984500,0.10000000
2018-02-23 09:04:39,0.01984500,0.96000000
2018-02-23 09:04:39,0.01984600,3.00000000
2018-02-23 09:04:39,0.01984900,0.26000000
2018-02-23 09:04:39,0.01984900,0.22000000
2018-02-23 09:04:39,0.01984900,7.07000000
2018-02-23 09:04:39,0.01984700,0.26000000
2018-02-23 09:04:39,0.01982600,0.10000000
2018-02-23 09:04:39,0.01981700,0.26000000
2018-02-23 09:04:39,0.01981700,0.36000000
2018-02-23 09:04:39,0.01981700,1.51000000
2018-02-23 09:04:39,0.01981700,9.97000000
2018-02-23 09:04:39,0.01981700,1.51000000
2018-02-23 09:04:40,0.01984600,0.26000000
2018-02-23 09:04:40,0.01984600,0.10000000
2018-02-23 09:04:40,0.01981700,2.52000000
2018-02-23 09:04:40,0.01981800,0.10000000
2018-02-23 09:05:00,0.01982200,0.18000000
2018-02-23 09:05:01,0.01983200,1.51000000
2018-02-23 09:05:01,0.01983200,1.51000000
2018-02-23 09:05:01,0.01983200,4.53000000
2018-02-23 09:05:01,0.01983300,1.51000000
2018-02-23 09:05:02,0.01983300,1.51000000
2018-02-23 09:05:07,0.01982400,1.97000000
2018-02-23 09:05:11,0.01983100,1.51000000
2018-02-23 09:05:11,0.01983100,1.33000000
2018-02-23 09:05:20,0.01983200,0.49000000
2018-02-23 09:05:20,0.01983200,0.43000000
2018-02-23 09:05:22,0.01983200,0.59000000
2018-02-23 09:05:24,0.01982700,1.05000000
2018-02-23 09:05:24,0.01982500,1.94000000
2018-02-23 09:05:26,0.01983300,0.21000000
2018-02-23 09:05:26,0.01983400,0.39000000
2018-02-23 09:05:31,0.01983400,0.50000000
2018-02-23 09:05:40,0.01983400,0.80000000
2018-02-23 09:05:40,0.01983400,0.80000000
2018-02-23 09:05:40,0.01982600,0.80000000
2018-02-23 09:05:41,0.01983400,13.64000000
2018-02-23 09:05:51,0.01984500,0.14000000
2018-02-23 09:05:52,0.01983500,0.06000000
2018-02-23 09:05:52,0.01984600,0.10000000
2018-02-23 09:05:52,0.01984900,0.12000000
2018-02-23 09:05:53,0.01984900,0.50000000
2018-02-23 09:05:54,0.01983500,0.52000000
2018-02-23 09:05:56,0.01983500,0.05000000
2018-02-23 09:05:56,0.01983500,1.99000000
2018-02-23 09:05:56,0.01984800,0.50000000
2018-02-23 09:06:03,0.01983500,0.43000000
2018-02-23 09:06:03,0.01983500,0.20000000
2018-02-23 09:06:04,0.01983500,0.18000000
2018-02-23 09:06:04,0.01983500,0.18000000
2018-02-23 09:06:06,0.01984700,1.36000000
2018-02-23 09:06:06,0.01984900,2.18000000
2018-02-23 09:06:08,0.01984800,0.17000000
2018-02-23 09:06:08,0.01984900,0.83000000
2018-02-23 09:06:09,0.01984900,1.92000000
2018-02-23 09:06:09,0.01985600,0.71000000
2018-02-23 09:06:09,0.01983500,1.11000000
2018-02-23 09:06:11,0.01984800,1.02000000
2018-02-23 09:06:11,0.01985500,0.71000000
2018-02-23 09:06:11,0.01985600,0.33000000
2018-02-23 09:06:12,0.01985600,0.22000000
2018-02-23 09:06:12,0.01986400,0.78000000
2018-02-23 09:06:12,0.01983600,0.13000000
2018-02-23 09:06:12,0.01983500,1.84000000
2018-02-23 09:06:12,0.01983400,17.83000000
2018-02-23 09:06:15,0.01983000,7.56000000
2018-02-23 09:06:15,0.01983100,0.56000000
2018-02-23 09:06:20,0.01984700,0.50000000
2018-02-23 09:06:21,0.01983000,1.80000000
2018-02-23 09:06:21,0.01984700,0.50000000
2018-02-23 09:06:23,0.01982700,1.51000000
2018-02-23 09:06:29,0.01982600,0.10000000
2018-02-23 09:06:29,0.01982500,1.51000000
2018-02-23 09:06:29,0.01982500,1.41000000
2018-02-23 09:06:29,0.01982400,1.51000000
2018-02-23 09:06:29,0.01982400,1.15000000
2018-02-23 09:06:29,0.01982400,2.67000000
2018-02-23 09:06:29,0.01981600,0.51000000
2018-02-23 09:06:30,0.01980600,1.51000000
2018-02-23 09:06:31,0.01982000,0.07000000
2018-02-23 09:06:35,0.01981700,2.92000000
2018-02-23 09:06:35,0.01981700,0.90000000
2018-02-23 09:06:35,0.01982400,1.53000000
2018-02-23 09:06:35,0.01982500,0.09000000
2018-02-23 09:06:36,0.01981600,0.56000000
2018-02-23 09:06:36,0.01982200,2.21000000
2018-02-23 09:06:37,0.01982200,2.21000000
2018-02-23 09:06:37,0.01982500,0.31000000
2018-02-23 09:06:39,0.01980600,2.62000000
2018-02-23 09:06:39,0.01980500,0.71000000
2018-02-23 09:06:39,0.01980200,0.01000000
2018-02-23 09:06:40,0.01982400,0.50000000
2018-02-23 09:06:42,0.01982400,0.51000000
2018-02-23 09:06:42,0.01982500,2.32000000
2018-02-23 09:06:42,0.01982500,0.20000000
2018-02-23 09:06:42,0.01982600,0.10000000
2018-02-23 09:06:42,0.01983500,0.20000000
2018-02-23 09:06:50,0.01983400,0.50000000
2018-02-23 09:06:52,0.01983400,1.01000000
2018-02-23 09:06:52,0.01983500,0.32000000
2018-02-23 09:06:55,0.01984000,0.67000000
2018-02-23 09:06:55,0.01984000,2.70000000
2018-02-23 09:06:55,0.01981600,2.70000000
2018-02-23 09:06:56,0.01981800,0.40000000
2018-02-23 09:06:58,0.01984600,0.10000000
2018-02-23 09:06:58,0.01984800,0.15000000
2018-02-23 09:06:58,0.01985900,0.25000000
2018-02-23 09:07:04,0.01985300,0.50000000
2018-02-23 09:07:07,0.01984200,0.40000000
2018-02-23 09:07:08,0.01982700,0.58000000
2018-02-23 09:07:11,0.01984400,2.52000000
2018-02-23 09:07:11,0.01984400,0.18000000
2018-02-23 09:07:11,0.01984500,3.00000000
2018-02-23 09:07:11,0.01985300,0.23000000
2018-02-23 09:07:14,0.01982900,0.40000000
2018-02-23 09:07:15,0.01985300,1.56000000
2018-02-23 09:07:16,0.01985300,1.20000000
2018-02-23 09:07:16,0.01985300,3.87000000
2018-02-23 09:07:17,0.01985300,3.63000000
2018-02-23 09:07:17,0.01985300,0.66000000
2018-02-23 09:07:20,0.01985400,1.04000000
2018-02-23 09:07:22,0.01985400,0.11000000
2018-02-23 09:07:26,0.01983500,0.40000000
2018-02-23 09:07:27,0.01983500,0.80000000
2018-02-23 09:07:29,0.01985400,4.03000000
2018-02-23 09:07:29,0.01985400,0.80000000
2018-02-23 09:07:30,0.01985400,0.55000000
2018-02-23 09:07:31,0.01985400,0.06000000
2018-02-23 09:07:33,0.01986300,0.40000000
2018-02-23 09:07:33,0.01986400,0.10000000
2018-02-23 09:07:33,0.01986400,0.03000000
2018-02-23 09:07:33,0.01986600,0.10000000
2018-02-23 09:07:33,0.01986800,1.50000000
2018-02-23 09:07:34,0.01986800,0.45000000
2018-02-23 09:07:34,0.01987900,0.40000000
2018-02-23 09:07:34,0.01988000,0.10000000
2018-02-23 09:07:37,0.01984700,0.10000000
2018-02-23 09:07:37,0.01985300,0.59000000
2018-02-23 09:07:38,0.01988100,3.26000000
2018-02-23 09:07:39,0.01988100,1.79000000
2018-02-23 09:07:39,0.01988100,1.50000000
2018-02-23 09:07:39,0.01988200,0.18000000
2018-02-23 09:07:39,0.01988100,0.10000000
2018-02-23 09:07:39,0.01988100,1.44000000
2018-02-23 09:07:39,0.01988100,1.50000000
2018-02-23 09:07:39,0.01988100,1.50000000
2018-02-23 09:07:39,0.01988200,0.10000000
2018-02-23 09:07:39,0.01988100,1.50000000
2018-02-23 09:07:39,0.01988100,1.50000000
2018-02-23 09:07:39,0.01988200,1.22000000
2018-02-23 09:07:39,0.01988200,1.50000000
2018-02-23 09:07:40,0.01988200,1.50000000
2018-02-23 09:07:40,0.01988200,1.78000000
2018-02-23 09:07:40,0.01988100,3.00000000
2018-02-23 09:07:40,0.01988100,0.80000000
2018-02-23 09:07:40,0.01988500,0.50000000
2018-02-23 09:07:40,0.01988100,1.50000000
2018-02-23 09:07:40,0.01988100,1.50000000
2018-02-23 09:07:40,0.01988100,3.99000000
2018-02-23 09:07:48,0.01988100,1.50000000
2018-02-23 09:07:48,0.01988100,1.37000000
2018-02-23 09:07:49,0.01988100,0.80000000
2018-02-23 09:07:51,0.01988100,1.47000000
2018-02-23 09:07:51,0.01985300,0.56000000
2018-02-23 09:07:52,0.01985400,1.45000000
2018-02-23 09:07:53,0.01985300,0.15000000
2018-02-23 09:07:53,0.01987900,0.50000000
2018-02-23 09:07:55,0.01985600,0.80000000
2018-02-23 09:07:55,0.01987800,0.50000000
2018-02-23 09:07:56,0.01985600,1.51000000
2018-02-23 09:07:56,0.01985600,2.02000000
2018-02-23 09:07:56,0.01985600,0.51000000
2018-02-23 09:07:56,0.01985600,1.51000000
2018-02-23 09:07:56,0.01985600,1.51000000
2018-02-23 09:07:56,0.01987800,0.50000000
2018-02-23 09:07:56,0.01985600,0.89000000
2018-02-23 09:07:56,0.01985500,1.51000000
2018-02-23 09:07:56,0.01985500,0.10000000
2018-02-23 09:08:00,0.01985400,0.41000000
2018-02-23 09:08:01,0.01986900,0.05000000
2018-02-23 09:08:02,0.01986900,0.50000000
2018-02-23 09:08:04,0.01986900,0.50000000
2018-02-23 09:08:10,0.01985400,1.16000000
2018-02-23 09:08:15,0.01985400,0.33000000
2018-02-23 09:08:15,0.01985300,5.85000000
2018-02-23 09:08:15,0.01985000,12.01000000
2018-02-23 09:08:15,0.01984600,0.10000000
2018-02-23 09:08:15,0.01983100,5.10000000
2018-02-23 09:08:18,0.01986100,0.50000000
2018-02-23 09:08:18,0.01986400,1.50000000
2018-02-23 09:08:18,0.01986300,1.50000000
2018-02-23 09:08:18,0.01984000,0.24000000
2018-02-23 09:08:19,0.01986300,1.50000000
2018-02-23 09:08:19,0.01986300,1.50000000
2018-02-23 09:08:19,0.01986300,1.05000000
2018-02-23 09:08:19,0.01986300,0.30000000
2018-02-23 09:08:19,0.01986400,1.00000000
2018-02-23 09:08:19,0.01983700,0.29000000
2018-02-23 09:08:19,0.01986400,0.76000000
2018-02-23 09:08:19,0.01984100,1.00000000
2018-02-23 09:08:20,0.01986400,3.79000000
2018-02-23 09:08:20,0.01986400,0.55000000
2018-02-23 09:08:20,0.01983900,0.55000000
2018-02-23 09:08:21,0.01984000,0.12000000
2018-02-23 09:08:22,0.01985900,0.79000000
2018-02-23 09:08:22,0.01985900,1.36000000
2018-02-23 09:08:22,0.01985900,3.95000000
2018-02-23 09:08:22,0.01985900,0.01000000
2018-02-23 09:08:23,0.01985900,0.13000000
2018-02-23 09:08:23,0.01985900,0.51000000
2018-02-23 09:08:24,0.01986000,0.26000000
2018-02-23 09:08:24,0.01985900,0.08000000
2018-02-23 09:08:24,0.01985900,0.03000000
2018-02-23 09:08:27,0.01985900,1.50000000
2018-02-23 09:08:27,0.01985900,1.50000000
2018-02-23 09:08:27,0.01985900,0.38000000
2018-02-23 09:08:27,0.01985900,1.50000000
2018-02-23 09:08:28,0.01985900,1.23000000
2018-02-23 09:08:30,0.01986500,0.71000000
2018-02-23 09:08:30,0.01986500,0.28000000
2018-02-23 09:08:30,0.01986500,0.28000000
2018-02-23 09:08:30,0.01986500,0.24000000
2018-02-23 09:08:30,0.01986600,0.10000000
2018-02-23 09:08:30,0.01987000,1.76000000
2018-02-23 09:08:30,0.01987000,2.16000000
2018-02-23 09:08:30,0.01987000,5.37000000
2018-02-23 09:08:30,0.01987000,0.95000000
2018-02-23 09:08:30,0.01987900,4.37000000
2018-02-23 09:08:30,0.01988000,0.15000000
2018-02-23 09:08:30,0.01988600,0.29000000
2018-02-23 09:08:31,0.01986600,0.06000000
2018-02-23 09:08:31,0.01986600,0.12000000
2018-02-23 09:08:32,0.01986600,0.03000000
2018-02-23 09:08:41,0.01988300,1.74000000
2018-02-23 09:08:43,0.01988400,0.50000000
2018-02-23 09:08:55,0.01986600,0.07000000
2018-02-23 09:08:55,0.01986500,0.24000000
2018-02-23 09:08:56,0.01988400,1.00000000
2018-02-23 09:08:58,0.01988400,4.88000000
2018-02-23 09:09:02,0.01988400,0.45000000
2018-02-23 09:09:04,0.01988400,4.90000000
2018-02-23 09:09:11,0.01988500,1.96000000
2018-02-23 09:09:13,0.01988500,0.46000000
2018-02-23 09:09:14,0.01988500,2.49000000
2018-02-23 09:09:15,0.01988500,0.53000000
2018-02-23 09:09:16,0.01988500,0.42000000
2018-02-23 09:09:16,0.01988500,3.01000000
2018-02-23 09:09:17,0.01988500,0.65000000
2018-02-23 09:09:18,0.01988500,3.21000000
2018-02-23 09:09:18,0.01988600,0.69000000
2018-02-23 09:09:19,0.01989200,0.84000000
2018-02-23 09:09:19,0.01989300,1.50000000
2018-02-23 09:09:20,0.01989300,1.50000000
2018-02-23 09:09:20,0.01989300,0.72000000
2018-02-23 09:09:21,0.01989300,1.50000000
2018-02-23 09:09:21,0.01989300,2.22000000
2018-02-23 09:09:21,0.01989800,0.47000000
2018-02-23 09:09:21,0.01989800,0.42000000
2018-02-23 09:09:27,0.01988600,13.48000000
2018-02-23 09:09:27,0.01988500,16.56000000
2018-02-23 09:09:29,0.01988500,6.54000000
2018-02-23 09:09:33,0.01988600,5.00000000
2018-02-23 09:09:40,0.01989200,0.50000000
2018-02-23 09:09:40,0.01989200,0.75000000
2018-02-23 09:09:43,0.01988600,0.50000000
2018-02-23 09:09:44,0.01988500,21.28000000
2018-02-23 09:09:44,0.01988400,0.85000000
2018-02-23 09:09:46,0.01988400,6.04000000
2018-02-23 09:09:46,0.01989200,0.50000000
2018-02-23 09:09:46,0.01989200,0.50000000
2018-02-23 09:09:49,0.01989200,0.33000000
2018-02-23 09:09:49,0.01989800,0.50000000
2018-02-23 09:09:49,0.01989200,2.07000000
2018-02-23 09:09:54,0.01989200,0.56000000
2018-02-23 09:09:56,0.01989200,0.80000000
2018-02-23 09:09:58,0.01989200,0.29000000
2018-02-23 09:10:00,0.01989200,1.50000000
2018-02-23 09:10:00,0.01989200,0.80000000
2018-02-23 09:10:00,0.01989200,0.94000000
2018-02-23 09:10:02,0.01989200,0.07000000
2018-02-23 09:10:03,0.01989200,0.80000000
2018-02-23 09:10:03,0.01989200,1.50000000
2018-02-23 09:10:04,0.01989200,1.50000000
2018-02-23 09:10:05,0.01989200,1.15000000
2018-02-23 09:10:05,0.01989200,0.15000000
2018-02-23 09:10:09,0.01989200,0.07000000
2018-02-23 09:10:20,0.01989200,5.00000000
2018-02-23 09:10:20,0.01989800,4.50000000
2018-02-23 09:10:23,0.01989700,2.42000000
2018-02-23 09:10:24,0.01989200,7.41000000
2018-02-23 09:10:24,0.01988400,2.25000000
2018-02-23 09:10:25,0.01988000,1.36000000
2018-02-23 09:10:25,0.01988000,1.36000000
2018-02-23 09:10:25,0.01988000,1.36000000
2018-02-23 09:10:25,0.01988000,1.36000000
2018-02-23 09:10:25,0.01987000,1.36000000
2018-02-23 09:10:26,0.01988000,0.79000000
2018-02-23 09:10:26,0.01988000,0.80000000
2018-02-23 09:10:28,0.01988000,1.50000000
2018-02-23 09:10:28,0.01988000,1.50000000
2018-02-23 09:10:28,0.01988000,0.47000000
2018-02-23 09:10:29,0.01989200,0.51000000
2018-02-23 09:10:30,0.01989400,0.50000000
2018-02-23 09:10:32,0.01989400,0.50000000
2018-02-23 09:10:33,0.01989400,0.12000000
2018-02-23 09:10:33,0.01989500,0.38000000
2018-02-23 09:10:34,0.01989200,2.16000000
2018-02-23 09:10:35,0.01989200,1.26000000
2018-02-23 09:10:42,0.01989200,1.39000000
2018-02-23 09:10:42,0.01989200,1.50000000
2018-02-23 09:10:43,0.01989200,1.50000000
2018-02-23 09:10:44,0.01989200,3.68000000
2018-02-23 09:10:48,0.01986600,0.18000000
2018-02-23 09:10:50,0.01988600,0.10000000
2018-02-23 09:10:50,0.01988900,0.40000000
2018-02-23 09:10:50,0.01988900,0.89000000
2018-02-23 09:11:19,0.01988300,5.04000000
2018-02-23 09:11:19,0.01988500,5.69000000
2018-02-23 09:11:19,0.01988500,0.24000000
2018-02-23 09:11:19,0.01988500,0.80000000
2018-02-23 09:11:20,0.01988700,1.50000000
2018-02-23 09:11:20,0.01988700,0.38000000
2018-02-23 09:11:20,0.01988700,1.88000000
2018-02-23 09:11:26,0.01988700,0.80000000
2018-02-23 09:11:26,0.01988900,0.50000000
2018-02-23 09:11:27,0.01988700,1.55000000
2018-02-23 09:11:28,0.01988700,0.06000000
2018-02-23 09:11:29,0.01988700,0.50000000
2018-02-23 09:11:31,0.01988500,0.61000000
2018-02-23 09:11:32,0.01988500,0.20000000
2018-02-23 09:11:33,0.01988700,0.48000000
2018-02-23 09:11:39,0.01988500,0.80000000
2018-02-23 09:11:44,0.01988500,1.50000000
2018-02-23 09:11:44,0.01988500,4.68000000
2018-02-23 09:11:44,0.01986700,1.67000000
2018-02-23 09:11:44,0.01986600,0.20000000
2018-02-23 09:11:44,0.01985500,0.13000000
2018-02-23 09:11:44,0.01985100,21.86000000
2018-02-23 09:11:50,0.01985000,0.11000000
2018-02-23 09:11:55,0.01985200,0.11000000
2018-02-23 09:11:55,0.01985200,0.12000000
2018-02-23 09:11:55,0.01985200,0.20000000
2018-02-23 09:11:59,0.01985200,0.07000000
2018-02-23 09:11:59,0.01987200,0.80000000
2018-02-23 09:11:59,0.01987200,0.79000000
2018-02-23 09:12:00,0.01987200,0.71000000
2018-02-23 09:12:03,0.01987200,0.90000000
2018-02-23 09:12:03,0.01987200,0.90000000
2018-02-23 09:12:03,0.01987200,0.60000000
2018-02-23 09:12:05,0.01987200,0.63000000
2018-02-23 09:12:05,0.01987200,0.67000000
2018-02-23 09:12:05,0.01984800,0.26000000
2018-02-23 09:12:05,0.01987200,1.50000000
2018-02-23 09:12:05,0.01987200,1.50000000
2018-02-23 09:12:08,0.01987000,1.64000000
2018-02-23 09:12:09,0.01987000,0.05000000
2018-02-23 09:12:09,0.01984600,0.44000000
2018-02-23 09:12:10,0.01984700,0.15000000
2018-02-23 09:12:11,0.01986600,0.10000000
2018-02-23 09:12:11,0.01986900,0.34000000
2018-02-23 09:12:11,0.01987000,0.06000000
2018-02-23 09:12:12,0.01984700,5.91000000
2018-02-23 09:12:13,0.01984700,0.53000000
2018-02-23 09:12:13,0.01984700,1.21000000
2018-02-23 09:12:13,0.01984700,1.20000000
2018-02-23 09:12:13,0.01984700,1.20000000
2018-02-23 09:12:13,0.01984700,1.20000000
2018-02-23 09:12:13,0.01984700,0.57000000
2018-02-23 09:12:13,0.01984700,0.77000000
2018-02-23 09:12:19,0.01986700,0.50000000
2018-02-23 09:12:25,0.01986700,0.21000000
2018-02-23 09:12:29,0.01986700,1.01000000
2018-02-23 09:12:29,0.01986700,1.01000000
2018-02-23 09:12:29,0.01986700,0.50000000
2018-02-23 09:12:29,0.01986700,1.24000000
2018-02-23 09:12:32,0.01986600,0.50000000
2018-02-23 09:12:32,0.01985500,1.44000000
2018-02-23 09:12:32,0.01985000,0.49000000
2018-02-23 09:12:32,0.01986600,0.24000000
2018-02-23 09:12:33,0.01986500,0.50000000
2018-02-23 09:12:36,0.01986500,1.09000000
2018-02-23 09:12:36,0.01986600,0.93000000
2018-02-23 09:12:36,0.01986700,0.15000000
2018-02-23 09:12:36,0.01986700,0.23000000
2018-02-23 09:12:36,0.01986700,0.21000000
2018-02-23 09:12:36,0.01986700,4.41000000
2018-02-23 09:12:36,0.01986800,6.18000000
2018-02-23 09:12:36,0.01986800,4.40000000
2018-02-23 09:12:37,0.01987000,0.26000000
2018-02-23 09:12:43,0.01987100,0.53000000
2018-02-23 09:12:43,0.01987200,0.97000000
2018-02-23 09:12:43,0.01987200,0.11000000
2018-02-23 09:12:43,0.01987300,0.18000000
2018-02-23 09:12:43,0.01987500,0.24000000
2018-02-23 09:12:43,0.01987000,0.34000000
2018-02-23 09:12:45,0.01987000,0.33000000
2018-02-23 09:12:46,0.01987000,0.31000000
2018-02-23 09:12:46,0.01986600,0.31000000
2018-02-23 09:12:47,0.01987000,0.07000000
2018-02-23 09:12:51,0.01987000,1.43000000
2018-02-23 09:12:54,0.01986900,0.17000000
2018-02-23 09:12:58,0.01986500,0.13000000
2018-02-23 09:12:58,0.01986900,4.83000000
2018-02-23 09:12:58,0.01987000,8.86000000
2018-02-23 09:13:06,0.01986900,0.40000000
2018-02-23 09:13:06,0.01987000,9.97000000
2018-02-23 09:13:06,0.01987000,1.50000000
2018-02-23 09:13:06,0.01987000,3.37000000
2018-02-23 09:13:06,0.01987000,1.50000000
2018-02-23 09:13:06,0.01987000,3.37000000
2018-02-23 09:13:06,0.01985300,0.41000000
2018-02-23 09:13:10,0.01985400,0.50000000
2018-02-23 09:13:10,0.01985300,1.10000000
2018-02-23 09:13:11,0.01987000,32.62000000
2018-02-23 09:13:12,0.01987000,0.30000000
2018-02-23 09:13:12,0.01987000,0.30000000
2018-02-23 09:13:18,0.01985400,0.40000000
2018-02-23 09:13:20,0.01987000,0.17000000
2018-02-23 09:13:21,0.01987000,26.38000000
2018-02-23 09:13:23,0.01987000,0.80000000
2018-02-23 09:13:23,0.01987000,0.80000000
2018-02-23 09:13:23,0.01987000,0.23000000
2018-02-23 09:13:23,0.01987000,0.70000000
2018-02-23 09:13:23,0.01987000,1.50000000
2018-02-23 09:13:23,0.01987000,1.22000000
2018-02-23 09:13:23,0.01987000,1.50000000
2018-02-23 09:13:24,0.01987000,0.50000000
2018-02-23 09:13:25,0.01985600,1.85000000
2018-02-23 09:13:25,0.01987000,2.52000000
2018-02-23 09:13:27,0.01987000,1.50000000
2018-02-23 09:13:27,0.01986900,0.40000000
2018-02-23 09:13:27,0.01987000,1.10000000
2018-02-23 09:13:27,0.01985600,1.50000000
2018-02-23 09:13:28,0.01985600,2.30000000
2018-02-23 09:13:29,0.01987000,0.50000000
2018-02-23 09:13:30,0.01985600,0.53000000
2018-02-23 09:13:30,0.01987000,24.57000000
2018-02-23 09:13:34,0.01985700,4.32000000
2018-02-23 09:13:34,0.01985600,0.82000000
2018-02-23 09:13:34,0.01985500,11.31000000
2018-02-23 09:13:34,0.01985300,0.22000000
2018-02-23 09:13:34,0.01985200,0.26000000
2018-02-23 09:13:34,0.01985000,6.87000000
2018-02-23 09:13:34,0.01984900,7.36000000
2018-02-23 09:13:34,0.01984700,0.68000000
2018-02-23 09:13:34,0.01984600,9.14000000
2018-02-23 09:13:38,0.01986700,0.50000000
2018-02-23 09:13:40,0.01986600,0.40000000
2018-02-23 09:13:41,0.01986500,1.99000000
2018-02-23 09:13:42,0.01986400,1.30000000
2018-02-23 09:13:42,0.01986400,1.30000000
2018-02-23 09:13:42,0.01984700,1.30000000
2018-02-23 09:13:46,0.01986400,0.11000000
2018-02-23 09:13:47,0.01986400,0.08000000
2018-02-23 09:13:48,0.01986400,1.50000000
2018-02-23 09:13:48,0.01986400,1.37000000
2018-02-23 09:13:48,0.01986500,1.20000000
2018-02-23 09:13:48,0.01986500,0.18000000
2018-02-23 09:13:48,0.01986500,1.50000000
2018-02-23 09:13:48,0.01986500,0.08000000
2018-02-23 09:13:49,0.01986500,0.50000000
2018-02-23 09:13:54,0.01986500,0.50000000
2018-02-23 09:13:55,0.01986300,1.11000000
2018-02-23 09:13:55,0.01986500,0.91000000
2018-02-23 09:13:55,0.01986900,6.06000000
2018-02-23 09:13:55,0.01987000,3.92000000
2018-02-23 09:14:02,0.01987000,0.50000000
2018-02-23 09:14:05,0.01987000,0.72000000
2018-02-23 09:14:10,0.01986000,1.29000000
2018-02-23 09:14:16,0.01986800,2.96000000
2018-02-23 09:14:16,0.01987000,8.45000000
2018-02-23 09:14:16,0.01987000,0.26000000
2018-02-23 09:14:17,0.01987100,1.00000000
2018-02-23 09:14:17,0.01987100,6.36000000
2018-02-23 09:14:17,0.01987000,4.77000000
2018-02-23 09:14:29,0.01987100,0.56000000
2018-02-23 09:14:30,0.01987100,0.40000000
2018-02-23 09:14:37,0.01988600,0.24000000
2018-02-23 09:14:38,0.01987100,2.75000000
2018-02-23 09:14:41,0.01988700,0.60000000
2018-02-23 09:14:41,0.01988900,5.33000000
2018-02-23 09:14:42,0.01989200,6.44000000
2018-02-23 09:14:42,0.01989600,0.97000000
2018-02-23 09:14:42,0.01989900,10.89000000
2018-02-23 09:14:42,0.01990000,29.83000000
2018-02-23 09:14:43,0.01990600,0.50000000
2018-02-23 09:14:49,0.01990500,0.02000000
2018-02-23 09:14:50,0.01990500,0.50000000
2018-02-23 09:15:00,0.01990600,1.47000000
2018-02-23 09:15:03,0.01990500,0.80000000
2018-02-23 09:15:03,0.01990500,0.20000000
2018-02-23 09:15:05,0.01990000,0.20000000
2018-02-23 09:15:06,0.01990000,1.50000000
2018-02-23 09:15:06,0.01990000,0.18000000
2018-02-23 09:15:06,0.01990000,1.00000000
2018-02-23 09:15:06,0.01990000,0.80000000
2018-02-23 09:15:11,0.01989800,0.50000000
2018-02-23 09:15:11,0.01989900,0.35000000
2018-02-23 09:15:15,0.01989000,0.19000000
2018-02-23 09:15:15,0.01989900,0.45000000
2018-02-23 09:15:17,0.01990100,0.78000000
2018-02-23 09:15:17,0.01990500,0.99000000
2018-02-23 09:15:17,0.01990700,1.26000000
2018-02-23 09:15:17,0.01991000,1.54000000
2018-02-23 09:15:21,0.01991100,0.30000000
2018-02-23 09:15:21,0.01991400,1.07000000
2018-02-23 09:15:22,0.01991500,0.15000000
2018-02-23 09:15:22,0.01991900,0.50000000
2018-02-23 09:15:23,0.01992000,1.45000000
2018-02-23 09:15:24,0.01992000,0.75000000
2018-02-23 09:15:24,0.01992400,1.77000000
2018-02-23 09:15:25,0.01989600,0.76000000
2018-02-23 09:15:26,0.01992400,1.45000000
2018-02-23 09:15:27,0.01992400,4.14000000
2018-02-23 09:15:27,0.01992500,8.87000000
2018-02-23 09:15:28,0.01992500,1.07000000
2018-02-23 09:15:28,0.01992600,0.21000000
2018-02-23 09:15:28,0.01992900,0.06000000
2018-02-23 09:15:28,0.01993000,0.11000000
2018-02-23 09:15:29,0.01992300,0.78000000
2018-02-23 09:15:29,0.01990600,0.10000000
2018-02-23 09:15:29,0.01992800,0.50000000
2018-02-23 09:15:29,0.01989700,0.10000000
2018-02-23 09:15:31,0.01992600,0.10000000
2018-02-23 09:15:31,0.01993000,0.40000000
2018-02-23 09:15:32,0.01992400,0.26000000
2018-02-23 09:15:32,0.01990200,1.50000000
2018-02-23 09:15:33,0.01993000,0.50000000
2018-02-23 09:15:34,0.01990600,0.10000000
2018-02-23 09:15:34,0.01990600,0.23000000
2018-02-23 09:15:34,0.01993000,0.29000000
2018-02-23 09:15:36,0.01992400,1.50000000
2018-02-23 09:15:37,0.01990500,0.60000000
2018-02-23 09:15:37,0.01990500,0.10000000
2018-02-23 09:15:39,0.01992600,0.10000000
2018-02-23 09:15:40,0.01993000,3.35000000
2018-02-23 09:15:40,0.01993000,3.30000000
2018-02-23 09:15:41,0.01992800,0.01000000
2018-02-23 09:15:45,0.01993000,1.93000000
2018-02-23 09:15:46,0.01992800,0.06000000
2018-02-23 09:15:48,0.01990800,0.13000000
2018-02-23 09:15:48,0.01992800,0.08000000
2018-02-23 09:15:48,0.01993000,0.74000000
2018-02-23 09:15:48,0.01993000,3.31000000
2018-02-23 09:15:48,0.01993000,0.75000000
2018-02-23 09:15:49,0.01990800,0.16000000
2018-02-23 09:15:50,0.01990800,0.20000000
2018-02-23 09:15:50,0.01990800,0.01000000
2018-02-23 09:15:55,0.01991000,10.00000000
2018-02-23 09:15:56,0.01990700,4.25000000
2018-02-23 09:15:57,0.01993000,19.78000000
2018-02-23 09:15:58,0.01993000,0.95000000
2018-02-23 09:15:59,0.01993000,12.37000000
2018-02-23 09:15:59,0.01993000,4.73000000
2018-02-23 09:16:00,0.01993000,0.94000000
2018-02-23 09:16:01,0.01992300,4.98000000
2018-02-23 09:16:01,0.01992300,2.51000000
2018-02-23 09:16:01,0.01992300,4.98000000
2018-02-23 09:16:01,0.01992300,0.70000000
2018-02-23 09:16:01,0.01992300,0.85000000
2018-02-23 09:16:02,0.01993000,0.84000000
2018-02-23 09:16:02,0.01993000,0.61000000
2018-02-23 09:16:02,0.01993000,4.83000000
2018-02-23 09:16:02,0.01993000,4.81000000
2018-02-23 09:16:02,0.01990900,0.12000000
2018-02-23 09:16:03,0.01993000,9.82000000
2018-02-23 09:16:03,0.01993000,3.60000000
2018-02-23 09:16:03,0.01993000,2.94000000
2018-02-23 09:16:03,0.01993000,0.92000000
2018-02-23 09:16:04,0.01993000,2.39000000
2018-02-23 09:16:04,0.01993100,0.12000000
2018-02-23 09:16:04,0.01993200,0.06000000
2018-02-23 09:16:04,0.01993400,0.09000000
2018-02-23 09:16:04,0.01993700,0.60000000
2018-02-23 09:16:04,0.01993800,1.00000000
2018-02-23 09:16:04,0.01993900,0.14000000
2018-02-23 09:16:04,0.01994000,0.52000000
2018-02-23 09:16:04,0.01994200,0.07000000
2018-02-23 09:16:04,0.01994400,1.73000000
2018-02-23 09:16:04,0.01994500,0.45000000
2018-02-23 09:16:04,0.01994600,0.10000000
2018-02-23 09:16:04,0.01994900,1.92000000
2018-02-23 09:16:04,0.01995000,0.39000000
2018-02-23 09:16:04,0.01995200,0.10000000
2018-02-23 09:16:04,0.01995800,0.28000000
2018-02-23 09:16:04,0.01996400,2.40000000
2018-02-23 09:16:04,0.01996500,5.59000000
2018-02-23 09:16:04,0.01996700,0.18000000
2018-02-23 09:16:04,0.01996800,0.51000000
2018-02-23 09:16:04,0.01997100,1.26000000
2018-02-23 09:16:08,0.01995200,0.79000000
2018-02-23 09:16:12,0.01995200,0.06000000
2018-02-23 09:16:13,0.01995200,0.08000000
2018-02-23 09:16:13,0.01995300,3.08000000
2018-02-23 09:16:15,0.01995300,0.80000000
2018-02-23 09:16:18,0.01995300,0.05000000
2018-02-23 09:16:18,0.01995300,0.05000000
2018-02-23 09:16:18,0.01997000,3.95000000
2018-02-23 09:16:21,0.01996900,0.12000000
2018-02-23 09:16:22,0.01995400,3.87000000
2018-02-23 09:16:23,0.01995000,0.11000000
2018-02-23 09:16:23,0.01995000,0.61000000
2018-02-23 09:16:23,0.01995300,0.10000000
2018-02-23 09:16:23,0.01996900,4.18000000
2018-02-23 09:16:24,0.01994600,0.24000000
2018-02-23 09:16:25,0.01996900,0.17000000
2018-02-23 09:16:26,0.01994800,1.25000000
2018-02-23 09:16:27,0.01994800,0.50000000
2018-02-23 09:16:27,0.01994800,1.50000000
2018-02-23 09:16:28,0.01994800,0.53000000
2018-02-23 09:16:28,0.01994900,0.06000000
2018-02-23 09:16:28,0.01994900,0.17000000
2018-02-23 09:16:29,0.01996900,0.23000000
2018-02-23 09:16:31,0.01995000,0.50000000
2018-02-23 09:16:31,0.01995000,0.14000000
2018-02-23 09:16:32,0.01995000,1.50000000
2018-02-23 09:16:32,0.01995000,0.14000000
2018-02-23 09:16:32,0.01994900,0.29000000
2018-02-23 09:16:32,0.01994800,1.70000000
2018-02-23 09:16:32,0.01994800,0.52000000
2018-02-23 09:16:32,0.01994700,1.23000000
2018-02-23 09:16:32,0.01994700,1.50000000
2018-02-23 09:16:33,0.01994700,0.36000000
2018-02-23 09:16:33,0.01994700,0.78000000
2018-02-23 09:16:33,0.01994500,0.10000000
2018-02-23 09:16:33,0.01994300,0.07000000
2018-02-23 09:16:33,0.01993500,0.51000000
2018-02-23 09:16:33,0.01993400,3.95000000
2018-02-23 09:16:33,0.01993600,1.50000000
2018-02-23 09:16:34,0.01996900,0.50000000
2018-02-23 09:16:34,0.01993900,1.50000000
2018-02-23 09:16:34,0.01993800,0.56000000
2018-02-23 09:16:35,0.01996300,0.51000000
2018-02-23 09:16:37,0.01993300,1.50000000
2018-02-23 09:16:37,0.01993300,1.08000000
2018-02-23 09:16:38,0.01993000,0.17000000
2018-02-23 09:16:38,0.01994900,1.32000000
2018-02-23 09:16:38,0.01994900,1.50000000
2018-02-23 09:16:38,0.01994900,4.79000000
2018-02-23 09:16:39,0.01994900,0.92000000
2018-02-23 09:16:39,0.01993000,0.58000000
2018-02-23 09:16:39,0.01993000,4.08000000
2018-02-23 09:16:39,0.01993000,0.21000000
2018-02-23 09:16:40,0.01993000,1.35000000
2018-02-23 09:16:40,0.01993000,0.15000000
2018-02-23 09:16:40,0.01993000,0.08000000
2018-02-23 09:16:41,0.01993000,0.11000000
2018-02-23 09:16:42,0.01994000,1.28000000
2018-02-23 09:16:43,0.01993800,0.50000000
2018-02-23 09:16:43,0.01992600,0.10000000
2018-02-23 09:16:43,0.01992000,4.84000000
2018-02-23 09:16:43,0.01992000,4.16000000
2018-02-23 09:16:43,0.01991000,0.78000000
2018-02-23 09:16:43,0.01991000,0.72000000
2018-02-23 09:16:43,0.01990600,0.10000000
2018-02-23 09:16:43,0.01990100,0.61000000
2018-02-23 09:16:43,0.01990100,0.67000000
2018-02-23 09:16:43,0.01990000,0.04000000
2018-02-23 09:16:43,0.01990000,1.94000000
2018-02-23 09:16:43,0.01990000,1.50000000
2018-02-23 09:16:43,0.01992700,0.10000000
2018-02-23 09:16:43,0.01992700,0.21000000
2018-02-23 09:16:43,0.01992700,0.17000000
2018-02-23 09:16:43,0.01992700,1.50000000
2018-02-23 09:16:43,0.01992700,0.16000000
2018-02-23 09:16:43,0.01992700,2.74000000
2018-02-23 09:16:43,0.01992700,3.67000000
2018-02-23 09:16:43,0.01990000,2.74000000
2018-02-23 09:16:44,0.01990100,1.50000000
2018-02-23 09:16:44,0.01992000,2.49000000
2018-02-23 09:16:44,0.01992000,8.44000000
2018-02-23 09:16:45,0.01991800,1.40000000
2018-02-23 09:16:45,0.01991800,0.59000000
2018-02-23 09:16:45,0.01992000,0.11000000
2018-02-23 09:16:46,0.01992000,0.17000000
2018-02-23 09:16:46,0.01992000,0.37000000
2018-02-23 09:16:46,0.01990200,0.10000000
2018-02-23 09:16:46,0.01990200,1.50000000
2018-02-23 09:16:46,0.01991700,0.56000000
2018-02-23 09:16:46,0.01992000,0.66000000
2018-02-23 09:16:46,0.01990200,0.28000000
2018-02-23 09:16:47,0.01990200,0.01000000
2018-02-23 09:16:47,0.01992000,0.50000000
2018-02-23 09:16:48,0.01991800,0.50000000
2018-02-23 09:16:48,0.01990300,0.12000000
2018-02-23 09:16:48,0.01990300,0.14000000
2018-02-23 09:16:48,0.01992000,0.75000000
2018-02-23 09:16:48,0.01990000,0.04000000
2018-02-23 09:16:48,0.01991000,5.09000000
2018-02-23 09:16:49,0.01991000,1.42000000
2018-02-23 09:16:49,0.01992000,0.50000000
2018-02-23 09:16:49,0.01991000,2.49000000
2018-02-23 09:16:49,0.01990100,0.77000000
2018-02-23 09:16:49,0.01992000,0.10000000
2018-02-23 09:16:50,0.01990100,0.75000000
2018-02-23 09:16:51,0.01990100,0.22000000
2018-02-23 09:16:51,0.01990100,0.13000000
2018-02-23 09:16:51,0.01990100,1.50000000
2018-02-23 09:16:51,0.01990100,1.50000000
2018-02-23 09:16:51,0.01991900,0.22000000
2018-02-23 09:16:51,0.01990100,1.50000000
2018-02-23 09:16:51,0.01990100,1.50000000
2018-02-23 09:16:52,0.01990100,0.69000000
2018-02-23 09:16:52,0.01991900,0.25000000
2018-02-23 09:16:53,0.01991800,0.50000000
2018-02-23 09:16:53,0.01988900,0.14000000
2018-02-23 09:16:54,0.01991800,1.00000000
2018-02-23 09:16:54,0.01991900,4.40000000
2018-02-23 09:16:54,0.01992000,1.48000000
2018-02-23 09:16:54,0.01992500,4.27000000
2018-02-23 09:16:54,0.01991800,0.17000000
2018-02-23 09:16:54,0.01990200,0.26000000
2018-02-23 09:16:54,0.01990200,0.13000000
2018-02-23 09:16:55,0.01989000,0.58000000
2018-02-23 09:16:55,0.01990200,0.29000000
2018-02-23 09:16:55,0.01991000,0.14000000
2018-02-23 09:16:55,0.01992200,0.20000000
2018-02-23 09:16:55,0.01991000,13.66000000
2018-02-23 09:16:55,0.01989000,6.23000000
2018-02-23 09:16:55,0.01988600,0.10000000
2018-02-23 09:16:55,0.01988300,4.57000000
2018-02-23 09:16:55,0.01992200,0.50000000
2018-02-23 09:16:56,0.01992200,0.20000000
2018-02-23 09:16:56,0.01992200,2.19000000
2018-02-23 09:16:56,0.01992600,0.10000000
2018-02-23 09:16:56,0.01992700,2.13000000
2018-02-23 09:16:57,0.01988700,0.17000000
2018-02-23 09:16:57,0.01988700,0.50000000
2018-02-23 09:16:57,0.01990600,0.10000000
2018-02-23 09:16:57,0.01992600,0.40000000
2018-02-23 09:16:57,0.01988900,0.15000000
2018-02-23 09:16:58,0.01989000,0.14000000
2018-02-23 09:16:58,0.01989000,0.79000000
2018-02-23 09:16:58,0.01990500,0.32000000
2018-02-23 09:16:58,0.01989000,5.32000000
2018-02-23 09:16:58,0.01989000,1.69000000
2018-02-23 09:16:58,0.01988700,0.83000000
2018-02-23 09:16:59,0.01990300,0.10000000
2018-02-23 09:16:59,0.01990000,0.15000000
2018-02-23 09:16:59,0.01990300,0.05000000
2018-02-23 09:16:59,0.01990400,0.16000000
2018-02-23 09:16:59,0.01990400,0.42000000
2018-02-23 09:16:59,0.01990500,0.08000000
2018-02-23 09:16:59,0.01990000,0.14000000
2018-02-23 09:16:59,0.01990000,0.25000000
2018-02-23 09:16:59,0.01990000,3.69000000
2018-02-23 09:17:00,0.01990500,0.53000000
2018-02-23 09:17:00,0.01991100,0.09000000
2018-02-23 09:17:00,0.01991100,0.01000000
2018-02-23 09:17:00,0.01991300,0.52000000
2018-02-23 09:17:00,0.01990000,1.50000000
2018-02-23 09:17:00,0.01990000,1.50000000
2018-02-23 09:17:00,0.01990000,1.50000000
2018-02-23 09:17:00,0.01990000,0.27000000
2018-02-23 09:17:01,0.01990200,0.06000000
2018-02-23 09:17:01,0.01988600,0.10000000
2018-02-23 09:17:01,0.01988400,0.03000000
2018-02-23 09:17:01,0.01988400,0.22000000
2018-02-23 09:17:01,0.01990200,0.10000000
2018-02-23 09:17:01,0.01990200,0.26000000
2018-02-23 09:17:01,0.01991200,0.24000000
2018-02-23 09:17:01,0.01991200,0.20000000
2018-02-23 09:17:01,0.01988400,0.26000000
2018-02-23 09:17:02,0.01991300,0.80000000
2018-02-23 09:17:02,0.01991300,0.18000000
2018-02-23 09:17:02,0.01991400,0.62000000
2018-02-23 09:17:02,0.01991300,0.80000000
2018-02-23 09:17:02,0.01991200,0.25000000
2018-02-23 09:17:02,0.01990600,0.10000000
2018-02-23 09:17:02,0.01991200,0.14000000
2018-02-23 09:17:03,0.01991200,0.50000000
2018-02-23 09:17:03,0.01991200,0.30000000
2018-02-23 09:17:03,0.01991200,3.79000000
2018-02-23 09:17:03,0.01991200,1.49000000
2018-02-23 09:17:03,0.01991200,1.27000000
2018-02-23 09:17:04,0.01991300,0.23000000
2018-02-23 09:17:04,0.01991300,0.29000000
2018-02-23 09:17:04,0.01988900,0.64000000
2018-02-23 09:17:04,0.01988600,0.34000000
2018-02-23 09:17:04,0.01992400,0.25000000
2018-02-23 09:17:04,0.01988800,0.46000000
2018-02-23 09:17:04,0.01988800,7.04000000
2018-02-23 09:17:04,0.01988600,0.47000000
2018-02-23 09:17:04,0.01988500,0.12000000
2018-02-23 09:17:04,0.01988400,2.37000000
2018-02-23 09:17:05,0.01988600,0.10000000
2018-02-23 09:17:05,0.01988500,0.05000000
2018-02-23 09:17:05,0.01991000,0.06000000
2018-02-23 09:17:05,0.01991200,1.52000000
2018-02-23 09:17:05,0.01991200,0.80000000
2018-02-23 09:17:05,0.01991200,0.80000000
2018-02-23 09:17:05,0.01991200,0.80000000
2018-02-23 09:17:05,0.01991200,0.80000000
2018-02-23 09:17:06,0.01988600,0.06000000
2018-02-23 09:17:06,0.01988500,0.09000000
2018-02-23 09:17:07,0.01990800,0.49000000
2018-02-23 09:17:07,0.01990600,0.10000000
2018-02-23 09:17:07,0.01991000,0.06000000
2018-02-23 09:17:07,0.01991100,0.06000000
2018-02-23 09:17:07,0.01991400,0.06000000
2018-02-23 09:17:07,0.01992400,0.22000000
2018-02-23 09:17:08,0.01990800,0.18000000
2018-02-23 09:17:08,0.01988900,0.35000000
2018-02-23 09:17:09,0.01990500,0.35000000
2018-02-23 09:17:09,0.01988900,1.10000000
2018-02-23 09:17:09,0.01990200,0.10000000
2018-02-23 09:17:10,0.01990100,0.14000000
2018-02-23 09:17:10,0.01990200,1.54000000
2018-02-23 09:17:10,0.01989000,0.80000000
2018-02-23 09:17:10,0.01990200,0.10000000
2018-02-23 09:17:11,0.01989100,0.12000000
2018-02-23 09:17:11,0.01989100,0.35000000
2018-02-23 09:17:11,0.01989000,4.75000000
2018-02-23 09:17:11,0.01990100,0.40000000
2018-02-23 09:17:11,0.01992400,0.14000000
2018-02-23 09:17:11,0.01989000,2.08000000
2018-02-23 09:17:11,0.01989900,0.20000000
2018-02-23 09:17:11,0.01992400,3.12000000
2018-02-23 09:17:12,0.01988900,1.44000000
2018-02-23 09:17:13,0.01989500,0.36000000
2018-02-23 09:17:13,0.01989500,0.26000000
2018-02-23 09:17:14,0.01989300,0.17000000
2018-02-23 09:17:14,0.01989300,0.10000000
2018-02-23 09:17:18,0.01990900,0.25000000
2018-02-23 09:17:19,0.01990900,0.12000000
2018-02-23 09:17:19,0.01989500,0.30000000
2018-02-23 09:17:19,0.01990900,0.25000000
2018-02-23 09:17:20,0.01991700,0.25000000
2018-02-23 09:17:21,0.01991700,0.25000000
2018-02-23 09:17:21,0.01992200,0.27000000
2018-02-23 09:17:21,0.01992300,0.75000000
2018-02-23 09:17:21,0.01992300,0.25000000
2018-02-23 09:17:22,0.01989700,0.06000000
2018-02-23 09:17:22,0.01989600,0.05000000
2018-02-23 09:17:26,0.01992200,0.06000000
2018-02-23 09:17:26,0.01992300,0.10000000
2018-02-23 09:17:30,0.01989800,0.24000000
2018-02-23 09:17:30,0.01989800,0.48000000
2018-02-23 09:17:32,0.01989800,0.21000000
2018-02-23 09:17:32,0.01989800,0.25000000
2018-02-23 09:17:38,0.01992000,2.01000000
2018-02-23 09:17:38,0.01992000,4.52000000
2018-02-23 09:17:38,0.01992200,0.18000000
2018-02-23 09:17:40,0.01992200,0.82000000
2018-02-23 09:17:40,0.01992400,1.70000000
2018-02-23 09:17:40,0.01992400,0.15000000
2018-02-23 09:17:50,0.01991900,1.25000000
2018-02-23 09:17:50,0.01992400,1.78000000
2018-02-23 09:17:50,0.01992600,0.10000000
2018-02-23 09:17:50,0.01992700,1.57000000
2018-02-23 09:17:50,0.01994600,0.10000000
2018-02-23 09:17:50,0.01994700,0.20000000
2018-02-23 09:17:50,0.01991600,0.38000000
2018-02-23 09:17:51,0.01994700,1.76000000
2018-02-23 09:17:51,0.01992000,0.18000000
2018-02-23 09:17:51,0.01992000,0.20000000
2018-02-23 09:17:52,0.01992600,0.10000000
2018-02-23 09:18:07,0.01993200,0.80000000
2018-02-23 09:18:07,0.01993200,1.50000000
2018-02-23 09:18:07,0.01993200,1.50000000
2018-02-23 09:18:07,0.01993200,1.50000000
2018-02-23 09:18:09,0.01994600,0.10000000
2018-02-23 09:18:09,0.01994700,1.99000000
2018-02-23 09:18:09,0.01994700,1.17000000
2018-02-23 09:18:09,0.01993000,1.17000000
2018-02-23 09:18:10,0.01994600,0.28000000
2018-02-23 09:18:11,0.01994100,1.50000000
2018-02-23 09:18:11,0.01994100,1.50000000
2018-02-23 09:18:11,0.01994100,0.09000000
2018-02-23 09:18:11,0.01994000,0.09000000
2018-02-23 09:18:13,0.01994000,0.22000000
2018-02-23 09:18:16,0.01994000,0.18000000
2018-02-23 09:18:17,0.01994500,5.00000000
2018-02-23 09:18:20,0.01994000,1.50000000
2018-02-23 09:18:20,0.01994000,0.80000000
2018-02-23 09:18:24,0.01994000,2.35000000
2018-02-23 09:18:25,0.01994000,1.50000000
2018-02-23 09:18:25,0.01994000,1.50000000
2018-02-23 09:18:25,0.01994000,2.99000000
2018-02-23 09:18:29,0.01994400,0.50000000
2018-02-23 09:18:29,0.01994000,1.50000000
2018-02-23 09:18:29,0.01994000,1.50000000
2018-02-23 09:18:29,0.01994000,1.50000000
2018-02-23 09:18:29,0.01994400,0.21000000
2018-02-23 09:18:29,0.01994600,0.03000000
2018-02-23 09:18:29,0.01994000,0.48000000
2018-02-23 09:18:35,0.01993000,0.46000000
2018-02-23 09:18:35,0.01993000,0.24000000
2018-02-23 09:18:35,0.01993000,1.06000000
2018-02-23 09:18:36,0.01993100,0.11000000
2018-02-23 09:18:38,0.01992900,0.24000000
2018-02-23 09:18:39,0.01994300,0.50000000
2018-02-23 09:18:40,0.01994300,0.84000000
2018-02-23 09:18:41,0.01994300,0.50000000
2018-02-23 09:18:43,0.01994200,1.46000000
2018-02-23 09:18:44,0.01994200,0.12000000
2018-02-23 09:18:44,0.01994300,6.10000000
2018-02-23 09:18:44,0.01994400,8.53000000
2018-02-23 09:18:44,0.01994500,6.68000000
2018-02-23 09:18:44,0.01994600,2.28000000
2018-02-23 09:18:46,0.01994200,0.30000000
2018-02-23 09:18:48,0.01994200,0.52000000
2018-02-23 09:18:48,0.01994600,2.72000000
2018-02-23 09:18:48,0.01994700,20.36000000
2018-02-23 09:18:49,0.01994700,0.99000000
2018-02-23 09:18:49,0.01994900,0.36000000
2018-02-23 09:18:50,0.01994000,0.54000000
2018-02-23 09:18:50,0.01993200,0.80000000
2018-02-23 09:18:52,0.01994000,0.03000000
2018-02-23 09:18:52,0.01994900,0.27000000
2018-02-23 09:18:54,0.01994200,0.17000000
2018-02-23 09:18:55,0.01994900,2.03000000
2018-02-23 09:18:55,0.01996000,0.09000000
2018-02-23 09:18:55,0.01996300,0.34000000
2018-02-23 09:18:55,0.01996500,0.10000000
2018-02-23 09:18:55,0.01997000,7.03000000
2018-02-23 09:18:56,0.01993800,0.56000000
2018-02-23 09:18:57,0.01994000,0.06000000
2018-02-23 09:18:57,0.01997000,0.49000000
2018-02-23 09:18:57,0.01994000,1.50000000
2018-02-23 09:18:57,0.01994500,0.10000000
2018-02-23 09:18:57,0.01994000,0.14000000
2018-02-23 09:18:58,0.01996900,0.50000000
2018-02-23 09:19:02,0.01994100,0.52000000
2018-02-23 09:19:02,0.01994100,0.52000000
2018-02-23 09:19:03,0.01995700,0.97000000
2018-02-23 09:19:03,0.01994100,0.97000000
2018-02-23 09:19:03,0.01995700,0.61000000
2018-02-23 09:19:04,0.01995700,0.12000000
2018-02-23 09:19:04,0.01996500,0.10000000
2018-02-23 09:19:04,0.01997000,0.28000000
2018-02-23 09:19:05,0.01994200,0.12000000
2018-02-23 09:19:05,0.01994100,1.50000000
2018-02-23 09:19:06,0.01994500,0.10000000
2018-02-23 09:19:09,0.01994400,0.06000000
2018-02-23 09:19:09,0.01994500,0.50000000
2018-02-23 09:19:09,0.01996500,0.10000000
2018-02-23 09:19:09,0.01996800,0.12000000
2018-02-23 09:19:09,0.01997000,0.03000000
2018-02-23 09:19:09,0.01997100,2.24000000
2018-02-23 09:19:09,0.01997100,0.06000000
2018-02-23 09:19:10,0.01997100,0.51000000
2018-02-23 09:19:10,0.01997100,0.05000000
2018-02-23 09:19:10,0.01994400,0.56000000
2018-02-23 09:19:10,0.01997100,0.20000000
2018-02-23 09:19:11,0.01995600,0.78000000
2018-02-23 09:19:11,0.01997200,1.00000000
2018-02-23 09:19:11,0.01997500,0.80000000
2018-02-23 09:19:11,0.01997600,0.50000000
2018-02-23 09:19:11,0.01997700,1.92000000
2018-02-23 09:19:13,0.01994900,0.64000000
2018-02-23 09:19:13,0.01994900,1.98000000
2018-02-23 09:19:13,0.01994900,3.56000000
2018-02-23 09:19:13,0.01994800,0.55000000
2018-02-23 09:19:14,0.01994900,0.54000000
2018-02-23 09:19:16,0.01994900,0.09000000
2018-02-23 09:19:19,0.01994500,0.10000000
2018-02-23 09:19:20,0.01994400,0.48000000
2018-02-23 09:19:21,0.01994400,1.50000000
2018-02-23 09:19:22,0.01994400,0.48000000
2018-02-23 09:19:23,0.01996500,0.10000000
2018-02-23 09:19:23,0.01996800,0.40000000
2018-02-23 09:19:23,0.01994900,0.44000000
2018-02-23 09:19:25,0.01996700,0.13000000
2018-02-23 09:19:25,0.01996600,5.66000000
2018-02-23 09:19:25,0.01996700,1.24000000
2018-02-23 09:19:25,0.01996900,1.37000000
2018-02-23 09:19:25,0.01997400,4.07000000
2018-02-23 09:19:25,0.01994900,1.42000000
2018-02-23 09:19:27,0.01997500,0.12000000
2018-02-23 09:19:28,0.01994900,1.50000000
2018-02-23 09:19:29,0.01994900,0.43000000
2018-02-23 09:19:32,0.01997000,0.50000000
2018-02-23 09:19:33,0.01995000,1.20000000
2018-02-23 09:19:37,0.01994700,0.08000000
2018-02-23 09:19:37,0.01994700,0.15000000
2018-02-23 09:19:38,0.01994700,0.20000000
2018-02-23 09:19:38,0.01994700,1.00000000
2018-02-23 09:19:39,0.01994800,0.90000000
2018-02-23 09:19:39,0.01994600,0.90000000
2018-02-23 09:19:39,0.01994600,0.06000000
2018-02-23 09:19:40,0.01994900,1.50000000
2018-02-23 09:19:41,0.01994900,2.77000000
2018-02-23 09:19:41,0.01994600,1.16000000
2018-02-23 09:19:44,0.01994800,0.50000000
2018-02-23 09:19:45,0.01994800,0.09000000
2018-02-23 09:19:46,0.01994800,3.46000000
2018-02-23 09:19:46,0.01994900,8.59000000
2018-02-23 09:19:46,0.01994600,2.62000000
2018-02-23 09:19:46,0.01994900,4.16000000
2018-02-23 09:19:46,0.01994900,0.50000000
2018-02-23 09:19:47,0.01994900,1.64000000
2018-02-23 09:19:49,0.01994900,0.50000000
2018-02-23 09:19:49,0.01994900,4.92000000
2018-02-23 09:19:55,0.01994900,0.20000000
2018-02-23 09:19:57,0.01994900,4.00000000
2018-02-23 09:19:57,0.01994900,0.80000000
2018-02-23 09:20:01,0.01994900,0.40000000
2018-02-23 09:20:01,0.01994800,0.15000000
2018-02-23 09:20:03,0.01994900,0.20000000
2018-02-23 09:20:05,0.01994900,0.47000000
2018-02-23 09:20:09,0.01994900,0.20000000
2018-02-23 09:20:12,0.01994900,0.12000000
2018-02-23 09:20:13,0.01994900,0.39000000
2018-02-23 09:20:13,0.01997200,2.46000000
2018-02-23 09:20:13,0.01997700,2.50000000
2018-02-23 09:20:13,0.01998000,1.09000000
2018-02-23 09:20:13,0.01998100,0.75000000
2018-02-23 09:20:13,0.01998200,1.00000000
2018-02-23 09:20:13,0.01998500,0.10000000
2018-02-23 09:20:13,0.01999400,0.07000000
2018-02-23 09:20:13,0.01999700,0.44000000
2018-02-23 09:20:13,0.01999800,12.98000000
2018-02-23 09:20:13,0.01999900,10.62000000
2018-02-23 09:20:13,0.02000000,54.34000000
2018-02-23 09:20:18,0.01999200,1.48000000
2018-02-23 09:20:18,0.01999300,0.04000000
2018-02-23 09:20:20,0.01999300,0.20000000
2018-02-23 09:20:22,0.01999700,0.88000000
2018-02-23 09:20:25,0.01999700,1.06000000
2018-02-23 09:20:25,0.01999700,2.80000000
2018-02-23 09:20:25,0.01999700,3.45000000
2018-02-23 09:20:26,0.01997100,0.06000000
2018-02-23 09:20:27,0.01997000,0.06000000
2018-02-23 09:20:27,0.01999600,0.20000000
2018-02-23 09:20:29,0.01999300,0.08000000
2018-02-23 09:20:29,0.01999300,0.12000000
2018-02-23 09:20:34,0.01997100,0.35000000
2018-02-23 09:20:35,0.01997200,1.36000000
2018-02-23 09:20:35,0.01999300,0.20000000
2018-02-23 09:20:36,0.01997200,2.49000000
2018-02-23 09:20:38,0.01999300,0.13000000
2018-02-23 09:20:39,0.01999300,0.09000000
2018-02-23 09:20:39,0.01999300,0.11000000
2018-02-23 09:20:39,0.01996900,0.11000000
2018-02-23 09:20:41,0.01999500,0.25000000
2018-02-23 09:20:42,0.01996900,4.89000000
2018-02-23 09:20:45,0.01999600,0.06000000
2018-02-23 09:20:45,0.01999700,0.44000000
2018-02-23 09:20:47,0.01996900,0.06000000
2018-02-23 09:20:47,0.01996800,0.24000000
2018-02-23 09:20:47,0.01997000,1.50000000
2018-02-23 09:20:47,0.01997000,6.00000000
2018-02-23 09:20:49,0.01997100,0.33000000
2018-02-23 09:20:51,0.01997100,1.50000000
2018-02-23 09:20:51,0.01997100,1.50000000
2018-02-23 09:20:51,0.01997100,1.50000000
2018-02-23 09:20:51,0.01997100,1.50000000
2018-02-23 09:20:51,0.01997100,1.03000000
2018-02-23 09:20:51,0.01999400,0.06000000
2018-02-23 09:20:51,0.01999500,0.06000000
2018-02-23 09:20:51,0.01999600,0.10000000
2018-02-23 09:20:51,0.01999700,0.28000000
2018-02-23 09:20:51,0.01997000,1.22000000
2018-02-23 09:20:52,0.01997000,1.30000000
2018-02-23 09:20:56,0.01997100,0.98000000
2018-02-23 09:20:57,0.01997200,0.80000000
2018-02-23 09:20:57,0.01997200,1.50000000
2018-02-23 09:20:57,0.01997200,1.50000000
2018-02-23 09:20:59,0.01999300,0.50000000
2018-02-23 09:20:59,0.01997200,1.50000000
2018-02-23 09:20:59,0.01997200,0.75000000
2018-02-23 09:20:59,0.01997100,0.18000000
2018-02-23 09:21:00,0.01997000,0.18000000
2018-02-23 09:21:01,0.01999000,0.18000000
2018-02-23 09:21:03,0.01997000,1.52000000
2018-02-23 09:21:04,0.01997000,1.50000000
2018-02-23 09:21:04,0.01997000,1.50000000
2018-02-23 09:21:04,0.01997000,1.50000000
2018-02-23 09:21:04,0.01999000,0.32000000
2018-02-23 09:21:04,0.01999100,0.18000000
2018-02-23 09:21:05,0.01997000,1.50000000
2018-02-23 09:21:05,0.01997000,1.50000000
2018-02-23 09:21:07,0.01998900,0.36000000
2018-02-23 09:21:09,0.01997100,0.74000000
2018-02-23 09:21:10,0.01997000,1.00000000
2018-02-23 09:21:10,0.01997000,1.50000000
2018-02-23 09:21:10,0.01997000,1.50000000
2018-02-23 09:21:11,0.01998900,5.99000000
2018-02-23 09:21:11,0.01999000,1.68000000
2018-02-23 09:21:11,0.01999200,7.36000000
2018-02-23 09:21:11,0.01999300,1.00000000
2018-02-23 09:21:11,0.01999700,1.20000000
2018-02-23 09:21:11,0.01999900,6.00000000
2018-02-23 09:21:11,0.02000000,1.21000000
2018-02-23 09:21:11,0.01997000,1.50000000
2018-02-23 09:21:11,0.01997200,0.87000000
2018-02-23 09:21:11,0.01997200,0.87000000
2018-02-23 09:21:11,0.01997200,2.28000000
2018-02-23 09:21:12,0.01997200,3.49000000
2018-02-23 09:21:12,0.01997000,6.64000000
2018-02-23 09:21:12,0.01997000,1.77000000
2018-02-23 09:21:13,0.01997000,5.74000000
2018-02-23 09:21:13,0.01997200,0.13000000
2018-02-23 09:21:15,0.01997200,3.66000000
2018-02-23 09:21:15,0.02000000,20.97000000
2018-02-23 09:21:15,0.01996900,0.22000000
2018-02-23 09:21:16,0.01999900,4.97000000
2018-02-23 09:21:16,0.02000000,10.11000000
2018-02-23 09:21:16,0.02000000,12.34000000
2018-02-23 09:21:16,0.02000000,40.93000000
2018-02-23 09:21:17,0.01997200,0.80000000
2018-02-23 09:21:17,0.01997200,0.80000000
2018-02-23 09:21:18,0.02000000,0.06000000
2018-02-23 09:21:19,0.01997400,1.50000000
2018-02-23 09:21:19,0.01997400,2.42000000
2018-02-23 09:21:19,0.01997400,1.00000000
2018-02-23 09:21:24,0.01997300,6.75000000
2018-02-23 09:21:25,0.01998000,1.82000000
2018-02-23 09:21:25,0.01998200,4.92000000
2018-02-23 09:21:25,0.01999600,0.04000000
2018-02-23 09:21:26,0.01997300,0.61000000
2018-02-23 09:21:26,0.01997000,0.88000000
2018-02-23 09:21:27,0.01997000,0.80000000
2018-02-23 09:21:28,0.01997000,1.32000000
2018-02-23 09:21:29,0.01997000,0.80000000
2018-02-23 09:21:29,0.01997000,0.83000000
2018-02-23 09:21:29,0.01996600,1.32000000
2018-02-23 09:21:29,0.01996600,0.08000000
2018-02-23 09:21:29,0.01996500,0.10000000
2018-02-23 09:21:29,0.01996100,2.15000000
2018-02-23 09:21:36,0.01996900,0.11000000
2018-02-23 09:21:40,0.01996100,0.51000000
2018-02-23 09:21:41,0.01996900,0.11000000
2018-02-23 09:21:43,0.01996900,0.61000000
2018-02-23 09:21:43,0.01998500,0.10000000
2018-02-23 09:21:43,0.01999500,2.09000000
2018-02-23 09:21:43,0.01999600,6.71000000
2018-02-23 09:21:43,0.01999900,0.51000000
2018-02-23 09:21:43,0.02000000,9.98000000
2018-02-23 09:21:44,0.01996800,0.60000000
2018-02-23 09:21:48,0.01996800,0.12000000
2018-02-23 09:21:49,0.01996800,0.29000000
2018-02-23 09:21:52,0.01997100,0.96000000
2018-02-23 09:22:01,0.01999500,0.29000000
2018-02-23 09:22:01,0.01999600,1.57000000
2018-02-23 09:22:01,0.01999800,1.29000000
2018-02-23 09:22:01,0.02000000,14.85000000
2018-02-23 09:22:02,0.01999500,0.16000000
2018-02-23 09:22:02,0.01999500,0.09000000
2018-02-23 09:22:02,0.01997200,0.25000000
2018-02-23 09:22:03,0.01998500,0.25000000
2018-02-23 09:22:08,0.01998500,0.03000000
2018-02-23 09:22:08,0.01997400,0.27000000
2018-02-23 09:22:09,0.01999400,0.20000000
2018-02-23 09:22:10,0.01997600,0.36000000
2018-02-23 09:22:10,0.01997600,0.88000000
2018-02-23 09:22:12,0.01997600,5.94000000
2018-02-23 09:22:12,0.01997600,0.18000000
2018-02-23 09:22:12,0.01997400,4.99000000
2018-02-23 09:22:12,0.01996500,0.10000000
2018-02-23 09:22:12,0.01996400,0.85000000
2018-02-23 09:22:12,0.01996400,0.65000000
2018-02-23 09:22:12,0.01996100,0.73000000
2018-02-23 09:22:12,0.01995600,0.11000000
2018-02-23 09:22:12,0.01995100,0.35000000
2018-02-23 09:22:13,0.01995100,3.18000000
2018-02-23 09:22:16,0.01997500,1.56000000
2018-02-23 09:22:16,0.01997500,1.97000000
2018-02-23 09:22:16,0.01997600,0.18000000
2018-02-23 09:22:16,0.01998500,0.10000000
2018-02-23 09:22:16,0.01999400,0.05000000
2018-02-23 09:22:16,0.01999500,0.32000000
2018-02-23 09:22:16,0.01999600,0.98000000
2018-02-23 09:22:17,0.01997400,0.19000000
2018-02-23 09:22:21,0.01998800,0.50000000
2018-02-23 09:22:21,0.01999000,0.09000000
2018-02-23 09:22:21,0.01999500,0.26000000
2018-02-23 09:22:21,0.01999600,7.53000000
2018-02-23 09:22:21,0.01999900,0.24000000
2018-02-23 09:22:21,0.02000000,3.30000000
2018-02-23 09:22:21,0.02000000,0.86000000
2018-02-23 09:22:21,0.02000000,0.80000000
2018-02-23 09:22:21,0.02000000,2.25000000
2018-02-23 09:22:21,0.02000000,0.45000000
2018-02-23 09:22:25,0.02000000,0.15000000
2018-02-23 09:22:28,0.01997600,0.01000000
2018-02-23 09:22:29,0.01997600,0.43000000
2018-02-23 09:22:30,0.01997700,2.81000000
2018-02-23 09:22:31,0.01997700,0.64000000
2018-02-23 09:22:31,0.01997700,0.30000000
2018-02-23 09:22:31,0.01999500,0.50000000
2018-02-23 09:22:35,0.01997700,1.50000000
2018-02-23 09:22:35,0.01997700,0.78000000
2018-02-23 09:22:35,0.01997500,1.50000000
2018-02-23 09:22:35,0.01997600,0.18000000
2018-02-23 09:22:35,0.01997500,1.50000000
2018-02-23 09:22:35,0.01997500,1.50000000
2018-02-23 09:22:36,0.01997600,2.10000000
2018-02-23 09:22:36,0.01999500,8.01000000
2018-02-23 09:22:36,0.01999500,1.39000000
2018-02-23 09:22:36,0.01997500,0.11000000
2018-02-23 09:22:36,0.01997500,1.39000000
2018-02-23 09:22:36,0.01999300,2.10000000
2018-02-23 09:22:37,0.01997400,0.92000000
2018-02-23 09:22:37,0.01997400,0.28000000
2018-02-23 09:22:38,0.01997400,0.37000000
2018-02-23 09:22:38,0.01999500,0.49000000
2018-02-23 09:22:38,0.01997400,1.94000000
2018-02-23 09:22:38,0.01997400,0.52000000
2018-02-23 09:22:38,0.01997400,0.37000000
2018-02-23 09:22:39,0.01997400,0.30000000
2018-02-23 09:22:39,0.01997400,0.50000000
2018-02-23 09:22:39,0.01997400,3.77000000
2018-02-23 09:22:39,0.01997400,14.99000000
2018-02-23 09:22:40,0.01999500,0.20000000
2018-02-23 09:22:40,0.01997400,0.18000000
2018-02-23 09:22:42,0.01997500,9.79000000
2018-02-23 09:22:42,0.01997700,5.19000000
2018-02-23 09:22:44,0.01997700,0.05000000
2018-02-23 09:22:44,0.01997700,3.17000000
2018-02-23 09:22:44,0.01997700,0.55000000
2018-02-23 09:22:44,0.01997700,0.55000000
2018-02-23 09:22:44,0.01997700,0.70000000
2018-02-23 09:22:44,0.01997400,2.15000000
2018-02-23 09:22:44,0.01997400,5.81000000
2018-02-23 09:22:45,0.01997400,0.92000000
2018-02-23 09:22:47,0.01997500,0.26000000
2018-02-23 09:22:47,0.01997400,3.52000000
2018-02-23 09:22:47,0.01997400,12.97000000
2018-02-23 09:22:47,0.01997400,12.29000000
2018-02-23 09:22:47,0.01997400,1.93000000
2018-02-23 09:22:50,0.01997500,0.26000000
2018-02-23 09:22:51,0.01997500,2.35000000
2018-02-23 09:22:51,0.01997500,1.50000000
2018-02-23 09:22:51,0.01997500,0.92000000
2018-02-23 09:22:51,0.01997600,0.72000000
2018-02-23 09:22:51,0.01997600,0.48000000
2018-02-23 09:22:51,0.01997600,0.24000000
2018-02-23 09:22:51,0.01997500,1.58000000
2018-02-23 09:22:51,0.01997400,0.04000000
2018-02-23 09:22:55,0.01997600,0.20000000
2018-02-23 09:22:55,0.01997600,0.31000000
2018-02-23 09:22:55,0.01997700,0.70000000
2018-02-23 09:23:01,0.01999400,0.42000000
2018-02-23 09:23:01,0.01997800,0.20000000
2018-02-23 09:23:05,0.01997600,0.01000000
2018-02-23 09:23:06,0.01997500,0.88000000
2018-02-23 09:23:06,0.01997600,0.09000000
2018-02-23 09:23:10,0.01997600,0.20000000
2018-02-23 09:23:11,0.01997400,0.80000000
2018-02-23 09:23:12,0.01997500,0.21000000
2018-02-23 09:23:12,0.01997400,1.07000000
2018-02-23 09:23:12,0.01997000,1.68000000
2018-02-23 09:23:12,0.01997000,1.07000000
2018-02-23 09:23:13,0.01997000,1.50000000
2018-02-23 09:23:13,0.01997000,0.75000000
2018-02-23 09:23:13,0.01996900,1.50000000
2018-02-23 09:23:13,0.01996900,1.50000000
2018-02-23 09:23:13,0.01996900,1.50000000
2018-02-23 09:23:15,0.01996900,1.23000000
2018-02-23 09:23:17,0.01996900,1.50000000
2018-02-23 09:23:17,0.01996900,1.50000000
2018-02-23 09:23:17,0.01996900,1.50000000
2018-02-23 09:23:18,0.01996900,0.15000000
2018-02-23 09:23:18,0.01996800,0.25000000
2018-02-23 09:23:19,0.01996500,0.10000000
2018-02-23 09:23:21,0.01997600,0.30000000
2018-02-23 09:23:22,0.01995400,0.34000000
2018-02-23 09:23:22,0.01995400,0.20000000
2018-02-23 09:23:23,0.01995400,0.20000000
2018-02-23 09:23:23,0.01995500,0.48000000
2018-02-23 09:23:23,0.01997400,0.24000000
2018-02-23 09:23:23,0.01997400,1.50000000
2018-02-23 09:23:24,0.01997400,0.24000000
2018-02-23 09:23:24,0.01997400,1.50000000
2018-02-23 09:23:24,0.01997400,0.12000000
2018-02-23 09:23:24,0.01997400,0.64000000
2018-02-23 09:23:24,0.01995700,0.41000000
2018-02-23 09:23:25,0.01997500,0.20000000
2018-02-23 09:23:25,0.01995400,0.20000000
2018-02-23 09:23:25,0.01995400,1.40000000
2018-02-23 09:23:25,0.01995400,0.13000000
2018-02-23 09:23:28,0.01997600,0.37000000
2018-02-23 09:23:29,0.01995600,0.06000000
2018-02-23 09:23:29,0.01995500,0.06000000
2018-02-23 09:23:29,0.01995600,0.06000000
2018-02-23 09:23:29,0.01995500,3.52000000
2018-02-23 09:23:29,0.01995300,1.50000000
2018-02-23 09:23:30,0.01995300,1.50000000
2018-02-23 09:23:30,0.01995300,0.26000000
2018-02-23 09:23:32,0.01997700,0.79000000
2018-02-23 09:23:33,0.01995100,1.50000000
2018-02-23 09:23:34,0.01995100,1.50000000
2018-02-23 09:23:34,0.01995100,1.12000000
2018-02-23 09:23:34,0.01995000,1.43000000
2018-02-23 09:23:34,0.01995000,1.50000000
2018-02-23 09:23:34,0.01997100,0.13000000
2018-02-23 09:23:37,0.01994900,1.50000000
2018-02-23 09:23:37,0.01994900,0.08000000
2018-02-23 09:23:38,0.01997100,0.58000000
2018-02-23 09:23:38,0.01995000,0.61000000
2018-02-23 09:23:39,0.01995100,1.50000000
2018-02-23 09:23:39,0.01997100,0.20000000
2018-02-23 09:23:42,0.01997100,1.80000000
2018-02-23 09:23:44,0.01995000,0.52000000
2018-02-23 09:23:46,0.01995000,9.98000000
2018-02-23 09:23:48,0.01997100,0.08000000
2018-02-23 09:23:50,0.01997100,0.05000000
2018-02-23 09:23:51,0.01997100,0.86000000
2018-02-23 09:23:51,0.01997600,5.34000000
2018-02-23 09:23:53,0.01997100,0.38000000
2018-02-23 09:23:53,0.01994900,1.00000000
2018-02-23 09:23:54,0.01997600,0.50000000
2018-02-23 09:23:55,0.01995100,0.43000000
2018-02-23 09:24:03,0.01995000,0.14000000
2018-02-23 09:24:03,0.01994900,0.51000000
2018-02-23 09:24:11,0.01997500,0.16000000
2018-02-23 09:24:13,0.01997300,0.25000000
2018-02-23 09:24:13,0.01997500,0.25000000
2018-02-23 09:24:15,0.01997500,0.58000000
2018-02-23 09:24:20,0.01997500,0.43000000
2018-02-23 09:24:20,0.01997500,0.40000000
2018-02-23 09:24:20,0.01997500,0.40000000
2018-02-23 09:24:21,0.01997500,1.00000000
2018-02-23 09:24:21,0.01997500,0.40000000
2018-02-23 09:24:24,0.01997500,0.16000000
2018-02-23 09:24:24,0.01997500,0.91000000
2018-02-23 09:24:24,0.01997500,0.12000000
2018-02-23 09:24:24,0.01997500,0.13000000
2018-02-23 09:24:25,0.01997500,1.50000000
2018-02-23 09:24:25,0.01997500,0.58000000
2018-02-23 09:24:25,0.01997500,0.58000000
2018-02-23 09:24:39,0.01997000,1.67000000
2018-02-23 09:24:39,0.01996100,0.26000000
2018-02-23 09:24:39,0.01995700,1.50000000
2018-02-23 09:24:39,0.01995100,1.26000000
2018-02-23 09:24:39,0.01995000,6.02000000
2018-02-23 09:24:39,0.01994900,4.45000000
2018-02-23 09:24:39,0.01994800,0.05000000
2018-02-23 09:24:39,0.01994500,0.10000000
2018-02-23 09:24:39,0.01993300,9.12000000
2018-02-23 09:24:41,0.01996500,0.10000000
2018-02-23 09:24:41,0.01997200,0.20000000
2018-02-23 09:24:41,0.01995800,0.25000000
2018-02-23 09:24:41,0.01995800,0.13000000
2018-02-23 09:24:42,0.01995800,2.60000000
2018-02-23 09:24:42,0.01995800,2.51000000
2018-02-23 09:24:42,0.01994100,0.11000000
2018-02-23 09:24:43,0.01995800,2.51000000
2018-02-23 09:24:44,0.01994500,0.10000000
2018-02-23 09:24:44,0.01994300,0.41000000
2018-02-23 09:24:45,0.01997100,0.50000000
2018-02-23 09:24:46,0.01994600,0.32000000
2018-02-23 09:24:48,0.01996300,0.41000000
2018-02-23 09:24:48,0.01996500,0.10000000
2018-02-23 09:24:49,0.01996800,0.96000000
2018-02-23 09:24:49,0.01996800,0.50000000
2018-02-23 09:24:49,0.01996800,2.50000000
2018-02-23 09:24:49,0.01995000,0.11000000
2018-02-23 09:24:49,0.01996800,0.50000000
2018-02-23 09:24:50,0.01996800,2.50000000
2018-02-23 09:24:50,0.01996800,0.22000000
2018-02-23 09:24:50,0.01996900,0.17000000
2018-02-23 09:24:51,0.01996900,1.13000000
2018-02-23 09:24:53,0.01997000,2.06000000
2018-02-23 09:24:57,0.01995200,0.15000000
2018-02-23 09:24:57,0.01997000,0.43000000
2018-02-23 09:24:57,0.01997300,0.42000000
2018-02-23 09:24:57,0.01997300,0.42000000
2018-02-23 09:25:00,0.01997300,1.30000000
2018-02-23 09:25:00,0.01997500,6.51000000
2018-02-23 09:25:01,0.01997700,0.14000000
2018-02-23 09:25:01,0.01998000,0.30000000
2018-02-23 09:25:02,0.01997700,0.42000000
2018-02-23 09:25:02,0.01998000,0.07000000
2018-02-23 09:25:09,0.01997700,3.80000000
2018-02-23 09:25:09,0.01998000,0.12000000
2018-02-23 09:25:11,0.01997700,1.06000000
2018-02-23 09:25:18,0.01997700,0.33000000
2018-02-23 09:25:18,0.01997700,0.50000000
2018-02-23 09:25:19,0.01997700,0.50000000
2018-02-23 09:25:21,0.01997700,0.50000000
2018-02-23 09:25:24,0.01997600,0.40000000
2018-02-23 09:25:24,0.01997600,0.43000000
2018-02-23 09:25:27,0.01997600,1.50000000
2018-02-23 09:25:28,0.01997600,2.30000000
2018-02-23 09:25:28,0.01997700,3.25000000
2018-02-23 09:25:28,0.01997700,3.77000000
2018-02-23 09:25:28,0.01997700,0.22000000
2018-02-23 09:25:28,0.01997700,3.77000000
2018-02-23 09:25:28,0.01997700,7.37000000
2018-02-23 09:25:28,0.01997700,2.28000000
2018-02-23 09:25:30,0.01996200,0.20000000
2018-02-23 09:25:30,0.01996900,10.01000000
2018-02-23 09:25:30,0.01996200,2.64000000
2018-02-23 09:25:30,0.01996000,0.53000000
2018-02-23 09:25:30,0.01995800,2.00000000
2018-02-23 09:25:30,0.01995500,7.36000000
2018-02-23 09:25:30,0.01995200,5.30000000
2018-02-23 09:25:30,0.01995000,1.50000000
2018-02-23 09:25:30,0.01994500,0.10000000
2018-02-23 09:25:30,0.01993400,6.00000000
2018-02-23 09:25:30,0.01993300,4.40000000
2018-02-23 09:25:30,0.01993300,2.99000000
2018-02-23 09:25:30,0.01993300,31.11000000
2018-02-23 09:25:30,0.01993300,0.44000000
2018-02-23 09:25:30,0.01993300,0.79000000
2018-02-23 09:25:30,0.01993300,0.42000000
2018-02-23 09:25:30,0.01993300,0.79000000
2018-02-23 09:25:30,0.01993300,0.08000000
2018-02-23 09:25:30,0.01993300,0.08000000
2018-02-23 09:25:31,0.01993300,0.79000000
2018-02-23 09:25:31,0.01993300,0.80000000
2018-02-23 09:25:31,0.01993300,4.38000000
2018-02-23 09:25:31,0.01993300,1.59000000
2018-02-23 09:25:31,0.01993300,1.00000000
2018-02-23 09:25:31,0.01993300,1.11000000
2018-02-23 09:25:31,0.01993300,0.09000000
2018-02-23 09:25:31,0.01993300,0.79000000
2018-02-23 09:25:31,0.01993300,0.06000000
2018-02-23 09:25:31,0.01993300,1.20000000
2018-02-23 09:25:31,0.01993600,0.41000000
2018-02-23 09:25:31,0.01995300,0.40000000
2018-02-23 09:25:31,0.01993600,1.10000000
2018-02-23 09:25:31,0.01997400,1.50000000
2018-02-23 09:25:31,0.01997500,3.59000000
2018-02-23 09:25:31,0.01997500,3.77000000
2018-02-23 09:25:31,0.01997600,1.03000000
2018-02-23 09:25:31,0.01997600,1.42000000
2018-02-23 09:25:32,0.01997400,0.60000000
2018-02-23 09:25:33,0.01996300,0.41000000
2018-02-23 09:25:33,0.01996300,1.10000000
2018-02-23 09:25:34,0.01995000,4.25000000
2018-02-23 09:25:34,0.01995000,0.09000000
2018-02-23 09:25:34,0.01995000,0.41000000
2018-02-23 09:25:34,0.01995000,0.28000000
2018-02-23 09:25:34,0.01995000,0.12000000
2018-02-23 09:25:34,0.01995000,6.40000000
2018-02-23 09:25:35,0.01996500,0.10000000
2018-02-23 09:25:35,0.01997600,2.51000000
2018-02-23 09:25:35,0.01997600,0.24000000
2018-02-23 09:25:37,0.01997600,0.50000000
2018-02-23 09:25:38,0.01995300,1.00000000
2018-02-23 09:25:38,0.01997600,0.30000000
2018-02-23 09:25:38,0.01997700,38.77000000
2018-02-23 09:25:38,0.01997700,0.28000000
2018-02-23 09:25:46,0.01997700,0.50000000
2018-02-23 09:25:47,0.01997700,0.71000000
2018-02-23 09:25:48,0.01997700,0.80000000
2018-02-23 09:25:49,0.01997700,0.50000000
2018-02-23 09:25:50,0.01997700,8.37000000
2018-02-23 09:25:51,0.01997700,0.26000000
2018-02-23 09:25:52,0.01997600,3.30000000
2018-02-23 09:25:52,0.01997700,14.32000000
2018-02-23 09:25:52,0.01998200,0.12000000
2018-02-23 09:25:52,0.01998400,3.51000000
2018-02-23 09:25:52,0.01998500,6.13000000
2018-02-23 09:25:55,0.01996500,0.10000000
2018-02-23 09:25:55,0.01996300,1.25000000
2018-02-23 09:25:55,0.01995900,0.11000000
2018-02-23 09:25:55,0.01995900,0.56000000
2018-02-23 09:25:55,0.01998200,0.52000000
2018-02-23 09:25:55,0.01998500,2.64000000
2018-02-23 09:25:55,0.01998500,0.50000000
2018-02-23 09:25:56,0.01998500,0.80000000
2018-02-23 09:25:56,0.01999700,0.18000000
2018-02-23 09:25:56,0.02000000,0.22000000
2018-02-23 09:25:56,0.02000100,0.06000000
2018-02-23 09:25:56,0.02000500,0.10000000
2018-02-23 09:25:56,0.02000700,0.17000000
2018-02-23 09:25:56,0.02000900,0.98000000
2018-02-23 09:26:00,0.02000800,0.06000000
2018-02-23 09:26:01,0.01998500,0.10000000
2018-02-23 09:26:02,0.01998500,0.50000000
2018-02-23 09:26:06,0.01998500,0.95000000
2018-02-23 09:26:06,0.01998500,0.29000000
2018-02-23 09:26:13,0.02000500,0.09000000
2018-02-23 09:26:13,0.01998500,0.61000000
2018-02-23 09:26:17,0.01998500,3.00000000
2018-02-23 09:26:17,0.01998500,0.49000000
2018-02-23 09:26:18,0.01998100,1.50000000
2018-02-23 09:26:18,0.01998100,1.50000000
2018-02-23 09:26:18,0.01998100,1.50000000
2018-02-23 09:26:18,0.01998100,0.61000000
2018-02-23 09:26:19,0.01998000,0.50000000
2018-02-23 09:26:21,0.01998500,0.38000000
2018-02-23 09:26:31,0.01998500,4.00000000
2018-02-23 09:26:31,0.01998500,4.83000000
2018-02-23 09:26:32,0.01998500,0.49000000
2018-02-23 09:26:43,0.01997600,0.25000000
2018-02-23 09:26:43,0.01998500,0.55000000
2018-02-23 09:26:46,0.01998500,0.10000000
2018-02-23 09:26:46,0.01998500,0.11000000
2018-02-23 09:26:47,0.01997500,6.32000000
2018-02-23 09:26:52,0.01997600,0.26000000
2018-02-23 09:26:52,0.01997500,0.17000000
2018-02-23 09:26:55,0.01998500,0.50000000
2018-02-23 09:26:57,0.01998500,3.40000000
2018-02-23 09:26:57,0.01998500,0.24000000
2018-02-23 09:26:57,0.01998500,1.00000000
2018-02-23 09:26:58,0.01998500,13.85000000
2018-02-23 09:27:03,0.02000100,0.33000000
2018-02-23 09:27:03,0.01997600,1.60000000
2018-02-23 09:27:03,0.01997500,0.25000000
2018-02-23 09:27:03,0.01997400,0.22000000
2018-02-23 09:27:03,0.01997100,7.36000000
2018-02-23 09:27:03,0.01997100,0.91000000
2018-02-23 09:27:03,0.01997100,0.57000000
2018-02-23 09:27:03,0.01997100,0.12000000
2018-02-23 09:27:03,0.01997100,0.42000000
2018-02-23 09:27:03,0.01997100,0.30000000
2018-02-23 09:27:03,0.01997100,0.30000000
2018-02-23 09:27:03,0.01997100,1.37000000
2018-02-23 09:27:03,0.01997100,2.74000000
2018-02-23 09:27:03,0.01997100,0.74000000
2018-02-23 09:27:03,0.01997100,0.74000000
2018-02-23 09:27:04,0.01997100,4.80000000
2018-02-23 09:27:07,0.01997100,1.39000000
2018-02-23 09:27:07,0.01996500,0.10000000
2018-02-23 09:27:08,0.01997100,0.79000000
2018-02-23 09:27:08,0.01997100,0.07000000
2018-02-23 09:27:10,0.01997100,0.31000000
2018-02-23 09:27:10,0.01998500,0.10000000
2018-02-23 09:27:10,0.01999600,2.41000000
2018-02-23 09:27:10,0.01999700,7.36000000
2018-02-23 09:27:30,0.01998500,1.00000000
2018-02-23 09:27:30,0.01999500,6.68000000
2018-02-23 09:27:30,0.01999700,18.38000000
2018-02-23 09:27:30,0.01997300,0.25000000
2018-02-23 09:27:32,0.01997300,4.11000000
2018-02-23 09:27:33,0.01999700,0.14000000
2018-02-23 09:27:37,0.01997300,0.67000000
2018-02-23 09:27:41,0.01999700,1.57000000
2018-02-23 09:27:42,0.01997500,0.27000000
2018-02-23 09:27:43,0.01997500,1.50000000
2018-02-23 09:27:43,0.01997500,0.56000000
2018-02-23 09:27:43,0.01997400,0.22000000
2018-02-23 09:27:43,0.01997400,1.28000000
2018-02-23 09:27:43,0.01997600,1.50000000
2018-02-23 09:27:43,0.02000000,0.31000000
2018-02-23 09:27:43,0.02000500,0.01000000
2018-02-23 09:27:43,0.02000700,0.18000000
2018-02-23 09:27:48,0.02000600,0.06000000
2018-02-23 09:27:52,0.01999000,0.09000000
2018-02-23 09:27:52,0.01999900,2.72000000
2018-02-23 09:27:52,0.02000000,0.18000000
2018-02-23 09:27:53,0.01998500,0.10000000
2018-02-23 09:27:53,0.01997300,0.90000000
2018-02-23 09:28:03,0.02000000,0.22000000
2018-02-23 09:28:03,0.02000500,0.10000000
2018-02-23 09:28:03,0.02000600,0.18000000
2018-02-23 09:28:05,0.01998600,0.17000000
2018-02-23 09:28:06,0.02000600,0.05000000
2018-02-23 09:28:09,0.02000600,2.20000000
2018-02-23 09:28:18,0.01998600,0.17000000
2018-02-23 09:28:22,0.02000500,0.16000000
2018-02-23 09:28:22,0.01998600,0.26000000
2018-02-23 09:28:27,0.01998800,0.39000000
2018-02-23 09:28:30,0.01998800,0.10000000
2018-02-23 09:28:31,0.01998800,1.00000000
2018-02-23 09:28:31,0.01998800,1.51000000
2018-02-23 09:28:31,0.01998500,0.39000000
2018-02-23 09:28:33,0.01998500,0.94000000
2018-02-23 09:28:33,0.01998500,1.18000000
2018-02-23 09:28:33,0.01998500,0.11000000
2018-02-23 09:28:33,0.01998200,0.24000000
2018-02-23 09:28:33,0.01998500,0.68000000
2018-02-23 09:28:34,0.01998200,0.18000000
2018-02-23 09:28:35,0.01998200,0.56000000
2018-02-23 09:28:37,0.01998500,0.49000000
2018-02-23 09:28:39,0.01998500,0.50000000
2018-02-23 09:28:44,0.01997500,3.35000000
2018-02-23 09:28:45,0.01998500,0.50000000
2018-02-23 09:28:48,0.01998300,0.14000000
2018-02-23 09:28:48,0.01998500,0.18000000
2018-02-23 09:28:48,0.02000300,0.32000000
2018-02-23 09:28:49,0.02000000,0.09000000
2018-02-23 09:28:49,0.02000300,3.74000000
2018-02-23 09:28:54,0.01999500,0.50000000
2018-02-23 09:28:56,0.01999500,2.76000000
2018-02-23 09:28:56,0.01999500,1.50000000
2018-02-23 09:28:56,0.01999500,1.50000000
2018-02-23 09:28:56,0.01999500,1.50000000
2018-02-23 09:28:56,0.01999500,1.50000000
2018-02-23 09:28:56,0.01999500,0.25000000
2018-02-23 09:28:57,0.01999500,0.08000000
2018-02-23 09:29:03,0.02000300,1.49000000
2018-02-23 09:29:03,0.02000300,0.44000000
2018-02-23 09:29:06,0.02000300,0.52000000
2018-02-23 09:29:06,0.02000300,2.35000000
2018-02-23 09:29:09,0.02000300,0.80000000
2018-02-23 09:29:09,0.02000500,1.99000000
2018-02-23 09:29:09,0.02000300,0.38000000
2018-02-23 09:29:09,0.02000300,0.72000000
2018-02-23 09:29:10,0.02000400,0.28000000
2018-02-23 09:29:10,0.02000300,0.84000000
2018-02-23 09:29:10,0.02000300,0.28000000
2018-02-23 09:29:12,0.02000300,0.59000000
2018-02-23 09:29:14,0.02000300,0.05000000
2018-02-23 09:29:14,0.02000500,2.33000000
2018-02-23 09:29:14,0.02000600,1.41000000
2018-02-23 09:29:14,0.02000900,5.75000000
2018-02-23 09:29:14,0.02001300,3.00000000
2018-02-23 09:29:14,0.02001500,4.10000000
2018-02-23 09:29:14,0.02001600,0.09000000
2018-02-23 09:29:14,0.02001800,2.00000000
2018-02-23 09:29:14,0.02001900,0.30000000
2018-02-23 09:29:14,0.02002000,1.59000000
2018-02-23 09:29:14,0.02002100,2.15000000
2018-02-23 09:29:14,0.02002500,0.19000000
2018-02-23 09:29:14,0.02002600,15.04000000
2018-02-23 09:29:14,0.02002700,0.12000000
2018-02-23 09:29:14,0.02003200,2.18000000
2018-02-23 09:29:14,0.02003400,0.54000000
2018-02-23 09:29:14,0.02003900,0.06000000
2018-02-23 09:29:14,0.02004100,1.29000000
2018-02-23 09:29:16,0.02000900,1.49000000
2018-02-23 09:29:16,0.02001100,0.21000000
2018-02-23 09:29:16,0.02001100,1.06000000
2018-02-23 09:29:16,0.02001100,1.06000000
2018-02-23 09:29:16,0.02001100,1.06000000
2018-02-23 09:29:24,0.02001200,1.24000000
2018-02-23 09:29:28,0.02001300,1.49000000
2018-02-23 09:29:29,0.02001300,0.80000000
2018-02-23 09:29:29,0.02003500,3.39000000
2018-02-23 09:29:29,0.02003700,1.50000000
2018-02-23 09:29:29,0.02004000,1.00000000
2018-02-23 09:29:29,0.02004100,0.82000000
2018-02-23 09:29:29,0.02004100,0.52000000
2018-02-23 09:29:29,0.02004100,1.49000000
2018-02-23 09:29:29,0.02004100,0.52000000
2018-02-23 09:29:29,0.02004100,1.49000000
2018-02-23 09:29:29,0.02004100,0.48000000
2018-02-23 09:29:29,0.02004100,1.09000000
2018-02-23 09:29:29,0.02004100,1.49000000
2018-02-23 09:29:29,0.02004100,0.49000000
2018-02-23 09:29:29,0.02004100,1.49000000
2018-02-23 09:29:29,0.02004100,0.08000000
2018-02-23 09:29:29,0.02004100,1.49000000
2018-02-23 09:29:29,0.02004100,1.49000000
2018-02-23 09:29:29,0.02004100,0.09000000
2018-02-23 09:29:29,0.02004100,1.49000000
2018-02-23 09:29:29,0.02004100,8.99000000
2018-02-23 09:29:29,0.02004100,1.49000000
2018-02-23 09:29:29,0.02004100,1.49000000
2018-02-23 09:29:29,0.02004100,1.49000000
2018-02-23 09:29:30,0.02004100,1.49000000
2018-02-23 09:29:30,0.02004100,1.49000000
2018-02-23 09:29:30,0.02004100,0.26000000
2018-02-23 09:29:30,0.02004100,2.49000000
2018-02-23 09:29:30,0.02004100,13.61000000
2018-02-23 09:29:30,0.02004100,1.49000000
2018-02-23 09:29:30,0.02004100,1.49000000
2018-02-23 09:29:30,0.02004100,2.29000000
2018-02-23 09:29:30,0.02004100,1.49000000
2018-02-23 09:29:30,0.02004100,13.61000000
2018-02-23 09:29:30,0.02004100,0.23000000
2018-02-23 09:29:30,0.02004100,1.49000000
2018-02-23 09:29:30,0.02004200,1.99000000
2018-02-23 09:29:31,0.02004200,1.49000000
2018-02-23 09:29:31,0.02004200,0.10000000
2018-02-23 09:29:31,0.02004200,0.10000000
2018-02-23 09:29:31,0.02004200,0.10000000
2018-02-23 09:29:31,0.02004200,0.22000000
2018-02-23 09:29:31,0.02004100,1.49000000
2018-02-23 09:29:31,0.02004100,1.49000000
2018-02-23 09:29:31,0.02004100,1.49000000
2018-02-23 09:29:31,0.02004100,1.49000000
2018-02-23 09:29:31,0.02004100,6.15000000
2018-02-23 09:29:31,0.02004100,3.76000000
2018-02-23 09:29:31,0.02004100,0.17000000
2018-02-23 09:29:31,0.02004100,1.49000000
2018-02-23 09:29:31,0.02004100,1.49000000
2018-02-23 09:29:31,0.02004100,0.69000000
2018-02-23 09:29:31,0.02004100,1.49000000
2018-02-23 09:29:32,0.02004100,1.49000000
2018-02-23 09:29:32,0.02004200,1.49000000
2018-02-23 09:29:32,0.02004200,0.18000000
2018-02-23 09:29:32,0.02004200,0.42000000
2018-02-23 09:29:32,0.02004200,2.37000000
2018-02-23 09:29:32,0.02004200,1.42000000
2018-02-23 09:29:32,0.02004200,0.24000000
2018-02-23 09:29:32,0.02004100,11.60000000
2018-02-23 09:29:32,0.02004100,0.75000000
2018-02-23 09:29:32,0.02004100,0.99000000
2018-02-23 09:29:32,0.02004300,0.07000000
2018-02-23 09:29:32,0.02004100,1.49000000
2018-02-23 09:29:33,0.02004100,1.49000000
2018-02-23 09:29:33,0.02004100,1.49000000
2018-02-23 09:29:33,0.02004100,0.26000000
2018-02-23 09:29:33,0.02004100,1.50000000
2018-02-23 09:29:33,0.02004100,1.49000000
2018-02-23 09:29:33,0.02004100,0.38000000
2018-02-23 09:29:33,0.02004100,1.49000000
2018-02-23 09:29:33,0.02004100,1.49000000
2018-02-23 09:29:33,0.02004100,1.53000000
2018-02-23 09:29:34,0.02004100,1.49000000
2018-02-23 09:29:34,0.02004100,1.49000000
2018-02-23 09:29:34,0.02004100,1.55000000
2018-02-23 09:29:34,0.02004100,1.49000000
2018-02-23 09:29:34,0.02004100,1.00000000
2018-02-23 09:29:34,0.02004100,3.00000000
2018-02-23 09:29:34,0.02004100,1.49000000
2018-02-23 09:29:34,0.02004100,1.49000000
2018-02-23 09:29:34,0.02004100,0.12000000
2018-02-23 09:29:34,0.02004100,1.49000000
2018-02-23 09:29:35,0.02004100,0.80000000
2018-02-23 09:29:35,0.02004400,2.05000000
2018-02-23 09:29:35,0.02004500,0.10000000
2018-02-23 09:29:35,0.02004600,0.56000000
2018-02-23 09:29:35,0.02004800,2.54000000
2018-02-23 09:29:35,0.02005000,3.13000000
2018-02-23 09:29:35,0.02005100,0.19000000
2018-02-23 09:29:35,0.02004100,1.49000000
2018-02-23 09:29:35,0.02004100,1.49000000
2018-02-23 09:29:35,0.02004100,1.49000000
2018-02-23 09:29:35,0.02004100,1.49000000
2018-02-23 09:29:35,0.02004100,1.49000000
2018-02-23 09:29:35,0.02004200,0.54000000
2018-02-23 09:29:35,0.02004100,0.95000000
2018-02-23 09:29:35,0.02004100,1.49000000
2018-02-23 09:29:36,0.02004100,0.54000000
2018-02-23 09:29:36,0.02004100,0.80000000
2018-02-23 09:29:37,0.02005100,0.01000000
2018-02-23 09:29:37,0.02005100,0.48000000
2018-02-23 09:29:37,0.02005100,0.48000000
2018-02-23 09:29:37,0.02005100,1.49000000
2018-02-23 09:29:38,0.02005100,0.20000000
2018-02-23 09:29:38,0.02005100,0.48000000
2018-02-23 09:29:38,0.02005100,1.26000000
2018-02-23 09:29:38,0.02005100,1.49000000
2018-02-23 09:29:38,0.02005100,0.06000000
2018-02-23 09:29:38,0.02004200,0.44000000
2018-02-23 09:29:38,0.02004200,1.49000000
2018-02-23 09:29:39,0.02004200,0.46000000
2018-02-23 09:29:39,0.02005400,0.10000000
2018-02-23 09:29:40,0.02004200,0.80000000
2018-02-23 09:29:40,0.02004200,0.80000000
2018-02-23 09:29:40,0.02004200,0.20000000
2018-02-23 09:29:41,0.02004200,0.24000000
2018-02-23 09:29:41,0.02004200,0.24000000
2018-02-23 09:29:41,0.02004200,0.10000000
2018-02-23 09:29:42,0.02004200,0.08000000
2018-02-23 09:29:42,0.02004200,0.24000000
2018-02-23 09:29:42,0.02004200,0.12000000
2018-02-23 09:29:43,0.02004200,0.51000000
2018-02-23 09:29:44,0.02005700,0.10000000
2018-02-23 09:29:44,0.02006500,1.15000000
2018-02-23 09:29:44,0.02006600,0.30000000
2018-02-23 09:29:44,0.02004200,0.29000000
2018-02-23 09:29:44,0.02004100,1.21000000
2018-02-23 09:29:44,0.02004100,0.80000000
2018-02-23 09:29:44,0.02004100,0.10000000
2018-02-23 09:29:44,0.02004100,0.80000000
2018-02-23 09:29:46,0.02004500,0.10000000
2018-02-23 09:29:46,0.02004100,0.05000000
2018-02-23 09:29:46,0.02004100,0.10000000
2018-02-23 09:29:46,0.02004100,0.80000000
2018-02-23 09:29:47,0.02004100,0.80000000
2018-02-23 09:29:48,0.02004100,0.80000000
2018-02-23 09:29:50,0.02004300,0.20000000
2018-02-23 09:29:51,0.02004300,0.88000000
2018-02-23 09:29:53,0.02004100,1.00000000
2018-02-23 09:29:53,0.02004100,1.00000000
2018-02-23 09:29:56,0.02004300,1.60000000
2018-02-23 09:29:56,0.02004200,5.97000000
2018-02-23 09:30:01,0.02004200,0.83000000
2018-02-23 09:30:01,0.02004100,0.07000000
2018-02-23 09:30:03,0.02004100,0.14000000
2018-02-23 09:30:05,0.02004200,0.38000000
2018-02-23 09:30:09,0.02004300,0.14000000
2018-02-23 09:30:09,0.02004800,0.18000000
2018-02-23 09:30:11,0.02004800,2.99000000
2018-02-23 09:30:12,0.02004800,2.84000000
2018-02-23 09:30:12,0.02004900,2.55000000
2018-02-23 09:30:14,0.02005000,1.50000000
2018-02-23 09:30:19,0.02005200,0.26000000
2018-02-23 09:30:20,0.02005200,1.50000000
2018-02-23 09:30:23,0.02005600,0.08000000
2018-02-23 09:30:24,0.02005200,1.00000000
2018-02-23 09:30:24,0.02005000,0.50000000
2018-02-23 09:30:26,0.02005600,0.24000000
2018-02-23 09:30:26,0.02005600,0.24000000
2018-02-23 09:30:27,0.02005700,0.51000000
2018-02-23 09:30:27,0.02006500,0.10000000
2018-02-23 09:30:27,0.02006600,0.91000000
2018-02-23 09:30:27,0.02007700,0.08000000
2018-02-23 09:30:27,0.02008000,2.07000000
2018-02-23 09:30:27,0.02008600,0.10000000
2018-02-23 09:30:27,0.02009300,0.67000000
2018-02-23 09:30:27,0.02005300,1.49000000
2018-02-23 09:30:28,0.02005500,2.04000000
2018-02-23 09:30:28,0.02005600,1.50000000
2018-02-23 09:30:28,0.02006600,0.10000000
2018-02-23 09:30:28,0.02005800,3.09000000
2018-02-23 09:30:28,0.02005800,1.49000000
2018-02-23 09:30:29,0.02005600,1.49000000
2018-02-23 09:30:29,0.02005600,3.00000000
2018-02-23 09:30:29,0.02005600,7.72000000
2018-02-23 09:30:29,0.02006300,1.49000000
2018-02-23 09:30:29,0.02006400,1.19000000
2018-02-23 09:30:32,0.02006100,0.36000000
2018-02-23 09:30:33,0.02005000,1.50000000
2018-02-23 09:30:33,0.02005000,1.50000000
2018-02-23 09:30:33,0.02004500,0.52000000
2018-02-23 09:30:36,0.02006100,5.07000000
2018-02-23 09:30:36,0.02006100,1.49000000
2018-02-23 09:30:36,0.02006100,2.53000000
2018-02-23 09:30:36,0.02006100,2.52000000
2018-02-23 09:30:36,0.02006100,5.38000000
2018-02-23 09:30:36,0.02006100,1.49000000
2018-02-23 09:30:36,0.02006100,1.49000000
2018-02-23 09:30:36,0.02006100,3.75000000
2018-02-23 09:30:36,0.02006100,1.49000000
2018-02-23 09:30:37,0.02006100,1.49000000
2018-02-23 09:30:37,0.02006100,1.47000000
2018-02-23 09:30:37,0.02006100,3.50000000
2018-02-23 09:30:38,0.02005200,1.50000000
2018-02-23 09:30:41,0.02006400,1.72000000
2018-02-23 09:30:43,0.02006100,5.00000000
2018-02-23 09:30:43,0.02006400,3.28000000
2018-02-23 09:30:43,0.02006600,0.09000000
2018-02-23 09:30:43,0.02007300,12.58000000
2018-02-23 09:30:45,0.02008000,0.11000000
2018-02-23 09:30:45,0.02008600,0.72000000
2018-02-23 09:30:47,0.02006600,0.10000000
2018-02-23 09:30:49,0.02006300,0.90000000
2018-02-23 09:30:53,0.02006300,0.08000000
2018-02-23 09:30:53,0.02008400,0.27000000
2018-02-23 09:30:53,0.02008500,1.13000000
2018-02-23 09:30:53,0.02008600,1.03000000
2018-02-23 09:30:54,0.02005900,5.04000000
2018-02-23 09:31:00,0.02008500,0.49000000
2018-02-23 09:31:01,0.02007300,0.13000000
2018-02-23 09:31:02,0.02008500,0.34000000
2018-02-23 09:31:02,0.02008500,3.82000000
2018-02-23 09:31:04,0.02008500,0.49000000
2018-02-23 09:31:04,0.02008500,0.07000000
2018-02-23 09:31:07,0.02007300,4.36000000
2018-02-23 09:31:07,0.02006300,0.12000000
2018-02-23 09:31:09,0.02008500,1.52000000
2018-02-23 09:31:09,0.02008600,5.30000000
2018-02-23 09:31:09,0.02008500,0.12000000
2018-02-23 09:31:10,0.02008500,1.63000000
2018-02-23 09:31:11,0.02008600,2.89000000
2018-02-23 09:31:12,0.02008500,0.52000000
2018-02-23 09:31:12,0.02009200,2.65000000
2018-02-23 09:31:12,0.02009200,0.49000000
2018-02-23 09:31:13,0.02008600,0.42000000
2018-02-23 09:31:14,0.02008600,1.49000000
2018-02-23 09:31:14,0.02008600,1.23000000
2018-02-23 09:31:17,0.02008500,0.10000000
2018-02-23 09:31:17,0.02008500,2.47000000
2018-02-23 09:31:17,0.02008500,1.49000000
2018-02-23 09:31:17,0.02008500,1.49000000
2018-02-23 09:31:17,0.02008500,1.49000000
2018-02-23 09:31:17,0.02008500,4.54000000
2018-02-23 09:31:17,0.02008500,1.49000000
2018-02-23 09:31:17,0.02008500,1.49000000
2018-02-23 09:31:17,0.02008500,1.49000000
2018-02-23 09:31:18,0.02009200,1.99000000
2018-02-23 09:31:18,0.02009200,2.23000000
2018-02-23 09:31:18,0.02009200,1.49000000
2018-02-23 09:31:18,0.02009200,0.49000000
2018-02-23 09:31:18,0.02008500,0.83000000
2018-02-23 09:31:18,0.02008500,0.55000000
2018-02-23 09:31:19,0.02008600,0.05000000
2018-02-23 09:31:19,0.02009300,2.28000000
2018-02-23 09:31:19,0.02010000,2.32000000
2018-02-23 09:31:20,0.02009200,0.53000000
2018-02-23 09:31:20,0.02010000,12.68000000
2018-02-23 09:31:20,0.02009200,1.49000000
2018-02-23 09:31:20,0.02009200,0.10000000
2018-02-23 09:31:22,0.02009200,0.48000000
2018-02-23 09:31:23,0.02009200,0.01000000
2018-02-23 09:31:24,0.02009200,1.49000000
2018-02-23 09:31:24,0.02009200,1.49000000
2018-02-23 09:31:24,0.02009200,1.32000000
2018-02-23 09:31:24,0.02008600,1.49000000
2018-02-23 09:31:24,0.02008600,1.49000000
2018-02-23 09:31:24,0.02009200,1.49000000
2018-02-23 09:31:24,0.02009200,0.48000000
2018-02-23 09:31:24,0.02009300,2.28000000
2018-02-23 09:31:24,0.02010000,0.08000000
2018-02-23 09:31:24,0.02009300,1.49000000
2018-02-23 09:31:25,0.02009300,1.49000000
2018-02-23 09:31:25,0.02009300,1.49000000
2018-02-23 09:31:25,0.02009300,1.49000000
2018-02-23 09:31:25,0.02010000,15.30000000
2018-02-23 09:31:25,0.02010000,0.51000000
2018-02-23 09:31:25,0.02010000,1.42000000
2018-02-23 09:31:26,0.02010000,1.42000000
2018-02-23 09:31:26,0.02010000,0.20000000
2018-02-23 09:31:26,0.02010000,0.10000000
2018-02-23 09:31:26,0.02010000,3.75000000
2018-02-23 09:31:27,0.02010000,0.85000000
2018-02-23 09:31:27,0.02009400,1.19000000
2018-02-23 09:31:27,0.02009300,1.49000000
2018-02-23 09:31:28,0.02010000,0.28000000
2018-02-23 09:31:29,0.02010000,0.01000000
2018-02-23 09:31:29,0.02009300,0.58000000
2018-02-23 09:31:30,0.02009300,1.49000000
2018-02-23 09:31:32,0.02009300,1.68000000
2018-02-23 09:31:32,0.02009200,0.05000000
2018-02-23 09:31:33,0.02009200,1.49000000
2018-02-23 09:31:33,0.02010400,2.31000000
2018-02-23 09:31:38,0.02010400,1.49000000
2018-02-23 09:31:38,0.02010400,1.49000000
2018-02-23 09:31:38,0.02010400,0.95000000
2018-02-23 09:31:40,0.02010600,0.10000000
2018-02-23 09:31:40,0.02011000,0.41000000
2018-02-23 09:31:43,0.02010600,1.24000000
2018-02-23 09:31:44,0.02010600,0.51000000
2018-02-23 09:31:46,0.02011000,6.00000000
2018-02-23 09:31:46,0.02011000,0.23000000
2018-02-23 09:31:47,0.02011000,1.61000000
2018-02-23 09:31:50,0.02011000,3.00000000
2018-02-23 09:31:50,0.02011000,0.20000000
2018-02-23 09:31:51,0.02011000,1.51000000
2018-02-23 09:31:52,0.02011100,0.93000000
2018-02-23 09:31:52,0.02011300,0.09000000
2018-02-23 09:31:53,0.02011300,1.02000000
2018-02-23 09:31:54,0.02011300,1.47000000
2018-02-23 09:31:54,0.02011500,0.99000000
2018-02-23 09:31:55,0.02011400,2.09000000
2018-02-23 09:31:55,0.02011300,36.99000000
2018-02-23 09:31:57,0.02011400,0.20000000
2018-02-23 09:31:57,0.02011500,0.39000000
2018-02-23 09:31:58,0.02011400,2.50000000
2018-02-23 09:31:58,0.02011400,3.90000000
2018-02-23 09:31:59,0.02011500,0.36000000
2018-02-23 09:31:59,0.02011400,0.39000000
2018-02-23 09:32:00,0.02011400,0.39000000
2018-02-23 09:32:00,0.02011800,0.08000000
2018-02-23 09:32:00,0.02012000,1.79000000
2018-02-23 09:32:00,0.02012600,0.24000000
2018-02-23 09:32:00,0.02012800,4.72000000
2018-02-23 09:32:00,0.02012900,0.22000000
2018-02-23 09:32:00,0.02012900,0.86000000
2018-02-23 09:32:00,0.02012900,0.86000000
2018-02-23 09:32:00,0.02012900,0.20000000
2018-02-23 09:32:01,0.02013000,3.33000000
2018-02-23 09:32:01,0.02012900,0.90000000
2018-02-23 09:32:01,0.02012900,0.20000000
2018-02-23 09:32:03,0.02012900,1.75000000
2018-02-23 09:32:03,0.02012900,0.10000000
2018-02-23 09:32:04,0.02013000,1.49000000
2018-02-23 09:32:05,0.02012900,0.76000000
2018-02-23 09:32:06,0.02013000,1.07000000
2018-02-23 09:32:07,0.02012900,0.20000000
2018-02-23 09:32:08,0.02013000,0.78000000
2018-02-23 09:32:09,0.02013000,0.40000000
2018-02-23 09:32:10,0.02013000,0.21000000
2018-02-23 09:32:10,0.02013400,0.06000000
2018-02-23 09:32:10,0.02013600,0.06000000
2018-02-23 09:32:10,0.02014000,0.12000000
2018-02-23 09:32:10,0.02014300,0.34000000
2018-02-23 09:32:10,0.02014600,0.10000000
2018-02-23 09:32:10,0.02014700,5.04000000
2018-02-23 09:32:10,0.02014800,5.00000000
2018-02-23 09:32:10,0.02015000,1.14000000
2018-02-23 09:32:10,0.02015500,0.62000000
2018-02-23 09:32:10,0.02016000,9.19000000
2018-02-23 09:32:10,0.02016500,0.89000000
2018-02-23 09:32:10,0.02016600,0.10000000
2018-02-23 09:32:10,0.02016800,1.03000000
2018-02-23 09:32:10,0.02017000,0.35000000
2018-02-23 09:32:10,0.02017500,3.11000000
2018-02-23 09:32:10,0.02018000,1.26000000
2018-02-23 09:32:10,0.02018600,0.61000000
2018-02-23 09:32:10,0.02018800,0.14000000
2018-02-23 09:32:10,0.02018900,0.20000000
2018-02-23 09:32:10,0.02019100,0.20000000
2018-02-23 09:32:10,0.02019300,0.10000000
2018-02-23 09:32:10,0.02019500,0.15000000
2018-02-23 09:32:10,0.02019900,4.70000000
2018-02-23 09:32:10,0.02013000,1.24000000
2018-02-23 09:32:11,0.02015300,0.60000000
2018-02-23 09:32:12,0.02013200,1.10000000
2018-02-23 09:32:13,0.02013200,4.90000000
2018-02-23 09:32:13,0.02013100,0.65000000
2018-02-23 09:32:13,0.02014600,0.10000000
2018-02-23 09:32:13,0.02013300,0.90000000
2018-02-23 09:32:13,0.02013300,0.10000000
2018-02-23 09:32:13,0.02013300,1.00000000
2018-02-23 09:32:14,0.02015200,0.10000000
2018-02-23 09:32:15,0.02015000,3.24000000
2018-02-23 09:32:15,0.02015300,2.07000000
2018-02-23 09:32:15,0.02015400,0.05000000
2018-02-23 09:32:15,0.02019200,7.36000000
2018-02-23 09:32:15,0.02019300,0.95000000
2018-02-23 09:32:15,0.02019900,7.84000000
2018-02-23 09:32:15,0.02020000,28.68000000
2018-02-23 09:32:15,0.02020300,1.84000000
2018-02-23 09:32:15,0.02020300,5.90000000
2018-02-23 09:32:15,0.02020300,1.99000000
2018-02-23 09:32:15,0.02020300,2.00000000
2018-02-23 09:32:15,0.02020300,0.20000000
2018-02-23 09:32:15,0.02020300,22.97000000
2018-02-23 09:32:15,0.02020300,0.09000000
2018-02-23 09:32:15,0.02020300,0.20000000
2018-02-23 09:32:15,0.02020300,0.18000000
2018-02-23 09:32:15,0.02020300,0.99000000
2018-02-23 09:32:15,0.02020300,2.00000000
2018-02-23 09:32:15,0.02020300,2.77000000
2018-02-23 09:32:15,0.02020300,4.99000000
2018-02-23 09:32:15,0.02020300,3.60000000
2018-02-23 09:32:15,0.02013000,0.05000000
2018-02-23 09:32:15,0.02013000,2.39000000
2018-02-23 09:32:16,0.02013900,0.90000000
2018-02-23 09:32:19,0.02013900,0.60000000
2018-02-23 09:32:19,0.02016600,0.10000000
2018-02-23 09:32:19,0.02018600,0.10000000
2018-02-23 09:32:19,0.02019000,9.00000000
2018-02-23 09:32:19,0.02020200,0.24000000
2018-02-23 09:32:19,0.02020300,10.20000000
2018-02-23 09:32:19,0.02020300,0.99000000
2018-02-23 09:32:19,0.02020300,0.99000000
2018-02-23 09:32:19,0.02020300,0.99000000
2018-02-23 09:32:19,0.02020300,0.90000000
2018-02-23 09:32:19,0.02020300,0.49000000
2018-02-23 09:32:19,0.02020300,6.58000000
2018-02-23 09:32:19,0.02013900,4.36000000
2018-02-23 09:32:19,0.02013900,0.50000000
2018-02-23 09:32:20,0.02014100,1.48000000
2018-02-23 09:32:20,0.02017700,0.51000000
2018-02-23 09:32:20,0.02014600,0.10000000
2018-02-23 09:32:20,0.02014200,0.39000000
2018-02-23 09:32:22,0.02016600,0.10000000
2018-02-23 09:32:22,0.02017500,0.99000000
2018-02-23 09:32:22,0.02014500,0.30000000
2018-02-23 09:32:22,0.02014500,0.10000000
2018-02-23 09:32:23,0.02014500,0.28000000
2018-02-23 09:32:27,0.02016400,0.49000000
2018-02-23 09:32:27,0.02016600,0.10000000
2018-02-23 09:32:27,0.02017600,0.23000000
2018-02-23 09:32:29,0.02017300,0.49000000
2018-02-23 09:32:29,0.02017600,0.16000000
2018-02-23 09:32:29,0.02017700,0.51000000
2018-02-23 09:32:29,0.02018600,0.10000000
2018-02-23 09:32:29,0.02018800,5.46000000
2018-02-23 09:32:29,0.02018900,5.46000000
2018-02-23 09:32:31,0.02016600,0.10000000
2018-02-23 09:32:32,0.02015800,2.51000000
2018-02-23 09:32:33,0.02018600,2.98000000
2018-02-23 09:32:33,0.02018700,0.44000000
2018-02-23 09:32:35,0.02016600,0.10000000
2018-02-23 09:32:35,0.02016100,0.29000000
2018-02-23 09:32:36,0.02018500,0.49000000
2018-02-23 09:32:36,0.02016200,0.20000000
2018-02-23 09:32:36,0.02018400,0.29000000
2018-02-23 09:32:36,0.02018700,0.36000000
2018-02-23 09:32:36,0.02018900,2.34000000
2018-02-23 09:32:36,0.02020200,0.68000000
2018-02-23 09:32:36,0.02020300,1.87000000
2018-02-23 09:32:36,0.02020600,0.22000000
2018-02-23 09:32:36,0.02020800,1.16000000
2018-02-23 09:32:39,0.02018300,0.10000000
2018-02-23 09:32:39,0.02018100,0.20000000
2018-02-23 09:32:40,0.02018100,0.49000000
2018-02-23 09:32:40,0.02018100,1.28000000
2018-02-23 09:32:40,0.02018000,0.10000000
2018-02-23 09:32:40,0.02018100,0.05000000
2018-02-23 09:32:40,0.02018600,0.10000000
2018-02-23 09:32:40,0.02018600,0.59000000
2018-02-23 09:32:40,0.02018600,1.00000000
2018-02-23 09:32:41,0.02018600,2.03000000
2018-02-23 09:32:41,0.02018600,2.03000000
2018-02-23 09:32:41,0.02018600,2.02000000
2018-02-23 09:32:41,0.02018600,9.39000000
2018-02-23 09:32:41,0.02020800,8.76000000
2018-02-23 09:32:41,0.02018700,1.01000000
2018-02-23 09:32:41,0.02018700,0.08000000
2018-02-23 09:32:41,0.02018700,0.64000000
2018-02-23 09:32:41,0.02018700,1.48000000
2018-02-23 09:32:41,0.02018700,1.48000000
2018-02-23 09:32:41,0.02018700,0.26000000
2018-02-23 09:32:41,0.02018700,1.02000000
2018-02-23 09:32:41,0.02018600,0.18000000
2018-02-23 09:32:41,0.02018600,1.00000000
2018-02-23 09:32:41,0.02018600,0.50000000
2018-02-23 09:32:42,0.02018600,0.10000000
2018-02-23 09:32:42,0.02018600,0.40000000
2018-02-23 09:32:42,0.02018600,1.01000000
2018-02-23 09:32:42,0.02019500,0.17000000
2018-02-23 09:32:42,0.02018600,0.61000000
2018-02-23 09:32:42,0.02018600,1.49000000
2018-02-23 09:32:43,0.02018700,0.20000000
2018-02-23 09:32:43,0.02018700,0.50000000
2018-02-23 09:32:44,0.02018800,0.06000000
2018-02-23 09:32:44,0.02018700,0.04000000
2018-02-23 09:32:44,0.02018700,6.62000000
2018-02-23 09:32:44,0.02018600,0.10000000
2018-02-23 09:32:44,0.02018600,0.10000000
2018-02-23 09:32:44,0.02018600,2.48000000
2018-02-23 09:32:44,0.02018600,0.10000000
2018-02-23 09:32:46,0.02018600,2.48000000
2018-02-23 09:32:46,0.02018600,0.31000000
2018-02-23 09:32:46,0.02018600,5.02000000
2018-02-23 09:32:46,0.02018600,0.30000000
2018-02-23 09:32:46,0.02019500,0.33000000
2018-02-23 09:32:47,0.02019500,1.48000000
2018-02-23 09:32:47,0.02019500,0.11000000
2018-02-23 09:32:47,0.02019500,1.48000000
2018-02-23 09:32:47,0.02019500,1.48000000
2018-02-23 09:32:47,0.02019500,0.80000000
2018-02-23 09:32:47,0.02020400,0.11000000
2018-02-23 09:32:47,0.02018600,0.80000000
2018-02-23 09:32:47,0.02018600,3.87000000
2018-02-23 09:32:48,0.02018700,0.11000000
2018-02-23 09:32:48,0.02018700,0.89000000
2018-02-23 09:32:48,0.02018600,1.48000000
2018-02-23 09:32:49,0.02018600,0.80000000
2018-02-23 09:32:49,0.02018600,1.48000000
2018-02-23 09:32:49,0.02018600,1.48000000
2018-02-23 09:32:49,0.02018600,1.48000000
2018-02-23 09:32:49,0.02018700,0.20000000
2018-02-23 09:32:49,0.02020400,1.12000000
2018-02-23 09:32:50,0.02020400,0.69000000
2018-02-23 09:32:50,0.02020400,0.69000000
2018-02-23 09:32:50,0.02020600,3.89000000
2018-02-23 09:32:50,0.02018700,1.48000000
2018-02-23 09:32:50,0.02018700,1.48000000
2018-02-23 09:32:50,0.02018700,1.48000000
2018-02-23 09:32:50,0.02018700,0.36000000
2018-02-23 09:32:51,0.02018700,0.44000000
2018-02-23 09:32:51,0.02018700,0.80000000
2018-02-23 09:32:52,0.02018700,0.80000000
2018-02-23 09:32:53,0.02019800,0.30000000
2018-02-23 09:32:54,0.02019800,1.87000000
2018-02-23 09:32:55,0.02019000,1.48000000
2018-02-23 09:32:55,0.02019900,0.11000000
2018-02-23 09:32:55,0.02019000,0.50000000
2018-02-23 09:32:56,0.02019000,0.07000000
2018-02-23 09:32:57,0.02019900,0.51000000
2018-02-23 09:32:57,0.02020500,0.25000000
2018-02-23 09:32:57,0.02020600,0.70000000
2018-02-23 09:32:58,0.02019000,0.10000000
2018-02-23 09:32:59,0.02020000,2.00000000
2018-02-23 09:32:59,0.02019100,0.50000000
2018-02-23 09:33:01,0.02019100,0.50000000
2018-02-23 09:33:02,0.02019100,1.50000000
2018-02-23 09:33:02,0.02020000,2.20000000
2018-02-23 09:33:03,0.02019200,1.17000000
2018-02-23 09:33:04,0.02019900,2.27000000
2018-02-23 09:33:04,0.02019900,0.23000000
2018-02-23 09:33:04,0.02020000,3.16000000
2018-02-23 09:33:05,0.02020000,0.05000000
2018-02-23 09:33:06,0.02019200,0.10000000
2018-02-23 09:33:07,0.02019200,1.33000000
2018-02-23 09:33:09,0.02019200,1.32000000
2018-02-23 09:33:10,0.02019100,0.21000000
2018-02-23 09:33:10,0.02019100,1.48000000
2018-02-23 09:33:11,0.02019100,1.67000000
2018-02-23 09:33:11,0.02019300,0.07000000
2018-02-23 09:33:11,0.02019300,0.35000000
2018-02-23 09:33:12,0.02019900,0.49000000
2018-02-23 09:33:12,0.02020000,3.72000000
2018-02-23 09:33:12,0.02020000,0.51000000
2018-02-23 09:33:12,0.02020800,9.54000000
2018-02-23 09:33:13,0.02019200,0.28000000
2018-02-23 09:33:13,0.02019200,0.58000000
2018-02-23 09:33:13,0.02019500,0.13000000
2018-02-23 09:33:13,0.02019200,2.77000000
2018-02-23 09:33:13,0.02019200,0.35000000
2018-02-23 09:33:13,0.02019200,0.02000000
2018-02-23 09:33:13,0.02019100,0.48000000
2018-02-23 09:33:17,0.02020700,1.00000000
2018-02-23 09:33:17,0.02019300,0.96000000
2018-02-23 09:33:17,0.02019300,3.46000000
2018-02-23 09:33:18,0.02019300,0.03000000
2018-02-23 09:33:19,0.02019300,0.05000000
2018-02-23 09:33:22,0.02019400,4.84000000
2018-02-23 09:33:22,0.02019400,4.52000000
2018-02-23 09:33:22,0.02019300,4.84000000
2018-02-23 09:33:22,0.02019300,0.05000000
2018-02-23 09:33:23,0.02019300,1.48000000
2018-02-23 09:33:24,0.02020700,2.36000000
2018-02-23 09:33:24,0.02020800,1.25000000
2018-02-23 09:33:24,0.02020800,1.11000000
2018-02-23 09:33:24,0.02019400,0.99000000
2018-02-23 09:33:24,0.02019300,1.37000000
2018-02-23 09:33:24,0.02020000,0.91000000
2018-02-23 09:33:24,0.02020000,0.01000000
2018-02-23 09:33:24,0.02019300,0.49000000
2018-02-23 09:33:25,0.02019300,0.20000000
2018-02-23 09:33:25,0.02019300,8.00000000
2018-02-23 09:33:25,0.02019300,0.05000000
2018-02-23 09:33:25,0.02019300,0.21000000
2018-02-23 09:33:25,0.02019300,2.48000000
2018-02-23 09:33:26,0.02019300,0.21000000
2018-02-23 09:33:26,0.02019400,4.98000000
2018-02-23 09:33:27,0.02019300,4.12000000
2018-02-23 09:33:27,0.02020900,0.49000000
2018-02-23 09:33:27,0.02019200,1.10000000
2018-02-23 09:33:28,0.02019200,0.97000000
2018-02-23 09:33:28,0.02020900,0.49000000
2018-02-23 09:33:29,0.02019200,2.48000000
