DATE,PRICE,VOLUME
2018-02-25 13:00:00,0.02187300,0.46000000
2018-02-25 13:00:00,0.02188100,7.34000000
2018-02-25 13:00:01,0.02188100,2.29000000
2018-02-25 13:00:02,0.02188100,0.73000000
2018-02-25 13:00:02,0.02188100,0.56000000
2018-02-25 13:00:05,0.02188100,1.24000000
2018-02-25 13:00:05,0.02188100,0.17000000
2018-02-25 13:00:10,0.02188300,1.58000000
2018-02-25 13:00:10,0.02188100,1.08000000
2018-02-25 13:00:11,0.02188200,0.23000000
2018-02-25 13:00:11,0.02188100,0.50000000
2018-02-25 13:00:11,0.02188100,3.05000000
2018-02-25 13:00:16,0.02187300,0.56000000
2018-02-25 13:00:16,0.02185600,0.20000000
2018-02-25 13:00:16,0.02185500,0.30000000
2018-02-25 13:00:16,0.02185200,0.18000000
2018-02-25 13:00:17,0.02188100,0.97000000
2018-02-25 13:00:17,0.02188100,1.00000000
2018-02-25 13:00:18,0.02188000,0.18000000
2018-02-25 13:00:18,0.02188100,0.46000000
2018-02-25 13:00:18,0.02188100,0.27000000
2018-02-25 13:00:19,0.02188100,0.64000000
2018-02-25 13:00:24,0.02188000,1.94000000
2018-02-25 13:00:24,0.02188100,7.68000000
2018-02-25 13:00:24,0.02187400,0.23000000
2018-02-25 13:00:25,0.02188100,3.02000000
2018-02-25 13:00:25,0.02185400,1.26000000
2018-02-25 13:00:25,0.02187400,0.15000000
2018-02-25 13:00:26,0.02185400,0.64000000
2018-02-25 13:00:29,0.02185500,0.27000000
2018-02-25 13:00:32,0.02188000,0.64000000
2018-02-25 13:00:33,0.02188000,0.60000000
2018-02-25 13:00:36,0.02185500,2.12000000
2018-02-25 13:00:39,0.02185500,1.69000000
2018-02-25 13:00:39,0.02185500,0.12000000
2018-02-25 13:00:40,0.02185500,12.00000000
2018-02-25 13:00:43,0.02185000,4.06000000
2018-02-25 13:00:48,0.02185000,6.07000000
2018-02-25 13:00:49,0.02185000,3.37000000
2018-02-25 13:00:52,0.02185000,0.46000000
2018-02-25 13:00:53,0.02185000,3.15000000
2018-02-25 13:00:53,0.02185000,0.10000000
2018-02-25 13:00:56,0.02185000,2.81000000
2018-02-25 13:00:57,0.02185400,0.20000000
2018-02-25 13:00:59,0.02182900,0.23000000
2018-02-25 13:01:01,0.02185000,0.23000000
2018-02-25 13:01:04,0.02185000,0.05000000
2018-02-25 13:01:07,0.02184300,0.23000000
2018-02-25 13:01:08,0.02184500,0.61000000
2018-02-25 13:01:10,0.02187300,2.00000000
2018-02-25 13:01:10,0.02187900,4.45000000
2018-02-25 13:01:12,0.02185100,4.00000000
2018-02-25 13:01:12,0.02185000,10.18000000
2018-02-25 13:01:23,0.02185000,0.77000000
2018-02-25 13:01:24,0.02185000,3.27000000
2018-02-25 13:01:31,0.02185000,0.25000000
2018-02-25 13:01:41,0.02184600,0.18000000
2018-02-25 13:01:41,0.02185000,4.49000000
2018-02-25 13:01:42,0.02183200,0.28000000
2018-02-25 13:01:46,0.02185000,1.44000000
2018-02-25 13:01:53,0.02183300,1.22000000
2018-02-25 13:01:54,0.02183300,6.44000000
2018-02-25 13:02:01,0.02184500,0.22000000
2018-02-25 13:02:06,0.02184500,1.03000000
2018-02-25 13:02:07,0.02184500,0.08000000
2018-02-25 13:02:13,0.02185000,2.00000000
2018-02-25 13:02:13,0.02185000,0.33000000
2018-02-25 13:02:16,0.02185000,3.60000000
2018-02-25 13:02:16,0.02184500,0.98000000
2018-02-25 13:02:16,0.02184500,3.58000000
2018-02-25 13:02:17,0.02185500,0.58000000
2018-02-25 13:02:20,0.02184500,0.84000000
2018-02-25 13:02:30,0.02184500,3.70000000
2018-02-25 13:02:34,0.02184000,0.14000000
2018-02-25 13:02:36,0.02184000,1.82000000
2018-02-25 13:02:38,0.02183300,14.00000000
2018-02-25 13:02:41,0.02183300,0.51000000
2018-02-25 13:02:42,0.02184000,0.08000000
2018-02-25 13:02:43,0.02184000,5.20000000
2018-02-25 13:02:46,0.02184000,4.90000000
2018-02-25 13:02:48,0.02183400,0.17000000
2018-02-25 13:02:49,0.02184000,0.10000000
2018-02-25 13:02:49,0.02184000,0.40000000
2018-02-25 13:02:49,0.02183300,2.25000000
2018-02-25 13:02:50,0.02184000,0.59000000
2018-02-25 13:02:51,0.02184000,3.99000000
2018-02-25 13:02:57,0.02184000,7.37000000
2018-02-25 13:02:57,0.02184000,6.63000000
2018-02-25 13:02:57,0.02184000,0.17000000
2018-02-25 13:02:58,0.02184000,0.55000000
2018-02-25 13:02:58,0.02184000,0.20000000
2018-02-25 13:03:02,0.02184000,46.03000000
2018-02-25 13:03:03,0.02184000,3.67000000
2018-02-25 13:03:05,0.02183300,1.43000000
2018-02-25 13:03:08,0.02184000,7.33000000
2018-02-25 13:03:08,0.02184000,3.00000000
2018-02-25 13:03:08,0.02184000,1.13000000
2018-02-25 13:03:09,0.02184000,2.04000000
2018-02-25 13:03:10,0.02183900,0.98000000
2018-02-25 13:03:14,0.02183500,1.08000000
2018-02-25 13:03:14,0.02183300,14.93000000
2018-02-25 13:03:14,0.02182900,0.84000000
2018-02-25 13:03:21,0.02183900,0.01000000
2018-02-25 13:03:21,0.02184000,6.57000000
2018-02-25 13:03:21,0.02184000,1.78000000
2018-02-25 13:03:21,0.02184000,9.26000000
2018-02-25 13:03:22,0.02184500,0.68000000
2018-02-25 13:03:22,0.02184500,6.63000000
2018-02-25 13:03:27,0.02184500,0.01000000
2018-02-25 13:03:27,0.02185500,0.36000000
2018-02-25 13:03:27,0.02185500,0.93000000
2018-02-25 13:03:27,0.02187100,0.57000000
2018-02-25 13:03:30,0.02187100,0.29000000
2018-02-25 13:03:34,0.02187000,0.34000000
2018-02-25 13:03:35,0.02187000,0.67000000
2018-02-25 13:03:38,0.02187000,3.31000000
2018-02-25 13:03:38,0.02187100,10.30000000
2018-02-25 13:03:42,0.02187900,3.17000000
2018-02-25 13:03:47,0.02187900,1.16000000
2018-02-25 13:03:47,0.02187900,1.06000000
2018-02-25 13:03:51,0.02187900,1.09000000
2018-02-25 13:03:52,0.02187000,0.82000000
2018-02-25 13:03:54,0.02187000,1.49000000
2018-02-25 13:04:02,0.02187900,0.09000000
2018-02-25 13:04:07,0.02187900,0.72000000
2018-02-25 13:04:08,0.02188000,0.66000000
2018-02-25 13:04:08,0.02188100,0.17000000
2018-02-25 13:04:12,0.02188100,0.12000000
2018-02-25 13:04:13,0.02187200,1.09000000
2018-02-25 13:04:14,0.02187100,0.13000000
2018-02-25 13:04:14,0.02187000,0.69000000
2018-02-25 13:04:14,0.02185400,0.31000000
2018-02-25 13:04:26,0.02187100,0.17000000
2018-02-25 13:04:29,0.02185600,1.65000000
2018-02-25 13:04:29,0.02185600,2.92000000
2018-02-25 13:04:29,0.02185400,2.55000000
2018-02-25 13:04:30,0.02185400,0.09000000
2018-02-25 13:04:30,0.02185400,0.07000000
2018-02-25 13:04:31,0.02185400,0.81000000
2018-02-25 13:04:34,0.02185400,14.53000000
2018-02-25 13:04:36,0.02185200,0.50000000
2018-02-25 13:04:39,0.02185200,0.19000000
2018-02-25 13:04:44,0.02185200,0.10000000
2018-02-25 13:04:48,0.02185200,5.20000000
2018-02-25 13:04:58,0.02185400,3.39000000
2018-02-25 13:04:58,0.02185400,8.58000000
2018-02-25 13:04:58,0.02187100,0.28000000
2018-02-25 13:05:02,0.02187100,4.57000000
2018-02-25 13:05:06,0.02187100,0.08000000
2018-02-25 13:05:07,0.02187100,0.29000000
2018-02-25 13:05:07,0.02188100,0.46000000
2018-02-25 13:05:15,0.02188100,0.24000000
2018-02-25 13:05:19,0.02188100,1.01000000
2018-02-25 13:05:24,0.02187500,2.29000000
2018-02-25 13:05:25,0.02187500,0.01000000
2018-02-25 13:05:27,0.02187500,1.50000000
2018-02-25 13:05:27,0.02187500,0.77000000
2018-02-25 13:05:27,0.02187300,1.52000000
2018-02-25 13:05:28,0.02188100,0.40000000
2018-02-25 13:05:28,0.02188900,0.99000000
2018-02-25 13:05:28,0.02187300,0.44000000
2018-02-25 13:05:28,0.02187100,0.55000000
2018-02-25 13:05:29,0.02187100,2.29000000
2018-02-25 13:05:31,0.02187100,2.29000000
2018-02-25 13:05:32,0.02187500,0.34000000
2018-02-25 13:05:35,0.02187500,0.01000000
2018-02-25 13:05:35,0.02188100,0.44000000
2018-02-25 13:05:40,0.02188100,1.29000000
2018-02-25 13:05:43,0.02188100,0.54000000
2018-02-25 13:05:48,0.02188100,0.25000000
2018-02-25 13:05:49,0.02188100,0.01000000
2018-02-25 13:05:49,0.02188800,0.03000000
2018-02-25 13:05:52,0.02187100,0.46000000
2018-02-25 13:05:56,0.02187100,0.46000000
2018-02-25 13:05:58,0.02187100,2.29000000
2018-02-25 13:05:59,0.02187100,14.35000000
2018-02-25 13:05:59,0.02187100,2.29000000
2018-02-25 13:06:01,0.02187100,2.29000000
2018-02-25 13:06:19,0.02187100,2.29000000
2018-02-25 13:06:28,0.02188900,0.11000000
2018-02-25 13:06:28,0.02187200,1.67000000
2018-02-25 13:06:28,0.02187200,0.89000000
2018-02-25 13:06:28,0.02187200,0.10000000
2018-02-25 13:06:35,0.02188900,2.24000000
2018-02-25 13:06:46,0.02190000,0.14000000
2018-02-25 13:06:49,0.02190000,0.11000000
2018-02-25 13:06:50,0.02188000,0.31000000
2018-02-25 13:07:02,0.02190000,4.57000000
2018-02-25 13:07:02,0.02190000,8.63000000
2018-02-25 13:07:02,0.02191000,0.54000000
2018-02-25 13:07:05,0.02191000,0.33000000
2018-02-25 13:07:06,0.02188000,0.18000000
2018-02-25 13:07:08,0.02191000,0.53000000
2018-02-25 13:07:12,0.02192000,2.20000000
2018-02-25 13:07:17,0.02191000,0.20000000
2018-02-25 13:07:17,0.02192000,0.01000000
2018-02-25 13:07:21,0.02192000,0.90000000
2018-02-25 13:07:22,0.02192000,0.45000000
2018-02-25 13:07:23,0.02192000,0.22000000
2018-02-25 13:07:23,0.02192800,0.76000000
2018-02-25 13:07:28,0.02189900,0.28000000
2018-02-25 13:07:28,0.02192800,0.32000000
2018-02-25 13:07:28,0.02192800,0.33000000
2018-02-25 13:07:28,0.02194300,0.89000000
2018-02-25 13:07:28,0.02194400,0.13000000
2018-02-25 13:07:28,0.02192800,0.40000000
2018-02-25 13:07:29,0.02193000,0.34000000
2018-02-25 13:07:30,0.02193000,1.00000000
2018-02-25 13:07:31,0.02194400,0.21000000
2018-02-25 13:07:31,0.02195000,2.88000000
2018-02-25 13:07:31,0.02195100,2.38000000
2018-02-25 13:07:31,0.02195200,0.98000000
2018-02-25 13:07:31,0.02195300,19.37000000
2018-02-25 13:07:31,0.02196100,1.33000000
2018-02-25 13:07:31,0.02197100,2.32000000
2018-02-25 13:07:31,0.02193000,1.12000000
2018-02-25 13:07:31,0.02193000,0.72000000
2018-02-25 13:07:32,0.02193000,0.11000000
2018-02-25 13:07:33,0.02193000,0.75000000
2018-02-25 13:07:34,0.02192800,0.31000000
2018-02-25 13:07:37,0.02192800,0.27000000
2018-02-25 13:07:37,0.02192800,1.41000000
2018-02-25 13:07:37,0.02193000,2.02000000
2018-02-25 13:07:37,0.02192800,0.18000000
2018-02-25 13:07:38,0.02192800,0.08000000
2018-02-25 13:07:39,0.02190700,0.21000000
2018-02-25 13:07:39,0.02192000,0.60000000
2018-02-25 13:07:39,0.02192800,0.24000000
2018-02-25 13:07:40,0.02192800,0.18000000
2018-02-25 13:07:41,0.02193000,12.90000000
2018-02-25 13:07:41,0.02193000,0.68000000
2018-02-25 13:07:42,0.02193000,0.16000000
2018-02-25 13:07:43,0.02193000,0.16000000
2018-02-25 13:07:43,0.02193100,0.10000000
2018-02-25 13:07:45,0.02193000,0.10000000
2018-02-25 13:07:45,0.02192900,0.90000000
2018-02-25 13:07:45,0.02193100,0.14000000
2018-02-25 13:07:46,0.02193000,0.13000000
2018-02-25 13:07:46,0.02192900,0.37000000
2018-02-25 13:07:51,0.02193000,0.28000000
2018-02-25 13:07:51,0.02192900,3.01000000
2018-02-25 13:07:51,0.02192800,0.88000000
2018-02-25 13:07:51,0.02196100,0.09000000
2018-02-25 13:07:51,0.02196900,0.03000000
2018-02-25 13:07:52,0.02193000,0.30000000
2018-02-25 13:07:54,0.02193000,0.71000000
2018-02-25 13:07:59,0.02193000,1.19000000
2018-02-25 13:08:03,0.02193000,2.30000000
2018-02-25 13:08:04,0.02193000,1.45000000
2018-02-25 13:08:09,0.02193000,0.33000000
2018-02-25 13:08:09,0.02193200,0.10000000
2018-02-25 13:08:14,0.02193200,0.45000000
2018-02-25 13:08:17,0.02193500,0.91000000
2018-02-25 13:08:18,0.02193500,5.05000000
2018-02-25 13:08:18,0.02193500,1.22000000
2018-02-25 13:08:19,0.02193200,13.35000000
2018-02-25 13:08:20,0.02193000,3.44000000
2018-02-25 13:08:20,0.02192800,3.23000000
2018-02-25 13:08:21,0.02192800,0.72000000
2018-02-25 13:08:21,0.02193100,1.27000000
2018-02-25 13:08:22,0.02192800,1.16000000
2018-02-25 13:08:29,0.02193100,1.51000000
2018-02-25 13:08:29,0.02192800,0.63000000
2018-02-25 13:08:31,0.02192800,0.17000000
2018-02-25 13:08:35,0.02191000,0.09000000
2018-02-25 13:08:41,0.02192600,0.45000000
2018-02-25 13:08:49,0.02191000,0.23000000
2018-02-25 13:08:49,0.02190000,4.63000000
2018-02-25 13:08:49,0.02188900,1.00000000
2018-02-25 13:08:49,0.02188300,0.45000000
2018-02-25 13:08:49,0.02188100,10.11000000
2018-02-25 13:08:49,0.02188000,7.32000000
2018-02-25 13:08:49,0.02187800,0.64000000
2018-02-25 13:08:49,0.02187400,0.49000000
2018-02-25 13:08:49,0.02187100,0.05000000
2018-02-25 13:08:49,0.02186400,3.84000000
2018-02-25 13:08:49,0.02185200,1.57000000
2018-02-25 13:08:49,0.02184300,0.60000000
2018-02-25 13:08:49,0.02184000,0.14000000
2018-02-25 13:08:49,0.02183900,3.08000000
2018-02-25 13:08:49,0.02183000,6.87000000
2018-02-25 13:08:49,0.02182900,1.16000000
2018-02-25 13:08:49,0.02182500,3.06000000
2018-02-25 13:08:49,0.02182400,14.00000000
2018-02-25 13:08:49,0.02182300,1.25000000
2018-02-25 13:08:49,0.02182000,4.58000000
2018-02-25 13:08:49,0.02181300,0.60000000
2018-02-25 13:08:49,0.02181200,0.13000000
2018-02-25 13:08:49,0.02181000,5.44000000
2018-02-25 13:08:49,0.02180300,0.49000000
2018-02-25 13:08:49,0.02180100,10.42000000
2018-02-25 13:08:49,0.02180000,27.50000000
2018-02-25 13:08:50,0.02187300,1.08000000
2018-02-25 13:08:50,0.02188900,3.31000000
2018-02-25 13:08:50,0.02188900,2.35000000
2018-02-25 13:08:50,0.02188900,1.20000000
2018-02-25 13:08:54,0.02186800,0.13000000
2018-02-25 13:08:55,0.02188000,0.43000000
2018-02-25 13:08:56,0.02190900,0.45000000
2018-02-25 13:08:56,0.02190800,0.14000000
2018-02-25 13:08:56,0.02190800,0.07000000
2018-02-25 13:08:56,0.02190800,0.07000000
2018-02-25 13:08:56,0.02190800,1.29000000
2018-02-25 13:08:57,0.02190700,0.13000000
2018-02-25 13:08:57,0.02190800,3.00000000
2018-02-25 13:08:58,0.02190800,0.01000000
2018-02-25 13:08:58,0.02191000,0.13000000
2018-02-25 13:09:00,0.02190900,0.86000000
2018-02-25 13:09:02,0.02190900,0.81000000
2018-02-25 13:09:02,0.02191000,0.01000000
2018-02-25 13:09:02,0.02192600,0.04000000
2018-02-25 13:09:04,0.02192600,6.13000000
2018-02-25 13:09:05,0.02189100,0.48000000
2018-02-25 13:09:09,0.02189800,0.48000000
2018-02-25 13:09:12,0.02189500,0.32000000
2018-02-25 13:09:12,0.02189500,0.82000000
2018-02-25 13:09:12,0.02189300,9.86000000
2018-02-25 13:09:13,0.02189300,4.12000000
2018-02-25 13:09:14,0.02189300,0.77000000
2018-02-25 13:09:15,0.02189300,3.33000000
2018-02-25 13:09:15,0.02189300,0.07000000
2018-02-25 13:09:15,0.02189300,0.40000000
2018-02-25 13:09:15,0.02189300,2.37000000
2018-02-25 13:09:16,0.02189200,0.20000000
2018-02-25 13:09:17,0.02189200,0.03000000
2018-02-25 13:09:19,0.02189200,0.48000000
2018-02-25 13:09:20,0.02189100,3.17000000
2018-02-25 13:09:21,0.02189200,0.23000000
2018-02-25 13:09:23,0.02189200,0.13000000
2018-02-25 13:09:23,0.02189200,2.35000000
2018-02-25 13:09:23,0.02189200,1.36000000
2018-02-25 13:09:23,0.02189200,4.55000000
2018-02-25 13:09:23,0.02189200,1.36000000
2018-02-25 13:09:23,0.02189200,1.36000000
2018-02-25 13:09:23,0.02189200,1.97000000
2018-02-25 13:09:23,0.02189200,3.66000000
2018-02-25 13:09:23,0.02189300,1.36000000
2018-02-25 13:09:23,0.02189300,4.85000000
2018-02-25 13:09:24,0.02189100,3.81000000
2018-02-25 13:09:24,0.02189100,2.25000000
2018-02-25 13:09:40,0.02189100,0.01000000
2018-02-25 13:09:43,0.02189100,0.23000000
2018-02-25 13:09:43,0.02188300,0.37000000
2018-02-25 13:09:43,0.02184200,0.08000000
2018-02-25 13:09:43,0.02183300,1.38000000
2018-02-25 13:09:43,0.02182700,0.14000000
2018-02-25 13:09:43,0.02182200,1.65000000
2018-02-25 13:09:43,0.02182100,4.44000000
2018-02-25 13:09:43,0.02189000,0.16000000
2018-02-25 13:09:45,0.02189000,0.30000000
2018-02-25 13:09:46,0.02184300,3.49000000
2018-02-25 13:09:47,0.02184300,1.73000000
2018-02-25 13:09:51,0.02185400,0.45000000
2018-02-25 13:09:56,0.02188900,0.09000000
2018-02-25 13:10:00,0.02188900,0.07000000
2018-02-25 13:10:08,0.02188400,5.66000000
2018-02-25 13:10:10,0.02188400,21.48000000
2018-02-25 13:10:14,0.02188700,0.65000000
2018-02-25 13:10:17,0.02188700,1.42000000
2018-02-25 13:10:18,0.02188700,0.05000000
2018-02-25 13:10:18,0.02188700,0.42000000
2018-02-25 13:10:20,0.02188700,1.76000000
2018-02-25 13:10:29,0.02188700,10.40000000
2018-02-25 13:10:31,0.02188700,1.00000000
2018-02-25 13:10:32,0.02188700,0.02000000
2018-02-25 13:10:48,0.02188600,0.59000000
2018-02-25 13:10:48,0.02188600,9.66000000
2018-02-25 13:10:49,0.02188600,1.61000000
2018-02-25 13:10:52,0.02188600,0.05000000
2018-02-25 13:10:52,0.02188700,0.04000000
2018-02-25 13:10:57,0.02188400,0.45000000
2018-02-25 13:11:00,0.02188400,0.10000000
2018-02-25 13:11:02,0.02188400,6.08000000
2018-02-25 13:11:10,0.02188400,1.00000000
2018-02-25 13:11:10,0.02188400,0.90000000
2018-02-25 13:11:14,0.02188400,0.17000000
2018-02-25 13:11:19,0.02188400,5.10000000
2018-02-25 13:11:19,0.02188700,10.90000000
2018-02-25 13:11:25,0.02188300,0.45000000
2018-02-25 13:11:26,0.02188300,0.13000000
2018-02-25 13:11:26,0.02188400,0.32000000
2018-02-25 13:11:27,0.02188300,0.38000000
2018-02-25 13:11:27,0.02188400,3.70000000
2018-02-25 13:11:28,0.02187000,1.66000000
2018-02-25 13:11:29,0.02188400,0.29000000
2018-02-25 13:11:29,0.02188400,0.41000000
2018-02-25 13:11:29,0.02188700,0.04000000
2018-02-25 13:11:33,0.02188700,0.33000000
2018-02-25 13:11:34,0.02188700,0.45000000
2018-02-25 13:11:34,0.02188700,0.45000000
2018-02-25 13:11:39,0.02186800,2.92000000
2018-02-25 13:11:39,0.02186600,10.11000000
2018-02-25 13:11:39,0.02186500,0.56000000
2018-02-25 13:11:39,0.02186000,1.67000000
2018-02-25 13:11:39,0.02185100,2.20000000
2018-02-25 13:11:39,0.02185000,18.30000000
2018-02-25 13:11:39,0.02185000,56.28000000
2018-02-25 13:11:39,0.02185000,10.01000000
2018-02-25 13:11:39,0.02185000,1.28000000
2018-02-25 13:11:39,0.02185000,0.45000000
2018-02-25 13:11:40,0.02185000,0.91000000
2018-02-25 13:11:40,0.02185000,0.12000000
2018-02-25 13:11:42,0.02185000,0.10000000
2018-02-25 13:11:42,0.02185000,0.79000000
2018-02-25 13:11:42,0.02185000,0.33000000
2018-02-25 13:11:42,0.02185000,3.97000000
2018-02-25 13:11:45,0.02185000,0.46000000
2018-02-25 13:11:47,0.02185000,0.91000000
2018-02-25 13:11:47,0.02185000,0.76000000
2018-02-25 13:11:47,0.02185000,7.08000000
2018-02-25 13:11:48,0.02185000,0.46000000
2018-02-25 13:11:50,0.02185000,0.08000000
2018-02-25 13:11:51,0.02185000,0.46000000
2018-02-25 13:11:52,0.02185000,0.13000000
2018-02-25 13:11:54,0.02184900,2.00000000
2018-02-25 13:11:55,0.02184900,0.01000000
2018-02-25 13:11:55,0.02185000,0.04000000
2018-02-25 13:11:55,0.02185000,2.89000000
2018-02-25 13:11:56,0.02185000,9.80000000
2018-02-25 13:11:56,0.02185000,9.07000000
2018-02-25 13:11:59,0.02185000,0.45000000
2018-02-25 13:12:01,0.02185000,0.57000000
2018-02-25 13:12:03,0.02184800,2.59000000
2018-02-25 13:12:03,0.02184800,0.41000000
2018-02-25 13:12:03,0.02185000,20.10000000
2018-02-25 13:12:04,0.02183000,0.23000000
2018-02-25 13:12:04,0.02182900,0.03000000
2018-02-25 13:12:05,0.02182900,1.36000000
2018-02-25 13:12:05,0.02182500,0.14000000
2018-02-25 13:12:05,0.02182400,0.50000000
2018-02-25 13:12:12,0.02184900,0.50000000
2018-02-25 13:12:12,0.02185000,1.67000000
2018-02-25 13:12:12,0.02185000,5.55000000
2018-02-25 13:12:13,0.02185000,0.49000000
2018-02-25 13:12:18,0.02184900,2.64000000
2018-02-25 13:12:18,0.02184900,0.36000000
2018-02-25 13:12:20,0.02184900,0.64000000
2018-02-25 13:12:20,0.02184900,0.36000000
2018-02-25 13:12:20,0.02185000,0.64000000
2018-02-25 13:12:21,0.02185000,1.23000000
2018-02-25 13:12:21,0.02185000,0.91000000
2018-02-25 13:12:22,0.02185000,1.00000000
2018-02-25 13:12:24,0.02185000,0.47000000
2018-02-25 13:12:25,0.02185000,0.10000000
2018-02-25 13:12:28,0.02185000,10.00000000
2018-02-25 13:12:28,0.02185000,0.97000000
2018-02-25 13:12:28,0.02185000,1.97000000
2018-02-25 13:12:30,0.02185000,1.56000000
2018-02-25 13:12:31,0.02185000,8.36000000
2018-02-25 13:12:33,0.02185000,0.26000000
2018-02-25 13:12:35,0.02185000,1.00000000
2018-02-25 13:12:35,0.02185000,0.47000000
2018-02-25 13:12:36,0.02185000,0.59000000
2018-02-25 13:12:37,0.02185000,10.18000000
2018-02-25 13:12:37,0.02185000,6.50000000
2018-02-25 13:12:38,0.02185000,0.10000000
2018-02-25 13:12:38,0.02185000,2.68000000
2018-02-25 13:12:38,0.02185000,0.45000000
2018-02-25 13:12:39,0.02185000,1.50000000
2018-02-25 13:12:42,0.02182800,1.59000000
2018-02-25 13:12:44,0.02184900,0.25000000
2018-02-25 13:12:44,0.02185000,2.04000000
2018-02-25 13:12:45,0.02182800,2.99000000
2018-02-25 13:12:45,0.02182600,1.22000000
2018-02-25 13:12:45,0.02181100,0.13000000
2018-02-25 13:12:45,0.02180600,0.45000000
2018-02-25 13:12:45,0.02180400,10.94000000
2018-02-25 13:12:48,0.02184900,11.39000000
2018-02-25 13:12:48,0.02185000,1.87000000
2018-02-25 13:12:52,0.02185000,1.00000000
2018-02-25 13:12:54,0.02184900,0.20000000
2018-02-25 13:12:54,0.02185000,0.80000000
2018-02-25 13:12:55,0.02185000,1.78000000
2018-02-25 13:12:56,0.02185000,2.61000000
2018-02-25 13:12:59,0.02185000,0.10000000
2018-02-25 13:12:59,0.02181800,0.23000000
2018-02-25 13:12:59,0.02180800,0.81000000
2018-02-25 13:13:03,0.02185000,2.60000000
2018-02-25 13:13:03,0.02181700,5.60000000
2018-02-25 13:13:06,0.02185000,1.00000000
2018-02-25 13:13:07,0.02185000,0.72000000
2018-02-25 13:13:07,0.02185000,0.05000000
2018-02-25 13:13:14,0.02184800,5.60000000
2018-02-25 13:13:14,0.02185000,2.63000000
2018-02-25 13:13:19,0.02188600,0.65000000
2018-02-25 13:13:19,0.02188700,0.37000000
2018-02-25 13:13:27,0.02183400,1.00000000
2018-02-25 13:13:27,0.02186800,0.23000000
2018-02-25 13:13:27,0.02186900,0.09000000
2018-02-25 13:13:27,0.02188700,0.31000000
2018-02-25 13:13:27,0.02188700,1.37000000
2018-02-25 13:13:27,0.02188700,0.64000000
2018-02-25 13:13:27,0.02188700,0.17000000
2018-02-25 13:13:27,0.02188700,0.64000000
2018-02-25 13:13:27,0.02188700,1.64000000
2018-02-25 13:13:27,0.02182600,1.42000000
2018-02-25 13:13:28,0.02188600,0.45000000
2018-02-25 13:13:46,0.02183600,4.73000000
2018-02-25 13:13:47,0.02187400,0.55000000
2018-02-25 13:13:47,0.02187600,1.78000000
2018-02-25 13:13:52,0.02183800,6.86000000
2018-02-25 13:13:52,0.02183400,0.22000000
2018-02-25 13:13:52,0.02183000,4.15000000
2018-02-25 13:13:55,0.02186500,1.10000000
2018-02-25 13:14:03,0.02185000,1.00000000
2018-02-25 13:14:04,0.02185000,1.00000000
2018-02-25 13:14:06,0.02184700,1.48000000
2018-02-25 13:14:06,0.02184700,2.28000000
2018-02-25 13:14:06,0.02184900,0.13000000
2018-02-25 13:14:09,0.02185000,11.10000000
2018-02-25 13:14:10,0.02185000,2.39000000
2018-02-25 13:14:12,0.02185000,1.50000000
2018-02-25 13:14:12,0.02185000,1.80000000
2018-02-25 13:14:13,0.02185000,0.10000000
2018-02-25 13:14:13,0.02185000,4.57000000
2018-02-25 13:14:14,0.02185000,1.51000000
2018-02-25 13:14:16,0.02185000,3.50000000
2018-02-25 13:14:17,0.02185000,38.90000000
2018-02-25 13:14:17,0.02184900,0.55000000
2018-02-25 13:14:18,0.02184900,0.22000000
2018-02-25 13:14:18,0.02185000,1.66000000
2018-02-25 13:14:21,0.02185000,2.00000000
2018-02-25 13:14:21,0.02185000,0.14000000
2018-02-25 13:14:22,0.02184900,0.50000000
2018-02-25 13:14:23,0.02185000,1.16000000
2018-02-25 13:14:24,0.02184900,1.64000000
2018-02-25 13:14:24,0.02184900,0.52000000
2018-02-25 13:14:24,0.02184900,2.01000000
2018-02-25 13:14:24,0.02184900,1.15000000
2018-02-25 13:14:24,0.02184900,1.06000000
2018-02-25 13:14:24,0.02184900,2.91000000
2018-02-25 13:14:25,0.02184900,0.68000000
2018-02-25 13:14:25,0.02185000,9.63000000
2018-02-25 13:14:26,0.02185000,1.16000000
2018-02-25 13:14:27,0.02185000,10.20000000
2018-02-25 13:14:27,0.02185000,10.19000000
2018-02-25 13:14:28,0.02185000,20.17000000
2018-02-25 13:14:28,0.02185000,0.40000000
2018-02-25 13:14:31,0.02185000,0.58000000
2018-02-25 13:14:31,0.02185000,0.36000000
2018-02-25 13:14:32,0.02185000,0.26000000
2018-02-25 13:14:32,0.02185000,2.91000000
2018-02-25 13:14:32,0.02185000,0.06000000
2018-02-25 13:14:32,0.02185000,0.20000000
2018-02-25 13:14:33,0.02185000,0.45000000
2018-02-25 13:14:33,0.02185000,2.91000000
2018-02-25 13:14:34,0.02185000,0.13000000
2018-02-25 13:14:34,0.02185000,1.00000000
2018-02-25 13:14:35,0.02185000,55.29000000
2018-02-25 13:14:36,0.02185000,2.18000000
2018-02-25 13:14:36,0.02185000,0.46000000
2018-02-25 13:14:36,0.02184900,4.57000000
2018-02-25 13:14:41,0.02184900,0.08000000
2018-02-25 13:14:42,0.02184900,0.08000000
2018-02-25 13:14:42,0.02185000,0.02000000
2018-02-25 13:14:44,0.02185000,4.22000000
2018-02-25 13:14:45,0.02185000,0.91000000
2018-02-25 13:14:45,0.02185000,0.46000000
2018-02-25 13:14:46,0.02184900,10.24000000
2018-02-25 13:14:46,0.02184900,1.71000000
2018-02-25 13:14:47,0.02184900,0.46000000
2018-02-25 13:14:47,0.02184900,0.91000000
2018-02-25 13:14:49,0.02184900,0.05000000
2018-02-25 13:14:50,0.02185000,0.41000000
2018-02-25 13:14:52,0.02185000,247.74000000
2018-02-25 13:14:52,0.02185000,0.91000000
2018-02-25 13:14:54,0.02185000,24.15000000
2018-02-25 13:14:54,0.02185000,3.18000000
2018-02-25 13:14:54,0.02185000,0.44000000
2018-02-25 13:14:58,0.02185000,0.08000000
2018-02-25 13:15:02,0.02185000,0.11000000
2018-02-25 13:15:03,0.02185000,0.46000000
2018-02-25 13:15:08,0.02185000,6.86000000
2018-02-25 13:15:09,0.02185000,2.39000000
2018-02-25 13:15:09,0.02185000,4.29000000
2018-02-25 13:15:09,0.02185000,3.66000000
2018-02-25 13:15:09,0.02185000,4.30000000
2018-02-25 13:15:09,0.02185000,4.30000000
2018-02-25 13:15:09,0.02185000,1.36000000
2018-02-25 13:15:09,0.02185000,0.20000000
2018-02-25 13:15:10,0.02185000,1.56000000
2018-02-25 13:15:11,0.02184900,0.03000000
2018-02-25 13:15:14,0.02185000,1.03000000
2018-02-25 13:15:15,0.02185000,4.57000000
2018-02-25 13:15:16,0.02185000,1.00000000
2018-02-25 13:15:16,0.02185000,2.29000000
2018-02-25 13:15:18,0.02185000,6.23000000
2018-02-25 13:15:18,0.02185000,0.46000000
2018-02-25 13:15:19,0.02185000,0.19000000
2018-02-25 13:15:20,0.02185000,2.29000000
2018-02-25 13:15:22,0.02185000,4.53000000
2018-02-25 13:15:22,0.02185000,1.37000000
2018-02-25 13:15:22,0.02184900,1.37000000
2018-02-25 13:15:23,0.02185000,0.46000000
2018-02-25 13:15:23,0.02185000,2.60000000
2018-02-25 13:15:25,0.02185000,5.80000000
2018-02-25 13:15:25,0.02185000,0.10000000
2018-02-25 13:15:26,0.02185000,0.67000000
2018-02-25 13:15:32,0.02185000,5.55000000
2018-02-25 13:15:33,0.02185000,5.55000000
2018-02-25 13:15:34,0.02185000,1.83000000
2018-02-25 13:15:35,0.02185000,10.01000000
2018-02-25 13:15:36,0.02185000,2.29000000
2018-02-25 13:15:36,0.02185000,3.14000000
2018-02-25 13:15:36,0.02185000,1.37000000
2018-02-25 13:15:36,0.02185000,0.10000000
2018-02-25 13:15:36,0.02185000,0.10000000
2018-02-25 13:15:37,0.02185000,4.00000000
2018-02-25 13:15:37,0.02185000,0.72000000
2018-02-25 13:15:37,0.02185000,10.00000000
2018-02-25 13:15:39,0.02184900,0.01000000
2018-02-25 13:15:40,0.02185000,8.48000000
2018-02-25 13:15:43,0.02185000,1.31000000
2018-02-25 13:15:43,0.02185000,11.16000000
2018-02-25 13:15:44,0.02184900,0.31000000
2018-02-25 13:15:44,0.02185000,2.29000000
2018-02-25 13:15:45,0.02185000,15.57000000
2018-02-25 13:15:45,0.02185000,1.01000000
2018-02-25 13:15:47,0.02185000,3.19000000
2018-02-25 13:15:48,0.02185000,2.29000000
2018-02-25 13:15:49,0.02185000,20.38000000
2018-02-25 13:15:51,0.02185000,3.93000000
2018-02-25 13:15:53,0.02185000,2.01000000
2018-02-25 13:15:58,0.02184900,1.19000000
2018-02-25 13:15:59,0.02185000,8.73000000
2018-02-25 13:16:01,0.02185000,20.06000000
2018-02-25 13:16:05,0.02184900,0.39000000
2018-02-25 13:16:07,0.02185000,3.10000000
2018-02-25 13:16:09,0.02185000,0.52000000
2018-02-25 13:16:09,0.02185000,2.68000000
2018-02-25 13:16:09,0.02185000,4.46000000
2018-02-25 13:16:10,0.02185000,0.40000000
2018-02-25 13:16:11,0.02185000,0.31000000
2018-02-25 13:16:14,0.02185000,0.31000000
2018-02-25 13:16:15,0.02185000,1.07000000
2018-02-25 13:16:17,0.02185000,1.20000000
2018-02-25 13:16:17,0.02185000,0.71000000
2018-02-25 13:16:17,0.02185000,4.11000000
2018-02-25 13:16:19,0.02185200,4.32000000
2018-02-25 13:16:21,0.02187000,3.54000000
2018-02-25 13:16:22,0.02187000,0.11000000
2018-02-25 13:16:29,0.02185400,0.09000000
2018-02-25 13:16:34,0.02185400,2.96000000
2018-02-25 13:16:50,0.02186800,3.00000000
2018-02-25 13:16:53,0.02186800,0.05000000
2018-02-25 13:16:53,0.02187000,1.79000000
2018-02-25 13:16:53,0.02187600,1.19000000
2018-02-25 13:16:53,0.02188600,0.13000000
2018-02-25 13:16:53,0.02188700,1.06000000
2018-02-25 13:16:53,0.02185500,0.27000000
2018-02-25 13:16:55,0.02188700,1.93000000
2018-02-25 13:16:55,0.02189100,0.51000000
2018-02-25 13:16:55,0.02189200,0.93000000
2018-02-25 13:16:57,0.02189100,0.64000000
2018-02-25 13:16:58,0.02189100,3.61000000
2018-02-25 13:17:02,0.02189100,0.07000000
2018-02-25 13:17:02,0.02189100,0.19000000
2018-02-25 13:17:02,0.02189100,0.50000000
2018-02-25 13:17:03,0.02189100,0.29000000
2018-02-25 13:17:13,0.02189200,2.41000000
2018-02-25 13:17:14,0.02189200,3.19000000
2018-02-25 13:17:15,0.02189500,0.36000000
2018-02-25 13:17:15,0.02189200,0.50000000
2018-02-25 13:17:15,0.02189200,0.39000000
2018-02-25 13:17:16,0.02189200,15.59000000
2018-02-25 13:17:16,0.02189100,0.01000000
2018-02-25 13:17:23,0.02186000,1.08000000
2018-02-25 13:17:23,0.02185800,0.98000000
2018-02-25 13:17:35,0.02189100,0.06000000
2018-02-25 13:17:42,0.02189100,0.14000000
2018-02-25 13:17:42,0.02186000,0.36000000
2018-02-25 13:17:48,0.02186000,5.21000000
2018-02-25 13:17:49,0.02186300,0.22000000
2018-02-25 13:17:50,0.02186200,0.24000000
2018-02-25 13:17:51,0.02186200,0.10000000
2018-02-25 13:17:56,0.02186200,0.47000000
2018-02-25 13:17:56,0.02186000,1.61000000
2018-02-25 13:17:56,0.02185800,4.61000000
2018-02-25 13:17:56,0.02185700,1.84000000
2018-02-25 13:17:56,0.02185100,0.45000000
2018-02-25 13:17:56,0.02185000,1.85000000
2018-02-25 13:17:59,0.02185000,0.31000000
2018-02-25 13:18:02,0.02185000,0.10000000
2018-02-25 13:18:03,0.02185000,0.11000000
2018-02-25 13:18:05,0.02185000,0.60000000
2018-02-25 13:18:05,0.02185000,0.09000000
2018-02-25 13:18:05,0.02185000,0.50000000
2018-02-25 13:18:05,0.02185000,0.59000000
2018-02-25 13:18:06,0.02185000,0.24000000
2018-02-25 13:18:07,0.02185000,0.10000000
2018-02-25 13:18:09,0.02184800,0.23000000
2018-02-25 13:18:09,0.02184700,0.78000000
2018-02-25 13:18:13,0.02185000,6.80000000
2018-02-25 13:18:16,0.02185000,13.09000000
2018-02-25 13:18:16,0.02186200,3.54000000
2018-02-25 13:18:17,0.02186200,0.02000000
2018-02-25 13:18:17,0.02188900,0.41000000
2018-02-25 13:18:21,0.02185300,6.83000000
2018-02-25 13:18:23,0.02185400,0.05000000
2018-02-25 13:18:23,0.02185400,0.17000000
2018-02-25 13:18:27,0.02185400,0.01000000
2018-02-25 13:18:27,0.02185100,3.53000000
2018-02-25 13:18:29,0.02185500,0.09000000
2018-02-25 13:18:29,0.02185500,0.14000000
2018-02-25 13:18:33,0.02185000,1.15000000
2018-02-25 13:18:34,0.02185000,0.40000000
2018-02-25 13:18:34,0.02185200,1.61000000
2018-02-25 13:18:35,0.02185000,6.77000000
2018-02-25 13:18:35,0.02185000,2.40000000
2018-02-25 13:18:39,0.02184800,0.95000000
2018-02-25 13:18:43,0.02184800,0.15000000
2018-02-25 13:18:43,0.02184800,2.00000000
2018-02-25 13:18:43,0.02184800,1.15000000
2018-02-25 13:18:44,0.02184800,0.96000000
2018-02-25 13:18:50,0.02184700,1.66000000
2018-02-25 13:18:51,0.02184800,3.45000000
2018-02-25 13:18:55,0.02185000,11.26000000
2018-02-25 13:19:01,0.02184800,0.28000000
2018-02-25 13:19:06,0.02184700,2.00000000
2018-02-25 13:19:07,0.02184800,0.21000000
2018-02-25 13:19:07,0.02185000,0.34000000
2018-02-25 13:19:07,0.02185400,0.60000000
2018-02-25 13:19:11,0.02184700,0.18000000
2018-02-25 13:19:18,0.02185400,2.27000000
2018-02-25 13:19:24,0.02185400,0.10000000
2018-02-25 13:19:28,0.02185400,0.08000000
2018-02-25 13:19:34,0.02184700,2.23000000
2018-02-25 13:19:34,0.02183100,1.70000000
2018-02-25 13:19:34,0.02183000,0.87000000
2018-02-25 13:19:37,0.02185400,1.96000000
2018-02-25 13:19:47,0.02185400,1.15000000
2018-02-25 13:19:50,0.02185400,3.34000000
2018-02-25 13:19:56,0.02184000,0.22000000
2018-02-25 13:19:56,0.02183900,0.58000000
2018-02-25 13:19:56,0.02183800,0.14000000
2018-02-25 13:20:00,0.02184200,0.68000000
2018-02-25 13:20:00,0.02184100,0.08000000
2018-02-25 13:20:04,0.02185400,0.75000000
2018-02-25 13:20:05,0.02185400,0.19000000
2018-02-25 13:20:06,0.02185400,1.18000000
2018-02-25 13:20:06,0.02187700,0.19000000
2018-02-25 13:20:06,0.02183200,1.30000000
2018-02-25 13:20:06,0.02187700,0.50000000
2018-02-25 13:20:07,0.02187700,2.23000000
2018-02-25 13:20:07,0.02187700,0.61000000
2018-02-25 13:20:07,0.02187800,1.11000000
2018-02-25 13:20:07,0.02183200,0.62000000
2018-02-25 13:20:09,0.02187600,0.45000000
2018-02-25 13:20:09,0.02187800,1.03000000
2018-02-25 13:20:09,0.02187900,2.52000000
2018-02-25 13:20:12,0.02185000,1.23000000
2018-02-25 13:20:12,0.02183500,0.45000000
2018-02-25 13:20:12,0.02183300,3.77000000
2018-02-25 13:20:15,0.02187100,1.92000000
2018-02-25 13:20:15,0.02187300,3.42000000
2018-02-25 13:20:20,0.02187600,1.36000000
2018-02-25 13:20:20,0.02187600,3.38000000
2018-02-25 13:20:21,0.02187500,0.24000000
2018-02-25 13:20:29,0.02187300,0.11000000
2018-02-25 13:20:31,0.02187300,0.90000000
2018-02-25 13:20:31,0.02187300,0.25000000
2018-02-25 13:20:31,0.02183700,0.21000000
2018-02-25 13:20:37,0.02184400,0.50000000
2018-02-25 13:20:38,0.02184400,0.91000000
2018-02-25 13:20:39,0.02187500,0.72000000
2018-02-25 13:20:46,0.02186800,1.20000000
2018-02-25 13:20:53,0.02184500,0.50000000
2018-02-25 13:20:53,0.02186800,0.02000000
2018-02-25 13:20:54,0.02186800,0.19000000
2018-02-25 13:20:54,0.02187400,0.83000000
2018-02-25 13:21:06,0.02184300,0.74000000
2018-02-25 13:21:06,0.02184300,6.10000000
2018-02-25 13:21:06,0.02184100,1.01000000
2018-02-25 13:21:06,0.02183700,0.74000000
2018-02-25 13:21:11,0.02187200,0.10000000
2018-02-25 13:21:13,0.02186800,0.05000000
2018-02-25 13:21:15,0.02186800,0.64000000
2018-02-25 13:21:15,0.02186800,2.80000000
2018-02-25 13:21:16,0.02186800,3.25000000
2018-02-25 13:21:20,0.02186800,0.46000000
2018-02-25 13:21:20,0.02187000,3.18000000
2018-02-25 13:21:20,0.02187400,3.81000000
2018-02-25 13:21:21,0.02186800,1.89000000
2018-02-25 13:21:24,0.02187400,8.27000000
2018-02-25 13:21:24,0.02184000,1.13000000
2018-02-25 13:21:27,0.02184000,5.73000000
2018-02-25 13:21:27,0.02183800,7.89000000
2018-02-25 13:21:27,0.02183400,16.00000000
2018-02-25 13:21:27,0.02183300,9.92000000
2018-02-25 13:21:28,0.02187300,0.08000000
2018-02-25 13:21:30,0.02184000,1.35000000
2018-02-25 13:21:30,0.02183900,0.45000000
2018-02-25 13:21:30,0.02183800,0.22000000
2018-02-25 13:21:30,0.02183300,0.78000000
2018-02-25 13:21:32,0.02183300,12.73000000
2018-02-25 13:21:32,0.02183000,4.65000000
2018-02-25 13:21:32,0.02182000,8.79000000
2018-02-25 13:21:34,0.02185800,1.00000000
2018-02-25 13:21:34,0.02185700,13.58000000
2018-02-25 13:21:36,0.02185200,5.78000000
2018-02-25 13:21:36,0.02182600,6.85000000
2018-02-25 13:21:36,0.02182400,0.91000000
2018-02-25 13:21:36,0.02182000,0.01000000
2018-02-25 13:21:48,0.02181500,4.80000000
2018-02-25 13:21:48,0.02181500,0.15000000
2018-02-25 13:21:49,0.02181500,1.69000000
2018-02-25 13:21:50,0.02181500,0.21000000
2018-02-25 13:21:53,0.02182000,0.75000000
2018-02-25 13:21:59,0.02180900,0.23000000
2018-02-25 13:21:59,0.02180800,3.41000000
2018-02-25 13:21:59,0.02180400,0.68000000
2018-02-25 13:21:59,0.02180400,0.29000000
2018-02-25 13:21:59,0.02180400,0.22000000
2018-02-25 13:21:59,0.02180400,0.32000000
2018-02-25 13:21:59,0.02180400,17.35000000
2018-02-25 13:21:59,0.02181900,0.22000000
2018-02-25 13:21:59,0.02182000,4.25000000
2018-02-25 13:22:00,0.02183900,0.99000000
2018-02-25 13:22:04,0.02182000,3.43000000
2018-02-25 13:22:07,0.02182000,3.13000000
2018-02-25 13:22:08,0.02182000,1.64000000
2018-02-25 13:22:08,0.02182000,0.21000000
2018-02-25 13:22:09,0.02182000,2.30000000
2018-02-25 13:22:10,0.02180300,0.46000000
2018-02-25 13:22:11,0.02180300,4.54000000
2018-02-25 13:22:11,0.02180100,0.63000000
2018-02-25 13:22:12,0.02181800,1.61000000
2018-02-25 13:22:14,0.02181800,0.10000000
2018-02-25 13:22:17,0.02181800,3.10000000
2018-02-25 13:22:18,0.02182000,1.58000000
2018-02-25 13:22:18,0.02180200,0.23000000
2018-02-25 13:22:18,0.02180100,4.00000000
2018-02-25 13:22:22,0.02182000,1.55000000
2018-02-25 13:22:27,0.02182000,3.14000000
2018-02-25 13:22:32,0.02180300,0.23000000
2018-02-25 13:22:32,0.02180100,0.77000000
2018-02-25 13:22:47,0.02180100,0.86000000
2018-02-25 13:22:50,0.02181900,0.12000000
2018-02-25 13:22:51,0.02182000,0.23000000
2018-02-25 13:22:53,0.02180200,6.17000000
2018-02-25 13:22:53,0.02181700,0.05000000
2018-02-25 13:22:54,0.02180200,0.01000000
2018-02-25 13:22:54,0.02180200,2.27000000
2018-02-25 13:22:54,0.02180200,0.59000000
2018-02-25 13:22:55,0.02181700,2.37000000
2018-02-25 13:22:58,0.02181800,4.81000000
2018-02-25 13:22:58,0.02181800,0.30000000
2018-02-25 13:22:59,0.02181800,0.79000000
2018-02-25 13:22:59,0.02181800,4.03000000
2018-02-25 13:23:01,0.02180200,8.36000000
2018-02-25 13:23:06,0.02180200,0.35000000
2018-02-25 13:23:08,0.02180200,1.04000000
2018-02-25 13:23:08,0.02180200,3.62000000
2018-02-25 13:23:09,0.02180200,4.69000000
2018-02-25 13:23:09,0.02182000,2.03000000
2018-02-25 13:23:09,0.02180200,2.75000000
2018-02-25 13:23:09,0.02180100,27.30000000
2018-02-25 13:23:13,0.02180100,2.73000000
2018-02-25 13:23:13,0.02180000,27.33000000
2018-02-25 13:23:14,0.02180200,1.00000000
2018-02-25 13:23:14,0.02181500,0.10000000
2018-02-25 13:23:14,0.02182000,1.19000000
2018-02-25 13:23:14,0.02182000,0.94000000
2018-02-25 13:23:20,0.02180200,0.90000000
2018-02-25 13:23:20,0.02182000,0.01000000
2018-02-25 13:23:27,0.02181800,0.45000000
2018-02-25 13:23:27,0.02181800,4.36000000
2018-02-25 13:23:27,0.02182000,7.83000000
2018-02-25 13:23:27,0.02182000,0.46000000
2018-02-25 13:23:29,0.02182000,0.44000000
2018-02-25 13:23:29,0.02182000,2.52000000
2018-02-25 13:23:29,0.02180100,6.87000000
2018-02-25 13:23:29,0.02180000,90.57000000
2018-02-25 13:23:29,0.02180000,2.13000000
2018-02-25 13:23:29,0.02180000,2.45000000
2018-02-25 13:23:29,0.02178100,0.07000000
2018-02-25 13:23:29,0.02178100,0.04000000
2018-02-25 13:23:30,0.02178000,23.19000000
2018-02-25 13:23:32,0.02178700,1.17000000
2018-02-25 13:23:40,0.02181500,0.33000000
2018-02-25 13:23:49,0.02180900,0.84000000
2018-02-25 13:23:52,0.02181000,0.92000000
2018-02-25 13:23:52,0.02181100,2.50000000
2018-02-25 13:23:53,0.02181500,3.26000000
2018-02-25 13:23:53,0.02178700,4.58000000
2018-02-25 13:23:53,0.02178500,3.75000000
2018-02-25 13:23:53,0.02178000,2.85000000
2018-02-25 13:23:53,0.02178000,0.91000000
2018-02-25 13:23:53,0.02178000,11.22000000
2018-02-25 13:23:53,0.02182000,0.91000000
2018-02-25 13:24:01,0.02180900,0.69000000
2018-02-25 13:24:03,0.02180100,0.24000000
2018-02-25 13:24:11,0.02180300,0.45000000
2018-02-25 13:24:11,0.02180100,30.77000000
2018-02-25 13:24:12,0.02180100,0.61000000
2018-02-25 13:24:13,0.02180100,0.40000000
2018-02-25 13:24:16,0.02180100,1.03000000
2018-02-25 13:24:19,0.02178100,0.17000000
2018-02-25 13:24:20,0.02178100,0.06000000
2018-02-25 13:24:20,0.02178000,2.74000000
2018-02-25 13:24:22,0.02180100,0.06000000
2018-02-25 13:24:23,0.02180100,0.23000000
2018-02-25 13:24:27,0.02180100,0.04000000
2018-02-25 13:24:28,0.02180100,2.86000000
2018-02-25 13:24:39,0.02180000,0.17000000
2018-02-25 13:24:39,0.02180000,0.06000000
2018-02-25 13:24:39,0.02180100,0.41000000
2018-02-25 13:24:39,0.02180100,0.24000000
2018-02-25 13:24:40,0.02180100,3.68000000
2018-02-25 13:24:47,0.02180100,0.09000000
2018-02-25 13:24:49,0.02178200,1.00000000
2018-02-25 13:24:49,0.02178200,1.00000000
2018-02-25 13:24:55,0.02180100,3.46000000
2018-02-25 13:24:57,0.02178200,0.23000000
2018-02-25 13:24:59,0.02180100,1.87000000
2018-02-25 13:24:59,0.02180100,3.35000000
2018-02-25 13:24:59,0.02180100,11.20000000
2018-02-25 13:24:59,0.02181900,0.45000000
2018-02-25 13:24:59,0.02182000,0.02000000
2018-02-25 13:25:02,0.02182000,0.07000000
2018-02-25 13:25:02,0.02182000,0.48000000
2018-02-25 13:25:02,0.02181900,0.07000000
2018-02-25 13:25:03,0.02181900,0.45000000
2018-02-25 13:25:18,0.02181900,0.34000000
2018-02-25 13:25:18,0.02182000,1.04000000
2018-02-25 13:25:21,0.02179400,0.09000000
2018-02-25 13:25:24,0.02179400,0.08000000
2018-02-25 13:25:35,0.02182300,0.17000000
2018-02-25 13:25:35,0.02182500,2.01000000
2018-02-25 13:25:35,0.02183900,2.99000000
2018-02-25 13:25:37,0.02179900,1.24000000
2018-02-25 13:25:41,0.02179800,0.07000000
2018-02-25 13:25:41,0.02179800,1.16000000
2018-02-25 13:25:44,0.02179800,0.01000000
2018-02-25 13:25:44,0.02180000,1.99000000
2018-02-25 13:25:44,0.02180000,0.01000000
2018-02-25 13:25:44,0.02182400,0.13000000
2018-02-25 13:25:44,0.02183900,1.86000000
2018-02-25 13:25:52,0.02179900,6.83000000
2018-02-25 13:26:04,0.02180700,0.61000000
2018-02-25 13:26:04,0.02180500,0.22000000
2018-02-25 13:26:04,0.02180200,0.36000000
2018-02-25 13:26:04,0.02179900,0.10000000
2018-02-25 13:26:04,0.02179700,0.11000000
2018-02-25 13:26:04,0.02179700,0.10000000
2018-02-25 13:26:05,0.02179700,0.56000000
2018-02-25 13:26:06,0.02179700,0.11000000
2018-02-25 13:26:06,0.02179700,3.94000000
2018-02-25 13:26:10,0.02179700,0.47000000
2018-02-25 13:26:10,0.02179700,0.11000000
2018-02-25 13:26:10,0.02179700,0.30000000
2018-02-25 13:26:14,0.02179700,0.11000000
2018-02-25 13:26:14,0.02179700,1.02000000
2018-02-25 13:26:15,0.02179700,0.36000000
2018-02-25 13:26:16,0.02179700,1.00000000
2018-02-25 13:26:18,0.02179900,0.11000000
2018-02-25 13:26:20,0.02179700,1.05000000
2018-02-25 13:26:22,0.02179800,0.73000000
2018-02-25 13:26:23,0.02179900,1.27000000
2018-02-25 13:26:25,0.02179700,26.33000000
2018-02-25 13:26:27,0.02179900,0.13000000
2018-02-25 13:26:27,0.02179900,0.13000000
2018-02-25 13:26:28,0.02179700,1.97000000
2018-02-25 13:26:31,0.02179700,0.42000000
2018-02-25 13:26:37,0.02179900,0.19000000
2018-02-25 13:26:43,0.02179900,3.21000000
2018-02-25 13:26:44,0.02179900,0.14000000
2018-02-25 13:26:46,0.02179900,1.72000000
2018-02-25 13:26:49,0.02179900,0.10000000
2018-02-25 13:26:52,0.02179900,0.86000000
2018-02-25 13:26:56,0.02179900,0.85000000
2018-02-25 13:27:03,0.02180100,0.11000000
2018-02-25 13:27:04,0.02180100,0.59000000
2018-02-25 13:27:11,0.02182800,0.14000000
2018-02-25 13:27:12,0.02179900,7.14000000
2018-02-25 13:27:13,0.02180100,0.39000000
2018-02-25 13:27:13,0.02180100,0.20000000
2018-02-25 13:27:13,0.02180100,0.76000000
2018-02-25 13:27:13,0.02179900,0.49000000
2018-02-25 13:27:15,0.02179900,8.58000000
2018-02-25 13:27:16,0.02179900,1.00000000
2018-02-25 13:27:16,0.02182800,0.05000000
2018-02-25 13:27:17,0.02182800,0.51000000
2018-02-25 13:27:19,0.02179900,0.27000000
2018-02-25 13:27:19,0.02179900,2.10000000
2018-02-25 13:27:19,0.02179900,2.29000000
2018-02-25 13:27:25,0.02182500,0.58000000
2018-02-25 13:27:31,0.02179900,28.57000000
2018-02-25 13:27:34,0.02180100,1.38000000
2018-02-25 13:27:41,0.02180100,1.71000000
2018-02-25 13:27:41,0.02181100,0.70000000
2018-02-25 13:27:41,0.02182500,0.13000000
2018-02-25 13:27:41,0.02183000,1.08000000
2018-02-25 13:27:41,0.02183200,2.09000000
2018-02-25 13:27:42,0.02180100,0.67000000
2018-02-25 13:27:44,0.02180100,3.04000000
2018-02-25 13:27:45,0.02180100,1.60000000
2018-02-25 13:27:48,0.02180100,2.74000000
2018-02-25 13:27:50,0.02180100,6.22000000
2018-02-25 13:27:51,0.02180200,0.58000000
2018-02-25 13:27:55,0.02180200,0.11000000
2018-02-25 13:27:57,0.02180200,0.93000000
2018-02-25 13:28:00,0.02180100,0.11000000
2018-02-25 13:28:00,0.02182900,0.16000000
2018-02-25 13:28:02,0.02182900,0.26000000
2018-02-25 13:28:04,0.02180100,0.11000000
2018-02-25 13:28:06,0.02180100,0.71000000
2018-02-25 13:28:07,0.02179900,2.12000000
2018-02-25 13:28:08,0.02179900,0.11000000
2018-02-25 13:28:09,0.02180100,0.09000000
2018-02-25 13:28:15,0.02179900,8.99000000
2018-02-25 13:28:15,0.02180000,4.39000000
2018-02-25 13:28:15,0.02180000,0.61000000
2018-02-25 13:28:15,0.02179900,16.42000000
2018-02-25 13:28:17,0.02180000,0.09000000
2018-02-25 13:28:19,0.02180000,7.01000000
2018-02-25 13:28:22,0.02180100,0.39000000
2018-02-25 13:28:23,0.02180000,20.62000000
2018-02-25 13:28:23,0.02180000,0.10000000
2018-02-25 13:28:27,0.02180000,20.00000000
2018-02-25 13:28:28,0.02180100,0.07000000
2018-02-25 13:28:28,0.02182000,0.41000000
2018-02-25 13:28:30,0.02180000,0.73000000
2018-02-25 13:28:42,0.02180000,3.10000000
2018-02-25 13:28:44,0.02180000,0.73000000
2018-02-25 13:28:46,0.02180000,0.39000000
2018-02-25 13:28:53,0.02180100,0.36000000
2018-02-25 13:28:53,0.02180000,0.37000000
2018-02-25 13:28:56,0.02180000,0.28000000
2018-02-25 13:28:58,0.02180000,0.11000000
2018-02-25 13:28:59,0.02180000,0.08000000
2018-02-25 13:29:02,0.02181700,2.07000000
2018-02-25 13:29:02,0.02180000,1.97000000
2018-02-25 13:29:04,0.02180000,10.42000000
2018-02-25 13:29:06,0.02180000,0.73000000
2018-02-25 13:29:14,0.02180000,0.73000000
2018-02-25 13:29:14,0.02180000,20.00000000
2018-02-25 13:29:22,0.02180000,0.32000000
2018-02-25 13:29:22,0.02180000,0.73000000
2018-02-25 13:29:23,0.02180000,30.70000000
2018-02-25 13:29:23,0.02180000,2.87000000
2018-02-25 13:29:23,0.02180000,0.79000000
2018-02-25 13:29:25,0.02180000,24.74000000
2018-02-25 13:29:27,0.02179900,62.29000000
2018-02-25 13:29:27,0.02179900,1.39000000
2018-02-25 13:29:27,0.02180000,1.23000000
2018-02-25 13:29:27,0.02179900,6.81000000
2018-02-25 13:29:27,0.02179400,4.82000000
2018-02-25 13:29:30,0.02179400,0.74000000
2018-02-25 13:29:30,0.02179400,0.40000000
2018-02-25 13:29:32,0.02179500,0.40000000
2018-02-25 13:29:33,0.02179400,0.11000000
2018-02-25 13:29:36,0.02179400,0.29000000
2018-02-25 13:29:36,0.02179900,1.43000000
2018-02-25 13:29:36,0.02180000,5.73000000
2018-02-25 13:29:38,0.02179400,0.11000000
2018-02-25 13:29:39,0.02179400,2.13000000
2018-02-25 13:29:41,0.02179400,0.22000000
2018-02-25 13:29:41,0.02180000,0.83000000
2018-02-25 13:29:47,0.02178000,2.83000000
2018-02-25 13:29:48,0.02178000,1.59000000
2018-02-25 13:29:48,0.02177900,1.04000000
2018-02-25 13:29:49,0.02177900,3.81000000
2018-02-25 13:29:49,0.02178000,2.83000000
2018-02-25 13:29:50,0.02180000,0.18000000
2018-02-25 13:29:52,0.02180000,0.48000000
2018-02-25 13:29:55,0.02178400,1.37000000
2018-02-25 13:29:55,0.02178400,1.01000000
2018-02-25 13:29:55,0.02177900,0.81000000
2018-02-25 13:29:55,0.02177400,0.12000000
2018-02-25 13:29:55,0.02177100,16.00000000
2018-02-25 13:29:55,0.02177000,11.49000000
2018-02-25 13:29:55,0.02176900,1.00000000
2018-02-25 13:29:55,0.02176300,1.37000000
2018-02-25 13:29:55,0.02176500,0.67000000
2018-02-25 13:29:57,0.02178200,0.67000000
2018-02-25 13:29:57,0.02178400,1.71000000
2018-02-25 13:29:58,0.02178400,0.59000000
2018-02-25 13:29:58,0.02176600,0.23000000
2018-02-25 13:30:03,0.02178200,0.14000000
2018-02-25 13:30:05,0.02178200,0.01000000
2018-02-25 13:30:05,0.02176300,0.63000000
2018-02-25 13:30:05,0.02175900,1.87000000
2018-02-25 13:30:06,0.02175900,0.49000000
2018-02-25 13:30:07,0.02175900,1.37000000
2018-02-25 13:30:07,0.02175900,0.23000000
2018-02-25 13:30:08,0.02175900,13.81000000
2018-02-25 13:30:08,0.02176500,2.54000000
2018-02-25 13:30:08,0.02175400,0.45000000
2018-02-25 13:30:09,0.02177000,2.37000000
2018-02-25 13:30:09,0.02177000,0.01000000
2018-02-25 13:30:09,0.02176300,0.92000000
2018-02-25 13:30:09,0.02176300,0.07000000
2018-02-25 13:30:10,0.02176300,2.07000000
2018-02-25 13:30:10,0.02176300,2.38000000
2018-02-25 13:30:11,0.02176300,1.00000000
2018-02-25 13:30:11,0.02176300,1.89000000
2018-02-25 13:30:11,0.02176300,1.00000000
2018-02-25 13:30:11,0.02175400,0.09000000
2018-02-25 13:30:12,0.02175400,0.06000000
2018-02-25 13:30:12,0.02175400,0.08000000
2018-02-25 13:30:12,0.02176300,0.92000000
2018-02-25 13:30:12,0.02176300,2.38000000
2018-02-25 13:30:13,0.02176300,4.15000000
2018-02-25 13:30:13,0.02177900,4.85000000
2018-02-25 13:30:13,0.02178100,0.27000000
2018-02-25 13:30:13,0.02178400,2.17000000
2018-02-25 13:30:13,0.02179500,6.47000000
2018-02-25 13:30:13,0.02179600,0.50000000
2018-02-25 13:30:14,0.02179600,15.50000000
2018-02-25 13:30:14,0.02179700,0.91000000
2018-02-25 13:30:14,0.02179900,0.89000000
2018-02-25 13:30:14,0.02180000,17.24000000
2018-02-25 13:30:14,0.02175200,2.85000000
2018-02-25 13:30:15,0.02178200,2.42000000
2018-02-25 13:30:15,0.02178200,4.58000000
2018-02-25 13:30:15,0.02175600,1.37000000
2018-02-25 13:30:17,0.02175800,2.42000000
2018-02-25 13:30:17,0.02177800,0.45000000
2018-02-25 13:30:18,0.02175400,1.91000000
2018-02-25 13:30:18,0.02175300,0.49000000
2018-02-25 13:30:18,0.02175400,0.09000000
2018-02-25 13:30:19,0.02175500,1.02000000
2018-02-25 13:30:19,0.02175500,0.09000000
2018-02-25 13:30:19,0.02175500,1.02000000
2018-02-25 13:30:19,0.02175500,0.82000000
2018-02-25 13:30:19,0.02175400,0.09000000
2018-02-25 13:30:19,0.02175400,0.09000000
2018-02-25 13:30:20,0.02175400,1.10000000
2018-02-25 13:30:20,0.02175500,0.51000000
2018-02-25 13:30:20,0.02175500,0.23000000
2018-02-25 13:30:20,0.02175500,0.09000000
2018-02-25 13:30:20,0.02175500,0.90000000
2018-02-25 13:30:20,0.02175500,0.36000000
2018-02-25 13:30:24,0.02175300,0.74000000
2018-02-25 13:30:24,0.02175500,0.64000000
2018-02-25 13:30:24,0.02178000,0.57000000
2018-02-25 13:30:25,0.02175500,0.09000000
2018-02-25 13:30:25,0.02175300,0.24000000
2018-02-25 13:30:29,0.02178000,0.13000000
2018-02-25 13:30:30,0.02175400,0.23000000
2018-02-25 13:30:30,0.02175300,0.22000000
2018-02-25 13:30:32,0.02175400,0.09000000
2018-02-25 13:30:35,0.02175400,0.08000000
2018-02-25 13:30:36,0.02175400,0.01000000
2018-02-25 13:30:36,0.02175300,0.36000000
2018-02-25 13:30:36,0.02175200,0.09000000
2018-02-25 13:30:36,0.02175100,0.04000000
2018-02-25 13:30:38,0.02178000,0.12000000
2018-02-25 13:30:39,0.02175400,0.74000000
2018-02-25 13:30:40,0.02175700,1.49000000
2018-02-25 13:30:40,0.02175800,2.01000000
2018-02-25 13:30:43,0.02177700,0.45000000
2018-02-25 13:30:44,0.02175500,0.45000000
2018-02-25 13:30:46,0.02175500,0.10000000
2018-02-25 13:30:46,0.02175500,3.37000000
2018-02-25 13:30:49,0.02177400,0.05000000
2018-02-25 13:30:55,0.02175500,1.44000000
2018-02-25 13:30:57,0.02175500,0.26000000
2018-02-25 13:30:59,0.02175500,0.15000000
2018-02-25 13:31:00,0.02175500,4.94000000
2018-02-25 13:31:00,0.02175400,5.06000000
2018-02-25 13:31:01,0.02175400,0.10000000
2018-02-25 13:31:01,0.02175400,1.14000000
2018-02-25 13:31:01,0.02175300,0.09000000
2018-02-25 13:31:02,0.02175300,0.09000000
2018-02-25 13:31:02,0.02175300,0.41000000
2018-02-25 13:31:02,0.02175500,4.90000000
2018-02-25 13:31:02,0.02175500,0.01000000
2018-02-25 13:31:03,0.02175500,0.08000000
2018-02-25 13:31:03,0.02175200,0.91000000
2018-02-25 13:31:07,0.02176800,0.49000000
2018-02-25 13:31:10,0.02175200,0.09000000
2018-02-25 13:31:11,0.02175100,0.09000000
2018-02-25 13:31:11,0.02175100,0.09000000
2018-02-25 13:31:13,0.02175100,1.37000000
2018-02-25 13:31:14,0.02175100,2.50000000
2018-02-25 13:31:14,0.02175000,0.45000000
2018-02-25 13:31:15,0.02175100,0.32000000
2018-02-25 13:31:15,0.02175200,1.06000000
2018-02-25 13:31:15,0.02175200,0.09000000
2018-02-25 13:31:16,0.02175100,0.09000000
2018-02-25 13:31:16,0.02175000,0.36000000
2018-02-25 13:31:20,0.02175200,0.06000000
2018-02-25 13:31:20,0.02175200,0.02000000
2018-02-25 13:31:21,0.02175200,0.05000000
2018-02-25 13:31:22,0.02175200,0.02000000
2018-02-25 13:31:22,0.02175100,0.09000000
2018-02-25 13:31:22,0.02175000,0.21000000
2018-02-25 13:31:25,0.02175100,0.09000000
2018-02-25 13:31:25,0.02175000,29.26000000
2018-02-25 13:31:25,0.02174900,0.09000000
2018-02-25 13:31:25,0.02174900,0.09000000
2018-02-25 13:31:25,0.02174900,0.09000000
2018-02-25 13:31:27,0.02174900,14.83000000
2018-02-25 13:31:33,0.02174100,0.58000000
2018-02-25 13:31:39,0.02176000,1.00000000
2018-02-25 13:31:40,0.02176000,1.00000000
2018-02-25 13:31:47,0.02176000,12.49000000
2018-02-25 13:31:47,0.02176000,1.78000000
2018-02-25 13:31:48,0.02178300,0.25000000
2018-02-25 13:31:48,0.02178400,0.45000000
2018-02-25 13:31:48,0.02179600,2.01000000
2018-02-25 13:31:48,0.02179600,0.20000000
2018-02-25 13:31:48,0.02179600,1.71000000
2018-02-25 13:31:49,0.02179600,0.05000000
2018-02-25 13:31:53,0.02179700,0.10000000
2018-02-25 13:31:53,0.02179600,0.01000000
2018-02-25 13:32:11,0.02176000,0.15000000
2018-02-25 13:32:13,0.02176000,0.26000000
2018-02-25 13:32:17,0.02179000,0.11000000
2018-02-25 13:32:18,0.02176100,0.15000000
2018-02-25 13:32:19,0.02176100,1.72000000
2018-02-25 13:32:20,0.02176100,3.40000000
2018-02-25 13:32:20,0.02176000,3.72000000
2018-02-25 13:32:20,0.02176000,0.12000000
2018-02-25 13:32:20,0.02176000,5.27000000
2018-02-25 13:32:21,0.02176000,0.15000000
2018-02-25 13:32:21,0.02176000,1.37000000
2018-02-25 13:32:21,0.02176000,3.97000000
2018-02-25 13:32:21,0.02176000,0.01000000
2018-02-25 13:32:21,0.02178800,0.18000000
2018-02-25 13:32:21,0.02178800,0.05000000
2018-02-25 13:32:21,0.02178900,0.18000000
2018-02-25 13:32:22,0.02178900,4.15000000
2018-02-25 13:32:23,0.02176000,0.55000000
2018-02-25 13:32:24,0.02178800,0.08000000
2018-02-25 13:32:25,0.02178800,0.59000000
2018-02-25 13:32:25,0.02176100,4.33000000
2018-02-25 13:32:25,0.02176000,1.68000000
2018-02-25 13:32:25,0.02175300,0.45000000
2018-02-25 13:32:25,0.02174100,2.90000000
2018-02-25 13:32:25,0.02173500,0.13000000
2018-02-25 13:32:25,0.02173000,0.15000000
2018-02-25 13:32:25,0.02172500,1.04000000
2018-02-25 13:32:25,0.02171900,2.84000000
2018-02-25 13:32:25,0.02171700,5.02000000
2018-02-25 13:32:32,0.02175300,0.07000000
2018-02-25 13:32:35,0.02178400,0.48000000
2018-02-25 13:32:35,0.02178800,0.01000000
2018-02-25 13:32:35,0.02178900,4.33000000
2018-02-25 13:32:35,0.02178900,2.25000000
2018-02-25 13:32:41,0.02176000,0.14000000
2018-02-25 13:32:45,0.02175900,1.69000000
2018-02-25 13:32:46,0.02175900,2.68000000
2018-02-25 13:32:46,0.02176000,0.01000000
2018-02-25 13:32:50,0.02178900,3.22000000
2018-02-25 13:32:50,0.02179000,6.78000000
2018-02-25 13:32:51,0.02178400,0.74000000
2018-02-25 13:32:51,0.02178400,0.11000000
2018-02-25 13:32:52,0.02178400,0.06000000
2018-02-25 13:32:52,0.02176100,0.67000000
2018-02-25 13:32:52,0.02179000,0.57000000
2018-02-25 13:32:54,0.02179000,7.54000000
2018-02-25 13:32:55,0.02179000,0.10000000
2018-02-25 13:32:56,0.02179000,0.46000000
2018-02-25 13:33:01,0.02179000,0.01000000
2018-02-25 13:33:01,0.02176100,4.78000000
2018-02-25 13:33:01,0.02176100,1.25000000
2018-02-25 13:33:20,0.02178000,1.02000000
2018-02-25 13:33:26,0.02177700,0.16000000
2018-02-25 13:33:29,0.02175500,0.05000000
2018-02-25 13:33:29,0.02175400,0.44000000
2018-02-25 13:33:35,0.02175400,0.53000000
2018-02-25 13:33:35,0.02175300,0.21000000
2018-02-25 13:33:44,0.02175300,0.90000000
2018-02-25 13:33:46,0.02175100,4.73000000
2018-02-25 13:33:48,0.02174800,0.12000000
2018-02-25 13:33:48,0.02175000,0.34000000
2018-02-25 13:33:49,0.02174800,0.09000000
2018-02-25 13:33:49,0.02174100,0.09000000
2018-02-25 13:33:49,0.02173500,0.09000000
2018-02-25 13:33:49,0.02173000,0.09000000
2018-02-25 13:33:49,0.02172500,0.09000000
2018-02-25 13:33:49,0.02172400,7.58000000
2018-02-25 13:33:52,0.02174100,0.09000000
2018-02-25 13:33:52,0.02173500,0.09000000
2018-02-25 13:33:52,0.02173000,0.09000000
2018-02-25 13:33:52,0.02172500,0.09000000
2018-02-25 13:33:52,0.02172400,0.09000000
2018-02-25 13:33:52,0.02171900,0.09000000
2018-02-25 13:33:52,0.02171700,0.71000000
2018-02-25 13:33:52,0.02174800,0.22000000
2018-02-25 13:33:53,0.02174700,0.09000000
2018-02-25 13:33:53,0.02174700,0.09000000
2018-02-25 13:33:53,0.02174700,0.11000000
2018-02-25 13:33:53,0.02174100,0.09000000
2018-02-25 13:33:53,0.02173500,0.09000000
2018-02-25 13:33:53,0.02173000,0.09000000
2018-02-25 13:33:53,0.02172500,0.07000000
2018-02-25 13:33:56,0.02174700,1.50000000
2018-02-25 13:33:56,0.02174700,0.09000000
2018-02-25 13:33:59,0.02174500,0.40000000
2018-02-25 13:33:59,0.02174500,0.09000000
2018-02-25 13:34:00,0.02174500,1.50000000
2018-02-25 13:34:01,0.02174100,0.09000000
2018-02-25 13:34:01,0.02174100,0.09000000
2018-02-25 13:34:02,0.02174100,0.33000000
2018-02-25 13:34:02,0.02174500,2.48000000
2018-02-25 13:34:02,0.02174500,0.09000000
2018-02-25 13:34:02,0.02174500,1.06000000
2018-02-25 13:34:02,0.02174600,1.24000000
2018-02-25 13:34:02,0.02174600,0.34000000
2018-02-25 13:34:02,0.02174600,0.09000000
2018-02-25 13:34:02,0.02173500,0.09000000
2018-02-25 13:34:02,0.02173000,0.09000000
2018-02-25 13:34:02,0.02172500,0.11000000
2018-02-25 13:34:02,0.02172400,0.09000000
2018-02-25 13:34:04,0.02174100,0.33000000
2018-02-25 13:34:04,0.02173500,0.09000000
2018-02-25 13:34:04,0.02173000,0.09000000
2018-02-25 13:34:04,0.02172500,0.09000000
2018-02-25 13:34:04,0.02172400,0.09000000
2018-02-25 13:34:04,0.02171900,0.09000000
2018-02-25 13:34:04,0.02171800,0.47000000
2018-02-25 13:34:05,0.02174600,1.50000000
2018-02-25 13:34:05,0.02174600,0.09000000
2018-02-25 13:34:06,0.02174100,0.09000000
2018-02-25 13:34:06,0.02174100,0.09000000
2018-02-25 13:34:06,0.02174100,0.07000000
2018-02-25 13:34:09,0.02174100,0.11000000
2018-02-25 13:34:09,0.02173500,0.09000000
2018-02-25 13:34:09,0.02173000,0.09000000
2018-02-25 13:34:09,0.02172500,0.09000000
2018-02-25 13:34:09,0.02172400,0.09000000
2018-02-25 13:34:09,0.02171900,0.09000000
2018-02-25 13:34:09,0.02171800,0.09000000
2018-02-25 13:34:09,0.02171700,7.35000000
2018-02-25 13:34:10,0.02173500,0.09000000
2018-02-25 13:34:10,0.02173000,0.09000000
2018-02-25 13:34:10,0.02172500,0.09000000
2018-02-25 13:34:10,0.02172400,0.09000000
2018-02-25 13:34:10,0.02171900,0.09000000
2018-02-25 13:34:10,0.02171800,0.09000000
2018-02-25 13:34:10,0.02171700,2.87000000
2018-02-25 13:34:13,0.02174600,0.23000000
2018-02-25 13:34:15,0.02174600,0.40000000
2018-02-25 13:34:15,0.02174600,2.51000000
2018-02-25 13:34:16,0.02174100,2.15000000
2018-02-25 13:34:16,0.02174600,0.15000000
2018-02-25 13:34:17,0.02174600,0.09000000
2018-02-25 13:34:17,0.02174600,0.50000000
2018-02-25 13:34:18,0.02174100,0.08000000
2018-02-25 13:34:18,0.02174100,0.10000000
2018-02-25 13:34:19,0.02174500,0.18000000
2018-02-25 13:34:19,0.02174500,0.09000000
2018-02-25 13:34:20,0.02174500,1.93000000
2018-02-25 13:34:20,0.02174600,0.37000000
2018-02-25 13:34:20,0.02174600,0.09000000
2018-02-25 13:34:21,0.02173500,0.09000000
2018-02-25 13:34:21,0.02173000,0.09000000
2018-02-25 13:34:21,0.02172500,0.09000000
2018-02-25 13:34:21,0.02172400,0.09000000
2018-02-25 13:34:21,0.02171900,0.09000000
2018-02-25 13:34:21,0.02171800,0.09000000
2018-02-25 13:34:21,0.02171700,0.02000000
2018-02-25 13:34:25,0.02173500,0.09000000
2018-02-25 13:34:26,0.02173500,0.09000000
2018-02-25 13:34:26,0.02173000,0.09000000
2018-02-25 13:34:26,0.02172500,0.09000000
2018-02-25 13:34:26,0.02172400,0.09000000
2018-02-25 13:34:26,0.02171900,0.09000000
2018-02-25 13:34:26,0.02171800,0.09000000
2018-02-25 13:34:26,0.02171700,0.78000000
2018-02-25 13:34:28,0.02174500,1.10000000
2018-02-25 13:34:28,0.02174600,1.20000000
2018-02-25 13:34:28,0.02174600,0.09000000
2018-02-25 13:34:28,0.02174600,0.18000000
2018-02-25 13:34:28,0.02174500,0.09000000
2018-02-25 13:34:28,0.02174500,0.09000000
2018-02-25 13:34:28,0.02173000,0.09000000
2018-02-25 13:34:28,0.02172500,0.02000000
2018-02-25 13:34:29,0.02174500,0.45000000
2018-02-25 13:34:29,0.02174500,0.09000000
2018-02-25 13:34:39,0.02173000,0.09000000
2018-02-25 13:34:39,0.02173000,0.09000000
2018-02-25 13:34:39,0.02172500,0.16000000
2018-02-25 13:34:40,0.02172500,0.09000000
2018-02-25 13:34:41,0.02172500,0.87000000
2018-02-25 13:34:41,0.02172500,1.15000000
2018-02-25 13:34:41,0.02172500,2.64000000
2018-02-25 13:34:44,0.02173000,0.07000000
2018-02-25 13:34:44,0.02173000,0.09000000
2018-02-25 13:34:44,0.02172400,0.09000000
2018-02-25 13:34:45,0.02172400,0.08000000
2018-02-25 13:34:45,0.02174300,0.28000000
2018-02-25 13:34:46,0.02174300,0.09000000
2018-02-25 13:34:50,0.02172500,0.27000000
2018-02-25 13:34:51,0.02172500,0.09000000
2018-02-25 13:34:51,0.02172400,0.01000000
2018-02-25 13:34:51,0.02171900,0.09000000
2018-02-25 13:34:51,0.02171800,0.09000000
2018-02-25 13:34:51,0.02171700,0.16000000
2018-02-25 13:34:52,0.02172500,5.30000000
2018-02-25 13:34:53,0.02172600,0.25000000
2018-02-25 13:34:53,0.02172600,0.26000000
2018-02-25 13:34:55,0.02172600,2.33000000
2018-02-25 13:34:55,0.02172600,0.41000000
2018-02-25 13:34:56,0.02174300,0.10000000
2018-02-25 13:34:56,0.02174300,0.09000000
2018-02-25 13:34:57,0.02172600,0.09000000
2018-02-25 13:34:57,0.02172500,0.09000000
2018-02-25 13:34:57,0.02172400,0.09000000
2018-02-25 13:34:57,0.02171900,0.09000000
2018-02-25 13:34:57,0.02171800,0.08000000
2018-02-25 13:34:57,0.02172500,0.07000000
2018-02-25 13:34:57,0.02172600,0.02000000
2018-02-25 13:34:57,0.02172600,0.05000000
2018-02-25 13:34:57,0.02174300,0.06000000
2018-02-25 13:35:00,0.02174100,0.09000000
2018-02-25 13:35:00,0.02173900,0.09000000
2018-02-25 13:35:00,0.02173900,0.09000000
2018-02-25 13:35:02,0.02172600,0.10000000
2018-02-25 13:35:08,0.02172600,1.38000000
2018-02-25 13:35:08,0.02172600,7.02000000
2018-02-25 13:35:08,0.02172500,0.18000000
2018-02-25 13:35:08,0.02172400,0.09000000
2018-02-25 13:35:09,0.02172500,0.09000000
2018-02-25 13:35:09,0.02172400,0.09000000
2018-02-25 13:35:09,0.02171900,0.09000000
2018-02-25 13:35:09,0.02171800,0.10000000
2018-02-25 13:35:09,0.02171700,2.23000000
2018-02-25 13:35:10,0.02172500,0.09000000
2018-02-25 13:35:10,0.02172400,0.09000000
2018-02-25 13:35:11,0.02172500,0.09000000
2018-02-25 13:35:11,0.02171900,0.08000000
2018-02-25 13:35:11,0.02172400,0.09000000
2018-02-25 13:35:11,0.02172500,0.09000000
2018-02-25 13:35:12,0.02172400,0.08000000
2018-02-25 13:35:13,0.02172500,0.09000000
2018-02-25 13:35:13,0.02172500,0.51000000
2018-02-25 13:35:13,0.02172500,1.72000000
2018-02-25 13:35:13,0.02172500,0.09000000
2018-02-25 13:35:13,0.02172400,0.10000000
2018-02-25 13:35:14,0.02171900,0.10000000
2018-02-25 13:35:14,0.02172500,0.13000000
2018-02-25 13:35:14,0.02172400,0.09000000
2018-02-25 13:35:14,0.02171900,0.08000000
2018-02-25 13:35:15,0.02172500,0.09000000
2018-02-25 13:35:15,0.02172400,0.09000000
2018-02-25 13:35:16,0.02171900,0.10000000
2018-02-25 13:35:16,0.02172500,0.09000000
2018-02-25 13:35:16,0.02172400,0.09000000
2018-02-25 13:35:17,0.02171900,0.09000000
2018-02-25 13:35:17,0.02171800,0.09000000
2018-02-25 13:35:17,0.02171700,1.18000000
2018-02-25 13:35:17,0.02172500,0.09000000
2018-02-25 13:35:17,0.02171700,0.08000000
2018-02-25 13:35:17,0.02172500,0.06000000
2018-02-25 13:35:17,0.02172400,0.09000000
2018-02-25 13:35:17,0.02171700,5.95000000
2018-02-25 13:35:19,0.02172500,0.09000000
2018-02-25 13:35:19,0.02171900,0.09000000
2018-02-25 13:35:19,0.02171800,0.09000000
2018-02-25 13:35:19,0.02171700,0.77000000
2018-02-25 13:35:19,0.02171600,0.43000000
2018-02-25 13:35:19,0.02172500,0.09000000
2018-02-25 13:35:20,0.02172400,0.09000000
2018-02-25 13:35:20,0.02172400,0.09000000
2018-02-25 13:35:21,0.02171900,0.08000000
2018-02-25 13:35:21,0.02172400,0.12000000
2018-02-25 13:35:22,0.02172400,0.09000000
2018-02-25 13:35:23,0.02172400,0.09000000
2018-02-25 13:35:23,0.02171900,0.10000000
2018-02-25 13:35:23,0.02171800,0.09000000
2018-02-25 13:35:23,0.02171700,0.18000000
2018-02-25 13:35:23,0.02171600,0.35000000
2018-02-25 13:35:23,0.02171500,0.28000000
2018-02-25 13:35:23,0.02172300,0.06000000
2018-02-25 13:35:23,0.02172400,0.03000000
2018-02-25 13:35:25,0.02171900,0.08000000
2018-02-25 13:35:26,0.02172400,0.09000000
2018-02-25 13:35:26,0.02172400,0.13000000
2018-02-25 13:35:27,0.02172300,0.08000000
2018-02-25 13:35:27,0.02172400,0.09000000
2018-02-25 13:35:27,0.02172300,0.01000000
2018-02-25 13:35:27,0.02171900,0.10000000
2018-02-25 13:35:27,0.02171800,0.09000000
2018-02-25 13:35:27,0.02171700,0.09000000
2018-02-25 13:35:27,0.02171600,0.09000000
2018-02-25 13:35:27,0.02171500,0.31000000
2018-02-25 13:35:27,0.02171100,0.24000000
2018-02-25 13:35:27,0.02172400,0.09000000
2018-02-25 13:35:29,0.02172300,0.11000000
2018-02-25 13:35:29,0.02172300,0.07000000
2018-02-25 13:35:29,0.02171900,0.09000000
2018-02-25 13:35:29,0.02171800,0.09000000
2018-02-25 13:35:29,0.02171700,0.09000000
2018-02-25 13:35:29,0.02171100,0.08000000
2018-02-25 13:35:30,0.02172400,0.44000000
2018-02-25 13:35:30,0.02172500,35.95000000
2018-02-25 13:35:30,0.02172500,5.03000000
2018-02-25 13:35:30,0.02172500,9.23000000
2018-02-25 13:35:31,0.02172400,0.09000000
2018-02-25 13:35:31,0.02172300,0.09000000
2018-02-25 13:35:33,0.02171900,0.09000000
2018-02-25 13:35:33,0.02171800,0.09000000
2018-02-25 13:35:33,0.02171700,0.09000000
2018-02-25 13:35:33,0.02171600,0.09000000
2018-02-25 13:35:33,0.02171500,0.09000000
2018-02-25 13:35:33,0.02171100,0.25000000
2018-02-25 13:35:33,0.02172300,0.09000000
2018-02-25 13:35:33,0.02172300,0.09000000
2018-02-25 13:35:34,0.02172300,0.09000000
2018-02-25 13:35:34,0.02172300,0.09000000
2018-02-25 13:35:34,0.02171100,0.11000000
2018-02-25 13:35:34,0.02170500,1.00000000
2018-02-25 13:35:34,0.02170300,0.26000000
2018-02-25 13:35:35,0.02172300,2.37000000
2018-02-25 13:35:36,0.02171900,0.09000000
2018-02-25 13:35:37,0.02171900,0.09000000
2018-02-25 13:35:37,0.02171900,0.11000000
2018-02-25 13:35:38,0.02171900,0.09000000
2018-02-25 13:35:39,0.02171900,0.09000000
2018-02-25 13:35:39,0.02171900,0.10000000
2018-02-25 13:35:41,0.02171900,0.23000000
2018-02-25 13:35:41,0.02171800,0.09000000
2018-02-25 13:35:42,0.02171800,0.09000000
2018-02-25 13:35:42,0.02171800,0.09000000
2018-02-25 13:35:43,0.02171800,0.23000000
2018-02-25 13:35:44,0.02171700,0.09000000
2018-02-25 13:35:44,0.02171600,0.09000000
2018-02-25 13:35:44,0.02171500,0.09000000
2018-02-25 13:35:44,0.02171100,0.18000000
2018-02-25 13:35:44,0.02170500,0.09000000
2018-02-25 13:35:44,0.02170300,0.83000000
2018-02-25 13:35:44,0.02170100,0.71000000
2018-02-25 13:35:44,0.02170000,0.54000000
2018-02-25 13:35:44,0.02170000,0.39000000
2018-02-25 13:35:44,0.02171800,0.13000000
2018-02-25 13:35:45,0.02171800,0.07000000
2018-02-25 13:35:50,0.02171800,0.47000000
2018-02-25 13:35:50,0.02171700,0.09000000
2018-02-25 13:35:50,0.02171600,0.09000000
2018-02-25 13:35:51,0.02171600,0.09000000
2018-02-25 13:35:51,0.02171600,0.09000000
2018-02-25 13:35:52,0.02171500,0.09000000
2018-02-25 13:35:52,0.02171500,0.09000000
2018-02-25 13:35:54,0.02171600,2.30000000
2018-02-25 13:35:54,0.02171600,0.09000000
2018-02-25 13:35:54,0.02171600,0.11000000
2018-02-25 13:35:58,0.02171600,2.82000000
2018-02-25 13:36:02,0.02171100,0.51000000
2018-02-25 13:36:02,0.02171100,0.08000000
2018-02-25 13:36:05,0.02171100,0.01000000
2018-02-25 13:36:06,0.02171000,0.20000000
2018-02-25 13:36:06,0.02171000,0.07000000
2018-02-25 13:36:08,0.02171600,0.14000000
2018-02-25 13:36:08,0.02171600,0.09000000
2018-02-25 13:36:10,0.02171600,2.84000000
2018-02-25 13:36:11,0.02171900,4.01000000
2018-02-25 13:36:11,0.02171900,0.01000000
2018-02-25 13:36:11,0.02172400,0.68000000
2018-02-25 13:36:12,0.02172400,0.09000000
2018-02-25 13:36:12,0.02171900,0.08000000
2018-02-25 13:36:12,0.02171600,18.20000000
2018-02-25 13:36:12,0.02171000,0.02000000
2018-02-25 13:36:12,0.02170500,0.09000000
2018-02-25 13:36:12,0.02170300,0.09000000
2018-02-25 13:36:12,0.02170100,0.09000000
2018-02-25 13:36:12,0.02170000,3.91000000
2018-02-25 13:36:12,0.02172600,0.17000000
2018-02-25 13:36:12,0.02171900,0.09000000
2018-02-25 13:36:12,0.02171600,0.09000000
2018-02-25 13:36:12,0.02171600,2.19000000
2018-02-25 13:36:12,0.02172600,0.38000000
2018-02-25 13:36:12,0.02174200,7.00000000
2018-02-25 13:36:12,0.02174300,1.00000000
2018-02-25 13:36:12,0.02175000,1.95000000
2018-02-25 13:36:12,0.02176000,0.49000000
2018-02-25 13:36:12,0.02177100,3.84000000
2018-02-25 13:36:12,0.02178000,0.82000000
2018-02-25 13:36:12,0.02179000,3.08000000
2018-02-25 13:36:12,0.02179500,0.16000000
2018-02-25 13:36:13,0.02174300,0.09000000
2018-02-25 13:36:13,0.02174200,0.09000000
2018-02-25 13:36:13,0.02172600,0.08000000
2018-02-25 13:36:13,0.02174200,0.08000000
2018-02-25 13:36:13,0.02174200,0.10000000
2018-02-25 13:36:15,0.02173200,4.62000000
2018-02-25 13:36:15,0.02174200,0.06000000
2018-02-25 13:36:15,0.02174200,0.05000000
2018-02-25 13:36:16,0.02174200,0.04000000
2018-02-25 13:36:16,0.02173700,0.04000000
2018-02-25 13:36:16,0.02173700,0.81000000
2018-02-25 13:36:19,0.02174000,0.84000000
2018-02-25 13:36:19,0.02174000,0.01000000
2018-02-25 13:36:19,0.02174200,0.11000000
2018-02-25 13:36:20,0.02174200,0.11000000
2018-02-25 13:36:20,0.02174200,0.89000000
2018-02-25 13:36:22,0.02174200,1.07000000
2018-02-25 13:36:24,0.02174200,3.24000000
2018-02-25 13:36:24,0.02174200,0.20000000
2018-02-25 13:36:25,0.02174200,1.44000000
2018-02-25 13:36:25,0.02174000,1.32000000
2018-02-25 13:36:25,0.02174000,0.11000000
2018-02-25 13:36:25,0.02174000,1.78000000
2018-02-25 13:36:25,0.02173700,0.09000000
2018-02-25 13:36:26,0.02174000,0.22000000
2018-02-25 13:36:26,0.02173200,0.09000000
2018-02-25 13:36:30,0.02173400,0.45000000
2018-02-25 13:36:31,0.02173400,0.46000000
2018-02-25 13:36:32,0.02173400,0.45000000
2018-02-25 13:36:33,0.02173200,0.09000000
2018-02-25 13:36:34,0.02172600,0.19000000
2018-02-25 13:36:34,0.02171900,0.09000000
2018-02-25 13:36:34,0.02171600,0.09000000
2018-02-25 13:36:34,0.02171100,0.32000000
2018-02-25 13:36:38,0.02173100,0.05000000
2018-02-25 13:36:39,0.02173100,0.09000000
2018-02-25 13:36:39,0.02172600,0.08000000
2018-02-25 13:36:40,0.02173100,0.24000000
2018-02-25 13:36:40,0.02173100,0.09000000
2018-02-25 13:36:41,0.02172600,0.10000000
2018-02-25 13:36:41,0.02172000,0.09000000
2018-02-25 13:36:41,0.02171900,0.09000000
2018-02-25 13:36:41,0.02171800,0.09000000
2018-02-25 13:36:41,0.02171800,0.09000000
2018-02-25 13:36:41,0.02171800,0.09000000
2018-02-25 13:36:44,0.02171600,0.09000000
2018-02-25 13:36:44,0.02171500,0.09000000
2018-02-25 13:36:44,0.02171500,0.09000000
2018-02-25 13:36:46,0.02171100,0.36000000
2018-02-25 13:36:47,0.02171500,0.11000000
2018-02-25 13:36:47,0.02171500,0.09000000
2018-02-25 13:36:47,0.02171500,0.14000000
2018-02-25 13:36:48,0.02171500,0.06000000
2018-02-25 13:36:52,0.02171500,1.91000000
2018-02-25 13:36:52,0.02171700,0.39000000
2018-02-25 13:36:52,0.02171700,0.09000000
2018-02-25 13:36:52,0.02171700,0.05000000
2018-02-25 13:36:53,0.02171700,4.33000000
2018-02-25 13:36:54,0.02171900,4.62000000
2018-02-25 13:36:54,0.02172000,6.04000000
2018-02-25 13:36:54,0.02172000,0.01000000
2018-02-25 13:36:54,0.02173100,0.17000000
2018-02-25 13:36:54,0.02173100,0.09000000
2018-02-25 13:36:54,0.02172000,0.03000000
2018-02-25 13:36:54,0.02173300,1.00000000
2018-02-25 13:36:55,0.02173400,0.67000000
2018-02-25 13:37:03,0.02174200,0.31000000
2018-02-25 13:37:03,0.02173400,0.31000000
2018-02-25 13:37:07,0.02173400,0.14000000
2018-02-25 13:37:09,0.02173400,0.08000000
2018-02-25 13:37:10,0.02173400,0.08000000
2018-02-25 13:37:10,0.02173400,0.93000000
2018-02-25 13:37:14,0.02173300,0.09000000
2018-02-25 13:37:14,0.02172000,0.15000000
2018-02-25 13:37:14,0.02171900,0.09000000
2018-02-25 13:37:14,0.02171400,4.33000000
2018-02-25 13:37:14,0.02171300,4.60000000
2018-02-25 13:37:14,0.02171100,6.53000000
2018-02-25 13:37:16,0.02173400,0.01000000
2018-02-25 13:37:16,0.02174200,0.16000000
2018-02-25 13:37:16,0.02178400,0.27000000
2018-02-25 13:37:19,0.02173300,0.11000000
2018-02-25 13:37:21,0.02173600,0.69000000
2018-02-25 13:37:22,0.02173600,0.33000000
2018-02-25 13:37:29,0.02173600,1.13000000
2018-02-25 13:37:29,0.02173600,0.48000000
2018-02-25 13:37:30,0.02177300,0.45000000
2018-02-25 13:37:38,0.02173700,12.29000000
2018-02-25 13:37:39,0.02173700,2.74000000
2018-02-25 13:37:39,0.02173800,2.79000000
2018-02-25 13:37:43,0.02176600,0.09000000
2018-02-25 13:37:45,0.02176400,0.04000000
2018-02-25 13:37:45,0.02173600,2.68000000
2018-02-25 13:37:47,0.02173800,1.60000000
2018-02-25 13:37:47,0.02173900,0.81000000
2018-02-25 13:37:48,0.02173600,2.31000000
2018-02-25 13:37:51,0.02173600,0.09000000
2018-02-25 13:37:52,0.02173600,0.24000000
2018-02-25 13:37:55,0.02173600,2.68000000
2018-02-25 13:37:59,0.02173600,1.53000000
2018-02-25 13:38:02,0.02175500,0.72000000
2018-02-25 13:38:02,0.02173600,0.05000000
2018-02-25 13:38:08,0.02173600,1.20000000
2018-02-25 13:38:09,0.02173600,0.11000000
2018-02-25 13:38:12,0.02173600,0.40000000
2018-02-25 13:38:12,0.02173400,1.00000000
2018-02-25 13:38:12,0.02173300,0.09000000
2018-02-25 13:38:12,0.02173100,0.05000000
2018-02-25 13:38:12,0.02173000,0.32000000
2018-02-25 13:38:14,0.02173600,3.31000000
2018-02-25 13:38:15,0.02173600,4.87000000
2018-02-25 13:38:18,0.02173500,0.21000000
2018-02-25 13:38:19,0.02173500,1.02000000
2018-02-25 13:38:20,0.02173100,0.09000000
2018-02-25 13:38:20,0.02173500,0.47000000
2018-02-25 13:38:24,0.02173500,0.11000000
2018-02-25 13:38:26,0.02173500,0.69000000
2018-02-25 13:38:26,0.02173500,2.35000000
2018-02-25 13:38:27,0.02173600,1.37000000
2018-02-25 13:38:27,0.02173600,33.99000000
2018-02-25 13:38:27,0.02173600,8.94000000
2018-02-25 13:38:27,0.02173600,11.44000000
2018-02-25 13:38:27,0.02175000,7.07000000
2018-02-25 13:38:27,0.02175000,5.69000000
2018-02-25 13:38:27,0.02173100,0.11000000
2018-02-25 13:38:34,0.02173100,0.10000000
2018-02-25 13:38:34,0.02173000,2.20000000
2018-02-25 13:38:36,0.02175000,0.11000000
2018-02-25 13:38:42,0.02173000,0.12000000
2018-02-25 13:38:43,0.02172000,0.09000000
2018-02-25 13:38:43,0.02171900,0.09000000
2018-02-25 13:38:43,0.02171500,0.25000000
2018-02-25 13:38:43,0.02171400,0.09000000
2018-02-25 13:38:43,0.02171300,0.14000000
2018-02-25 13:38:43,0.02173000,0.48000000
2018-02-25 13:38:43,0.02172000,0.09000000
2018-02-25 13:38:43,0.02171900,0.09000000
2018-02-25 13:38:43,0.02171500,0.09000000
2018-02-25 13:38:43,0.02171400,0.47000000
2018-02-25 13:38:43,0.02173000,0.09000000
2018-02-25 13:38:43,0.02173000,0.30000000
2018-02-25 13:38:47,0.02172900,1.32000000
2018-02-25 13:38:52,0.02172900,0.09000000
2018-02-25 13:38:55,0.02172000,0.09000000
2018-02-25 13:38:55,0.02171900,0.09000000
2018-02-25 13:38:55,0.02171500,4.48000000
2018-02-25 13:38:55,0.02171400,0.18000000
2018-02-25 13:38:55,0.02171300,1.68000000
2018-02-25 13:38:55,0.02172000,0.09000000
2018-02-25 13:38:55,0.02171900,0.09000000
2018-02-25 13:38:55,0.02171500,0.09000000
2018-02-25 13:38:55,0.02171400,0.09000000
2018-02-25 13:38:55,0.02171300,1.60000000
2018-02-25 13:38:56,0.02172000,0.09000000
2018-02-25 13:38:56,0.02172000,0.09000000
2018-02-25 13:38:58,0.02171900,0.09000000
2018-02-25 13:38:58,0.02171900,0.02000000
2018-02-25 13:39:01,0.02171900,0.57000000
2018-02-25 13:39:01,0.02171500,0.09000000
2018-02-25 13:39:01,0.02171400,0.01000000
2018-02-25 13:39:01,0.02171400,0.08000000
2018-02-25 13:39:01,0.02171300,0.66000000
2018-02-25 13:39:03,0.02171500,0.09000000
2018-02-25 13:39:03,0.02171400,0.09000000
2018-02-25 13:39:03,0.02171300,1.37000000
2018-02-25 13:39:03,0.02171100,9.17000000
2018-02-25 13:39:05,0.02171500,0.09000000
2018-02-25 13:39:05,0.02171500,0.02000000
2018-02-25 13:39:11,0.02171500,0.07000000
2018-02-25 13:39:12,0.02173000,0.30000000
2018-02-25 13:39:12,0.02173000,0.09000000
2018-02-25 13:39:14,0.02172400,2.68000000
2018-02-25 13:39:14,0.02172400,0.09000000
2018-02-25 13:39:15,0.02171500,0.74000000
2018-02-25 13:39:15,0.02172400,15.46000000
2018-02-25 13:39:16,0.02172500,5.41000000
2018-02-25 13:39:16,0.02172500,0.09000000
2018-02-25 13:39:16,0.02172500,4.20000000
2018-02-25 13:39:19,0.02172400,0.09000000
2018-02-25 13:39:19,0.02172500,3.81000000
2018-02-25 13:39:19,0.02172500,0.09000000
2018-02-25 13:39:26,0.02172400,0.09000000
2018-02-25 13:39:26,0.02172200,0.09000000
2018-02-25 13:39:26,0.02172200,0.09000000
2018-02-25 13:39:26,0.02172200,1.36000000
2018-02-25 13:39:28,0.02172200,2.37000000
2018-02-25 13:39:29,0.02172200,0.01000000
2018-02-25 13:39:29,0.02172400,0.09000000
2018-02-25 13:39:29,0.02172500,0.36000000
2018-02-25 13:39:30,0.02172500,0.09000000
2018-02-25 13:39:31,0.02172500,0.46000000
2018-02-25 13:39:32,0.02172400,0.08000000
2018-02-25 13:39:32,0.02172400,0.10000000
2018-02-25 13:39:35,0.02171500,1.84000000
2018-02-25 13:39:37,0.02171500,0.09000000
2018-02-25 13:39:37,0.02171400,0.09000000
2018-02-25 13:39:37,0.02171300,0.97000000
2018-02-25 13:39:37,0.02171300,0.09000000
2018-02-25 13:39:37,0.02171300,0.09000000
2018-02-25 13:39:37,0.02171300,0.46000000
2018-02-25 13:39:37,0.02171200,0.29000000
2018-02-25 13:39:38,0.02171200,0.10000000
2018-02-25 13:39:42,0.02171300,0.14000000
2018-02-25 13:39:43,0.02172500,0.09000000
2018-02-25 13:39:43,0.02172500,0.09000000
2018-02-25 13:39:43,0.02172400,1.14000000
2018-02-25 13:39:43,0.02172400,1.27000000
2018-02-25 13:39:43,0.02171300,0.09000000
2018-02-25 13:39:43,0.02171100,18.64000000
2018-02-25 13:39:44,0.02171300,0.09000000
2018-02-25 13:39:44,0.02171100,2.31000000
2018-02-25 13:39:47,0.02172500,1.00000000
2018-02-25 13:39:47,0.02172500,0.09000000
2018-02-25 13:39:48,0.02171300,0.09000000
2018-02-25 13:39:49,0.02171300,0.06000000
2018-02-25 13:39:53,0.02171300,0.03000000
2018-02-25 13:39:53,0.02171200,0.71000000
2018-02-25 13:39:53,0.02171100,5.93000000
2018-02-25 13:39:59,0.02171200,0.09000000
2018-02-25 13:39:59,0.02171200,0.06000000
2018-02-25 13:40:03,0.02171200,0.03000000
2018-02-25 13:40:03,0.02171100,3.62000000
2018-02-25 13:40:03,0.02171000,12.67000000
2018-02-25 13:40:05,0.02171200,0.09000000
2018-02-25 13:40:05,0.02171100,0.09000000
2018-02-25 13:40:05,0.02171000,0.09000000
2018-02-25 13:40:05,0.02170300,0.03000000
2018-02-25 13:40:05,0.02171200,0.09000000
2018-02-25 13:40:05,0.02171100,0.09000000
2018-02-25 13:40:05,0.02170300,1.11000000
2018-02-25 13:40:05,0.02170200,1.75000000
2018-02-25 13:40:05,0.02171300,0.19000000
2018-02-25 13:40:09,0.02171300,0.09000000
2018-02-25 13:40:09,0.02171300,0.06000000
2018-02-25 13:40:09,0.02172300,0.22000000
2018-02-25 13:40:09,0.02172300,0.09000000
2018-02-25 13:40:15,0.02171200,0.09000000
2018-02-25 13:40:15,0.02171200,0.09000000
2018-02-25 13:40:21,0.02171100,0.09000000
2018-02-25 13:40:21,0.02171000,0.09000000
2018-02-25 13:40:21,0.02170300,0.18000000
2018-02-25 13:40:21,0.02170200,0.09000000
2018-02-25 13:40:21,0.02170100,0.30000000
2018-02-25 13:40:22,0.02171100,0.08000000
2018-02-25 13:40:22,0.02171100,0.10000000
2018-02-25 13:40:22,0.02171000,0.08000000
2018-02-25 13:40:22,0.02171000,0.10000000
2018-02-25 13:40:26,0.02170300,0.09000000
2018-02-25 13:40:26,0.02170200,0.09000000
2018-02-25 13:40:26,0.02170100,0.10000000
2018-02-25 13:40:26,0.02171100,0.09000000
2018-02-25 13:40:27,0.02171100,0.10000000
2018-02-25 13:40:27,0.02170300,1.91000000
2018-02-25 13:40:27,0.02170200,0.09000000
2018-02-25 13:40:27,0.02170100,0.06000000
2018-02-25 13:40:28,0.02171200,0.55000000
2018-02-25 13:40:28,0.02171200,0.09000000
2018-02-25 13:40:29,0.02170300,0.09000000
2018-02-25 13:40:29,0.02170200,0.09000000
2018-02-25 13:40:29,0.02170100,4.36000000
2018-02-25 13:40:29,0.02170000,31.14000000
2018-02-25 13:40:32,0.02170300,0.09000000
2018-02-25 13:40:33,0.02170300,0.02000000
2018-02-25 13:40:35,0.02170300,0.07000000
2018-02-25 13:40:35,0.02170200,0.09000000
2018-02-25 13:40:35,0.02170200,0.08000000
2018-02-25 13:40:35,0.02170200,0.01000000
2018-02-25 13:40:35,0.02170100,0.39000000
2018-02-25 13:40:35,0.02170000,1.83000000
2018-02-25 13:40:38,0.02170300,0.11000000
2018-02-25 13:40:39,0.02170300,0.09000000
2018-02-25 13:40:39,0.02170100,0.97000000
2018-02-25 13:40:39,0.02170100,0.15000000
2018-02-25 13:40:40,0.02170900,0.46000000
2018-02-25 13:40:40,0.02170900,0.09000000
2018-02-25 13:40:40,0.02170900,0.34000000
2018-02-25 13:40:41,0.02170100,0.20000000
2018-02-25 13:40:41,0.02170100,1.31000000
2018-02-25 13:40:41,0.02170100,3.64000000
2018-02-25 13:40:43,0.02170100,6.00000000
2018-02-25 13:40:43,0.02170000,32.18000000
2018-02-25 13:40:45,0.02170000,0.48000000
2018-02-25 13:40:45,0.02170100,0.79000000
2018-02-25 13:40:45,0.02170600,0.71000000
2018-02-25 13:40:45,0.02170600,0.09000000
2018-02-25 13:40:45,0.02170100,0.09000000
2018-02-25 13:40:45,0.02170100,0.09000000
2018-02-25 13:40:45,0.02170000,0.08000000
2018-02-25 13:40:45,0.02170000,0.09000000
2018-02-25 13:40:48,0.02169900,0.36000000
2018-02-25 13:40:48,0.02169900,0.14000000
2018-02-25 13:40:48,0.02169500,0.09000000
2018-02-25 13:40:48,0.02169900,0.08000000
2018-02-25 13:40:48,0.02169900,0.10000000
2018-02-25 13:40:48,0.02169500,1.00000000
2018-02-25 13:40:48,0.02168900,0.10000000
2018-02-25 13:40:48,0.02170000,0.10000000
2018-02-25 13:40:48,0.02169500,0.09000000
2018-02-25 13:40:48,0.02168900,0.15000000
2018-02-25 13:40:48,0.02168900,2.62000000
2018-02-25 13:40:48,0.02170000,0.09000000
2018-02-25 13:40:48,0.02169500,0.09000000
2018-02-25 13:40:48,0.02168500,0.21000000
2018-02-25 13:40:49,0.02168900,0.09000000
2018-02-25 13:40:49,0.02170000,0.09000000
2018-02-25 13:40:49,0.02169500,0.09000000
2018-02-25 13:40:49,0.02170000,0.09000000
2018-02-25 13:40:49,0.02170000,0.09000000
2018-02-25 13:40:49,0.02169500,0.09000000
2018-02-25 13:40:50,0.02169500,0.09000000
2018-02-25 13:40:51,0.02168900,0.09000000
2018-02-25 13:40:51,0.02168500,0.18000000
2018-02-25 13:40:51,0.02168000,0.10000000
2018-02-25 13:40:51,0.02168000,0.90000000
2018-02-25 13:40:51,0.02167800,0.68000000
2018-02-25 13:40:52,0.02168900,0.08000000
2018-02-25 13:40:52,0.02168900,0.10000000
2018-02-25 13:40:52,0.02168500,0.09000000
2018-02-25 13:40:52,0.02168500,0.08000000
2018-02-25 13:40:53,0.02168500,0.01000000
2018-02-25 13:40:53,0.02168000,0.09000000
2018-02-25 13:40:53,0.02167800,2.02000000
2018-02-25 13:40:53,0.02167700,0.05000000
2018-02-25 13:40:53,0.02167600,0.33000000
2018-02-25 13:40:53,0.02167600,0.09000000
2018-02-25 13:40:53,0.02167500,0.45000000
2018-02-25 13:40:53,0.02167400,0.80000000
2018-02-25 13:40:53,0.02167000,1.45000000
2018-02-25 13:40:53,0.02166000,1.15000000
2018-02-25 13:40:53,0.02165800,0.37000000
2018-02-25 13:40:53,0.02165000,4.95000000
2018-02-25 13:40:53,0.02164700,0.15000000
2018-02-25 13:40:53,0.02164300,1.94000000
2018-02-25 13:40:53,0.02164900,0.09000000
2018-02-25 13:40:54,0.02164900,0.09000000
2018-02-25 13:40:54,0.02164900,0.05000000
2018-02-25 13:40:54,0.02164900,0.09000000
2018-02-25 13:40:54,0.02164900,0.09000000
2018-02-25 13:40:54,0.02164900,0.09000000
2018-02-25 13:40:54,0.02164900,0.09000000
2018-02-25 13:40:54,0.02164900,0.19000000
2018-02-25 13:40:54,0.02164900,0.05000000
2018-02-25 13:40:54,0.02164900,0.01000000
2018-02-25 13:40:54,0.02165800,0.11000000
2018-02-25 13:40:54,0.02165800,0.07000000
2018-02-25 13:40:54,0.02165000,0.19000000
2018-02-25 13:40:54,0.02164700,0.19000000
2018-02-25 13:40:54,0.02164300,0.31000000
2018-02-25 13:40:55,0.02164500,0.83000000
2018-02-25 13:40:57,0.02165800,0.19000000
2018-02-25 13:40:57,0.02165000,0.19000000
2018-02-25 13:40:57,0.02165000,0.19000000
2018-02-25 13:40:57,0.02164800,0.19000000
2018-02-25 13:40:57,0.02164800,0.19000000
2018-02-25 13:40:57,0.02164800,0.45000000
2018-02-25 13:40:57,0.02165000,0.36000000
2018-02-25 13:40:57,0.02167200,2.25000000
2018-02-25 13:40:57,0.02167500,4.39000000
2018-02-25 13:40:57,0.02167600,4.08000000
2018-02-25 13:40:57,0.02167600,0.09000000
2018-02-25 13:40:59,0.02167500,0.09000000
2018-02-25 13:40:59,0.02167500,0.02000000
2018-02-25 13:41:00,0.02167500,0.07000000
2018-02-25 13:41:00,0.02167200,0.09000000
2018-02-25 13:41:00,0.02165000,0.19000000
2018-02-25 13:41:00,0.02164700,0.19000000
2018-02-25 13:41:00,0.02164500,0.12000000
2018-02-25 13:41:02,0.02167500,0.11000000
2018-02-25 13:41:02,0.02168800,0.73000000
2018-02-25 13:41:02,0.02168800,0.09000000
2018-02-25 13:41:06,0.02167500,0.09000000
2018-02-25 13:41:06,0.02167500,0.02000000
2018-02-25 13:41:08,0.02167500,0.07000000
2018-02-25 13:41:11,0.02167200,0.09000000
2018-02-25 13:41:11,0.02167200,0.02000000
2018-02-25 13:41:11,0.02167500,0.04000000
2018-02-25 13:41:13,0.02167500,0.71000000
2018-02-25 13:41:13,0.02167200,0.07000000
2018-02-25 13:41:13,0.02165000,0.19000000
2018-02-25 13:41:13,0.02164700,0.19000000
2018-02-25 13:41:13,0.02164500,1.22000000
2018-02-25 13:41:16,0.02167200,0.09000000
2018-02-25 13:41:16,0.02167200,0.02000000
2018-02-25 13:41:18,0.02167400,0.27000000
2018-02-25 13:41:18,0.02167400,0.09000000
2018-02-25 13:41:21,0.02167200,0.05000000
2018-02-25 13:41:23,0.02167200,0.11000000
2018-02-25 13:41:25,0.02165000,0.15000000
2018-02-25 13:41:30,0.02165200,3.43000000
2018-02-25 13:41:30,0.02165000,4.26000000
2018-02-25 13:41:33,0.02167000,0.93000000
2018-02-25 13:41:33,0.02167100,1.17000000
2018-02-25 13:41:33,0.02167100,0.09000000
2018-02-25 13:41:34,0.02167000,0.09000000
2018-02-25 13:41:34,0.02167000,0.03000000
2018-02-25 13:41:35,0.02167000,0.06000000
2018-02-25 13:41:35,0.02166000,0.17000000
2018-02-25 13:41:35,0.02166000,0.09000000
2018-02-25 13:41:35,0.02165200,0.09000000
2018-02-25 13:41:35,0.02165000,1.46000000
2018-02-25 13:41:35,0.02164700,0.09000000
2018-02-25 13:41:35,0.02164500,0.85000000
2018-02-25 13:41:35,0.02164300,0.26000000
2018-02-25 13:41:37,0.02165900,0.79000000
2018-02-25 13:41:37,0.02165900,0.09000000
2018-02-25 13:41:42,0.02165900,0.27000000
2018-02-25 13:41:43,0.02165200,0.09000000
2018-02-25 13:41:45,0.02166000,2.30000000
2018-02-25 13:41:45,0.02166000,0.09000000
2018-02-25 13:41:55,0.02165900,0.09000000
2018-02-25 13:41:55,0.02165900,0.09000000
2018-02-25 13:42:00,0.02165900,0.58000000
2018-02-25 13:42:00,0.02165200,0.28000000
2018-02-25 13:42:04,0.02165200,0.49000000
2018-02-25 13:42:06,0.02165200,3.99000000
2018-02-25 13:42:07,0.02165200,0.08000000
2018-02-25 13:42:10,0.02165200,0.09000000
2018-02-25 13:42:15,0.02165200,18.33000000
2018-02-25 13:42:16,0.02165200,0.28000000
2018-02-25 13:42:16,0.02165900,1.32000000
2018-02-25 13:42:17,0.02166000,1.41000000
2018-02-25 13:42:17,0.02166000,0.01000000
2018-02-25 13:42:19,0.02167400,1.85000000
2018-02-25 13:42:19,0.02167400,0.09000000
2018-02-25 13:42:19,0.02167400,1.08000000
2018-02-25 13:42:20,0.02167400,1.55000000
2018-02-25 13:42:20,0.02167500,11.35000000
2018-02-25 13:42:20,0.02167800,0.62000000
2018-02-25 13:42:20,0.02168900,0.10000000
2018-02-25 13:42:20,0.02168900,0.01000000
2018-02-25 13:42:23,0.02167800,0.09000000
2018-02-25 13:42:23,0.02167500,0.09000000
2018-02-25 13:42:23,0.02167400,0.43000000
2018-02-25 13:42:24,0.02169500,0.02000000
2018-02-25 13:42:27,0.02168000,7.92000000
2018-02-25 13:42:27,0.02168000,0.09000000
2018-02-25 13:42:27,0.02168000,4.04000000
2018-02-25 13:42:27,0.02168000,0.01000000
2018-02-25 13:42:27,0.02170000,0.22000000
2018-02-25 13:42:28,0.02170000,0.15000000
2018-02-25 13:42:28,0.02170000,0.19000000
2018-02-25 13:42:31,0.02170000,2.77000000
2018-02-25 13:42:32,0.02170100,0.14000000
2018-02-25 13:42:34,0.02169500,36.11000000
2018-02-25 13:42:35,0.02170100,0.01000000
2018-02-25 13:42:35,0.02170600,0.45000000
2018-02-25 13:42:36,0.02170600,0.48000000
2018-02-25 13:42:37,0.02170600,0.01000000
2018-02-25 13:42:37,0.02170800,0.45000000
2018-02-25 13:42:37,0.02171000,0.27000000
2018-02-25 13:42:37,0.02171000,0.22000000
2018-02-25 13:42:38,0.02170000,0.97000000
2018-02-25 13:42:38,0.02168100,0.92000000
2018-02-25 13:42:38,0.02168000,0.72000000
2018-02-25 13:42:41,0.02170000,0.01000000
2018-02-25 13:42:41,0.02170900,0.45000000
2018-02-25 13:42:41,0.02170900,0.27000000
2018-02-25 13:42:41,0.02171100,0.23000000
2018-02-25 13:42:41,0.02172300,2.16000000
2018-02-25 13:42:41,0.02172400,0.45000000
2018-02-25 13:42:41,0.02172900,4.42000000
2018-02-25 13:42:41,0.02173000,3.93000000
2018-02-25 13:42:44,0.02170000,0.58000000
2018-02-25 13:42:44,0.02170000,4.33000000
2018-02-25 13:42:45,0.02170000,4.42000000
2018-02-25 13:42:45,0.02170000,20.01000000
2018-02-25 13:42:49,0.02170600,0.08000000
2018-02-25 13:42:50,0.02170600,0.01000000
2018-02-25 13:42:50,0.02170000,4.59000000
2018-02-25 13:42:55,0.02173600,0.45000000
2018-02-25 13:42:56,0.02173600,0.10000000
2018-02-25 13:42:56,0.02173600,0.15000000
2018-02-25 13:42:57,0.02170300,0.54000000
2018-02-25 13:42:57,0.02173600,0.01000000
2018-02-25 13:42:59,0.02171000,0.79000000
2018-02-25 13:43:01,0.02171600,0.71000000
2018-02-25 13:43:01,0.02171400,0.98000000
2018-02-25 13:43:08,0.02170300,0.97000000
2018-02-25 13:43:08,0.02170000,1.00000000
2018-02-25 13:43:08,0.02169100,0.23000000
2018-02-25 13:43:08,0.02169000,11.10000000
2018-02-25 13:43:08,0.02168100,0.09000000
2018-02-25 13:43:08,0.02168000,0.09000000
2018-02-25 13:43:08,0.02167500,0.09000000
2018-02-25 13:43:08,0.02167400,1.21000000
2018-02-25 13:43:08,0.02166000,0.08000000
2018-02-25 13:43:08,0.02165900,0.09000000
2018-02-25 13:43:08,0.02165200,0.68000000
2018-02-25 13:43:08,0.02165100,20.16000000
2018-02-25 13:43:08,0.02165000,59.44000000
2018-02-25 13:43:10,0.02168100,0.21000000
2018-02-25 13:43:10,0.02168100,0.09000000
2018-02-25 13:43:10,0.02168000,0.09000000
2018-02-25 13:43:10,0.02167900,6.81000000
2018-02-25 13:43:10,0.02168100,2.20000000
2018-02-25 13:43:10,0.02168100,0.09000000
2018-02-25 13:43:10,0.02168100,0.92000000
2018-02-25 13:43:10,0.02168100,7.60000000
2018-02-25 13:43:11,0.02168000,0.09000000
2018-02-25 13:43:11,0.02168000,0.09000000
2018-02-25 13:43:11,0.02168000,4.48000000
2018-02-25 13:43:12,0.02167900,0.09000000
2018-02-25 13:43:12,0.02167900,0.09000000
2018-02-25 13:43:12,0.02167500,0.09000000
2018-02-25 13:43:12,0.02167400,0.09000000
2018-02-25 13:43:12,0.02166000,0.09000000
2018-02-25 13:43:12,0.02165900,0.09000000
2018-02-25 13:43:12,0.02165200,0.10000000
2018-02-25 13:43:12,0.02167900,0.05000000
2018-02-25 13:43:20,0.02168300,0.01000000
2018-02-25 13:43:22,0.02168400,10.14000000
2018-02-25 13:43:26,0.02170600,0.12000000
2018-02-25 13:43:31,0.02168400,0.09000000
2018-02-25 13:43:31,0.02168300,0.09000000
2018-02-25 13:43:31,0.02168200,0.11000000
2018-02-25 13:43:34,0.02170600,1.50000000
2018-02-25 13:43:36,0.02170000,0.14000000
2018-02-25 13:43:36,0.02170000,0.72000000
2018-02-25 13:43:39,0.02170000,0.43000000
2018-02-25 13:43:39,0.02170600,0.03000000
2018-02-25 13:43:43,0.02170500,0.23000000
2018-02-25 13:43:46,0.02170500,0.62000000
2018-02-25 13:44:02,0.02170000,0.92000000
2018-02-25 13:44:02,0.02168300,0.09000000
2018-02-25 13:44:02,0.02168200,0.94000000
2018-02-25 13:44:02,0.02168200,0.59000000
2018-02-25 13:44:02,0.02168200,0.09000000
2018-02-25 13:44:02,0.02168200,0.57000000
2018-02-25 13:44:02,0.02168200,0.49000000
2018-02-25 13:44:04,0.02168200,0.19000000
2018-02-25 13:44:04,0.02168000,0.81000000
2018-02-25 13:44:14,0.02168300,1.44000000
2018-02-25 13:44:26,0.02169900,2.30000000
2018-02-25 13:44:29,0.02168300,2.68000000
2018-02-25 13:44:29,0.02169900,1.74000000
2018-02-25 13:44:29,0.02169900,0.46000000
2018-02-25 13:44:30,0.02169900,0.09000000
2018-02-25 13:44:31,0.02168300,0.09000000
2018-02-25 13:44:31,0.02168000,6.52000000
2018-02-25 13:44:32,0.02169700,0.46000000
2018-02-25 13:44:37,0.02168000,4.68000000
2018-02-25 13:44:39,0.02169700,0.13000000
2018-02-25 13:44:41,0.02169700,0.46000000
2018-02-25 13:44:43,0.02169700,0.39000000
2018-02-25 13:44:43,0.02169700,0.33000000
2018-02-25 13:44:46,0.02168000,0.10000000
2018-02-25 13:44:47,0.02168300,0.09000000
2018-02-25 13:44:47,0.02168300,0.09000000
2018-02-25 13:44:50,0.02168300,1.28000000
2018-02-25 13:44:50,0.02169500,1.96000000
2018-02-25 13:44:51,0.02169700,5.04000000
2018-02-25 13:44:51,0.02169700,5.49000000
2018-02-25 13:44:52,0.02169700,6.20000000
2018-02-25 13:44:54,0.02169700,0.34000000
2018-02-25 13:44:58,0.02169900,0.09000000
2018-02-25 13:45:16,0.02169000,2.31000000
2018-02-25 13:45:19,0.02169000,7.69000000
2018-02-25 13:45:26,0.02169700,1.00000000
2018-02-25 13:45:26,0.02169900,4.67000000
2018-02-25 13:45:26,0.02169000,0.16000000
2018-02-25 13:45:26,0.02169000,0.17000000
2018-02-25 13:45:27,0.02169000,0.46000000
2018-02-25 13:45:39,0.02169100,0.24000000
2018-02-25 13:45:39,0.02169000,0.19000000
2018-02-25 13:45:41,0.02168900,0.09000000
2018-02-25 13:45:45,0.02168900,0.43000000
2018-02-25 13:45:47,0.02168900,0.46000000
2018-02-25 13:45:51,0.02169800,5.83000000
2018-02-25 13:45:53,0.02168800,2.37000000
2018-02-25 13:45:53,0.02168900,0.53000000
2018-02-25 13:45:54,0.02168000,0.19000000
2018-02-25 13:45:58,0.02168800,1.44000000
2018-02-25 13:45:58,0.02168900,0.87000000
2018-02-25 13:46:00,0.02169900,2.31000000
2018-02-25 13:46:00,0.02168000,1.39000000
2018-02-25 13:46:02,0.02168000,4.15000000
2018-02-25 13:46:03,0.02168000,0.02000000
2018-02-25 13:46:07,0.02168900,0.39000000
2018-02-25 13:46:18,0.02169000,0.08000000
2018-02-25 13:46:25,0.02169800,1.58000000
2018-02-25 13:46:27,0.02169000,0.15000000
2018-02-25 13:46:49,0.02169000,1.38000000
2018-02-25 13:46:49,0.02169000,1.44000000
2018-02-25 13:46:54,0.02168800,0.09000000
2018-02-25 13:46:57,0.02168800,0.16000000
2018-02-25 13:47:02,0.02168800,2.04000000
2018-02-25 13:47:02,0.02168900,11.21000000
2018-02-25 13:47:03,0.02168800,0.10000000
2018-02-25 13:47:04,0.02168800,0.03000000
2018-02-25 13:47:04,0.02168000,1.60000000
2018-02-25 13:47:09,0.02168600,0.30000000
2018-02-25 13:47:10,0.02168700,0.24000000
2018-02-25 13:47:10,0.02168600,0.01000000
2018-02-25 13:47:10,0.02168000,0.75000000
2018-02-25 13:47:11,0.02168000,1.23000000
2018-02-25 13:47:13,0.02168900,1.40000000
2018-02-25 13:47:17,0.02168800,1.16000000
2018-02-25 13:47:19,0.02168800,0.01000000
2018-02-25 13:47:19,0.02169000,1.39000000
2018-02-25 13:47:19,0.02169900,2.15000000
2018-02-25 13:47:19,0.02170500,1.00000000
2018-02-25 13:47:19,0.02170700,1.18000000
2018-02-25 13:47:19,0.02173000,1.72000000
2018-02-25 13:47:19,0.02173400,0.20000000
2018-02-25 13:47:19,0.02173800,3.86000000
2018-02-25 13:47:19,0.02176700,0.08000000
2018-02-25 13:47:19,0.02177200,1.20000000
2018-02-25 13:47:19,0.02177300,0.48000000
2018-02-25 13:47:19,0.02177500,1.17000000
2018-02-25 13:47:19,0.02178000,0.25000000
2018-02-25 13:47:19,0.02178300,4.42000000
2018-02-25 13:47:19,0.02178400,3.51000000
2018-02-25 13:47:19,0.02178500,14.00000000
2018-02-25 13:47:19,0.02179600,1.80000000
2018-02-25 13:47:19,0.02179700,1.59000000
2018-02-25 13:47:19,0.02179800,0.09000000
2018-02-25 13:47:19,0.02179900,2.39000000
2018-02-25 13:47:19,0.02180000,11.90000000
2018-02-25 13:47:19,0.02180300,0.69000000
2018-02-25 13:47:19,0.02181000,0.05000000
2018-02-25 13:47:19,0.02183400,0.90000000
2018-02-25 13:47:19,0.02183800,6.37000000
2018-02-25 13:47:19,0.02184600,17.60000000
2018-02-25 13:47:20,0.02172800,0.10000000
2018-02-25 13:47:20,0.02173000,0.10000000
2018-02-25 13:47:21,0.02172900,1.00000000
2018-02-25 13:47:21,0.02173100,0.46000000
2018-02-25 13:47:21,0.02173100,0.31000000
2018-02-25 13:47:21,0.02171800,0.14000000
2018-02-25 13:47:21,0.02173100,0.12000000
2018-02-25 13:47:23,0.02172900,4.42000000
2018-02-25 13:47:27,0.02171100,2.12000000
2018-02-25 13:47:27,0.02171100,4.79000000
2018-02-25 13:47:30,0.02171000,1.00000000
2018-02-25 13:47:30,0.02172900,1.53000000
2018-02-25 13:47:30,0.02171000,2.67000000
2018-02-25 13:47:41,0.02170000,1.00000000
2018-02-25 13:47:42,0.02170000,0.20000000
2018-02-25 13:47:43,0.02170000,0.11000000
2018-02-25 13:47:48,0.02170000,0.84000000
2018-02-25 13:47:49,0.02170000,7.84000000
2018-02-25 13:47:50,0.02170000,0.08000000
2018-02-25 13:47:50,0.02170000,0.10000000
2018-02-25 13:47:51,0.02170000,1.58000000
2018-02-25 13:47:54,0.02170300,0.31000000
2018-02-25 13:47:55,0.02170300,0.46000000
2018-02-25 13:47:56,0.02170100,2.84000000
2018-02-25 13:47:56,0.02170000,2.33000000
2018-02-25 13:47:56,0.02170000,3.30000000
2018-02-25 13:47:57,0.02170300,0.11000000
2018-02-25 13:47:57,0.02170000,0.10000000
2018-02-25 13:47:57,0.02170000,0.20000000
2018-02-25 13:47:58,0.02170000,0.20000000
2018-02-25 13:47:59,0.02170000,3.12000000
2018-02-25 13:47:59,0.02169600,0.28000000
2018-02-25 13:48:06,0.02168700,2.10000000
2018-02-25 13:48:08,0.02169800,0.80000000
2018-02-25 13:48:10,0.02168700,0.08000000
2018-02-25 13:48:10,0.02168500,0.11000000
2018-02-25 13:48:13,0.02168500,0.14000000
2018-02-25 13:48:13,0.02168300,0.46000000
2018-02-25 13:48:13,0.02168100,1.26000000
2018-02-25 13:48:15,0.02168500,0.88000000
2018-02-25 13:48:16,0.02168300,1.89000000
2018-02-25 13:48:16,0.02168200,0.09000000
2018-02-25 13:48:16,0.02168200,0.09000000
2018-02-25 13:48:18,0.02168200,0.68000000
2018-02-25 13:48:18,0.02168200,0.06000000
2018-02-25 13:48:20,0.02168100,0.09000000
2018-02-25 13:48:20,0.02168000,1.29000000
2018-02-25 13:48:20,0.02168100,0.09000000
2018-02-25 13:48:20,0.02168100,0.06000000
2018-02-25 13:48:21,0.02168400,0.75000000
2018-02-25 13:48:21,0.02168700,8.89000000
2018-02-25 13:48:22,0.02168700,0.98000000
2018-02-25 13:48:24,0.02168700,0.52000000
2018-02-25 13:48:24,0.02168700,14.23000000
2018-02-25 13:48:25,0.02168700,6.92000000
2018-02-25 13:48:25,0.02168700,3.00000000
2018-02-25 13:48:27,0.02168700,10.62000000
2018-02-25 13:48:28,0.02168700,1.00000000
2018-02-25 13:48:28,0.02168700,3.15000000
2018-02-25 13:48:29,0.02168700,0.46000000
2018-02-25 13:48:32,0.02168700,0.15000000
2018-02-25 13:48:32,0.02169400,3.40000000
2018-02-25 13:48:32,0.02169800,0.05000000
2018-02-25 13:48:35,0.02169800,0.05000000
2018-02-25 13:48:35,0.02173400,0.95000000
2018-02-25 13:48:35,0.02168600,2.96000000
2018-02-25 13:48:35,0.02168400,0.64000000
2018-02-25 13:48:35,0.02168400,0.45000000
2018-02-25 13:48:35,0.02168200,0.55000000
2018-02-25 13:48:37,0.02173100,0.23000000
2018-02-25 13:48:37,0.02169000,0.40000000
2018-02-25 13:48:38,0.02169000,2.08000000
2018-02-25 13:48:38,0.02173000,0.46000000
2018-02-25 13:48:39,0.02169300,0.30000000
2018-02-25 13:48:40,0.02170300,0.92000000
2018-02-25 13:48:41,0.02168800,0.23000000
2018-02-25 13:48:41,0.02168700,0.10000000
2018-02-25 13:48:41,0.02168700,0.40000000
2018-02-25 13:48:44,0.02172000,0.46000000
2018-02-25 13:48:45,0.02168700,0.33000000
2018-02-25 13:48:45,0.02168700,0.32000000
2018-02-25 13:48:45,0.02168500,0.08000000
2018-02-25 13:48:47,0.02171400,0.46000000
2018-02-25 13:48:51,0.02171400,0.24000000
2018-02-25 13:48:55,0.02168300,0.60000000
2018-02-25 13:48:56,0.02168500,0.43000000
2018-02-25 13:48:56,0.02168500,0.30000000
2018-02-25 13:48:59,0.02168500,0.33000000
2018-02-25 13:48:59,0.02168500,0.70000000
2018-02-25 13:49:00,0.02169900,0.17000000
2018-02-25 13:49:01,0.02169900,0.09000000
2018-02-25 13:49:03,0.02169900,0.06000000
2018-02-25 13:49:04,0.02168500,0.43000000
2018-02-25 13:49:04,0.02168500,0.33000000
2018-02-25 13:49:07,0.02168500,0.40000000
2018-02-25 13:49:14,0.02169600,1.30000000
2018-02-25 13:49:15,0.02169900,0.23000000
2018-02-25 13:49:22,0.02171800,2.86000000
2018-02-25 13:49:22,0.02171900,2.15000000
2018-02-25 13:49:23,0.02169000,0.25000000
2018-02-25 13:49:23,0.02168600,0.20000000
2018-02-25 13:49:26,0.02171500,0.46000000
2018-02-25 13:49:26,0.02170000,0.58000000
2018-02-25 13:49:28,0.02170000,0.01000000
2018-02-25 13:49:29,0.02170000,0.07000000
2018-02-25 13:49:29,0.02171500,0.52000000
2018-02-25 13:49:29,0.02171800,0.23000000
2018-02-25 13:49:29,0.02172300,0.18000000
2018-02-25 13:49:29,0.02169200,6.91000000
2018-02-25 13:49:31,0.02169100,2.79000000
2018-02-25 13:49:32,0.02169200,0.10000000
2018-02-25 13:49:33,0.02171500,6.91000000
2018-02-25 13:49:33,0.02171700,0.88000000
2018-02-25 13:49:34,0.02168900,0.96000000
2018-02-25 13:49:37,0.02170500,0.46000000
2018-02-25 13:49:46,0.02168600,0.50000000
2018-02-25 13:49:47,0.02168600,2.56000000
2018-02-25 13:49:50,0.02168700,0.47000000
2018-02-25 13:49:52,0.02168700,0.05000000
2018-02-25 13:49:54,0.02168700,0.09000000
2018-02-25 13:49:57,0.02168700,0.30000000
2018-02-25 13:49:59,0.02168900,2.75000000
2018-02-25 13:50:13,0.02169700,0.69000000
2018-02-25 13:50:16,0.02169100,6.04000000
2018-02-25 13:50:17,0.02169100,0.01000000
2018-02-25 13:50:17,0.02169000,4.21000000
2018-02-25 13:50:17,0.02169000,1.23000000
2018-02-25 13:50:18,0.02169000,0.01000000
2018-02-25 13:50:19,0.02168700,0.47000000
2018-02-25 13:50:21,0.02168700,0.72000000
2018-02-25 13:50:23,0.02168800,0.35000000
2018-02-25 13:50:26,0.02168800,0.19000000
2018-02-25 13:50:31,0.02168800,0.24000000
2018-02-25 13:50:32,0.02168800,0.92000000
2018-02-25 13:50:36,0.02168800,0.10000000
2018-02-25 13:50:37,0.02168700,1.61000000
2018-02-25 13:50:38,0.02168800,0.26000000
2018-02-25 13:50:38,0.02169700,0.20000000
2018-02-25 13:50:38,0.02169900,0.23000000
2018-02-25 13:50:41,0.02168800,0.16000000
2018-02-25 13:50:42,0.02168800,2.60000000
2018-02-25 13:50:42,0.02169700,0.88000000
2018-02-25 13:50:42,0.02169900,0.25000000
2018-02-25 13:50:42,0.02170000,4.94000000
2018-02-25 13:50:45,0.02168800,1.28000000
2018-02-25 13:50:45,0.02168800,3.11000000
2018-02-25 13:50:45,0.02168700,7.26000000
2018-02-25 13:50:46,0.02168700,0.24000000
2018-02-25 13:50:51,0.02168700,0.08000000
2018-02-25 13:50:52,0.02168700,0.10000000
2018-02-25 13:50:53,0.02168700,0.24000000
2018-02-25 13:50:53,0.02168600,0.69000000
2018-02-25 13:50:55,0.02168700,1.55000000
2018-02-25 13:50:55,0.02168600,0.17000000
2018-02-25 13:50:57,0.02168700,0.24000000
2018-02-25 13:51:02,0.02168700,0.50000000
2018-02-25 13:51:02,0.02168700,0.24000000
2018-02-25 13:51:03,0.02168700,0.08000000
2018-02-25 13:51:05,0.02168600,4.41000000
2018-02-25 13:51:06,0.02168700,0.06000000
2018-02-25 13:51:07,0.02168600,1.91000000
2018-02-25 13:51:08,0.02168700,5.00000000
2018-02-25 13:51:10,0.02168700,10.00000000
2018-02-25 13:51:11,0.02168700,0.92000000
2018-02-25 13:51:12,0.02168700,1.08000000
2018-02-25 13:51:12,0.02168700,10.00000000
2018-02-25 13:51:12,0.02168700,7.93000000
2018-02-25 13:51:13,0.02168700,0.50000000
2018-02-25 13:51:13,0.02168700,31.46000000
2018-02-25 13:51:13,0.02168700,2.31000000
2018-02-25 13:51:13,0.02168700,2.66000000
2018-02-25 13:51:13,0.02168700,20.96000000
2018-02-25 13:51:15,0.02168600,0.13000000
2018-02-25 13:51:15,0.02168600,0.11000000
2018-02-25 13:51:15,0.02168700,6.51000000
2018-02-25 13:51:16,0.02168700,2.73000000
2018-02-25 13:51:16,0.02168700,0.04000000
2018-02-25 13:51:17,0.02168700,4.96000000
2018-02-25 13:51:18,0.02168700,13.53000000
2018-02-25 13:51:20,0.02168700,44.00000000
