DATE,PRICE,VOLUME
2018-02-23 12:00:00,0.02058200,0.18000000
2018-02-23 12:00:01,0.02058000,0.21000000
2018-02-23 12:00:01,0.02058000,0.18000000
2018-02-23 12:00:03,0.02058000,0.44000000
2018-02-23 12:00:03,0.02057500,1.78000000
2018-02-23 12:00:04,0.02057300,0.10000000
2018-02-23 12:00:09,0.02057100,6.17000000
2018-02-23 12:00:10,0.02057000,0.05000000
2018-02-23 12:00:10,0.02056300,1.22000000
2018-02-23 12:00:12,0.02056400,8.78000000
2018-02-23 12:00:12,0.02056300,0.58000000
2018-02-23 12:00:12,0.02056200,5.00000000
2018-02-23 12:00:12,0.02055900,1.45000000
2018-02-23 12:00:12,0.02055300,7.36000000
2018-02-23 12:00:12,0.02055200,0.10000000
2018-02-23 12:00:12,0.02055100,0.18000000
2018-02-23 12:00:12,0.02055000,4.71000000
2018-02-23 12:00:18,0.02055000,1.12000000
2018-02-23 12:00:21,0.02055000,1.00000000
2018-02-23 12:00:21,0.02055000,0.57000000
2018-02-23 12:00:21,0.02056800,0.58000000
2018-02-23 12:00:21,0.02056900,3.27000000
2018-02-23 12:00:21,0.02057300,0.10000000
2018-02-23 12:00:21,0.02058300,1.45000000
2018-02-23 12:00:21,0.02058600,5.76000000
2018-02-23 12:00:21,0.02058700,7.36000000
2018-02-23 12:00:21,0.02059100,4.00000000
2018-02-23 12:00:21,0.02059200,27.63000000
2018-02-23 12:00:23,0.02055600,1.27000000
2018-02-23 12:00:28,0.02056700,5.76000000
2018-02-23 12:00:32,0.02056600,0.35000000
2018-02-23 12:00:32,0.02056100,7.36000000
2018-02-23 12:00:32,0.02055600,1.77000000
2018-02-23 12:00:33,0.02055600,0.21000000
2018-02-23 12:00:35,0.02055200,0.10000000
2018-02-23 12:00:35,0.02055000,0.90000000
2018-02-23 12:00:35,0.02055000,1.38000000
2018-02-23 12:00:35,0.02055200,0.10000000
2018-02-23 12:00:37,0.02054800,13.91000000
2018-02-23 12:00:37,0.02055200,0.13000000
2018-02-23 12:00:38,0.02056500,0.30000000
2018-02-23 12:00:47,0.02056700,0.30000000
2018-02-23 12:00:47,0.02057300,0.10000000
2018-02-23 12:00:48,0.02056500,1.00000000
2018-02-23 12:00:49,0.02055600,0.18000000
2018-02-23 12:00:49,0.02055600,0.03000000
2018-02-23 12:00:51,0.02058700,0.25000000
2018-02-23 12:00:56,0.02058400,7.00000000
2018-02-23 12:00:57,0.02056100,1.20000000
2018-02-23 12:00:57,0.02056100,0.53000000
2018-02-23 12:00:58,0.02058300,0.56000000
2018-02-23 12:00:58,0.02058400,0.89000000
2018-02-23 12:00:58,0.02058400,1.23000000
2018-02-23 12:00:58,0.02058400,10.63000000
2018-02-23 12:00:58,0.02058500,1.45000000
2018-02-23 12:01:03,0.02058700,0.67000000
2018-02-23 12:01:03,0.02058700,5.30000000
2018-02-23 12:01:04,0.02058700,0.30000000
2018-02-23 12:01:10,0.02058700,1.09000000
2018-02-23 12:01:10,0.02058800,1.45000000
2018-02-23 12:01:10,0.02059000,1.45000000
2018-02-23 12:01:10,0.02059000,0.34000000
2018-02-23 12:01:10,0.02057100,0.12000000
2018-02-23 12:01:15,0.02057300,0.10000000
2018-02-23 12:01:18,0.02057300,3.88000000
2018-02-23 12:01:21,0.02058000,0.76000000
2018-02-23 12:01:21,0.02058000,0.46000000
2018-02-23 12:01:22,0.02058000,0.09000000
2018-02-23 12:01:23,0.02058000,0.67000000
2018-02-23 12:01:23,0.02057400,1.54000000
2018-02-23 12:01:24,0.02058000,0.34000000
2018-02-23 12:01:26,0.02058000,1.26000000
2018-02-23 12:01:28,0.02058000,12.60000000
2018-02-23 12:01:28,0.02057400,24.07000000
2018-02-23 12:01:28,0.02057300,3.26000000
2018-02-23 12:01:28,0.02057300,0.08000000
2018-02-23 12:01:28,0.02057300,0.84000000
2018-02-23 12:01:28,0.02057300,0.34000000
2018-02-23 12:01:28,0.02059400,0.08000000
2018-02-23 12:01:29,0.02059300,0.28000000
2018-02-23 12:01:30,0.02059300,0.48000000
2018-02-23 12:01:36,0.02059300,2.43000000
2018-02-23 12:01:38,0.02059300,1.66000000
2018-02-23 12:01:41,0.02058200,0.83000000
2018-02-23 12:01:44,0.02059300,0.86000000
2018-02-23 12:01:44,0.02059000,0.30000000
2018-02-23 12:01:44,0.02059300,0.10000000
2018-02-23 12:01:48,0.02059200,1.37000000
2018-02-23 12:01:49,0.02059000,0.20000000
2018-02-23 12:01:49,0.02058200,1.06000000
2018-02-23 12:01:49,0.02059200,1.45000000
2018-02-23 12:01:49,0.02059200,1.45000000
2018-02-23 12:01:49,0.02059200,1.00000000
2018-02-23 12:01:49,0.02059200,1.45000000
2018-02-23 12:01:49,0.02059200,1.22000000
2018-02-23 12:01:57,0.02058300,0.11000000
2018-02-23 12:01:58,0.02059100,1.66000000
2018-02-23 12:01:58,0.02059200,39.10000000
2018-02-23 12:01:58,0.02059300,0.37000000
2018-02-23 12:01:59,0.02058300,0.94000000
2018-02-23 12:02:00,0.02058300,0.33000000
2018-02-23 12:02:00,0.02058200,4.11000000
2018-02-23 12:02:00,0.02058000,1.00000000
2018-02-23 12:02:00,0.02057100,0.32000000
2018-02-23 12:02:08,0.02059200,0.24000000
2018-02-23 12:02:08,0.02059200,2.52000000
2018-02-23 12:02:18,0.02059200,0.30000000
2018-02-23 12:02:18,0.02059200,0.26000000
2018-02-23 12:02:18,0.02059200,0.05000000
2018-02-23 12:02:18,0.02059200,0.17000000
2018-02-23 12:02:21,0.02059200,0.56000000
2018-02-23 12:02:22,0.02059200,0.55000000
2018-02-23 12:02:25,0.02058100,2.38000000
2018-02-23 12:02:25,0.02058000,3.05000000
2018-02-23 12:02:30,0.02059200,7.12000000
2018-02-23 12:02:30,0.02059200,0.87000000
2018-02-23 12:02:30,0.02059300,0.23000000
2018-02-23 12:02:30,0.02059400,0.19000000
2018-02-23 12:02:30,0.02059900,0.29000000
2018-02-23 12:02:31,0.02059300,1.26000000
2018-02-23 12:02:32,0.02059300,0.38000000
2018-02-23 12:02:32,0.02058000,0.62000000
2018-02-23 12:02:42,0.02059200,0.18000000
2018-02-23 12:02:42,0.02058000,1.08000000
2018-02-23 12:02:46,0.02059300,0.80000000
2018-02-23 12:02:49,0.02059300,0.80000000
2018-02-23 12:02:49,0.02059300,1.00000000
2018-02-23 12:02:49,0.02059300,0.41000000
2018-02-23 12:02:52,0.02058900,2.00000000
2018-02-23 12:03:01,0.02059300,0.14000000
2018-02-23 12:03:01,0.02058900,7.48000000
2018-02-23 12:03:01,0.02058100,1.40000000
2018-02-23 12:03:01,0.02058000,0.60000000
2018-02-23 12:03:04,0.02059900,1.09000000
2018-02-23 12:03:04,0.02059300,1.26000000
2018-02-23 12:03:06,0.02059300,2.85000000
2018-02-23 12:03:11,0.02060000,2.39000000
2018-02-23 12:03:11,0.02060300,1.50000000
2018-02-23 12:03:11,0.02060400,0.07000000
2018-02-23 12:03:11,0.02060700,0.15000000
2018-02-23 12:03:11,0.02060800,0.23000000
2018-02-23 12:03:11,0.02060900,1.15000000
2018-02-23 12:03:17,0.02059500,1.01000000
2018-02-23 12:03:17,0.02059300,0.25000000
2018-02-23 12:03:18,0.02060900,5.28000000
2018-02-23 12:03:19,0.02060900,0.20000000
2018-02-23 12:03:21,0.02060900,1.38000000
2018-02-23 12:03:22,0.02060900,4.50000000
2018-02-23 12:03:22,0.02061000,0.15000000
2018-02-23 12:03:23,0.02060900,1.19000000
2018-02-23 12:03:26,0.02061000,27.64000000
2018-02-23 12:03:29,0.02061000,0.11000000
2018-02-23 12:03:29,0.02060900,0.16000000
2018-02-23 12:03:29,0.02060900,0.16000000
2018-02-23 12:03:30,0.02061000,0.73000000
2018-02-23 12:03:30,0.02061000,0.12000000
2018-02-23 12:03:30,0.02061100,0.05000000
2018-02-23 12:03:30,0.02061400,0.10000000
2018-02-23 12:03:30,0.02061500,0.08000000
2018-02-23 12:03:30,0.02061900,0.17000000
2018-02-23 12:03:30,0.02062000,0.60000000
2018-02-23 12:03:31,0.02062000,0.48000000
2018-02-23 12:03:33,0.02062000,0.10000000
2018-02-23 12:03:33,0.02061000,0.12000000
2018-02-23 12:03:38,0.02061100,3.45000000
2018-02-23 12:03:39,0.02062000,0.50000000
2018-02-23 12:03:39,0.02062000,0.48000000
2018-02-23 12:03:40,0.02062000,2.80000000
2018-02-23 12:03:40,0.02062400,1.45000000
2018-02-23 12:03:40,0.02061100,3.20000000
2018-02-23 12:03:40,0.02061100,1.42000000
2018-02-23 12:03:40,0.02061000,3.20000000
2018-02-23 12:03:41,0.02061000,1.45000000
2018-02-23 12:03:41,0.02061000,1.82000000
2018-02-23 12:03:41,0.02061000,0.17000000
2018-02-23 12:03:41,0.02061000,0.17000000
2018-02-23 12:03:41,0.02061000,7.13000000
2018-02-23 12:03:42,0.02061000,1.45000000
2018-02-23 12:03:42,0.02061000,0.80000000
2018-02-23 12:03:42,0.02062400,5.58000000
2018-02-23 12:03:42,0.02062900,4.00000000
2018-02-23 12:03:42,0.02063000,16.60000000
2018-02-23 12:03:42,0.02061000,1.45000000
2018-02-23 12:03:42,0.02061000,0.24000000
2018-02-23 12:03:42,0.02061000,1.45000000
2018-02-23 12:03:42,0.02061000,1.45000000
2018-02-23 12:03:42,0.02061000,1.45000000
2018-02-23 12:03:43,0.02061000,1.45000000
2018-02-23 12:03:43,0.02061000,1.15000000
2018-02-23 12:03:44,0.02061100,0.16000000
2018-02-23 12:03:44,0.02061100,1.15000000
2018-02-23 12:03:44,0.02061100,1.45000000
2018-02-23 12:03:44,0.02061100,0.72000000
2018-02-23 12:03:44,0.02061100,0.92000000
2018-02-23 12:03:44,0.02061100,0.16000000
2018-02-23 12:03:45,0.02061100,0.40000000
2018-02-23 12:03:46,0.02061100,0.30000000
2018-02-23 12:03:46,0.02061100,0.30000000
2018-02-23 12:03:46,0.02061100,0.14000000
2018-02-23 12:03:48,0.02061000,1.45000000
2018-02-23 12:03:48,0.02061000,0.10000000
2018-02-23 12:03:48,0.02061000,0.12000000
2018-02-23 12:03:48,0.02061000,1.45000000
2018-02-23 12:03:48,0.02061100,0.16000000
2018-02-23 12:03:50,0.02061100,1.22000000
2018-02-23 12:03:50,0.02061000,0.90000000
2018-02-23 12:03:50,0.02061000,1.45000000
2018-02-23 12:03:50,0.02061000,1.45000000
2018-02-23 12:03:51,0.02061000,0.99000000
2018-02-23 12:03:51,0.02060900,1.45000000
2018-02-23 12:03:51,0.02062100,1.32000000
2018-02-23 12:03:51,0.02060900,0.90000000
2018-02-23 12:03:52,0.02060900,1.45000000
2018-02-23 12:03:52,0.02060900,2.03000000
2018-02-23 12:03:52,0.02060900,1.84000000
2018-02-23 12:03:53,0.02060800,1.45000000
2018-02-23 12:03:53,0.02060800,7.13000000
2018-02-23 12:03:53,0.02060800,1.45000000
2018-02-23 12:03:53,0.02060800,1.45000000
2018-02-23 12:03:53,0.02060800,7.13000000
2018-02-23 12:03:53,0.02060800,1.45000000
2018-02-23 12:03:53,0.02060800,1.45000000
2018-02-23 12:03:58,0.02060700,0.11000000
2018-02-23 12:04:00,0.02060700,0.05000000
2018-02-23 12:04:06,0.02060700,0.48000000
2018-02-23 12:04:07,0.02060700,2.80000000
2018-02-23 12:04:13,0.02060100,0.15000000
2018-02-23 12:04:15,0.02060200,0.25000000
2018-02-23 12:04:15,0.02060000,0.30000000
2018-02-23 12:04:15,0.02059500,0.06000000
2018-02-23 12:04:20,0.02059500,0.08000000
2018-02-23 12:04:22,0.02059400,0.55000000
2018-02-23 12:04:23,0.02060500,0.32000000
2018-02-23 12:04:23,0.02060600,0.56000000
2018-02-23 12:04:23,0.02060700,0.74000000
2018-02-23 12:04:24,0.02060500,1.80000000
2018-02-23 12:04:24,0.02060700,3.10000000
2018-02-23 12:04:25,0.02059500,0.11000000
2018-02-23 12:04:25,0.02059300,0.26000000
2018-02-23 12:04:25,0.02059100,0.26000000
2018-02-23 12:04:26,0.02060400,0.10000000
2018-02-23 12:04:26,0.02060700,0.08000000
2018-02-23 12:04:28,0.02060300,0.80000000
2018-02-23 12:04:28,0.02060300,1.45000000
2018-02-23 12:04:28,0.02060300,1.45000000
2018-02-23 12:04:28,0.02060300,1.45000000
2018-02-23 12:04:28,0.02060300,1.09000000
2018-02-23 12:04:28,0.02059200,0.25000000
2018-02-23 12:04:28,0.02059100,0.31000000
2018-02-23 12:04:30,0.02060300,0.48000000
2018-02-23 12:04:34,0.02059100,0.18000000
2018-02-23 12:04:35,0.02060500,0.10000000
2018-02-23 12:04:36,0.02058700,10.00000000
2018-02-23 12:04:36,0.02058600,2.45000000
2018-02-23 12:04:36,0.02058500,7.19000000
2018-02-23 12:04:38,0.02058600,0.52000000
2018-02-23 12:04:38,0.02058600,2.19000000
2018-02-23 12:04:39,0.02059100,1.00000000
2018-02-23 12:04:39,0.02058600,0.80000000
2018-02-23 12:04:42,0.02058600,0.07000000
2018-02-23 12:04:44,0.02058600,0.67000000
2018-02-23 12:04:45,0.02058600,0.24000000
2018-02-23 12:04:45,0.02059300,0.11000000
2018-02-23 12:04:45,0.02059400,2.78000000
2018-02-23 12:04:47,0.02058600,0.80000000
2018-02-23 12:04:47,0.02058600,1.45000000
2018-02-23 12:04:48,0.02058600,1.37000000
2018-02-23 12:04:48,0.02059400,2.00000000
2018-02-23 12:04:49,0.02058800,1.45000000
2018-02-23 12:04:57,0.02058800,0.36000000
2018-02-23 12:05:01,0.02058800,0.21000000
2018-02-23 12:05:02,0.02059000,1.73000000
2018-02-23 12:05:03,0.02059000,0.20000000
2018-02-23 12:05:04,0.02059000,0.66000000
2018-02-23 12:05:04,0.02059000,0.03000000
2018-02-23 12:05:04,0.02058800,1.08000000
2018-02-23 12:05:09,0.02059000,2.25000000
2018-02-23 12:05:10,0.02059000,0.75000000
2018-02-23 12:05:10,0.02059200,3.31000000
2018-02-23 12:05:12,0.02059000,1.45000000
2018-02-23 12:05:12,0.02059000,1.45000000
2018-02-23 12:05:12,0.02059000,1.45000000
2018-02-23 12:05:12,0.02059000,0.34000000
2018-02-23 12:05:12,0.02058900,0.34000000
2018-02-23 12:05:16,0.02058900,1.45000000
2018-02-23 12:05:17,0.02058900,0.84000000
2018-02-23 12:05:18,0.02058900,3.65000000
2018-02-23 12:05:21,0.02058900,0.72000000
2018-02-23 12:05:21,0.02058800,2.28000000
2018-02-23 12:05:21,0.02058800,0.80000000
2018-02-23 12:05:22,0.02058800,3.57000000
2018-02-23 12:05:22,0.02058600,1.42000000
2018-02-23 12:05:23,0.02058600,0.21000000
2018-02-23 12:05:25,0.02058600,0.20000000
2018-02-23 12:05:33,0.02059100,0.48000000
2018-02-23 12:05:35,0.02058600,1.60000000
2018-02-23 12:05:46,0.02058600,4.79000000
2018-02-23 12:05:46,0.02058500,0.98000000
2018-02-23 12:05:46,0.02058000,2.47000000
2018-02-23 12:05:46,0.02059100,1.45000000
2018-02-23 12:05:47,0.02059100,1.45000000
2018-02-23 12:05:48,0.02059100,1.45000000
2018-02-23 12:05:48,0.02059100,1.27000000
2018-02-23 12:05:48,0.02059100,1.27000000
2018-02-23 12:05:48,0.02059100,1.45000000
2018-02-23 12:05:49,0.02059100,1.45000000
2018-02-23 12:05:49,0.02059100,1.41000000
2018-02-23 12:05:49,0.02059200,1.45000000
2018-02-23 12:05:49,0.02059200,1.45000000
2018-02-23 12:05:49,0.02059200,1.41000000
2018-02-23 12:05:53,0.02059200,0.11000000
2018-02-23 12:05:55,0.02059300,0.11000000
2018-02-23 12:05:55,0.02059500,2.14000000
2018-02-23 12:05:55,0.02060000,0.25000000
2018-02-23 12:05:55,0.02060500,0.02000000
2018-02-23 12:05:56,0.02059200,0.28000000
2018-02-23 12:05:57,0.02059200,1.30000000
2018-02-23 12:05:57,0.02059100,1.41000000
2018-02-23 12:05:57,0.02058600,1.36000000
2018-02-23 12:05:57,0.02058000,13.62000000
2018-02-23 12:05:57,0.02058600,0.13000000
2018-02-23 12:05:57,0.02058600,0.13000000
2018-02-23 12:05:58,0.02058600,0.18000000
2018-02-23 12:05:58,0.02058000,0.01000000
2018-02-23 12:06:02,0.02060100,8.00000000
2018-02-23 12:06:14,0.02059200,0.13000000
2018-02-23 12:06:21,0.02059200,0.58000000
2018-02-23 12:06:23,0.02059700,0.27000000
2018-02-23 12:06:23,0.02059800,0.03000000
2018-02-23 12:06:25,0.02059200,1.85000000
2018-02-23 12:06:25,0.02059200,1.85000000
2018-02-23 12:06:26,0.02059200,0.64000000
2018-02-23 12:06:27,0.02059200,0.38000000
2018-02-23 12:06:27,0.02059200,0.38000000
2018-02-23 12:06:29,0.02059200,6.03000000
2018-02-23 12:06:36,0.02059500,1.63000000
2018-02-23 12:06:39,0.02059600,0.66000000
2018-02-23 12:06:39,0.02059200,2.04000000
2018-02-23 12:06:45,0.02060000,0.64000000
2018-02-23 12:06:52,0.02060000,3.12000000
2018-02-23 12:06:53,0.02060000,0.80000000
2018-02-23 12:06:56,0.02059400,11.11000000
2018-02-23 12:06:56,0.02059300,5.12000000
2018-02-23 12:06:57,0.02059200,5.31000000
2018-02-23 12:06:57,0.02059000,14.30000000
2018-02-23 12:06:57,0.02058600,0.91000000
2018-02-23 12:06:59,0.02059500,1.23000000
2018-02-23 12:06:59,0.02060000,27.65000000
2018-02-23 12:06:59,0.02060000,7.40000000
2018-02-23 12:06:59,0.02060000,11.28000000
2018-02-23 12:06:59,0.02060000,1.43000000
2018-02-23 12:06:59,0.02060000,0.80000000
2018-02-23 12:06:59,0.02060000,0.53000000
2018-02-23 12:07:00,0.02060000,5.00000000
2018-02-23 12:07:00,0.02060000,0.14000000
2018-02-23 12:07:00,0.02060000,0.61000000
2018-02-23 12:07:00,0.02060000,0.44000000
2018-02-23 12:07:00,0.02060000,0.44000000
2018-02-23 12:07:00,0.02060000,0.25000000
2018-02-23 12:07:01,0.02060000,0.34000000
2018-02-23 12:07:02,0.02060000,0.43000000
2018-02-23 12:07:02,0.02060000,0.80000000
2018-02-23 12:07:03,0.02060000,4.36000000
2018-02-23 12:07:03,0.02060000,1.82000000
2018-02-23 12:07:03,0.02059500,1.11000000
2018-02-23 12:07:03,0.02059200,2.83000000
2018-02-23 12:07:04,0.02059200,1.51000000
2018-02-23 12:07:05,0.02059200,0.80000000
2018-02-23 12:07:05,0.02059200,0.80000000
2018-02-23 12:07:05,0.02059200,0.05000000
2018-02-23 12:07:05,0.02059200,1.82000000
2018-02-23 12:07:06,0.02059200,1.01000000
2018-02-23 12:07:07,0.02060400,0.31000000
2018-02-23 12:07:07,0.02060500,19.96000000
2018-02-23 12:07:07,0.02060500,0.38000000
2018-02-23 12:07:07,0.02060500,0.01000000
2018-02-23 12:07:07,0.02060500,0.52000000
2018-02-23 12:07:07,0.02060500,1.45000000
2018-02-23 12:07:08,0.02060500,5.82000000
2018-02-23 12:07:09,0.02060600,2.92000000
2018-02-23 12:07:10,0.02060500,1.38000000
2018-02-23 12:07:12,0.02060000,0.25000000
2018-02-23 12:07:12,0.02060000,17.00000000
2018-02-23 12:07:12,0.02060600,0.24000000
2018-02-23 12:07:14,0.02060600,11.06000000
2018-02-23 12:07:14,0.02060700,1.05000000
2018-02-23 12:07:14,0.02060800,10.61000000
2018-02-23 12:07:14,0.02060800,0.80000000
2018-02-23 12:07:14,0.02060800,1.45000000
2018-02-23 12:07:19,0.02059200,0.25000000
2018-02-23 12:07:20,0.02059200,0.51000000
2018-02-23 12:07:22,0.02060800,3.00000000
2018-02-23 12:07:22,0.02060800,0.29000000
2018-02-23 12:07:24,0.02059200,7.69000000
2018-02-23 12:07:24,0.02058100,7.00000000
2018-02-23 12:07:24,0.02058000,10.02000000
2018-02-23 12:07:24,0.02057900,2.63000000
2018-02-23 12:07:24,0.02057800,5.91000000
2018-02-23 12:07:29,0.02060700,0.74000000
2018-02-23 12:07:36,0.02057800,0.91000000
2018-02-23 12:07:50,0.02059600,0.22000000
2018-02-23 12:07:51,0.02059600,1.00000000
2018-02-23 12:07:56,0.02059600,0.12000000
2018-02-23 12:07:58,0.02059500,2.11000000
2018-02-23 12:07:59,0.02059500,1.45000000
2018-02-23 12:07:59,0.02059500,1.20000000
2018-02-23 12:07:59,0.02059600,1.45000000
2018-02-23 12:07:59,0.02059600,0.25000000
2018-02-23 12:07:59,0.02059600,4.28000000
2018-02-23 12:07:59,0.02060000,1.45000000
2018-02-23 12:08:00,0.02060000,1.45000000
2018-02-23 12:08:00,0.02060000,1.45000000
2018-02-23 12:08:00,0.02060000,1.45000000
2018-02-23 12:08:00,0.02060000,1.45000000
2018-02-23 12:08:00,0.02060000,1.45000000
2018-02-23 12:08:00,0.02060000,0.20000000
2018-02-23 12:08:00,0.02060100,1.45000000
2018-02-23 12:08:00,0.02060100,1.45000000
2018-02-23 12:08:00,0.02060100,1.45000000
2018-02-23 12:08:01,0.02060100,0.23000000
2018-02-23 12:08:02,0.02059700,0.25000000
2018-02-23 12:08:02,0.02059600,1.69000000
2018-02-23 12:08:02,0.02060000,1.00000000
2018-02-23 12:08:03,0.02060000,4.43000000
2018-02-23 12:08:03,0.02060000,1.45000000
2018-02-23 12:08:08,0.02059800,0.25000000
2018-02-23 12:08:08,0.02059600,1.45000000
2018-02-23 12:08:08,0.02059800,0.25000000
2018-02-23 12:08:10,0.02059600,0.80000000
2018-02-23 12:08:15,0.02059700,0.25000000
2018-02-23 12:08:17,0.02060000,0.18000000
2018-02-23 12:08:19,0.02060000,0.07000000
2018-02-23 12:08:24,0.02060000,0.08000000
2018-02-23 12:08:24,0.02059600,1.70000000
2018-02-23 12:08:24,0.02058600,4.82000000
2018-02-23 12:08:33,0.02058500,0.17000000
2018-02-23 12:08:33,0.02058000,0.49000000
2018-02-23 12:08:33,0.02057900,1.45000000
2018-02-23 12:08:34,0.02057900,1.45000000
2018-02-23 12:08:34,0.02057800,1.45000000
2018-02-23 12:08:34,0.02057800,1.45000000
2018-02-23 12:08:34,0.02058000,1.45000000
2018-02-23 12:08:35,0.02058000,8.55000000
2018-02-23 12:08:35,0.02057800,1.86000000
2018-02-23 12:08:35,0.02057300,0.10000000
2018-02-23 12:08:35,0.02056600,0.25000000
2018-02-23 12:08:36,0.02059300,1.45000000
2018-02-23 12:08:36,0.02059200,4.62000000
2018-02-23 12:08:36,0.02059200,1.45000000
2018-02-23 12:08:36,0.02059200,6.83000000
2018-02-23 12:08:36,0.02059300,1.45000000
2018-02-23 12:08:36,0.02059200,0.45000000
2018-02-23 12:08:38,0.02057800,0.08000000
2018-02-23 12:08:41,0.02058900,1.51000000
2018-02-23 12:08:46,0.02057800,1.00000000
2018-02-23 12:08:54,0.02058600,1.45000000
2018-02-23 12:08:55,0.02058600,0.52000000
2018-02-23 12:08:55,0.02058600,0.80000000
2018-02-23 12:08:55,0.02058600,0.80000000
2018-02-23 12:08:55,0.02058700,0.21000000
2018-02-23 12:08:55,0.02058800,0.33000000
2018-02-23 12:08:57,0.02058600,0.36000000
2018-02-23 12:08:57,0.02057800,0.14000000
2018-02-23 12:08:57,0.02057800,4.09000000
2018-02-23 12:08:57,0.02056600,0.15000000
2018-02-23 12:08:57,0.02056600,0.72000000
2018-02-23 12:08:57,0.02056600,1.38000000
2018-02-23 12:08:57,0.02056400,0.07000000
2018-02-23 12:08:57,0.02055600,0.18000000
2018-02-23 12:08:57,0.02055300,2.46000000
2018-02-23 12:08:57,0.02055300,0.77000000
2018-02-23 12:08:57,0.02057700,0.14000000
2018-02-23 12:09:00,0.02057600,0.45000000
2018-02-23 12:09:00,0.02055700,0.48000000
2018-02-23 12:09:00,0.02055500,1.61000000
2018-02-23 12:09:06,0.02057200,2.78000000
2018-02-23 12:09:06,0.02057300,1.81000000
2018-02-23 12:09:08,0.02057200,1.10000000
2018-02-23 12:09:09,0.02055300,0.10000000
2018-02-23 12:09:09,0.02055200,0.10000000
2018-02-23 12:09:09,0.02055100,4.20000000
2018-02-23 12:09:10,0.02055500,0.24000000
2018-02-23 12:09:12,0.02055000,1.45000000
2018-02-23 12:09:12,0.02055000,4.40000000
2018-02-23 12:09:12,0.02054800,0.72000000
2018-02-23 12:09:12,0.02054800,7.20000000
2018-02-23 12:09:12,0.02054800,0.08000000
2018-02-23 12:09:12,0.02054700,1.37000000
2018-02-23 12:09:12,0.02054700,1.80000000
2018-02-23 12:09:12,0.02054900,1.60000000
2018-02-23 12:09:13,0.02054700,1.47000000
2018-02-23 12:09:13,0.02054700,4.22000000
2018-02-23 12:09:13,0.02054700,1.46000000
2018-02-23 12:09:14,0.02054700,0.25000000
2018-02-23 12:09:14,0.02054700,5.85000000
2018-02-23 12:09:15,0.02054800,3.62000000
2018-02-23 12:09:15,0.02054800,0.85000000
2018-02-23 12:09:16,0.02054700,0.06000000
2018-02-23 12:09:16,0.02054700,0.24000000
2018-02-23 12:09:17,0.02054900,0.35000000
2018-02-23 12:09:19,0.02054700,5.39000000
2018-02-23 12:09:19,0.02054900,1.28000000
2018-02-23 12:09:20,0.02055000,1.23000000
2018-02-23 12:09:20,0.02055000,0.22000000
2018-02-23 12:09:20,0.02056400,0.22000000
2018-02-23 12:09:20,0.02056400,1.17000000
2018-02-23 12:09:20,0.02054700,1.17000000
2018-02-23 12:09:21,0.02055000,0.22000000
2018-02-23 12:09:22,0.02054700,10.30000000
2018-02-23 12:09:22,0.02054700,1.46000000
2018-02-23 12:09:22,0.02054700,1.46000000
2018-02-23 12:09:22,0.02054700,1.46000000
2018-02-23 12:09:22,0.02054700,0.28000000
2018-02-23 12:09:22,0.02054700,13.11000000
2018-02-23 12:09:22,0.02054700,13.11000000
2018-02-23 12:09:23,0.02054700,1.46000000
2018-02-23 12:09:23,0.02054700,7.21000000
2018-02-23 12:09:23,0.02054700,1.46000000
2018-02-23 12:09:23,0.02054700,1.41000000
2018-02-23 12:09:23,0.02054100,0.11000000
2018-02-23 12:09:23,0.02053700,0.02000000
2018-02-23 12:09:23,0.02053700,0.14000000
2018-02-23 12:09:24,0.02053800,0.56000000
2018-02-23 12:09:25,0.02055900,0.48000000
2018-02-23 12:09:25,0.02055900,1.80000000
2018-02-23 12:09:25,0.02056200,7.36000000
2018-02-23 12:09:25,0.02056300,10.38000000
2018-02-23 12:09:39,0.02053700,0.33000000
2018-02-23 12:09:39,0.02053700,1.46000000
2018-02-23 12:09:42,0.02053700,1.46000000
2018-02-23 12:09:42,0.02053700,0.14000000
2018-02-23 12:09:42,0.02053700,1.60000000
2018-02-23 12:09:45,0.02053900,1.46000000
2018-02-23 12:09:45,0.02053900,3.40000000
2018-02-23 12:09:52,0.02053700,0.05000000
2018-02-23 12:09:53,0.02053900,0.40000000
2018-02-23 12:09:55,0.02053800,0.56000000
2018-02-23 12:09:55,0.02053700,0.37000000
2018-02-23 12:09:56,0.02053900,0.38000000
2018-02-23 12:09:57,0.02053700,11.41000000
2018-02-23 12:09:58,0.02053900,3.21000000
2018-02-23 12:09:58,0.02055200,0.30000000
2018-02-23 12:09:58,0.02055400,4.32000000
2018-02-23 12:09:58,0.02053700,0.62000000
2018-02-23 12:09:58,0.02053600,7.37000000
2018-02-23 12:09:58,0.02053500,0.47000000
2018-02-23 12:10:01,0.02053600,1.46000000
2018-02-23 12:10:01,0.02054600,0.97000000
2018-02-23 12:10:02,0.02054600,13.33000000
2018-02-23 12:10:02,0.02053600,5.90000000
2018-02-23 12:10:03,0.02053600,0.01000000
2018-02-23 12:10:03,0.02053500,0.03000000
2018-02-23 12:10:04,0.02054800,0.16000000
2018-02-23 12:10:04,0.02055600,6.88000000
2018-02-23 12:10:14,0.02055000,0.69000000
2018-02-23 12:10:19,0.02055500,0.80000000
2018-02-23 12:10:20,0.02055500,0.80000000
2018-02-23 12:10:20,0.02055500,1.45000000
2018-02-23 12:10:20,0.02055500,1.45000000
2018-02-23 12:10:20,0.02055200,0.80000000
2018-02-23 12:10:20,0.02055500,0.72000000
2018-02-23 12:10:20,0.02055900,1.30000000
2018-02-23 12:10:21,0.02055200,4.06000000
2018-02-23 12:10:21,0.02055000,1.10000000
2018-02-23 12:10:21,0.02054900,13.84000000
2018-02-23 12:10:39,0.02054900,0.93000000
2018-02-23 12:10:41,0.02055000,0.48000000
2018-02-23 12:10:42,0.02055000,0.48000000
2018-02-23 12:10:45,0.02055000,1.45000000
2018-02-23 12:10:45,0.02055000,0.59000000
2018-02-23 12:10:45,0.02055500,1.22000000
2018-02-23 12:10:46,0.02055500,1.45000000
2018-02-23 12:10:46,0.02055500,1.45000000
2018-02-23 12:10:46,0.02055500,1.45000000
2018-02-23 12:10:46,0.02054000,0.48000000
2018-02-23 12:10:46,0.02055500,1.45000000
2018-02-23 12:10:46,0.02055500,1.45000000
2018-02-23 12:10:46,0.02055500,1.45000000
2018-02-23 12:10:46,0.02055500,1.45000000
2018-02-23 12:10:46,0.02055500,0.93000000
2018-02-23 12:10:47,0.02054100,0.93000000
2018-02-23 12:10:47,0.02055500,0.62000000
2018-02-23 12:10:48,0.02055500,0.48000000
2018-02-23 12:10:50,0.02055400,0.75000000
2018-02-23 12:10:50,0.02055400,0.51000000
2018-02-23 12:10:50,0.02055400,1.10000000
2018-02-23 12:10:50,0.02055400,1.45000000
2018-02-23 12:10:50,0.02055400,1.10000000
2018-02-23 12:10:51,0.02054300,2.43000000
2018-02-23 12:10:54,0.02055300,0.52000000
2018-02-23 12:10:58,0.02055200,0.12000000
2018-02-23 12:10:58,0.02055200,0.80000000
2018-02-23 12:10:58,0.02055200,1.45000000
2018-02-23 12:10:59,0.02055100,1.32000000
2018-02-23 12:10:59,0.02055200,0.13000000
2018-02-23 12:10:59,0.02054600,0.97000000
2018-02-23 12:10:59,0.02055200,1.45000000
2018-02-23 12:10:59,0.02055200,1.35000000
2018-02-23 12:10:59,0.02055200,1.45000000
2018-02-23 12:10:59,0.02055200,0.61000000
2018-02-23 12:11:00,0.02055300,0.24000000
2018-02-23 12:11:01,0.02054700,0.25000000
2018-02-23 12:11:01,0.02054600,1.46000000
2018-02-23 12:11:01,0.02054600,1.45000000
2018-02-23 12:11:01,0.02054600,1.45000000
2018-02-23 12:11:01,0.02054600,1.45000000
2018-02-23 12:11:01,0.02054600,1.45000000
2018-02-23 12:11:01,0.02054600,1.45000000
2018-02-23 12:11:02,0.02054600,1.45000000
2018-02-23 12:11:02,0.02054600,1.45000000
2018-02-23 12:11:02,0.02054600,0.70000000
2018-02-23 12:11:04,0.02054600,0.70000000
2018-02-23 12:11:04,0.02054000,0.48000000
2018-02-23 12:11:04,0.02054600,0.46000000
2018-02-23 12:11:05,0.02054000,0.53000000
2018-02-23 12:11:05,0.02053900,0.87000000
2018-02-23 12:11:05,0.02053500,0.60000000
2018-02-23 12:11:06,0.02053500,9.86000000
2018-02-23 12:11:09,0.02054500,1.45000000
2018-02-23 12:11:09,0.02054500,1.45000000
2018-02-23 12:11:09,0.02054500,7.76000000
2018-02-23 12:11:11,0.02053600,0.25000000
2018-02-23 12:11:13,0.02054500,1.45000000
2018-02-23 12:11:13,0.02054500,1.45000000
2018-02-23 12:11:13,0.02054500,1.45000000
2018-02-23 12:11:14,0.02054500,1.45000000
2018-02-23 12:11:19,0.02054500,1.45000000
2018-02-23 12:11:19,0.02054500,1.24000000
2018-02-23 12:11:19,0.02054500,0.46000000
2018-02-23 12:11:19,0.02054800,0.14000000
2018-02-23 12:11:24,0.02053700,0.25000000
2018-02-23 12:11:24,0.02053600,0.84000000
2018-02-23 12:11:29,0.02053600,4.00000000
2018-02-23 12:11:29,0.02053500,0.74000000
2018-02-23 12:11:33,0.02055000,1.45000000
2018-02-23 12:11:34,0.02053700,1.21000000
2018-02-23 12:11:34,0.02053500,1.59000000
2018-02-23 12:11:40,0.02055000,0.80000000
2018-02-23 12:11:40,0.02055000,1.10000000
2018-02-23 12:11:40,0.02055000,1.10000000
2018-02-23 12:11:41,0.02053700,1.10000000
2018-02-23 12:11:42,0.02055000,10.96000000
2018-02-23 12:11:42,0.02055000,1.25000000
2018-02-23 12:11:42,0.02055000,4.79000000
2018-02-23 12:11:42,0.02055300,2.41000000
2018-02-23 12:11:42,0.02055300,0.01000000
2018-02-23 12:11:42,0.02055400,5.71000000
2018-02-23 12:11:42,0.02055400,5.54000000
2018-02-23 12:11:42,0.02055400,0.41000000
2018-02-23 12:11:42,0.02055400,5.54000000
2018-02-23 12:11:46,0.02055400,1.45000000
2018-02-23 12:11:46,0.02055400,0.83000000
2018-02-23 12:11:46,0.02055400,1.45000000
2018-02-23 12:11:46,0.02055400,3.36000000
2018-02-23 12:11:46,0.02055400,1.45000000
2018-02-23 12:11:47,0.02055400,0.94000000
2018-02-23 12:11:47,0.02053900,0.94000000
2018-02-23 12:11:52,0.02055400,0.05000000
2018-02-23 12:11:53,0.02055400,0.32000000
2018-02-23 12:11:56,0.02055400,0.07000000
2018-02-23 12:11:58,0.02055400,0.16000000
2018-02-23 12:11:59,0.02053900,0.84000000
2018-02-23 12:12:03,0.02054200,0.11000000
2018-02-23 12:12:03,0.02055400,0.59000000
2018-02-23 12:12:04,0.02055400,1.45000000
2018-02-23 12:12:04,0.02055400,0.95000000
2018-02-23 12:12:04,0.02055400,1.45000000
2018-02-23 12:12:04,0.02055400,0.63000000
2018-02-23 12:12:04,0.02055500,1.45000000
2018-02-23 12:12:04,0.02055500,1.45000000
2018-02-23 12:12:04,0.02055500,1.31000000
2018-02-23 12:12:04,0.02055500,0.51000000
2018-02-23 12:12:05,0.02055500,0.17000000
2018-02-23 12:12:05,0.02055500,17.54000000
2018-02-23 12:12:05,0.02055600,3.24000000
2018-02-23 12:12:05,0.02055700,2.08000000
2018-02-23 12:12:11,0.02055900,0.24000000
2018-02-23 12:12:12,0.02055900,0.49000000
2018-02-23 12:12:13,0.02055900,0.41000000
2018-02-23 12:12:13,0.02055900,2.26000000
2018-02-23 12:12:16,0.02056800,2.50000000
2018-02-23 12:12:16,0.02056800,0.40000000
2018-02-23 12:12:18,0.02056800,0.10000000
2018-02-23 12:12:20,0.02056800,2.48000000
2018-02-23 12:12:20,0.02056800,1.45000000
2018-02-23 12:12:20,0.02056800,1.45000000
2018-02-23 12:12:20,0.02056800,5.00000000
2018-02-23 12:12:21,0.02056100,1.45000000
2018-02-23 12:12:21,0.02056700,2.34000000
2018-02-23 12:12:21,0.02057300,0.10000000
2018-02-23 12:12:22,0.02057300,1.45000000
2018-02-23 12:12:22,0.02057300,0.26000000
2018-02-23 12:12:22,0.02057300,0.20000000
2018-02-23 12:12:22,0.02057300,1.45000000
2018-02-23 12:12:22,0.02057300,0.75000000
2018-02-23 12:12:22,0.02057300,1.45000000
2018-02-23 12:12:22,0.02057300,1.45000000
2018-02-23 12:12:22,0.02057300,0.56000000
2018-02-23 12:12:24,0.02057300,0.01000000
2018-02-23 12:12:24,0.02056900,0.97000000
2018-02-23 12:12:24,0.02056900,1.45000000
2018-02-23 12:12:24,0.02056900,1.45000000
2018-02-23 12:12:24,0.02056900,1.45000000
2018-02-23 12:12:24,0.02056900,0.59000000
2018-02-23 12:12:24,0.02056800,1.45000000
2018-02-23 12:12:24,0.02056800,4.80000000
2018-02-23 12:12:25,0.02056100,1.45000000
2018-02-23 12:12:25,0.02056100,1.50000000
2018-02-23 12:12:25,0.02057700,2.26000000
2018-02-23 12:12:25,0.02057700,1.45000000
2018-02-23 12:12:26,0.02057700,1.45000000
2018-02-23 12:12:26,0.02057700,2.35000000
2018-02-23 12:12:26,0.02056100,1.45000000
2018-02-23 12:12:28,0.02057600,2.90000000
2018-02-23 12:12:28,0.02057600,1.45000000
2018-02-23 12:12:28,0.02057600,0.30000000
2018-02-23 12:12:28,0.02057600,1.45000000
2018-02-23 12:12:28,0.02057600,0.30000000
2018-02-23 12:12:28,0.02057600,1.45000000
2018-02-23 12:12:28,0.02057600,1.45000000
2018-02-23 12:12:28,0.02057600,1.98000000
2018-02-23 12:12:28,0.02056100,1.45000000
2018-02-23 12:12:29,0.02056100,0.08000000
2018-02-23 12:12:30,0.02056100,0.07000000
2018-02-23 12:12:30,0.02056000,1.43000000
2018-02-23 12:12:30,0.02056000,0.05000000
2018-02-23 12:12:31,0.02057300,0.16000000
2018-02-23 12:12:31,0.02057600,1.45000000
2018-02-23 12:12:31,0.02057600,1.45000000
2018-02-23 12:12:31,0.02057600,5.40000000
2018-02-23 12:12:31,0.02056000,1.45000000
2018-02-23 12:12:33,0.02056800,1.00000000
2018-02-23 12:12:33,0.02057500,1.11000000
2018-02-23 12:12:35,0.02057300,0.53000000
2018-02-23 12:12:38,0.02057300,0.18000000
2018-02-23 12:12:41,0.02055900,0.30000000
2018-02-23 12:12:41,0.02055900,0.07000000
2018-02-23 12:12:41,0.02055900,1.45000000
2018-02-23 12:12:45,0.02055900,0.22000000
2018-02-23 12:12:46,0.02055900,0.99000000
2018-02-23 12:12:46,0.02055900,0.20000000
2018-02-23 12:12:46,0.02055900,0.30000000
2018-02-23 12:12:47,0.02055900,1.70000000
2018-02-23 12:12:47,0.02055900,2.38000000
2018-02-23 12:12:49,0.02055900,0.54000000
2018-02-23 12:12:49,0.02055800,2.61000000
2018-02-23 12:12:52,0.02055800,1.38000000
2018-02-23 12:12:55,0.02057200,1.71000000
2018-02-23 12:12:55,0.02057300,3.47000000
2018-02-23 12:12:55,0.02057400,0.90000000
2018-02-23 12:12:55,0.02057600,1.70000000
2018-02-23 12:12:55,0.02057700,3.80000000
2018-02-23 12:12:55,0.02057800,0.52000000
2018-02-23 12:12:55,0.02058000,11.80000000
2018-02-23 12:12:55,0.02059100,3.51000000
2018-02-23 12:12:56,0.02056100,1.45000000
2018-02-23 12:12:56,0.02056200,1.45000000
2018-02-23 12:12:57,0.02057000,1.24000000
2018-02-23 12:12:57,0.02057000,1.25000000
2018-02-23 12:12:57,0.02057000,0.70000000
2018-02-23 12:12:57,0.02057000,6.55000000
2018-02-23 12:12:57,0.02056200,1.45000000
2018-02-23 12:12:57,0.02056200,1.45000000
2018-02-23 12:13:00,0.02056400,9.59000000
2018-02-23 12:13:00,0.02056400,0.45000000
2018-02-23 12:13:03,0.02056600,1.50000000
2018-02-23 12:13:07,0.02056300,0.25000000
2018-02-23 12:13:07,0.02056700,0.49000000
2018-02-23 12:13:08,0.02056300,0.56000000
2018-02-23 12:13:08,0.02056300,0.82000000
2018-02-23 12:13:10,0.02056300,0.71000000
2018-02-23 12:13:11,0.02056300,0.41000000
2018-02-23 12:13:11,0.02056300,0.25000000
2018-02-23 12:13:12,0.02056300,0.67000000
2018-02-23 12:13:13,0.02056300,0.17000000
2018-02-23 12:13:13,0.02056100,0.08000000
2018-02-23 12:13:14,0.02056100,3.00000000
2018-02-23 12:13:17,0.02056300,0.36000000
2018-02-23 12:13:17,0.02056100,0.96000000
2018-02-23 12:13:17,0.02056100,0.41000000
2018-02-23 12:13:18,0.02055900,1.46000000
2018-02-23 12:13:18,0.02055900,0.80000000
2018-02-23 12:13:19,0.02056200,0.36000000
2018-02-23 12:13:19,0.02056600,0.59000000
2018-02-23 12:13:20,0.02056600,1.94000000
2018-02-23 12:13:20,0.02055900,0.26000000
2018-02-23 12:13:25,0.02055900,0.84000000
2018-02-23 12:13:25,0.02055900,4.85000000
2018-02-23 12:13:26,0.02055900,6.60000000
2018-02-23 12:13:27,0.02055900,4.81000000
2018-02-23 12:13:27,0.02055900,0.15000000
2018-02-23 12:13:28,0.02055900,1.45000000
2018-02-23 12:13:28,0.02055900,1.34000000
2018-02-23 12:13:28,0.02055900,1.45000000
2018-02-23 12:13:30,0.02056000,3.68000000
2018-02-23 12:13:30,0.02056000,0.23000000
2018-02-23 12:13:36,0.02057300,0.41000000
2018-02-23 12:13:41,0.02056400,0.27000000
2018-02-23 12:13:42,0.02056400,0.17000000
2018-02-23 12:13:46,0.02057300,1.94000000
2018-02-23 12:13:49,0.02057300,1.90000000
2018-02-23 12:13:56,0.02057400,11.80000000
2018-02-23 12:13:59,0.02057500,2.80000000
2018-02-23 12:14:02,0.02057500,1.14000000
2018-02-23 12:14:02,0.02057400,5.83000000
2018-02-23 12:14:05,0.02057400,1.49000000
2018-02-23 12:14:07,0.02057300,0.10000000
2018-02-23 12:14:07,0.02056400,2.33000000
2018-02-23 12:14:09,0.02057000,0.36000000
2018-02-23 12:14:12,0.02057100,1.51000000
2018-02-23 12:14:13,0.02057000,1.81000000
2018-02-23 12:14:13,0.02057000,2.85000000
2018-02-23 12:14:20,0.02057000,2.48000000
2018-02-23 12:14:33,0.02058400,0.48000000
2018-02-23 12:14:34,0.02057000,4.37000000
2018-02-23 12:14:39,0.02057000,0.05000000
2018-02-23 12:14:39,0.02057000,0.10000000
2018-02-23 12:14:40,0.02058200,1.03000000
2018-02-23 12:14:44,0.02057000,0.78000000
2018-02-23 12:14:50,0.02057900,1.45000000
2018-02-23 12:14:50,0.02057100,0.25000000
2018-02-23 12:14:50,0.02057000,1.25000000
2018-02-23 12:14:51,0.02058000,1.45000000
2018-02-23 12:14:51,0.02058000,1.45000000
2018-02-23 12:14:51,0.02057900,0.06000000
2018-02-23 12:14:51,0.02058000,1.39000000
2018-02-23 12:14:51,0.02057100,1.45000000
2018-02-23 12:14:52,0.02057000,0.19000000
2018-02-23 12:14:52,0.02057900,1.45000000
2018-02-23 12:14:56,0.02057800,1.45000000
2018-02-23 12:14:56,0.02057900,2.29000000
2018-02-23 12:14:59,0.02057000,0.25000000
2018-02-23 12:15:02,0.02057100,7.17000000
2018-02-23 12:15:02,0.02057100,0.92000000
2018-02-23 12:15:02,0.02057000,0.14000000
2018-02-23 12:15:02,0.02057000,7.17000000
2018-02-23 12:15:05,0.02057000,0.30000000
2018-02-23 12:15:08,0.02057300,3.65000000
2018-02-23 12:15:09,0.02057300,1.45000000
2018-02-23 12:15:09,0.02057300,0.97000000
2018-02-23 12:15:09,0.02057300,0.65000000
2018-02-23 12:15:09,0.02057300,2.10000000
2018-02-23 12:15:10,0.02057300,1.45000000
2018-02-23 12:15:10,0.02057300,0.93000000
2018-02-23 12:15:12,0.02057300,0.54000000
2018-02-23 12:15:19,0.02057300,0.50000000
2018-02-23 12:15:20,0.02058300,0.02000000
2018-02-23 12:15:22,0.02057300,2.48000000
2018-02-23 12:15:28,0.02058000,3.71000000
2018-02-23 12:15:29,0.02057300,0.28000000
2018-02-23 12:15:34,0.02057300,0.55000000
2018-02-23 12:15:35,0.02057200,0.37000000
2018-02-23 12:15:38,0.02057000,0.68000000
2018-02-23 12:15:39,0.02056400,0.89000000
2018-02-23 12:15:39,0.02056000,2.45000000
2018-02-23 12:15:39,0.02055300,2.72000000
2018-02-23 12:15:39,0.02055200,0.10000000
2018-02-23 12:15:39,0.02054400,18.98000000
2018-02-23 12:15:39,0.02054400,24.32000000
2018-02-23 12:15:41,0.02056400,0.48000000
2018-02-23 12:15:55,0.02054400,0.25000000
2018-02-23 12:15:55,0.02054400,0.43000000
2018-02-23 12:15:56,0.02056100,7.53000000
2018-02-23 12:16:07,0.02056000,6.41000000
2018-02-23 12:16:34,0.02054400,0.25000000
2018-02-23 12:16:34,0.02054300,0.42000000
2018-02-23 12:16:34,0.02054100,5.08000000
2018-02-23 12:16:34,0.02056000,0.48000000
2018-02-23 12:16:41,0.02054200,0.25000000
2018-02-23 12:16:44,0.02053800,2.10000000
2018-02-23 12:16:46,0.02053800,0.15000000
2018-02-23 12:16:46,0.02053800,0.75000000
2018-02-23 12:16:46,0.02053800,1.17000000
2018-02-23 12:16:46,0.02053800,0.70000000
2018-02-23 12:16:46,0.02053800,2.13000000
2018-02-23 12:16:46,0.02053700,7.00000000
2018-02-23 12:16:46,0.02053600,0.26000000
2018-02-23 12:16:46,0.02053600,0.26000000
2018-02-23 12:16:47,0.02053600,1.75000000
2018-02-23 12:16:47,0.02053600,0.26000000
2018-02-23 12:16:47,0.02053600,0.13000000
2018-02-23 12:16:47,0.02053600,0.13000000
2018-02-23 12:16:47,0.02053600,0.13000000
2018-02-23 12:16:47,0.02053600,0.99000000
2018-02-23 12:16:48,0.02053500,0.13000000
2018-02-23 12:16:48,0.02053500,0.98000000
2018-02-23 12:16:54,0.02053500,0.62000000
2018-02-23 12:16:58,0.02053500,13.66000000
2018-02-23 12:16:58,0.02053200,0.10000000
2018-02-23 12:16:59,0.02052600,0.56000000
2018-02-23 12:16:59,0.02052600,4.59000000
2018-02-23 12:17:01,0.02052600,1.46000000
2018-02-23 12:17:01,0.02052600,4.34000000
2018-02-23 12:17:01,0.02052600,1.46000000
2018-02-23 12:17:02,0.02052500,1.46000000
2018-02-23 12:17:02,0.02052500,10.06000000
2018-02-23 12:17:02,0.02052500,5.12000000
2018-02-23 12:17:12,0.02053500,0.67000000
2018-02-23 12:17:12,0.02052500,0.42000000
2018-02-23 12:17:15,0.02053400,0.16000000
2018-02-23 12:17:16,0.02052500,6.02000000
2018-02-23 12:17:21,0.02053400,0.32000000
2018-02-23 12:17:23,0.02052500,0.25000000
2018-02-23 12:17:27,0.02053100,43.30000000
2018-02-23 12:17:27,0.02053200,1.78000000
2018-02-23 12:17:27,0.02053400,22.64000000
2018-02-23 12:17:27,0.02053400,0.14000000
2018-02-23 12:17:28,0.02053400,0.98000000
2018-02-23 12:17:28,0.02053500,0.91000000
2018-02-23 12:17:28,0.02053500,0.48000000
2018-02-23 12:17:28,0.02053500,0.07000000
2018-02-23 12:17:30,0.02053600,0.05000000
2018-02-23 12:17:31,0.02053600,3.22000000
2018-02-23 12:17:31,0.02053600,8.66000000
2018-02-23 12:17:32,0.02052600,0.83000000
2018-02-23 12:17:32,0.02053500,0.10000000
2018-02-23 12:17:37,0.02053500,3.91000000
2018-02-23 12:17:37,0.02053500,3.98000000
2018-02-23 12:17:42,0.02053500,62.67000000
2018-02-23 12:17:43,0.02053600,4.86000000
2018-02-23 12:17:52,0.02053500,14.91000000
2018-02-23 12:17:53,0.02052600,0.08000000
2018-02-23 12:17:55,0.02053500,1.45000000
2018-02-23 12:17:55,0.02053500,1.45000000
2018-02-23 12:17:55,0.02053500,0.81000000
2018-02-23 12:17:55,0.02053500,0.53000000
2018-02-23 12:17:55,0.02052600,1.45000000
2018-02-23 12:17:55,0.02053500,0.28000000
2018-02-23 12:17:55,0.02053500,0.53000000
2018-02-23 12:17:59,0.02053500,0.13000000
2018-02-23 12:17:59,0.02053500,0.30000000
2018-02-23 12:18:00,0.02053500,0.30000000
2018-02-23 12:18:00,0.02053500,0.30000000
2018-02-23 12:18:00,0.02053500,1.00000000
2018-02-23 12:18:00,0.02053500,1.00000000
2018-02-23 12:18:00,0.02053500,1.16000000
2018-02-23 12:18:00,0.02053500,1.46000000
2018-02-23 12:18:00,0.02053500,1.46000000
2018-02-23 12:18:00,0.02053500,1.46000000
2018-02-23 12:18:00,0.02053500,1.46000000
2018-02-23 12:18:00,0.02053500,1.46000000
2018-02-23 12:18:02,0.02053500,1.45000000
2018-02-23 12:18:04,0.02053500,3.94000000
2018-02-23 12:18:04,0.02053500,1.45000000
2018-02-23 12:18:04,0.02053500,0.75000000
2018-02-23 12:18:04,0.02053500,0.81000000
2018-02-23 12:18:04,0.02053600,0.89000000
2018-02-23 12:18:05,0.02053600,1.44000000
2018-02-23 12:18:05,0.02053900,0.84000000
2018-02-23 12:18:13,0.02053000,0.40000000
2018-02-23 12:18:13,0.02052900,1.57000000
2018-02-23 12:18:14,0.02053500,2.05000000
2018-02-23 12:18:17,0.02053400,2.31000000
2018-02-23 12:18:17,0.02053500,7.47000000
2018-02-23 12:18:17,0.02053900,6.52000000
2018-02-23 12:18:17,0.02054000,23.16000000
2018-02-23 12:18:17,0.02054000,20.39000000
2018-02-23 12:18:19,0.02054000,28.03000000
2018-02-23 12:18:28,0.02053100,0.07000000
2018-02-23 12:18:35,0.02053900,3.87000000
2018-02-23 12:18:36,0.02053900,0.90000000
2018-02-23 12:18:37,0.02053200,0.26000000
2018-02-23 12:18:37,0.02054000,9.14000000
2018-02-23 12:18:42,0.02054000,0.80000000
2018-02-23 12:18:43,0.02054000,1.45000000
2018-02-23 12:18:43,0.02054000,1.45000000
2018-02-23 12:18:43,0.02054000,1.45000000
2018-02-23 12:18:43,0.02054000,1.45000000
2018-02-23 12:18:43,0.02054000,1.45000000
2018-02-23 12:18:43,0.02054000,1.45000000
2018-02-23 12:18:43,0.02054000,0.80000000
2018-02-23 12:18:43,0.02054000,1.45000000
2018-02-23 12:18:43,0.02053200,0.80000000
2018-02-23 12:18:44,0.02054000,1.45000000
2018-02-23 12:18:44,0.02054000,1.45000000
2018-02-23 12:18:44,0.02054000,1.71000000
2018-02-23 12:18:44,0.02054000,1.45000000
2018-02-23 12:18:44,0.02054000,1.45000000
2018-02-23 12:18:44,0.02054000,1.45000000
2018-02-23 12:18:45,0.02054000,1.45000000
2018-02-23 12:18:45,0.02054000,1.45000000
2018-02-23 12:18:45,0.02054000,1.45000000
2018-02-23 12:18:45,0.02054000,8.51000000
2018-02-23 12:18:45,0.02054000,0.38000000
2018-02-23 12:18:51,0.02053900,4.06000000
2018-02-23 12:18:58,0.02054000,0.25000000
2018-02-23 12:18:58,0.02053900,0.55000000
2018-02-23 12:19:03,0.02053900,3.00000000
2018-02-23 12:19:06,0.02053900,2.00000000
2018-02-23 12:19:08,0.02053500,0.38000000
2018-02-23 12:19:08,0.02053500,0.03000000
2018-02-23 12:19:08,0.02053300,0.39000000
2018-02-23 12:19:08,0.02053300,0.47000000
2018-02-23 12:19:08,0.02053400,0.41000000
2018-02-23 12:19:09,0.02053900,1.53000000
2018-02-23 12:19:16,0.02053900,4.17000000
2018-02-23 12:19:16,0.02053900,0.22000000
2018-02-23 12:19:20,0.02053300,0.43000000
2018-02-23 12:19:20,0.02053300,0.42000000
2018-02-23 12:19:20,0.02053300,0.43000000
2018-02-23 12:19:20,0.02053300,1.84000000
2018-02-23 12:19:21,0.02053700,1.91000000
2018-02-23 12:19:21,0.02053900,0.07000000
2018-02-23 12:19:21,0.02053400,0.18000000
2018-02-23 12:19:22,0.02053400,1.40000000
2018-02-23 12:19:24,0.02053500,0.25000000
2018-02-23 12:19:24,0.02053400,7.19000000
2018-02-23 12:19:25,0.02053400,7.19000000
2018-02-23 12:19:26,0.02053900,1.02000000
2018-02-23 12:19:26,0.02054000,0.92000000
2018-02-23 12:19:31,0.02053400,7.19000000
2018-02-23 12:19:31,0.02053400,3.54000000
2018-02-23 12:19:32,0.02053400,4.39000000
2018-02-23 12:19:32,0.02053400,1.46000000
2018-02-23 12:19:32,0.02053400,1.46000000
2018-02-23 12:19:32,0.02053400,5.72000000
2018-02-23 12:19:32,0.02053300,1.38000000
2018-02-23 12:19:32,0.02053200,1.46000000
2018-02-23 12:19:32,0.02053200,1.46000000
2018-02-23 12:19:32,0.02053200,1.08000000
2018-02-23 12:19:34,0.02053300,0.08000000
2018-02-23 12:19:34,0.02054000,1.83000000
2018-02-23 12:19:38,0.02052900,0.40000000
2018-02-23 12:19:38,0.02052600,1.06000000
2018-02-23 12:20:05,0.02053300,4.87000000
2018-02-23 12:20:05,0.02053100,1.83000000
2018-02-23 12:20:19,0.02053200,0.79000000
2018-02-23 12:20:19,0.02053100,1.31000000
2018-02-23 12:20:19,0.02053000,2.43000000
2018-02-23 12:20:22,0.02053900,4.18000000
2018-02-23 12:20:27,0.02053600,1.46000000
2018-02-23 12:20:31,0.02053700,0.41000000
2018-02-23 12:20:33,0.02053700,0.23000000
2018-02-23 12:20:33,0.02053700,0.15000000
2018-02-23 12:20:35,0.02053700,0.09000000
2018-02-23 12:20:35,0.02053700,1.46000000
2018-02-23 12:20:35,0.02053700,0.03000000
2018-02-23 12:20:35,0.02053600,1.55000000
2018-02-23 12:20:35,0.02053600,1.57000000
2018-02-23 12:20:35,0.02053600,1.77000000
2018-02-23 12:20:35,0.02053600,1.24000000
2018-02-23 12:20:35,0.02053600,1.24000000
2018-02-23 12:20:35,0.02053600,1.46000000
2018-02-23 12:20:35,0.02053600,4.89000000
2018-02-23 12:20:35,0.02053600,1.51000000
2018-02-23 12:20:35,0.02053600,1.46000000
2018-02-23 12:20:35,0.02053600,6.47000000
2018-02-23 12:20:35,0.02053600,7.31000000
2018-02-23 12:20:35,0.02053600,2.16000000
2018-02-23 12:20:36,0.02053600,0.31000000
2018-02-23 12:20:38,0.02053700,1.27000000
2018-02-23 12:20:42,0.02053600,0.30000000
2018-02-23 12:20:43,0.02053600,1.46000000
2018-02-23 12:20:45,0.02053600,0.24000000
2018-02-23 12:20:45,0.02053600,0.24000000
2018-02-23 12:20:45,0.02053700,4.74000000
2018-02-23 12:20:46,0.02053600,0.25000000
2018-02-23 12:20:49,0.02053600,0.59000000
2018-02-23 12:20:49,0.02053700,0.20000000
2018-02-23 12:20:49,0.02053600,0.59000000
2018-02-23 12:20:50,0.02053600,0.41000000
2018-02-23 12:20:50,0.02053600,1.46000000
2018-02-23 12:20:51,0.02053600,1.46000000
2018-02-23 12:20:51,0.02053600,1.46000000
2018-02-23 12:20:51,0.02053600,1.46000000
2018-02-23 12:20:51,0.02053600,1.46000000
2018-02-23 12:20:51,0.02053600,1.46000000
2018-02-23 12:20:51,0.02053700,0.07000000
2018-02-23 12:20:51,0.02053700,1.46000000
2018-02-23 12:20:51,0.02053700,1.46000000
2018-02-23 12:20:51,0.02053700,1.46000000
2018-02-23 12:20:51,0.02053700,0.28000000
2018-02-23 12:20:57,0.02053700,0.01000000
2018-02-23 12:20:57,0.02053600,5.36000000
2018-02-23 12:20:57,0.02053600,0.28000000
2018-02-23 12:20:57,0.02053600,1.46000000
2018-02-23 12:20:57,0.02053600,0.75000000
2018-02-23 12:20:59,0.02053700,0.52000000
2018-02-23 12:21:02,0.02053600,1.20000000
2018-02-23 12:21:07,0.02053400,1.94000000
2018-02-23 12:21:07,0.02053500,4.38000000
2018-02-23 12:21:07,0.02053600,5.31000000
2018-02-23 12:21:08,0.02053000,0.02000000
2018-02-23 12:21:08,0.02052600,3.98000000
2018-02-23 12:21:09,0.02053600,9.77000000
2018-02-23 12:21:09,0.02053700,0.52000000
2018-02-23 12:21:09,0.02053700,0.52000000
2018-02-23 12:21:10,0.02053700,3.89000000
2018-02-23 12:21:13,0.02053700,0.16000000
2018-02-23 12:21:13,0.02053700,0.16000000
2018-02-23 12:21:13,0.02053700,0.16000000
2018-02-23 12:21:15,0.02053700,0.65000000
2018-02-23 12:21:15,0.02052600,0.48000000
2018-02-23 12:21:15,0.02052600,0.45000000
2018-02-23 12:21:15,0.02052600,0.37000000
2018-02-23 12:21:16,0.02052500,0.37000000
2018-02-23 12:21:16,0.02052500,7.30000000
2018-02-23 12:21:16,0.02052500,7.30000000
2018-02-23 12:21:18,0.02052500,4.72000000
2018-02-23 12:21:19,0.02052500,0.52000000
2018-02-23 12:21:21,0.02052500,1.15000000
2018-02-23 12:21:22,0.02051300,0.13000000
2018-02-23 12:21:22,0.02052500,0.01000000
2018-02-23 12:21:22,0.02052600,9.03000000
2018-02-23 12:21:27,0.02053000,0.48000000
2018-02-23 12:21:33,0.02052600,0.23000000
2018-02-23 12:21:37,0.02052600,0.77000000
2018-02-23 12:21:37,0.02052600,0.66000000
2018-02-23 12:21:41,0.02053000,0.26000000
2018-02-23 12:21:41,0.02053000,0.26000000
2018-02-23 12:21:42,0.02053000,0.90000000
2018-02-23 12:21:42,0.02053000,0.01000000
2018-02-23 12:21:42,0.02053600,0.89000000
2018-02-23 12:21:42,0.02053600,0.70000000
2018-02-23 12:21:42,0.02053600,1.95000000
2018-02-23 12:21:49,0.02053600,19.98000000
2018-02-23 12:21:51,0.02053500,1.19000000
2018-02-23 12:21:54,0.02053500,3.19000000
2018-02-23 12:21:55,0.02053400,0.77000000
2018-02-23 12:21:55,0.02053400,7.48000000
2018-02-23 12:22:05,0.02053400,1.07000000
2018-02-23 12:22:06,0.02051800,3.14000000
2018-02-23 12:22:08,0.02051800,0.33000000
2018-02-23 12:22:10,0.02053400,1.08000000
2018-02-23 12:22:13,0.02053500,0.05000000
2018-02-23 12:22:13,0.02053500,0.48000000
2018-02-23 12:22:24,0.02053400,1.04000000
2018-02-23 12:22:24,0.02053400,0.56000000
2018-02-23 12:22:25,0.02053400,0.17000000
2018-02-23 12:22:31,0.02052000,0.56000000
2018-02-23 12:22:35,0.02052000,0.24000000
2018-02-23 12:22:37,0.02051800,0.58000000
2018-02-23 12:22:39,0.02051800,0.25000000
2018-02-23 12:22:40,0.02051800,1.47000000
2018-02-23 12:22:43,0.02051800,1.42000000
2018-02-23 12:22:45,0.02051800,1.94000000
2018-02-23 12:22:45,0.02051800,2.25000000
2018-02-23 12:22:48,0.02051800,3.52000000
2018-02-23 12:22:49,0.02051900,1.00000000
2018-02-23 12:22:51,0.02051900,2.32000000
2018-02-23 12:22:52,0.02051800,2.52000000
2018-02-23 12:23:01,0.02051700,0.02000000
2018-02-23 12:23:08,0.02051700,0.23000000
2018-02-23 12:23:08,0.02051700,6.50000000
2018-02-23 12:23:09,0.02051100,0.47000000
2018-02-23 12:23:14,0.02051100,3.97000000
2018-02-23 12:23:14,0.02051100,0.91000000
2018-02-23 12:23:14,0.02051100,0.91000000
2018-02-23 12:23:15,0.02051100,3.40000000
2018-02-23 12:23:15,0.02051100,0.11000000
2018-02-23 12:23:18,0.02050600,0.15000000
2018-02-23 12:23:21,0.02050400,0.49000000
2018-02-23 12:23:22,0.02050400,0.49000000
2018-02-23 12:23:22,0.02050400,0.49000000
2018-02-23 12:23:24,0.02051100,14.88000000
2018-02-23 12:23:24,0.02051200,0.98000000
2018-02-23 12:23:26,0.02051900,0.40000000
2018-02-23 12:23:26,0.02052000,0.08000000
2018-02-23 12:23:27,0.02051500,0.49000000
2018-02-23 12:23:27,0.02051500,0.49000000
2018-02-23 12:23:31,0.02051500,1.46000000
2018-02-23 12:23:31,0.02051500,1.46000000
2018-02-23 12:23:32,0.02051500,14.10000000
2018-02-23 12:23:36,0.02050400,0.34000000
2018-02-23 12:23:39,0.02051500,0.80000000
2018-02-23 12:23:39,0.02051500,0.23000000
2018-02-23 12:23:39,0.02051500,0.57000000
2018-02-23 12:23:39,0.02051500,0.34000000
2018-02-23 12:23:39,0.02050300,0.80000000
2018-02-23 12:23:39,0.02050300,0.34000000
2018-02-23 12:23:39,0.02051500,1.13000000
2018-02-23 12:23:41,0.02050300,0.98000000
2018-02-23 12:23:42,0.02050300,0.49000000
2018-02-23 12:23:43,0.02050300,0.49000000
2018-02-23 12:23:44,0.02050300,0.49000000
2018-02-23 12:23:48,0.02050100,0.10000000
2018-02-23 12:23:48,0.02050100,0.25000000
2018-02-23 12:23:49,0.02050400,0.49000000
2018-02-23 12:23:51,0.02050400,0.49000000
2018-02-23 12:23:51,0.02050400,1.74000000
2018-02-23 12:23:52,0.02050400,0.49000000
2018-02-23 12:23:56,0.02051500,0.77000000
2018-02-23 12:24:12,0.02051500,0.70000000
2018-02-23 12:24:14,0.02050600,0.12000000
2018-02-23 12:24:14,0.02051500,11.32000000
2018-02-23 12:24:15,0.02050700,0.16000000
2018-02-23 12:24:21,0.02050900,0.10000000
2018-02-23 12:24:21,0.02051500,1.46000000
2018-02-23 12:24:21,0.02051500,0.70000000
2018-02-23 12:24:21,0.02051500,0.79000000
2018-02-23 12:24:21,0.02051500,1.09000000
2018-02-23 12:24:21,0.02051500,0.11000000
2018-02-23 12:24:22,0.02051500,0.09000000
2018-02-23 12:24:22,0.02051500,0.10000000
2018-02-23 12:24:22,0.02051500,0.15000000
2018-02-23 12:24:22,0.02051700,0.18000000
2018-02-23 12:24:22,0.02051700,0.14000000
2018-02-23 12:24:22,0.02051700,1.46000000
2018-02-23 12:24:22,0.02050900,0.09000000
2018-02-23 12:24:22,0.02051700,1.46000000
2018-02-23 12:24:22,0.02051700,0.76000000
2018-02-23 12:24:23,0.02052000,1.42000000
2018-02-23 12:24:29,0.02052900,0.63000000
2018-02-23 12:24:29,0.02052900,0.37000000
2018-02-23 12:24:30,0.02052100,0.63000000
2018-02-23 12:24:30,0.02053000,0.73000000
2018-02-23 12:24:31,0.02053200,0.09000000
2018-02-23 12:24:31,0.02053200,0.01000000
2018-02-23 12:24:31,0.02053500,1.45000000
2018-02-23 12:24:31,0.02053500,4.43000000
2018-02-23 12:24:31,0.02053500,0.29000000
2018-02-23 12:24:33,0.02053000,1.46000000
2018-02-23 12:24:34,0.02053000,1.46000000
2018-02-23 12:24:34,0.02053000,1.46000000
2018-02-23 12:24:34,0.02053000,1.46000000
2018-02-23 12:24:34,0.02053000,1.46000000
2018-02-23 12:24:34,0.02053000,1.46000000
2018-02-23 12:24:34,0.02053000,1.24000000
2018-02-23 12:24:34,0.02053000,1.46000000
2018-02-23 12:24:35,0.02053000,1.46000000
2018-02-23 12:24:35,0.02053000,1.46000000
2018-02-23 12:24:36,0.02053000,1.46000000
2018-02-23 12:24:36,0.02053000,1.16000000
2018-02-23 12:24:36,0.02053000,1.08000000
2018-02-23 12:24:36,0.02053000,0.98000000
2018-02-23 12:24:36,0.02053000,1.46000000
2018-02-23 12:24:37,0.02053000,0.48000000
2018-02-23 12:24:39,0.02053500,0.80000000
2018-02-23 12:24:39,0.02053500,1.46000000
2018-02-23 12:24:39,0.02053500,1.33000000
2018-02-23 12:24:40,0.02053500,0.29000000
2018-02-23 12:24:40,0.02053500,2.19000000
2018-02-23 12:24:43,0.02053600,0.17000000
2018-02-23 12:24:43,0.02053600,0.74000000
2018-02-23 12:24:44,0.02053600,0.62000000
2018-02-23 12:24:44,0.02053600,6.50000000
2018-02-23 12:24:44,0.02053600,3.68000000
2018-02-23 12:24:52,0.02053600,0.23000000
2018-02-23 12:24:52,0.02053600,0.80000000
2018-02-23 12:24:52,0.02053600,3.11000000
2018-02-23 12:24:52,0.02053600,0.80000000
2018-02-23 12:24:52,0.02053600,3.12000000
2018-02-23 12:24:52,0.02053600,0.35000000
2018-02-23 12:24:54,0.02053600,0.45000000
2018-02-23 12:24:54,0.02053600,0.60000000
2018-02-23 12:24:56,0.02053600,5.42000000
2018-02-23 12:24:59,0.02053600,7.17000000
2018-02-23 12:24:59,0.02053600,0.21000000
2018-02-23 12:25:04,0.02053600,0.95000000
2018-02-23 12:25:05,0.02053600,0.12000000
2018-02-23 12:25:05,0.02053600,2.06000000
2018-02-23 12:25:05,0.02053600,2.70000000
2018-02-23 12:25:05,0.02053600,0.12000000
2018-02-23 12:25:07,0.02053600,0.38000000
2018-02-23 12:25:11,0.02052200,0.80000000
2018-02-23 12:25:11,0.02052200,0.80000000
2018-02-23 12:25:17,0.02052100,1.46000000
2018-02-23 12:25:17,0.02052100,1.50000000
2018-02-23 12:25:18,0.02052100,0.24000000
2018-02-23 12:25:18,0.02052100,0.19000000
2018-02-23 12:25:18,0.02052100,0.05000000
2018-02-23 12:25:19,0.02051800,0.20000000
2018-02-23 12:25:20,0.02051800,0.79000000
2018-02-23 12:25:23,0.02052100,0.85000000
2018-02-23 12:25:32,0.02051700,0.80000000
2018-02-23 12:25:34,0.02051700,0.50000000
2018-02-23 12:25:34,0.02051700,1.46000000
2018-02-23 12:25:34,0.02051700,1.46000000
2018-02-23 12:25:34,0.02051700,1.46000000
2018-02-23 12:25:34,0.02051700,1.32000000
2018-02-23 12:25:35,0.02051100,0.10000000
2018-02-23 12:25:35,0.02050900,1.77000000
2018-02-23 12:25:35,0.02050900,0.14000000
2018-02-23 12:25:35,0.02051100,0.14000000
2018-02-23 12:25:35,0.02051800,0.20000000
2018-02-23 12:25:36,0.02050300,0.05000000
2018-02-23 12:25:37,0.02051800,0.48000000
2018-02-23 12:25:45,0.02051700,0.49000000
2018-02-23 12:25:45,0.02051800,1.19000000
2018-02-23 12:25:45,0.02051800,0.45000000
2018-02-23 12:25:46,0.02051800,0.48000000
2018-02-23 12:25:46,0.02051700,0.49000000
2018-02-23 12:25:46,0.02051100,1.46000000
2018-02-23 12:25:46,0.02051100,0.61000000
2018-02-23 12:25:46,0.02051100,1.46000000
2018-02-23 12:25:46,0.02051100,1.46000000
2018-02-23 12:25:46,0.02051100,0.37000000
2018-02-23 12:25:46,0.02051100,1.27000000
2018-02-23 12:25:47,0.02051100,1.27000000
2018-02-23 12:25:47,0.02051800,0.04000000
2018-02-23 12:25:58,0.02050700,2.92000000
2018-02-23 12:26:00,0.02051600,0.90000000
2018-02-23 12:26:12,0.02050500,1.83000000
2018-02-23 12:26:15,0.02050500,2.52000000
2018-02-23 12:26:23,0.02050700,0.80000000
2018-02-23 12:26:25,0.02050700,1.17000000
2018-02-23 12:26:25,0.02050700,0.80000000
2018-02-23 12:26:26,0.02050700,1.46000000
2018-02-23 12:26:26,0.02050700,0.23000000
2018-02-23 12:26:27,0.02050700,0.19000000
2018-02-23 12:26:27,0.02050400,7.45000000
2018-02-23 12:26:27,0.02050400,1.46000000
2018-02-23 12:26:27,0.02050400,3.28000000
2018-02-23 12:26:28,0.02050200,1.46000000
2018-02-23 12:26:28,0.02050200,0.54000000
2018-02-23 12:26:28,0.02050100,1.92000000
2018-02-23 12:26:28,0.02050100,1.46000000
2018-02-23 12:26:28,0.02050100,7.21000000
2018-02-23 12:26:28,0.02050100,6.93000000
2018-02-23 12:26:28,0.02050000,6.53000000
2018-02-23 12:26:28,0.02050000,0.51000000
2018-02-23 12:26:29,0.02050400,1.46000000
2018-02-23 12:26:29,0.02050700,0.19000000
2018-02-23 12:26:31,0.02050800,1.00000000
2018-02-23 12:26:32,0.02050800,2.45000000
2018-02-23 12:26:32,0.02050800,0.84000000
2018-02-23 12:26:32,0.02050800,0.80000000
2018-02-23 12:26:32,0.02050800,1.44000000
2018-02-23 12:26:32,0.02050800,5.04000000
2018-02-23 12:26:32,0.02050000,22.55000000
2018-02-23 12:26:33,0.02050000,0.21000000
2018-02-23 12:26:34,0.02049300,0.31000000
2018-02-23 12:26:34,0.02049200,4.88000000
2018-02-23 12:26:34,0.02049200,1.44000000
2018-02-23 12:26:34,0.02049200,0.53000000
2018-02-23 12:26:36,0.02049200,2.92000000
2018-02-23 12:26:39,0.02049200,0.23000000
2018-02-23 12:26:40,0.02049200,0.45000000
2018-02-23 12:26:42,0.02049900,0.55000000
2018-02-23 12:26:45,0.02049100,0.49000000
2018-02-23 12:26:45,0.02049100,0.49000000
2018-02-23 12:26:54,0.02049900,0.94000000
2018-02-23 12:26:58,0.02049200,0.34000000
2018-02-23 12:26:58,0.02049900,1.46000000
2018-02-23 12:26:58,0.02049900,1.46000000
2018-02-23 12:26:58,0.02049900,0.32000000
2018-02-23 12:26:58,0.02050000,1.46000000
2018-02-23 12:27:01,0.02049300,0.05000000
2018-02-23 12:27:05,0.02049500,0.17000000
2018-02-23 12:27:05,0.02049300,1.38000000
2018-02-23 12:27:05,0.02049200,0.10000000
2018-02-23 12:27:05,0.02049100,2.00000000
2018-02-23 12:27:05,0.02049000,1.03000000
2018-02-23 12:27:05,0.02048900,12.20000000
2018-02-23 12:27:05,0.02048700,3.33000000
2018-02-23 12:27:07,0.02049900,0.13000000
2018-02-23 12:27:09,0.02049700,3.55000000
2018-02-23 12:27:11,0.02048800,2.24000000
2018-02-23 12:27:11,0.02048600,12.66000000
2018-02-23 12:27:11,0.02047600,0.07000000
2018-02-23 12:27:11,0.02047500,0.73000000
2018-02-23 12:27:11,0.02047500,0.06000000
2018-02-23 12:27:11,0.02047500,0.52000000
2018-02-23 12:27:11,0.02047500,1.14000000
2018-02-23 12:27:11,0.02047500,1.15000000
2018-02-23 12:27:11,0.02047500,0.25000000
2018-02-23 12:27:12,0.02047500,0.41000000
2018-02-23 12:27:12,0.02047400,0.25000000
2018-02-23 12:27:12,0.02047400,0.25000000
2018-02-23 12:27:13,0.02047400,0.73000000
2018-02-23 12:27:14,0.02047400,2.58000000
2018-02-23 12:27:15,0.02047100,0.10000000
2018-02-23 12:27:18,0.02047500,10.00000000
2018-02-23 12:27:31,0.02047500,0.42000000
2018-02-23 12:27:31,0.02047500,0.01000000
2018-02-23 12:27:31,0.02047500,1.54000000
2018-02-23 12:27:31,0.02046800,0.74000000
2018-02-23 12:27:46,0.02047100,0.11000000
2018-02-23 12:27:51,0.02047700,1.59000000
2018-02-23 12:27:53,0.02048700,0.86000000
2018-02-23 12:27:53,0.02048700,0.42000000
2018-02-23 12:27:59,0.02047900,4.36000000
2018-02-23 12:28:00,0.02047900,2.14000000
2018-02-23 12:28:01,0.02048000,2.45000000
2018-02-23 12:28:02,0.02048100,0.75000000
2018-02-23 12:28:02,0.02048000,0.48000000
2018-02-23 12:28:05,0.02048000,10.18000000
2018-02-23 12:28:06,0.02047800,0.65000000
2018-02-23 12:28:06,0.02047800,0.65000000
2018-02-23 12:28:11,0.02047100,1.30000000
2018-02-23 12:28:11,0.02046800,1.60000000
2018-02-23 12:28:16,0.02047800,0.50000000
2018-02-23 12:28:18,0.02046800,0.13000000
2018-02-23 12:28:24,0.02047800,0.26000000
2018-02-23 12:28:28,0.02046900,0.18000000
2018-02-23 12:28:28,0.02046700,3.07000000
2018-02-23 12:28:31,0.02046700,0.18000000
2018-02-23 12:28:31,0.02046600,0.08000000
2018-02-23 12:28:35,0.02046800,0.71000000
2018-02-23 12:28:36,0.02046600,0.11000000
2018-02-23 12:28:37,0.02046800,0.57000000
2018-02-23 12:28:37,0.02047600,0.47000000
2018-02-23 12:28:38,0.02046700,0.23000000
2018-02-23 12:28:39,0.02047600,0.59000000
2018-02-23 12:28:40,0.02046600,1.30000000
2018-02-23 12:28:41,0.02047600,0.16000000
2018-02-23 12:28:41,0.02047600,0.57000000
2018-02-23 12:28:41,0.02046600,0.57000000
2018-02-23 12:28:41,0.02047600,0.51000000
2018-02-23 12:28:42,0.02047500,0.59000000
2018-02-23 12:28:42,0.02047700,0.58000000
2018-02-23 12:28:43,0.02047400,0.05000000
2018-02-23 12:28:44,0.02047400,0.23000000
2018-02-23 12:28:44,0.02047400,0.28000000
2018-02-23 12:28:47,0.02047700,1.95000000
2018-02-23 12:28:50,0.02047700,0.79000000
2018-02-23 12:28:50,0.02047700,0.76000000
2018-02-23 12:28:51,0.02047700,3.01000000
2018-02-23 12:28:51,0.02047700,3.01000000
2018-02-23 12:28:51,0.02047700,1.16000000
2018-02-23 12:28:51,0.02047800,1.91000000
2018-02-23 12:28:51,0.02047800,0.26000000
2018-02-23 12:28:51,0.02049100,0.10000000
2018-02-23 12:28:51,0.02049900,0.07000000
2018-02-23 12:28:51,0.02050400,0.27000000
2018-02-23 12:28:53,0.02048000,0.48000000
2018-02-23 12:29:00,0.02048000,5.39000000
2018-02-23 12:29:00,0.02048000,7.51000000
2018-02-23 12:29:01,0.02048000,2.12000000
2018-02-23 12:29:08,0.02048100,0.48000000
2018-02-23 12:29:10,0.02048100,4.32000000
2018-02-23 12:29:10,0.02048000,0.55000000
2018-02-23 12:29:10,0.02047700,0.75000000
2018-02-23 12:29:10,0.02047100,2.09000000
2018-02-23 12:29:10,0.02047200,0.57000000
2018-02-23 12:29:10,0.02047100,3.86000000
2018-02-23 12:29:15,0.02047100,0.12000000
2018-02-23 12:29:18,0.02049000,0.57000000
2018-02-23 12:29:18,0.02049100,0.10000000
2018-02-23 12:29:18,0.02049800,0.65000000
2018-02-23 12:29:27,0.02047100,0.67000000
2018-02-23 12:29:27,0.02047000,1.46000000
2018-02-23 12:29:29,0.02049600,0.97000000
2018-02-23 12:29:29,0.02049700,0.11000000
2018-02-23 12:29:32,0.02047000,0.80000000
2018-02-23 12:29:37,0.02048800,0.38000000
2018-02-23 12:29:39,0.02047000,0.28000000
2018-02-23 12:29:39,0.02047000,0.28000000
2018-02-23 12:29:43,0.02048400,0.11000000
2018-02-23 12:29:46,0.02047000,0.43000000
2018-02-23 12:29:46,0.02047000,0.40000000
2018-02-23 12:29:49,0.02047000,0.30000000
2018-02-23 12:29:49,0.02047000,0.33000000
2018-02-23 12:29:51,0.02047000,0.53000000
2018-02-23 12:29:51,0.02047000,0.40000000
2018-02-23 12:29:51,0.02048300,0.44000000
2018-02-23 12:29:51,0.02048400,1.06000000
2018-02-23 12:29:51,0.02048600,0.55000000
2018-02-23 12:29:52,0.02048500,0.38000000
2018-02-23 12:29:54,0.02048600,0.18000000
2018-02-23 12:30:00,0.02049000,0.58000000
2018-02-23 12:30:00,0.02049100,0.10000000
2018-02-23 12:30:00,0.02049700,0.32000000
2018-02-23 12:30:01,0.02048600,0.24000000
2018-02-23 12:30:01,0.02048500,0.68000000
2018-02-23 12:30:01,0.02048500,5.47000000
2018-02-23 12:30:14,0.02048400,1.06000000
2018-02-23 12:30:14,0.02047100,0.10000000
2018-02-23 12:30:14,0.02047000,4.03000000
2018-02-23 12:30:23,0.02048400,0.33000000
2018-02-23 12:30:27,0.02047200,0.72000000
2018-02-23 12:30:35,0.02047200,0.73000000
2018-02-23 12:30:37,0.02048400,1.46000000
2018-02-23 12:30:37,0.02048400,1.46000000
2018-02-23 12:30:37,0.02048400,1.19000000
2018-02-23 12:30:43,0.02048300,0.39000000
2018-02-23 12:30:46,0.02048200,0.24000000
2018-02-23 12:30:47,0.02047500,2.00000000
2018-02-23 12:30:47,0.02047500,1.74000000
2018-02-23 12:30:47,0.02047300,0.73000000
2018-02-23 12:30:47,0.02047100,1.95000000
2018-02-23 12:31:02,0.02048200,0.18000000
2018-02-23 12:31:02,0.02048400,0.30000000
2018-02-23 12:31:03,0.02048400,3.81000000
2018-02-23 12:31:03,0.02049000,2.85000000
2018-02-23 12:31:03,0.02049100,0.10000000
2018-02-23 12:31:03,0.02049700,0.99000000
2018-02-23 12:31:03,0.02050100,0.85000000
2018-02-23 12:31:05,0.02049900,0.48000000
2018-02-23 12:31:06,0.02047100,0.06000000
2018-02-23 12:31:06,0.02047100,0.25000000
2018-02-23 12:31:07,0.02049900,0.91000000
2018-02-23 12:31:11,0.02047000,1.14000000
2018-02-23 12:31:15,0.02047200,10.25000000
2018-02-23 12:31:15,0.02047200,1.37000000
2018-02-23 12:31:15,0.02047200,1.46000000
2018-02-23 12:31:15,0.02047200,0.73000000
2018-02-23 12:31:15,0.02047200,1.46000000
2018-02-23 12:31:15,0.02047200,1.46000000
2018-02-23 12:31:15,0.02047200,0.90000000
2018-02-23 12:31:15,0.02047200,0.25000000
2018-02-23 12:31:16,0.02047200,0.90000000
2018-02-23 12:31:27,0.02049000,1.00000000
2018-02-23 12:31:28,0.02049000,0.23000000
2018-02-23 12:31:28,0.02049000,0.21000000
2018-02-23 12:31:28,0.02049000,1.30000000
2018-02-23 12:31:32,0.02047600,0.24000000
2018-02-23 12:31:32,0.02047500,0.72000000
2018-02-23 12:31:32,0.02047400,0.43000000
2018-02-23 12:31:34,0.02049000,0.28000000
2018-02-23 12:31:36,0.02047500,0.06000000
2018-02-23 12:31:37,0.02047500,0.18000000
2018-02-23 12:31:37,0.02047100,16.12000000
2018-02-23 12:31:37,0.02047000,12.33000000
2018-02-23 12:31:41,0.02049000,9.74000000
2018-02-23 12:31:41,0.02049000,1.44000000
2018-02-23 12:31:41,0.02049000,2.05000000
2018-02-23 12:31:41,0.02049100,0.09000000
2018-02-23 12:31:41,0.02049100,0.01000000
2018-02-23 12:31:41,0.02050000,0.74000000
2018-02-23 12:31:41,0.02050000,0.75000000
2018-02-23 12:31:41,0.02050000,0.75000000
2018-02-23 12:31:41,0.02050000,1.30000000
2018-02-23 12:31:42,0.02049100,1.30000000
2018-02-23 12:31:45,0.02049100,2.12000000
2018-02-23 12:31:52,0.02049800,0.80000000
2018-02-23 12:31:52,0.02049800,0.21000000
2018-02-23 12:31:52,0.02049900,1.33000000
2018-02-23 12:31:52,0.02049900,1.13000000
2018-02-23 12:31:56,0.02049900,0.10000000
2018-02-23 12:31:56,0.02050000,0.10000000
2018-02-23 12:31:56,0.02050000,3.14000000
2018-02-23 12:31:56,0.02050000,0.58000000
2018-02-23 12:31:56,0.02050100,1.21000000
2018-02-23 12:31:56,0.02050100,2.62000000
2018-02-23 12:31:56,0.02050100,2.90000000
2018-02-23 12:31:57,0.02050100,0.25000000
2018-02-23 12:31:57,0.02049100,0.12000000
2018-02-23 12:31:57,0.02049000,6.78000000
2018-02-23 12:31:57,0.02049100,0.28000000
2018-02-23 12:31:57,0.02049100,0.01000000
2018-02-23 12:31:57,0.02049100,0.28000000
2018-02-23 12:31:57,0.02049000,1.40000000
2018-02-23 12:32:00,0.02050000,0.29000000
2018-02-23 12:32:02,0.02050000,4.12000000
2018-02-23 12:32:04,0.02050000,2.52000000
2018-02-23 12:32:08,0.02050000,0.49000000
2018-02-23 12:32:08,0.02050000,0.50000000
2018-02-23 12:32:09,0.02050000,5.89000000
2018-02-23 12:32:15,0.02050000,0.32000000
2018-02-23 12:32:15,0.02050000,4.67000000
2018-02-23 12:32:22,0.02049300,3.54000000
2018-02-23 12:32:22,0.02049400,5.52000000
2018-02-23 12:32:22,0.02050000,5.00000000
2018-02-23 12:32:23,0.02050100,7.36000000
2018-02-23 12:32:23,0.02050000,6.98000000
2018-02-23 12:32:28,0.02050000,0.44000000
2018-02-23 12:32:29,0.02050300,0.48000000
2018-02-23 12:32:29,0.02050000,38.36000000
2018-02-23 12:32:29,0.02050000,63.14000000
2018-02-23 12:32:29,0.02047200,9.04000000
2018-02-23 12:32:29,0.02047100,1.34000000
2018-02-23 12:32:29,0.02046900,2.50000000
2018-02-23 12:32:29,0.02046600,0.24000000
2018-02-23 12:32:29,0.02046100,1.00000000
2018-02-23 12:32:29,0.02046000,10.50000000
2018-02-23 12:32:29,0.02045700,1.41000000
2018-02-23 12:32:29,0.02045100,0.10000000
2018-02-23 12:32:29,0.02045000,0.78000000
2018-02-23 12:32:29,0.02044300,3.24000000
2018-02-23 12:32:29,0.02044200,1.00000000
2018-02-23 12:32:29,0.02043100,0.24000000
2018-02-23 12:32:29,0.02043000,46.10000000
2018-02-23 12:32:29,0.02042300,0.92000000
2018-02-23 12:32:29,0.02041400,0.68000000
2018-02-23 12:32:29,0.02041300,0.14000000
2018-02-23 12:32:29,0.02041100,19.64000000
2018-02-23 12:32:29,0.02041000,0.37000000
2018-02-23 12:32:29,0.02041000,4.88000000
2018-02-23 12:32:29,0.02041000,2.19000000
2018-02-23 12:32:29,0.02040700,0.14000000
2018-02-23 12:32:29,0.02040600,0.05000000
2018-02-23 12:32:29,0.02040500,0.24000000
2018-02-23 12:32:29,0.02040300,4.90000000
2018-02-23 12:32:29,0.02040100,0.20000000
2018-02-23 12:32:29,0.02040000,7.96000000
2018-02-23 12:32:29,0.02042000,7.74000000
2018-02-23 12:32:29,0.02042000,0.03000000
2018-02-23 12:32:30,0.02047000,0.58000000
2018-02-23 12:32:30,0.02047000,0.24000000
2018-02-23 12:32:30,0.02047000,1.46000000
2018-02-23 12:32:30,0.02047000,5.08000000
2018-02-23 12:32:30,0.02047100,1.99000000
2018-02-23 12:32:30,0.02047100,0.24000000
2018-02-23 12:32:30,0.02047100,0.65000000
2018-02-23 12:32:30,0.02047100,0.06000000
2018-02-23 12:32:31,0.02047000,0.80000000
2018-02-23 12:32:32,0.02046900,1.46000000
2018-02-23 12:32:32,0.02046900,1.46000000
2018-02-23 12:32:32,0.02043200,0.10000000
2018-02-23 12:32:32,0.02046900,0.38000000
2018-02-23 12:32:32,0.02045000,0.09000000
2018-02-23 12:32:32,0.02045000,0.01000000
2018-02-23 12:32:32,0.02046900,0.08000000
2018-02-23 12:32:32,0.02044800,0.10000000
2018-02-23 12:32:32,0.02045000,0.60000000
2018-02-23 12:32:33,0.02045000,1.56000000
2018-02-23 12:32:33,0.02046900,0.59000000
2018-02-23 12:32:36,0.02046600,1.16000000
2018-02-23 12:32:36,0.02046600,2.91000000
2018-02-23 12:32:37,0.02046600,1.83000000
2018-02-23 12:32:38,0.02046500,0.24000000
2018-02-23 12:32:40,0.02044300,4.39000000
2018-02-23 12:32:42,0.02046400,0.58000000
2018-02-23 12:32:42,0.02046500,3.36000000
2018-02-23 12:32:42,0.02046800,0.06000000
2018-02-23 12:32:42,0.02046300,0.37000000
2018-02-23 12:32:43,0.02044300,0.48000000
2018-02-23 12:32:43,0.02044200,0.23000000
2018-02-23 12:32:43,0.02046200,0.37000000
2018-02-23 12:32:44,0.02046200,1.95000000
2018-02-23 12:32:45,0.02046200,1.88000000
2018-02-23 12:32:46,0.02046000,1.95000000
2018-02-23 12:32:47,0.02046000,4.00000000
2018-02-23 12:32:47,0.02043900,0.48000000
2018-02-23 12:32:48,0.02045800,1.96000000
2018-02-23 12:32:49,0.02044000,1.96000000
2018-02-23 12:32:50,0.02045800,1.10000000
2018-02-23 12:32:50,0.02045800,1.10000000
2018-02-23 12:32:50,0.02045800,1.83000000
2018-02-23 12:32:50,0.02045800,1.96000000
2018-02-23 12:32:52,0.02045800,0.80000000
2018-02-23 12:32:52,0.02044200,4.53000000
2018-02-23 12:32:52,0.02045800,4.00000000
2018-02-23 12:32:52,0.02045800,1.96000000
2018-02-23 12:32:54,0.02045700,0.75000000
2018-02-23 12:32:54,0.02045700,0.34000000
2018-02-23 12:32:54,0.02045700,1.80000000
2018-02-23 12:32:55,0.02045700,1.96000000
2018-02-23 12:32:56,0.02045700,0.58000000
2018-02-23 12:32:59,0.02045800,1.96000000
2018-02-23 12:33:00,0.02045800,0.85000000
2018-02-23 12:33:00,0.02044100,0.14000000
2018-02-23 12:33:00,0.02045800,10.09000000
2018-02-23 12:33:01,0.02045800,1.96000000
2018-02-23 12:33:03,0.02045800,1.96000000
2018-02-23 12:33:03,0.02044400,5.29000000
2018-02-23 12:33:03,0.02044200,15.87000000
2018-02-23 12:33:03,0.02043400,0.01000000
2018-02-23 12:33:05,0.02045800,1.47000000
2018-02-23 12:33:05,0.02045800,0.77000000
2018-02-23 12:33:07,0.02043800,0.82000000
2018-02-23 12:33:07,0.02043600,0.97000000
2018-02-23 12:33:07,0.02043100,0.55000000
2018-02-23 12:33:07,0.02043000,0.10000000
2018-02-23 12:33:07,0.02042700,0.27000000
2018-02-23 12:33:07,0.02042600,7.36000000
2018-02-23 12:33:07,0.02041000,0.10000000
2018-02-23 12:33:07,0.02040100,6.00000000
2018-02-23 12:33:07,0.02040000,30.97000000
2018-02-23 12:33:07,0.02045700,1.57000000
2018-02-23 12:33:09,0.02043000,0.10000000
2018-02-23 12:33:09,0.02044000,0.70000000
2018-02-23 12:33:09,0.02044000,9.80000000
2018-02-23 12:33:09,0.02045600,6.00000000
2018-02-23 12:33:09,0.02045700,5.68000000
2018-02-23 12:33:10,0.02045000,0.10000000
2018-02-23 12:33:10,0.02045500,0.67000000
2018-02-23 12:33:11,0.02045700,0.27000000
2018-02-23 12:33:14,0.02045700,0.15000000
2018-02-23 12:33:14,0.02045800,1.65000000
2018-02-23 12:33:14,0.02045800,1.00000000
2018-02-23 12:33:24,0.02046400,0.96000000
2018-02-23 12:33:29,0.02045800,0.70000000
2018-02-23 12:33:29,0.02045800,2.64000000
2018-02-23 12:33:29,0.02045800,0.09000000
2018-02-23 12:33:30,0.02045800,1.07000000
2018-02-23 12:33:31,0.02045800,0.23000000
2018-02-23 12:33:32,0.02045800,0.64000000
2018-02-23 12:33:32,0.02046300,0.23000000
2018-02-23 12:33:39,0.02044300,0.82000000
2018-02-23 12:33:44,0.02045600,0.24000000
2018-02-23 12:33:47,0.02045500,1.91000000
2018-02-23 12:33:49,0.02045500,0.01000000
2018-02-23 12:33:49,0.02045600,0.60000000
2018-02-23 12:33:51,0.02044200,0.01000000
2018-02-23 12:33:51,0.02045700,1.29000000
2018-02-23 12:33:55,0.02045700,10.47000000
2018-02-23 12:33:55,0.02045800,7.08000000
2018-02-23 12:33:59,0.02045800,1.53000000
2018-02-23 12:33:59,0.02045800,1.14000000
2018-02-23 12:34:02,0.02045800,0.80000000
2018-02-23 12:34:03,0.02044700,3.92000000
2018-02-23 12:34:03,0.02044700,1.84000000
2018-02-23 12:34:03,0.02044500,7.23000000
2018-02-23 12:34:03,0.02045800,0.36000000
2018-02-23 12:34:09,0.02045500,1.60000000
2018-02-23 12:34:12,0.02044500,0.11000000
2018-02-23 12:34:12,0.02044500,0.01000000
2018-02-23 12:34:19,0.02044400,12.30000000
2018-02-23 12:34:19,0.02044500,2.00000000
2018-02-23 12:34:19,0.02045300,6.61000000
2018-02-23 12:34:19,0.02045800,2.21000000
2018-02-23 12:34:19,0.02046000,0.87000000
2018-02-23 12:34:19,0.02046600,0.10000000
2018-02-23 12:34:19,0.02047100,0.10000000
2018-02-23 12:34:19,0.02047600,0.51000000
2018-02-23 12:34:19,0.02048500,3.92000000
2018-02-23 12:34:19,0.02048800,2.50000000
2018-02-23 12:34:19,0.02049100,0.04000000
2018-02-23 12:34:19,0.02049100,0.06000000
2018-02-23 12:34:19,0.02050000,1.17000000
2018-02-23 12:34:19,0.02050500,1.89000000
2018-02-23 12:34:19,0.02050600,0.10000000
2018-02-23 12:34:19,0.02051100,5.76000000
2018-02-23 12:34:19,0.02051200,0.60000000
2018-02-23 12:34:19,0.02051300,2.74000000
2018-02-23 12:34:19,0.02051300,4.26000000
2018-02-23 12:34:19,0.02051400,1.22000000
2018-02-23 12:34:21,0.02048500,0.10000000
2018-02-23 12:34:21,0.02048200,2.01000000
2018-02-23 12:34:22,0.02048400,5.76000000
2018-02-23 12:34:22,0.02048300,0.55000000
2018-02-23 12:34:22,0.02048200,0.49000000
2018-02-23 12:34:22,0.02045000,8.61000000
2018-02-23 12:34:24,0.02047100,0.10000000
2018-02-23 12:34:24,0.02047100,0.86000000
2018-02-23 12:34:24,0.02047100,0.41000000
2018-02-23 12:34:26,0.02049100,0.10000000
2018-02-23 12:34:26,0.02050300,0.55000000
2018-02-23 12:34:26,0.02050100,1.46000000
2018-02-23 12:34:26,0.02050100,0.46000000
2018-02-23 12:34:27,0.02050100,1.46000000
2018-02-23 12:34:27,0.02049500,1.15000000
2018-02-23 12:34:27,0.02049500,5.71000000
2018-02-23 12:34:27,0.02049500,0.35000000
2018-02-23 12:34:27,0.02049500,0.90000000
2018-02-23 12:34:27,0.02049500,0.21000000
2018-02-23 12:34:28,0.02049500,2.81000000
2018-02-23 12:34:29,0.02049500,6.25000000
2018-02-23 12:34:36,0.02050000,0.48000000
2018-02-23 12:34:37,0.02050000,5.74000000
2018-02-23 12:34:46,0.02048000,7.49000000
2018-02-23 12:34:51,0.02047900,0.51000000
2018-02-23 12:34:52,0.02047900,5.71000000
2018-02-23 12:34:52,0.02047200,4.00000000
2018-02-23 12:34:52,0.02047100,0.18000000
2018-02-23 12:34:52,0.02047000,0.17000000
2018-02-23 12:34:53,0.02045300,1.69000000
2018-02-23 12:34:53,0.02045200,1.46000000
2018-02-23 12:34:53,0.02045100,0.10000000
2018-02-23 12:34:53,0.02044700,0.26000000
2018-02-23 12:34:55,0.02046500,0.12000000
2018-02-23 12:34:56,0.02046500,0.36000000
2018-02-23 12:34:56,0.02046500,0.01000000
2018-02-23 12:34:59,0.02046000,0.06000000
2018-02-23 12:35:01,0.02046100,0.07000000
2018-02-23 12:35:04,0.02047100,0.10000000
2018-02-23 12:35:04,0.02047300,0.36000000
2018-02-23 12:35:08,0.02045100,0.09000000
2018-02-23 12:35:08,0.02045100,0.01000000
2018-02-23 12:35:08,0.02044800,2.50000000
2018-02-23 12:35:08,0.02044600,1.95000000
2018-02-23 12:35:08,0.02044400,6.57000000
2018-02-23 12:35:08,0.02044400,0.80000000
2018-02-23 12:35:08,0.02044400,3.75000000
2018-02-23 12:35:08,0.02044400,0.05000000
2018-02-23 12:35:08,0.02044400,0.63000000
2018-02-23 12:35:08,0.02043800,0.14000000
2018-02-23 12:35:13,0.02043800,13.32000000
2018-02-23 12:35:13,0.02043800,0.88000000
2018-02-23 12:35:14,0.02043800,0.35000000
2018-02-23 12:35:16,0.02045000,0.48000000
2018-02-23 12:35:18,0.02043800,0.13000000
2018-02-23 12:35:18,0.02045000,4.78000000
2018-02-23 12:35:20,0.02045000,4.83000000
2018-02-23 12:35:21,0.02043100,0.82000000
2018-02-23 12:35:21,0.02043000,0.10000000
2018-02-23 12:35:21,0.02041700,2.41000000
2018-02-23 12:35:21,0.02041100,5.00000000
2018-02-23 12:35:21,0.02041000,0.56000000
2018-02-23 12:35:26,0.02042900,0.45000000
2018-02-23 12:35:28,0.02042000,0.36000000
2018-02-23 12:35:28,0.02042000,0.27000000
2018-02-23 12:35:28,0.02042000,2.26000000
2018-02-23 12:35:31,0.02042500,0.48000000
2018-02-23 12:35:34,0.02042100,0.25000000
2018-02-23 12:35:34,0.02042000,3.21000000
2018-02-23 12:35:36,0.02042000,0.57000000
2018-02-23 12:35:38,0.02042000,0.52000000
2018-02-23 12:35:39,0.02042100,0.25000000
2018-02-23 12:35:41,0.02042000,1.01000000
2018-02-23 12:35:46,0.02042100,0.16000000
2018-02-23 12:35:48,0.02042100,1.07000000
2018-02-23 12:35:48,0.02042200,3.82000000
2018-02-23 12:35:48,0.02042000,2.75000000
2018-02-23 12:35:48,0.02042000,6.57000000
2018-02-23 12:35:50,0.02042000,0.55000000
2018-02-23 12:35:52,0.02042000,1.46000000
2018-02-23 12:35:53,0.02042000,2.22000000
2018-02-23 12:35:53,0.02042000,2.22000000
2018-02-23 12:35:54,0.02042000,0.39000000
2018-02-23 12:35:57,0.02042000,0.80000000
2018-02-23 12:35:57,0.02042700,0.26000000
2018-02-23 12:35:57,0.02042800,0.35000000
2018-02-23 12:35:59,0.02042000,0.54000000
2018-02-23 12:35:59,0.02042000,1.45000000
2018-02-23 12:35:59,0.02042000,0.67000000
2018-02-23 12:36:01,0.02042000,0.80000000
2018-02-23 12:36:01,0.02042000,0.80000000
2018-02-23 12:36:03,0.02042000,0.21000000
2018-02-23 12:36:06,0.02042700,0.85000000
2018-02-23 12:36:06,0.02042700,0.24000000
2018-02-23 12:36:11,0.02042000,2.20000000
2018-02-23 12:36:12,0.02042000,6.35000000
2018-02-23 12:36:15,0.02042100,17.14000000
2018-02-23 12:36:18,0.02042100,12.56000000
2018-02-23 12:36:20,0.02042700,1.43000000
2018-02-23 12:36:29,0.02042800,0.48000000
2018-02-23 12:36:32,0.02042800,1.46000000
2018-02-23 12:36:34,0.02042700,0.26000000
2018-02-23 12:36:41,0.02042700,1.46000000
2018-02-23 12:36:41,0.02042700,4.83000000
2018-02-23 12:36:41,0.02042700,1.46000000
2018-02-23 12:36:41,0.02042700,1.03000000
2018-02-23 12:36:41,0.02042000,1.46000000
2018-02-23 12:36:41,0.02042000,1.40000000
2018-02-23 12:36:42,0.02042000,1.46000000
2018-02-23 12:36:42,0.02042000,1.46000000
2018-02-23 12:36:42,0.02042000,0.95000000
2018-02-23 12:36:42,0.02042000,4.06000000
2018-02-23 12:36:42,0.02041900,1.31000000
2018-02-23 12:36:43,0.02041900,1.46000000
2018-02-23 12:36:43,0.02041900,1.46000000
2018-02-23 12:36:43,0.02041900,1.46000000
2018-02-23 12:36:46,0.02041900,1.30000000
2018-02-23 12:36:46,0.02041000,1.61000000
2018-02-23 12:36:47,0.02041000,3.24000000
2018-02-23 12:36:47,0.02041000,2.29000000
2018-02-23 12:36:47,0.02041000,1.46000000
2018-02-23 12:36:47,0.02041000,3.24000000
2018-02-23 12:36:50,0.02041000,2.66000000
2018-02-23 12:36:59,0.02041000,6.57000000
2018-02-23 12:36:59,0.02040000,7.17000000
2018-02-23 12:37:00,0.02040000,10.56000000
2018-02-23 12:37:03,0.02040000,30.11000000
2018-02-23 12:37:05,0.02040000,1.00000000
2018-02-23 12:37:05,0.02040000,11.50000000
2018-02-23 12:37:06,0.02041500,0.06000000
2018-02-23 12:37:06,0.02041600,3.79000000
2018-02-23 12:37:06,0.02041600,3.78000000
2018-02-23 12:37:06,0.02041600,0.28000000
2018-02-23 12:37:07,0.02041000,0.10000000
2018-02-23 12:37:07,0.02041700,0.18000000
2018-02-23 12:37:07,0.02041700,2.04000000
2018-02-23 12:37:07,0.02041700,1.29000000
2018-02-23 12:37:07,0.02041700,4.02000000
2018-02-23 12:37:07,0.02041700,0.01000000
2018-02-23 12:37:07,0.02042100,0.68000000
2018-02-23 12:37:07,0.02042200,0.68000000
2018-02-23 12:37:07,0.02042300,0.24000000
2018-02-23 12:37:07,0.02042400,2.71000000
2018-02-23 12:37:07,0.02042800,1.00000000
2018-02-23 12:37:07,0.02042800,3.04000000
2018-02-23 12:37:07,0.02042900,0.79000000
2018-02-23 12:37:07,0.02042900,7.34000000
2018-02-23 12:37:08,0.02042900,2.03000000
2018-02-23 12:37:08,0.02042900,0.34000000
2018-02-23 12:37:08,0.02042900,0.33000000
2018-02-23 12:37:09,0.02042800,0.07000000
2018-02-23 12:37:09,0.02042900,9.00000000
2018-02-23 12:37:10,0.02042900,5.58000000
2018-02-23 12:37:10,0.02042900,2.33000000
2018-02-23 12:37:10,0.02042900,0.35000000
2018-02-23 12:37:11,0.02042900,3.11000000
2018-02-23 12:37:11,0.02042900,7.03000000
2018-02-23 12:37:12,0.02042900,7.04000000
2018-02-23 12:37:12,0.02042900,0.35000000
2018-02-23 12:37:12,0.02042900,0.98000000
2018-02-23 12:37:13,0.02042900,0.24000000
2018-02-23 12:37:14,0.02042900,0.85000000
2018-02-23 12:37:15,0.02042900,0.59000000
2018-02-23 12:37:15,0.02042800,1.76000000
2018-02-23 12:37:16,0.02042800,0.11000000
2018-02-23 12:37:18,0.02042800,2.35000000
2018-02-23 12:37:18,0.02043000,0.10000000
2018-02-23 12:37:18,0.02042800,0.62000000
2018-02-23 12:37:20,0.02044800,6.03000000
2018-02-23 12:37:26,0.02042800,0.47000000
2018-02-23 12:37:26,0.02042400,2.12000000
2018-02-23 12:37:28,0.02042500,0.56000000
2018-02-23 12:37:28,0.02042400,0.94000000
2018-02-23 12:37:31,0.02042800,0.16000000
2018-02-23 12:37:34,0.02042400,1.50000000
2018-02-23 12:37:35,0.02042400,2.80000000
2018-02-23 12:37:35,0.02042100,0.64000000
2018-02-23 12:37:42,0.02044300,0.05000000
2018-02-23 12:37:44,0.02044200,1.24000000
2018-02-23 12:37:44,0.02044200,1.46000000
2018-02-23 12:37:44,0.02044200,1.46000000
2018-02-23 12:37:44,0.02044200,1.46000000
2018-02-23 12:37:44,0.02042300,0.24000000
2018-02-23 12:37:44,0.02042100,0.90000000
2018-02-23 12:37:46,0.02042000,3.00000000
2018-02-23 12:37:47,0.02042000,0.46000000
2018-02-23 12:37:52,0.02042000,2.35000000
2018-02-23 12:37:53,0.02044300,0.51000000
2018-02-23 12:37:53,0.02042400,0.62000000
2018-02-23 12:37:55,0.02044000,9.00000000
2018-02-23 12:37:55,0.02042500,0.56000000
2018-02-23 12:37:55,0.02042400,0.62000000
2018-02-23 12:37:55,0.02042000,3.82000000
2018-02-23 12:37:55,0.02042000,0.70000000
2018-02-23 12:37:55,0.02041700,3.29000000
2018-02-23 12:37:55,0.02041600,0.48000000
2018-02-23 12:37:55,0.02041000,0.10000000
2018-02-23 12:37:55,0.02040300,46.00000000
2018-02-23 12:37:55,0.02040200,6.00000000
2018-02-23 12:37:56,0.02040500,7.32000000
2018-02-23 12:37:56,0.02040300,0.77000000
2018-02-23 12:37:56,0.02040400,0.80000000
2018-02-23 12:37:56,0.02040300,2.83000000
2018-02-23 12:37:57,0.02043000,0.10000000
2018-02-23 12:37:57,0.02042800,0.48000000
2018-02-23 12:37:57,0.02042800,2.38000000
2018-02-23 12:37:57,0.02042800,2.38000000
2018-02-23 12:37:57,0.02042800,1.33000000
2018-02-23 12:37:57,0.02042800,0.75000000
2018-02-23 12:37:57,0.02042800,0.75000000
2018-02-23 12:37:57,0.02042700,4.89000000
2018-02-23 12:37:57,0.02042700,1.46000000
2018-02-23 12:37:57,0.02042700,7.34000000
2018-02-23 12:37:57,0.02042700,4.90000000
2018-02-23 12:37:57,0.02042700,9.53000000
2018-02-23 12:37:58,0.02042700,4.90000000
2018-02-23 12:37:58,0.02042700,1.46000000
2018-02-23 12:37:58,0.02042700,0.19000000
2018-02-23 12:37:58,0.02042600,3.60000000
2018-02-23 12:37:58,0.02042700,1.30000000
2018-02-23 12:37:58,0.02042700,4.74000000
2018-02-23 12:37:58,0.02042700,1.46000000
2018-02-23 12:37:58,0.02042700,3.08000000
2018-02-23 12:37:58,0.02044300,0.76000000
2018-02-23 12:37:58,0.02044300,1.46000000
2018-02-23 12:37:58,0.02044300,0.54000000
2018-02-23 12:37:59,0.02042800,0.56000000
2018-02-23 12:38:02,0.02044000,1.38000000
2018-02-23 12:38:04,0.02044000,0.38000000
2018-02-23 12:38:04,0.02044200,1.00000000
2018-02-23 12:38:05,0.02044000,0.49000000
2018-02-23 12:38:06,0.02044200,2.32000000
2018-02-23 12:38:13,0.02043200,1.63000000
2018-02-23 12:38:13,0.02043200,1.13000000
2018-02-23 12:38:13,0.02043100,3.01000000
2018-02-23 12:38:16,0.02043100,0.16000000
2018-02-23 12:38:19,0.02043000,1.71000000
2018-02-23 12:38:20,0.02042800,0.31000000
2018-02-23 12:38:20,0.02042800,0.31000000
2018-02-23 12:38:22,0.02042800,1.30000000
2018-02-23 12:38:30,0.02044000,0.48000000
2018-02-23 12:38:46,0.02043100,0.16000000
2018-02-23 12:38:49,0.02043100,1.36000000
2018-02-23 12:38:52,0.02043700,0.39000000
2018-02-23 12:38:55,0.02043300,0.48000000
2018-02-23 12:38:55,0.02043100,22.10000000
2018-02-23 12:38:57,0.02043100,10.20000000
2018-02-23 12:38:57,0.02043100,7.00000000
2018-02-23 12:38:57,0.02042800,10.20000000
2018-02-23 12:38:58,0.02043700,1.46000000
2018-02-23 12:38:58,0.02043700,1.46000000
2018-02-23 12:38:58,0.02043700,1.46000000
2018-02-23 12:38:58,0.02043700,4.88000000
2018-02-23 12:38:58,0.02041100,0.57000000
2018-02-23 12:38:58,0.02041000,0.10000000
2018-02-23 12:38:58,0.02040700,6.03000000
2018-02-23 12:38:58,0.02040400,1.01000000
2018-02-23 12:38:58,0.02040300,15.04000000
2018-02-23 12:38:59,0.02041200,0.97000000
2018-02-23 12:38:59,0.02040300,1.38000000
2018-02-23 12:39:02,0.02042900,0.50000000
2018-02-23 12:39:03,0.02042900,0.99000000
2018-02-23 12:39:03,0.02042900,0.79000000
2018-02-23 12:39:03,0.02042800,0.52000000
2018-02-23 12:39:12,0.02042400,0.52000000
2018-02-23 12:39:12,0.02042300,5.65000000
2018-02-23 12:39:12,0.02042400,0.35000000
2018-02-23 12:39:16,0.02040800,0.49000000
2018-02-23 12:39:16,0.02040700,1.51000000
2018-02-23 12:39:18,0.02042400,0.69000000
2018-02-23 12:39:18,0.02040700,4.72000000
2018-02-23 12:39:19,0.02040700,2.11000000
2018-02-23 12:39:24,0.02040200,1.01000000
2018-02-23 12:39:25,0.02040600,2.86000000
2018-02-23 12:39:25,0.02040000,0.47000000
2018-02-23 12:39:26,0.02040000,0.90000000
2018-02-23 12:39:26,0.02040000,0.49000000
2018-02-23 12:39:27,0.02040000,0.73000000
2018-02-23 12:39:27,0.02040000,0.15000000
2018-02-23 12:39:27,0.02040000,7.19000000
2018-02-23 12:39:27,0.02040000,4.03000000
2018-02-23 12:39:27,0.02040000,4.49000000
2018-02-23 12:39:27,0.02039200,0.06000000
2018-02-23 12:39:27,0.02038900,1.57000000
2018-02-23 12:39:27,0.02038400,0.51000000
2018-02-23 12:39:27,0.02037100,1.49000000
2018-02-23 12:39:27,0.02037000,0.77000000
2018-02-23 12:39:27,0.02040200,0.23000000
2018-02-23 12:39:29,0.02040100,0.21000000
2018-02-23 12:39:30,0.02037300,0.58000000
2018-02-23 12:39:30,0.02040000,0.49000000
2018-02-23 12:39:36,0.02037100,0.12000000
2018-02-23 12:39:36,0.02036900,8.78000000
2018-02-23 12:39:37,0.02037300,0.10000000
2018-02-23 12:39:37,0.02037300,0.39000000
2018-02-23 12:39:37,0.02037000,0.39000000
2018-02-23 12:39:40,0.02037900,0.57000000
2018-02-23 12:39:40,0.02037900,0.01000000
2018-02-23 12:39:40,0.02038000,0.28000000
2018-02-23 12:39:40,0.02038700,0.28000000
2018-02-23 12:39:40,0.02038700,1.39000000
2018-02-23 12:39:40,0.02038800,4.90000000
2018-02-23 12:39:40,0.02038800,0.93000000
2018-02-23 12:39:40,0.02038900,0.10000000
2018-02-23 12:39:40,0.02039500,0.36000000
2018-02-23 12:39:40,0.02038900,3.23000000
2018-02-23 12:39:40,0.02038800,1.09000000
2018-02-23 12:39:41,0.02038800,4.74000000
2018-02-23 12:39:45,0.02038200,0.47000000
2018-02-23 12:39:47,0.02038200,4.43000000
2018-02-23 12:39:49,0.02038100,0.15000000
2018-02-23 12:39:56,0.02038100,1.47000000
2018-02-23 12:39:57,0.02038100,1.47000000
2018-02-23 12:39:57,0.02038100,1.47000000
2018-02-23 12:39:57,0.02038100,1.47000000
2018-02-23 12:39:58,0.02038100,1.47000000
2018-02-23 12:39:58,0.02038100,1.47000000
2018-02-23 12:39:58,0.02038100,1.47000000
2018-02-23 12:39:58,0.02038100,3.90000000
2018-02-23 12:39:58,0.02038200,1.47000000
2018-02-23 12:39:58,0.02038200,1.47000000
2018-02-23 12:39:58,0.02038200,4.43000000
2018-02-23 12:40:02,0.02038000,0.03000000
2018-02-23 12:40:02,0.02039400,0.10000000
2018-02-23 12:40:02,0.02039500,2.60000000
2018-02-23 12:40:03,0.02038200,0.72000000
2018-02-23 12:40:03,0.02038200,0.80000000
2018-02-23 12:40:03,0.02038200,0.32000000
2018-02-23 12:40:05,0.02039600,1.46000000
2018-02-23 12:40:05,0.02039600,1.72000000
2018-02-23 12:40:05,0.02039600,1.46000000
2018-02-23 12:40:05,0.02039600,1.36000000
2018-02-23 12:40:05,0.02039700,0.12000000
2018-02-23 12:40:05,0.02040000,0.98000000
2018-02-23 12:40:05,0.02040000,2.63000000
2018-02-23 12:40:05,0.02040100,1.90000000
2018-02-23 12:40:06,0.02040100,0.39000000
2018-02-23 12:40:06,0.02040200,0.77000000
2018-02-23 12:40:06,0.02040900,0.10000000
2018-02-23 12:40:06,0.02041200,1.37000000
2018-02-23 12:40:06,0.02040100,4.90000000
2018-02-23 12:40:06,0.02040100,1.02000000
2018-02-23 12:40:06,0.02040100,1.48000000
2018-02-23 12:40:06,0.02040100,0.13000000
2018-02-23 12:40:07,0.02041700,1.46000000
2018-02-23 12:40:07,0.02041700,1.55000000
2018-02-23 12:40:11,0.02043000,0.10000000
2018-02-23 12:40:11,0.02043100,0.09000000
2018-02-23 12:40:11,0.02043300,0.15000000
2018-02-23 12:40:12,0.02043300,0.01000000
2018-02-23 12:40:12,0.02044400,0.69000000
2018-02-23 12:40:12,0.02044400,0.11000000
2018-02-23 12:40:12,0.02044800,0.15000000
2018-02-23 12:40:12,0.02045000,0.26000000
2018-02-23 12:40:13,0.02044000,1.46000000
2018-02-23 12:40:13,0.02044000,1.46000000
2018-02-23 12:40:13,0.02044000,0.12000000
2018-02-23 12:40:13,0.02045000,0.11000000
2018-02-23 12:40:14,0.02043000,0.10000000
2018-02-23 12:40:14,0.02042100,0.38000000
2018-02-23 12:40:14,0.02045000,0.60000000
2018-02-23 12:40:17,0.02042500,0.57000000
2018-02-23 12:40:17,0.02042400,4.89000000
2018-02-23 12:40:17,0.02042300,7.36000000
2018-02-23 12:40:17,0.02042200,0.54000000
2018-02-23 12:40:17,0.02041900,1.52000000
2018-02-23 12:40:17,0.02041800,1.46000000
2018-02-23 12:40:17,0.02041800,1.46000000
2018-02-23 12:40:18,0.02041600,0.38000000
2018-02-23 12:40:18,0.02041800,1.86000000
2018-02-23 12:40:18,0.02045000,0.37000000
2018-02-23 12:40:20,0.02044400,0.56000000
2018-02-23 12:40:21,0.02044400,1.10000000
2018-02-23 12:40:21,0.02044400,0.53000000
2018-02-23 12:40:21,0.02044400,0.31000000
2018-02-23 12:40:21,0.02044400,0.53000000
2018-02-23 12:40:22,0.02044400,1.46000000
2018-02-23 12:40:22,0.02044400,1.46000000
2018-02-23 12:40:22,0.02044400,1.46000000
2018-02-23 12:40:22,0.02044400,0.52000000
2018-02-23 12:40:23,0.02041900,0.14000000
2018-02-23 12:40:26,0.02044500,0.06000000
2018-02-23 12:40:26,0.02044800,0.19000000
2018-02-23 12:40:26,0.02044800,0.01000000
2018-02-23 12:40:26,0.02044900,0.79000000
2018-02-23 12:40:26,0.02044900,3.20000000
2018-02-23 12:40:26,0.02044900,1.46000000
2018-02-23 12:40:26,0.02044900,1.02000000
2018-02-23 12:40:26,0.02044900,1.02000000
2018-02-23 12:40:26,0.02044900,1.02000000
2018-02-23 12:40:26,0.02044900,0.78000000
2018-02-23 12:40:26,0.02044900,1.46000000
2018-02-23 12:40:26,0.02044900,0.76000000
2018-02-23 12:40:26,0.02044900,1.46000000
2018-02-23 12:40:26,0.02044900,0.60000000
2018-02-23 12:40:26,0.02042200,1.46000000
2018-02-23 12:40:27,0.02044900,0.60000000
2018-02-23 12:40:27,0.02044900,0.77000000
2018-02-23 12:40:27,0.02045000,0.61000000
2018-02-23 12:40:28,0.02045000,1.46000000
2018-02-23 12:40:28,0.02045000,0.74000000
2018-02-23 12:40:28,0.02045500,1.22000000
2018-02-23 12:40:28,0.02045100,2.07000000
2018-02-23 12:40:28,0.02045800,0.04000000
2018-02-23 12:40:30,0.02045800,0.34000000
2018-02-23 12:40:30,0.02045800,1.46000000
2018-02-23 12:40:30,0.02045800,0.66000000
2018-02-23 12:40:30,0.02046000,1.46000000
2018-02-23 12:40:30,0.02046000,1.15000000
2018-02-23 12:40:31,0.02046000,1.46000000
2018-02-23 12:40:32,0.02045700,1.46000000
2018-02-23 12:40:32,0.02045700,1.46000000
2018-02-23 12:40:32,0.02045700,0.62000000
2018-02-23 12:40:32,0.02045700,1.46000000
2018-02-23 12:40:32,0.02045700,1.46000000
2018-02-23 12:40:32,0.02045700,1.46000000
2018-02-23 12:40:32,0.02045700,1.46000000
2018-02-23 12:40:33,0.02045700,1.46000000
2018-02-23 12:40:33,0.02045700,0.50000000
2018-02-23 12:40:33,0.02046000,1.46000000
2018-02-23 12:40:33,0.02046000,0.74000000
2018-02-23 12:40:33,0.02046000,0.74000000
2018-02-23 12:40:33,0.02045700,0.40000000
2018-02-23 12:40:33,0.02045700,0.70000000
2018-02-23 12:40:34,0.02046000,1.46000000
2018-02-23 12:40:34,0.02046000,0.53000000
2018-02-23 12:40:35,0.02045900,0.80000000
2018-02-23 12:40:37,0.02047100,0.36000000
2018-02-23 12:40:37,0.02045700,0.08000000
2018-02-23 12:40:37,0.02044500,0.92000000
2018-02-23 12:40:41,0.02046900,0.80000000
2018-02-23 12:40:42,0.02045200,0.22000000
2018-02-23 12:40:42,0.02045200,0.24000000
2018-02-23 12:40:42,0.02045200,0.10000000
2018-02-23 12:40:43,0.02045200,0.10000000
2018-02-23 12:40:44,0.02046100,0.51000000
2018-02-23 12:40:45,0.02046100,1.80000000
2018-02-23 12:40:45,0.02046100,0.21000000
2018-02-23 12:40:45,0.02045100,0.10000000
2018-02-23 12:40:45,0.02044500,0.18000000
2018-02-23 12:40:46,0.02045700,0.20000000
2018-02-23 12:40:46,0.02044600,0.16000000
2018-02-23 12:40:48,0.02044700,0.30000000
2018-02-23 12:40:48,0.02047000,1.04000000
2018-02-23 12:40:49,0.02045700,0.58000000
2018-02-23 12:40:49,0.02045700,0.72000000
2018-02-23 12:40:49,0.02045700,0.55000000
2018-02-23 12:40:52,0.02045800,0.06000000
2018-02-23 12:40:52,0.02045800,0.66000000
2018-02-23 12:40:52,0.02045200,0.49000000
2018-02-23 12:40:53,0.02046800,0.16000000
2018-02-23 12:40:54,0.02045200,0.13000000
2018-02-23 12:40:55,0.02046900,0.04000000
2018-02-23 12:41:02,0.02045200,0.16000000
2018-02-23 12:41:02,0.02045200,0.16000000
2018-02-23 12:41:04,0.02045200,0.06000000
2018-02-23 12:41:04,0.02044600,1.01000000
2018-02-23 12:41:05,0.02047100,0.13000000
2018-02-23 12:41:05,0.02047800,1.64000000
2018-02-23 12:41:05,0.02047900,6.00000000
2018-02-23 12:41:05,0.02047900,3.66000000
2018-02-23 12:41:06,0.02044900,3.66000000
2018-02-23 12:41:08,0.02045300,2.84000000
2018-02-23 12:41:08,0.02045200,0.55000000
2018-02-23 12:41:08,0.02045100,2.47000000
2018-02-23 12:41:11,0.02046900,3.65000000
2018-02-23 12:41:11,0.02046900,0.01000000
2018-02-23 12:41:11,0.02046900,0.04000000
2018-02-23 12:41:12,0.02046900,2.33000000
2018-02-23 12:41:12,0.02047100,0.10000000
2018-02-23 12:41:12,0.02047100,0.45000000
2018-02-23 12:41:13,0.02046800,0.55000000
2018-02-23 12:41:13,0.02046900,0.55000000
2018-02-23 12:41:16,0.02045400,0.16000000
2018-02-23 12:41:18,0.02048000,0.38000000
2018-02-23 12:41:19,0.02047500,0.83000000
2018-02-23 12:41:19,0.02048000,0.38000000
2018-02-23 12:41:20,0.02048000,0.68000000
2018-02-23 12:41:20,0.02048000,3.45000000
2018-02-23 12:41:20,0.02048000,0.05000000
2018-02-23 12:41:23,0.02048000,6.55000000
2018-02-23 12:41:24,0.02048000,0.75000000
2018-02-23 12:41:25,0.02048000,5.38000000
2018-02-23 12:41:25,0.02046900,0.81000000
2018-02-23 12:41:26,0.02048000,7.14000000
2018-02-23 12:41:28,0.02048000,4.45000000
2018-02-23 12:41:28,0.02046200,0.43000000
2018-02-23 12:41:29,0.02046300,0.35000000
2018-02-23 12:41:29,0.02048600,0.48000000
2018-02-23 12:41:31,0.02048500,0.59000000
2018-02-23 12:41:31,0.02048600,0.20000000
2018-02-23 12:41:31,0.02048600,0.67000000
2018-02-23 12:41:31,0.02046600,0.30000000
2018-02-23 12:41:32,0.02046400,0.16000000
2018-02-23 12:41:32,0.02046500,7.20000000
2018-02-23 12:41:33,0.02048600,1.11000000
2018-02-23 12:41:33,0.02048600,0.02000000
2018-02-23 12:41:33,0.02048700,0.26000000
2018-02-23 12:41:33,0.02049100,0.10000000
2018-02-23 12:41:33,0.02049900,0.38000000
2018-02-23 12:41:33,0.02046400,0.47000000
2018-02-23 12:41:33,0.02046200,0.61000000
2018-02-23 12:41:33,0.02049900,0.71000000
2018-02-23 12:41:33,0.02049900,0.37000000
2018-02-23 12:41:33,0.02049900,5.90000000
2018-02-23 12:41:33,0.02050000,0.46000000
2018-02-23 12:41:33,0.02050000,7.15000000
2018-02-23 12:41:33,0.02050000,1.26000000
2018-02-23 12:41:33,0.02050000,6.55000000
2018-02-23 12:41:33,0.02049900,6.98000000
2018-02-23 12:41:34,0.02046900,0.24000000
2018-02-23 12:41:34,0.02049900,0.24000000
2018-02-23 12:41:34,0.02047300,0.57000000
2018-02-23 12:41:34,0.02047200,2.60000000
2018-02-23 12:41:35,0.02047300,0.10000000
2018-02-23 12:41:35,0.02047300,4.76000000
2018-02-23 12:41:35,0.02047300,4.10000000
2018-02-23 12:41:35,0.02047200,4.76000000
2018-02-23 12:41:35,0.02047100,0.10000000
2018-02-23 12:41:35,0.02046600,0.23000000
2018-02-23 12:41:35,0.02045200,1.00000000
2018-02-23 12:41:35,0.02045100,0.10000000
2018-02-23 12:41:35,0.02044900,1.46000000
2018-02-23 12:41:35,0.02044700,1.23000000
2018-02-23 12:41:35,0.02044600,4.84000000
2018-02-23 12:41:35,0.02049800,7.23000000
2018-02-23 12:41:35,0.02046000,4.76000000
2018-02-23 12:41:35,0.02046000,0.30000000
2018-02-23 12:41:35,0.02049700,0.57000000
2018-02-23 12:41:36,0.02049700,1.46000000
2018-02-23 12:41:36,0.02047100,0.10000000
2018-02-23 12:41:36,0.02049100,0.09000000
2018-02-23 12:41:37,0.02047000,0.26000000
2018-02-23 12:41:37,0.02048500,4.90000000
2018-02-23 12:41:37,0.02047200,0.48000000
2018-02-23 12:41:37,0.02047000,4.36000000
2018-02-23 12:41:37,0.02048500,0.37000000
2018-02-23 12:41:37,0.02048500,0.04000000
2018-02-23 12:41:37,0.02049100,0.01000000
2018-02-23 12:41:37,0.02049600,0.35000000
2018-02-23 12:41:37,0.02047000,0.86000000
2018-02-23 12:41:38,0.02049000,0.24000000
2018-02-23 12:41:38,0.02049600,1.46000000
2018-02-23 12:41:38,0.02049600,1.21000000
2018-02-23 12:41:38,0.02049500,0.24000000
2018-02-23 12:41:38,0.02049600,1.22000000
2018-02-23 12:41:38,0.02049600,1.22000000
2018-02-23 12:41:38,0.02047300,0.26000000
2018-02-23 12:41:38,0.02049000,0.43000000
2018-02-23 12:41:39,0.02049000,1.92000000
2018-02-23 12:41:39,0.02049000,2.84000000
2018-02-23 12:41:39,0.02049000,0.68000000
2018-02-23 12:41:39,0.02047300,0.17000000
2018-02-23 12:41:40,0.02048900,1.46000000
2018-02-23 12:41:40,0.02048900,4.39000000
2018-02-23 12:41:40,0.02049000,0.27000000
2018-02-23 12:41:41,0.02048800,1.45000000
2018-02-23 12:41:41,0.02049000,1.01000000
2018-02-23 12:41:46,0.02047200,0.18000000
2018-02-23 12:41:46,0.02047200,0.02000000
2018-02-23 12:41:47,0.02047700,0.16000000
2018-02-23 12:41:47,0.02047700,2.32000000
2018-02-23 12:41:50,0.02047100,0.10000000
2018-02-23 12:41:50,0.02046300,1.46000000
2018-02-23 12:41:51,0.02045100,0.10000000
2018-02-23 12:41:51,0.02044300,1.46000000
2018-02-23 12:41:53,0.02046600,0.32000000
2018-02-23 12:41:54,0.02046400,0.30000000
2018-02-23 12:41:57,0.02046400,1.16000000
2018-02-23 12:41:57,0.02044700,1.29000000
2018-02-23 12:41:57,0.02044700,10.26000000
2018-02-23 12:41:57,0.02044600,1.20000000
2018-02-23 12:41:59,0.02044700,0.58000000
2018-02-23 12:41:59,0.02043700,1.87000000
2018-02-23 12:42:06,0.02043000,0.48000000
2018-02-23 12:42:07,0.02041600,0.75000000
2018-02-23 12:42:12,0.02041600,0.63000000
2018-02-23 12:42:12,0.02041600,1.46000000
2018-02-23 12:42:12,0.02041600,1.00000000
2018-02-23 12:42:12,0.02042000,0.06000000
2018-02-23 12:42:13,0.02041600,0.17000000
2018-02-23 12:42:14,0.02042400,0.48000000
2018-02-23 12:42:17,0.02043500,0.26000000
2018-02-23 12:42:17,0.02043500,0.22000000
2018-02-23 12:42:17,0.02043500,3.53000000
2018-02-23 12:42:17,0.02043700,0.21000000
2018-02-23 12:42:18,0.02043600,0.22000000
2018-02-23 12:42:20,0.02043600,0.36000000
2018-02-23 12:42:20,0.02043700,0.44000000
2018-02-23 12:42:22,0.02043600,7.36000000
2018-02-23 12:42:22,0.02043700,0.35000000
2018-02-23 12:42:28,0.02043800,0.34000000
2018-02-23 12:42:31,0.02043800,0.34000000
2018-02-23 12:42:32,0.02044000,2.87000000
2018-02-23 12:42:32,0.02043800,12.23000000
2018-02-23 12:42:34,0.02043800,0.20000000
2018-02-23 12:42:36,0.02043800,0.20000000
2018-02-23 12:42:36,0.02044500,10.00000000
2018-02-23 12:42:36,0.02044600,1.46000000
2018-02-23 12:42:37,0.02043800,0.68000000
2018-02-23 12:42:37,0.02043700,16.31000000
2018-02-23 12:42:42,0.02044500,1.80000000
2018-02-23 12:42:47,0.02043900,0.48000000
2018-02-23 12:42:49,0.02044500,0.48000000
2018-02-23 12:42:49,0.02044500,0.36000000
2018-02-23 12:42:49,0.02044500,0.36000000
2018-02-23 12:42:50,0.02044500,0.24000000
2018-02-23 12:42:50,0.02044500,0.16000000
2018-02-23 12:42:54,0.02044500,0.46000000
2018-02-23 12:42:55,0.02044500,3.50000000
2018-02-23 12:42:55,0.02044600,5.78000000
2018-02-23 12:42:57,0.02044600,3.09000000
2018-02-23 12:42:59,0.02043700,0.11000000
2018-02-23 12:43:05,0.02044600,0.53000000
2018-02-23 12:43:08,0.02044600,0.17000000
2018-02-23 12:43:11,0.02043900,1.10000000
2018-02-23 12:43:11,0.02043700,6.14000000
2018-02-23 12:43:11,0.02043700,2.74000000
2018-02-23 12:43:11,0.02044600,0.01000000
2018-02-23 12:43:14,0.02044600,4.55000000
2018-02-23 12:43:14,0.02044600,0.39000000
2018-02-23 12:43:20,0.02044600,0.40000000
2018-02-23 12:43:20,0.02044600,0.62000000
2018-02-23 12:43:20,0.02044800,0.78000000
2018-02-23 12:43:20,0.02044800,0.36000000
2018-02-23 12:43:20,0.02044800,0.21000000
2018-02-23 12:43:20,0.02044800,0.11000000
2018-02-23 12:43:20,0.02045000,4.82000000
2018-02-23 12:43:20,0.02045000,0.18000000
2018-02-23 12:43:20,0.02045000,0.67000000
2018-02-23 12:43:20,0.02045000,4.30000000
2018-02-23 12:43:20,0.02045400,4.22000000
2018-02-23 12:43:20,0.02045400,1.56000000
2018-02-23 12:43:20,0.02046900,0.12000000
2018-02-23 12:43:20,0.02047000,0.24000000
2018-02-23 12:43:20,0.02044900,0.24000000
2018-02-23 12:43:20,0.02044900,0.12000000
2018-02-23 12:43:20,0.02044900,0.84000000
2018-02-23 12:43:21,0.02047000,0.12000000
2018-02-23 12:43:21,0.02047100,0.30000000
2018-02-23 12:43:21,0.02047700,0.27000000
2018-02-23 12:43:22,0.02048300,2.50000000
2018-02-23 12:43:22,0.02049100,0.10000000
2018-02-23 12:43:22,0.02050000,0.06000000
2018-02-23 12:43:25,0.02047300,0.57000000
2018-02-23 12:43:25,0.02047200,0.40000000
2018-02-23 12:43:32,0.02049900,0.57000000
2018-02-23 12:43:32,0.02050000,4.87000000
2018-02-23 12:43:34,0.02047500,3.00000000
2018-02-23 12:43:38,0.02047800,0.57000000
2018-02-23 12:43:38,0.02047700,1.87000000
2018-02-23 12:43:43,0.02049600,1.46000000
2018-02-23 12:43:43,0.02049600,1.46000000
2018-02-23 12:43:43,0.02049600,1.46000000
2018-02-23 12:43:43,0.02049600,0.89000000
2018-02-23 12:43:43,0.02049700,0.57000000
2018-02-23 12:43:46,0.02049900,0.08000000
2018-02-23 12:43:46,0.02049900,0.18000000
2018-02-23 12:43:46,0.02049700,0.89000000
2018-02-23 12:43:46,0.02049500,0.57000000
2018-02-23 12:43:46,0.02049500,1.46000000
2018-02-23 12:43:46,0.02049500,1.46000000
2018-02-23 12:43:46,0.02049500,0.52000000
2018-02-23 12:43:46,0.02049500,1.46000000
2018-02-23 12:43:46,0.02049500,1.46000000
2018-02-23 12:43:46,0.02049500,0.50000000
2018-02-23 12:43:46,0.02049500,0.32000000
2018-02-23 12:43:47,0.02050000,1.10000000
2018-02-23 12:43:47,0.02049600,0.50000000
