DATE,PRICE,VOLUME
2018-02-25 14:00:07,0.02175800,0.06000000
2018-02-25 14:00:09,0.02175800,0.13000000
2018-02-25 14:00:16,0.02177400,0.69000000
2018-02-25 14:00:16,0.02177300,0.60000000
2018-02-25 14:00:16,0.02177300,0.92000000
2018-02-25 14:00:17,0.02177300,0.49000000
2018-02-25 14:00:19,0.02177300,0.17000000
2018-02-25 14:00:21,0.02175800,0.14000000
2018-02-25 14:00:26,0.02175800,0.37000000
2018-02-25 14:00:26,0.02175100,0.12000000
2018-02-25 14:00:27,0.02177300,0.08000000
2018-02-25 14:00:36,0.02177300,0.11000000
2018-02-25 14:00:38,0.02177200,1.00000000
2018-02-25 14:00:40,0.02177100,0.11000000
2018-02-25 14:00:42,0.02177100,0.93000000
2018-02-25 14:00:42,0.02177100,0.12000000
2018-02-25 14:00:43,0.02177100,0.84000000
2018-02-25 14:00:43,0.02177300,1.16000000
2018-02-25 14:00:44,0.02177300,0.13000000
2018-02-25 14:00:48,0.02177300,0.11000000
2018-02-25 14:00:50,0.02177000,0.25000000
2018-02-25 14:00:50,0.02177300,8.75000000
2018-02-25 14:00:51,0.02177300,4.46000000
2018-02-25 14:00:52,0.02177200,0.13000000
2018-02-25 14:00:52,0.02177200,0.14000000
2018-02-25 14:00:53,0.02177200,1.70000000
2018-02-25 14:00:53,0.02175800,12.39000000
2018-02-25 14:00:59,0.02176000,13.05000000
2018-02-25 14:00:59,0.02175800,0.90000000
2018-02-25 14:00:59,0.02175700,4.59000000
2018-02-25 14:00:59,0.02175100,0.29000000
2018-02-25 14:01:02,0.02177000,2.00000000
2018-02-25 14:01:03,0.02175500,0.40000000
2018-02-25 14:01:10,0.02173900,0.29000000
2018-02-25 14:01:10,0.02173800,1.00000000
2018-02-25 14:01:10,0.02173700,0.31000000
2018-02-25 14:01:10,0.02175500,0.01000000
2018-02-25 14:01:10,0.02177000,0.34000000
2018-02-25 14:01:16,0.02177300,0.23000000
2018-02-25 14:01:21,0.02174000,5.00000000
2018-02-25 14:01:30,0.02175300,1.45000000
2018-02-25 14:01:32,0.02175300,0.18000000
2018-02-25 14:01:34,0.02174200,1.50000000
2018-02-25 14:01:40,0.02175300,1.50000000
2018-02-25 14:01:46,0.02174200,0.07000000
2018-02-25 14:01:47,0.02174200,0.99000000
2018-02-25 14:01:48,0.02175300,5.59000000
2018-02-25 14:01:48,0.02175300,1.86000000
2018-02-25 14:01:51,0.02174200,2.02000000
2018-02-25 14:01:51,0.02174000,11.65000000
2018-02-25 14:01:51,0.02174900,0.15000000
2018-02-25 14:01:54,0.02174900,0.11000000
2018-02-25 14:01:56,0.02174800,0.11000000
2018-02-25 14:01:56,0.02174800,2.68000000
2018-02-25 14:01:59,0.02174800,0.46000000
2018-02-25 14:02:00,0.02174800,3.46000000
2018-02-25 14:02:00,0.02174800,11.26000000
2018-02-25 14:02:00,0.02174900,1.30000000
2018-02-25 14:02:00,0.02174900,1.80000000
2018-02-25 14:02:00,0.02174900,0.36000000
2018-02-25 14:02:00,0.02175300,3.56000000
2018-02-25 14:02:00,0.02175300,8.16000000
2018-02-25 14:02:01,0.02175300,0.40000000
2018-02-25 14:02:01,0.02175300,2.30000000
2018-02-25 14:02:01,0.02175300,8.58000000
2018-02-25 14:02:01,0.02175300,9.67000000
2018-02-25 14:02:02,0.02175300,6.14000000
2018-02-25 14:02:02,0.02175300,8.58000000
2018-02-25 14:02:03,0.02174900,0.06000000
2018-02-25 14:02:04,0.02174900,3.70000000
2018-02-25 14:02:05,0.02174900,13.73000000
2018-02-25 14:02:06,0.02174900,5.94000000
2018-02-25 14:02:06,0.02174900,0.11000000
2018-02-25 14:02:08,0.02174900,24.67000000
2018-02-25 14:02:16,0.02174700,2.18000000
2018-02-25 14:02:19,0.02174700,0.45000000
2018-02-25 14:02:20,0.02174700,0.45000000
2018-02-25 14:02:20,0.02174800,0.10000000
2018-02-25 14:02:20,0.02174900,81.98000000
2018-02-25 14:02:26,0.02174900,29.92000000
2018-02-25 14:02:27,0.02174900,0.05000000
2018-02-25 14:02:28,0.02174200,1.14000000
2018-02-25 14:02:30,0.02174900,0.07000000
2018-02-25 14:02:33,0.02174900,0.50000000
2018-02-25 14:02:37,0.02174900,0.30000000
2018-02-25 14:02:39,0.02174900,4.03000000
2018-02-25 14:02:42,0.02174200,0.05000000
2018-02-25 14:02:42,0.02174200,0.05000000
2018-02-25 14:02:42,0.02174200,0.05000000
2018-02-25 14:02:42,0.02174200,0.05000000
2018-02-25 14:02:43,0.02174900,1.38000000
2018-02-25 14:02:46,0.02174200,0.43000000
2018-02-25 14:02:46,0.02174000,0.55000000
2018-02-25 14:02:47,0.02174000,1.53000000
2018-02-25 14:02:48,0.02174000,0.20000000
2018-02-25 14:02:48,0.02174900,0.40000000
2018-02-25 14:02:48,0.02174900,13.25000000
2018-02-25 14:02:48,0.02174900,11.65000000
2018-02-25 14:02:49,0.02175300,0.49000000
2018-02-25 14:02:51,0.02175300,2.57000000
2018-02-25 14:02:52,0.02175300,0.11000000
2018-02-25 14:03:02,0.02175300,2.18000000
2018-02-25 14:03:03,0.02175300,0.11000000
2018-02-25 14:03:08,0.02175300,0.56000000
2018-02-25 14:03:17,0.02174900,0.29000000
2018-02-25 14:03:17,0.02175000,15.14000000
2018-02-25 14:03:17,0.02175000,0.28000000
2018-02-25 14:03:18,0.02175000,0.01000000
2018-02-25 14:03:18,0.02175300,55.98000000
2018-02-25 14:03:18,0.02175700,27.43000000
2018-02-25 14:03:18,0.02175800,7.76000000
2018-02-25 14:03:18,0.02176500,1.59000000
2018-02-25 14:03:18,0.02177300,0.20000000
2018-02-25 14:03:18,0.02178700,0.11000000
2018-02-25 14:03:18,0.02180000,0.16000000
2018-02-25 14:03:18,0.02182400,0.08000000
2018-02-25 14:03:18,0.02182700,4.38000000
2018-02-25 14:03:18,0.02182800,0.69000000
2018-02-25 14:03:18,0.02183000,4.75000000
2018-02-25 14:03:19,0.02175100,0.12000000
2018-02-25 14:03:20,0.02175100,6.74000000
2018-02-25 14:03:20,0.02175000,2.61000000
2018-02-25 14:03:20,0.02182200,0.11000000
2018-02-25 14:03:22,0.02176000,0.05000000
2018-02-25 14:03:23,0.02176000,1.72000000
2018-02-25 14:03:23,0.02175800,1.06000000
2018-02-25 14:03:25,0.02175300,2.00000000
2018-02-25 14:03:25,0.02175200,3.00000000
2018-02-25 14:03:25,0.02175000,2.05000000
2018-02-25 14:03:26,0.02175200,0.50000000
2018-02-25 14:03:26,0.02175100,0.87000000
2018-02-25 14:03:27,0.02180700,1.08000000
2018-02-25 14:03:28,0.02179800,0.49000000
2018-02-25 14:03:32,0.02175300,1.37000000
2018-02-25 14:03:34,0.02176800,0.25000000
2018-02-25 14:03:34,0.02175300,0.93000000
2018-02-25 14:03:37,0.02175300,0.30000000
2018-02-25 14:03:38,0.02175300,0.43000000
2018-02-25 14:03:39,0.02175300,0.12000000
2018-02-25 14:03:39,0.02175300,0.40000000
2018-02-25 14:03:40,0.02175300,1.11000000
2018-02-25 14:03:44,0.02175000,1.95000000
2018-02-25 14:03:44,0.02175000,1.87000000
2018-02-25 14:03:44,0.02175200,0.87000000
2018-02-25 14:03:44,0.02175300,3.48000000
2018-02-25 14:03:46,0.02175500,0.50000000
2018-02-25 14:03:48,0.02179400,0.33000000
2018-02-25 14:03:48,0.02176200,3.21000000
2018-02-25 14:03:54,0.02177700,0.25000000
2018-02-25 14:04:05,0.02176200,0.33000000
2018-02-25 14:04:05,0.02176000,2.67000000
2018-02-25 14:04:06,0.02177500,2.75000000
2018-02-25 14:04:13,0.02176100,0.21000000
2018-02-25 14:04:13,0.02176000,1.44000000
2018-02-25 14:04:13,0.02175300,0.15000000
2018-02-25 14:04:15,0.02175300,1.80000000
2018-02-25 14:04:16,0.02175300,0.46000000
2018-02-25 14:04:21,0.02175500,2.42000000
2018-02-25 14:04:24,0.02175300,2.00000000
2018-02-25 14:04:35,0.02175400,0.08000000
2018-02-25 14:04:38,0.02175400,1.12000000
2018-02-25 14:04:38,0.02175400,0.72000000
2018-02-25 14:04:38,0.02175400,0.60000000
2018-02-25 14:04:38,0.02175400,0.72000000
2018-02-25 14:04:38,0.02175400,0.72000000
2018-02-25 14:04:38,0.02175400,0.60000000
2018-02-25 14:04:38,0.02175300,0.72000000
2018-02-25 14:04:39,0.02175400,0.24000000
2018-02-25 14:04:39,0.02175400,0.08000000
2018-02-25 14:04:40,0.02175400,1.36000000
2018-02-25 14:04:41,0.02175400,0.08000000
2018-02-25 14:04:41,0.02175400,4.97000000
2018-02-25 14:04:49,0.02175400,4.56000000
2018-02-25 14:04:55,0.02175300,0.59000000
2018-02-25 14:04:56,0.02175300,0.35000000
2018-02-25 14:05:00,0.02175400,0.67000000
2018-02-25 14:05:01,0.02175300,0.48000000
2018-02-25 14:05:05,0.02175400,0.11000000
2018-02-25 14:05:05,0.02175300,0.22000000
2018-02-25 14:05:10,0.02175400,2.30000000
2018-02-25 14:05:10,0.02175400,1.37000000
2018-02-25 14:05:10,0.02175400,2.05000000
2018-02-25 14:05:10,0.02175300,0.25000000
2018-02-25 14:05:10,0.02175400,0.30000000
2018-02-25 14:05:10,0.02175300,1.37000000
2018-02-25 14:05:15,0.02175400,21.38000000
2018-02-25 14:05:19,0.02175300,0.47000000
2018-02-25 14:05:19,0.02175300,0.47000000
2018-02-25 14:05:24,0.02174400,0.05000000
2018-02-25 14:05:26,0.02174400,0.05000000
2018-02-25 14:05:28,0.02174400,1.24000000
2018-02-25 14:05:34,0.02174400,0.22000000
2018-02-25 14:05:35,0.02174400,4.34000000
2018-02-25 14:05:37,0.02174400,0.01000000
2018-02-25 14:05:42,0.02174400,0.10000000
2018-02-25 14:05:46,0.02174000,0.52000000
2018-02-25 14:05:58,0.02174400,0.46000000
2018-02-25 14:05:58,0.02175300,12.82000000
2018-02-25 14:05:58,0.02175400,0.42000000
2018-02-25 14:06:01,0.02174300,0.08000000
2018-02-25 14:06:01,0.02174300,0.05000000
2018-02-25 14:06:02,0.02174300,1.81000000
2018-02-25 14:06:02,0.02175400,0.59000000
2018-02-25 14:06:02,0.02174000,1.08000000
2018-02-25 14:06:11,0.02174000,0.02000000
2018-02-25 14:06:15,0.02173900,0.67000000
2018-02-25 14:06:18,0.02174000,0.03000000
2018-02-25 14:06:18,0.02174300,0.61000000
2018-02-25 14:06:28,0.02174200,0.37000000
2018-02-25 14:06:30,0.02174200,0.44000000
2018-02-25 14:06:35,0.02174200,0.45000000
2018-02-25 14:06:41,0.02174200,1.86000000
2018-02-25 14:06:41,0.02174300,0.21000000
2018-02-25 14:06:42,0.02174300,0.62000000
2018-02-25 14:06:48,0.02174100,1.77000000
2018-02-25 14:06:52,0.02174100,0.19000000
2018-02-25 14:06:53,0.02174300,0.50000000
2018-02-25 14:06:59,0.02174000,0.06000000
2018-02-25 14:06:59,0.02174300,0.40000000
2018-02-25 14:07:02,0.02174300,3.68000000
2018-02-25 14:07:02,0.02175300,1.32000000
2018-02-25 14:07:07,0.02173800,0.20000000
2018-02-25 14:07:09,0.02175300,0.82000000
2018-02-25 14:07:10,0.02174400,0.45000000
2018-02-25 14:07:10,0.02175300,0.63000000
2018-02-25 14:07:18,0.02174400,0.36000000
2018-02-25 14:07:18,0.02175000,0.64000000
2018-02-25 14:07:19,0.02175000,0.90000000
2018-02-25 14:07:26,0.02175000,0.95000000
2018-02-25 14:07:26,0.02175000,0.01000000
2018-02-25 14:07:26,0.02175300,3.47000000
2018-02-25 14:07:26,0.02175400,20.61000000
2018-02-25 14:07:26,0.02175500,15.56000000
2018-02-25 14:07:26,0.02178800,0.83000000
2018-02-25 14:07:26,0.02179500,3.08000000
2018-02-25 14:07:26,0.02179700,2.00000000
2018-02-25 14:07:26,0.02180000,0.10000000
2018-02-25 14:07:26,0.02181000,0.34000000
2018-02-25 14:07:40,0.02176700,0.07000000
2018-02-25 14:07:41,0.02179800,0.01000000
2018-02-25 14:07:46,0.02175600,0.11000000
2018-02-25 14:07:51,0.02179000,0.11000000
2018-02-25 14:07:51,0.02179200,4.87000000
2018-02-25 14:07:51,0.02179600,2.02000000
2018-02-25 14:07:54,0.02179500,0.18000000
2018-02-25 14:07:54,0.02176300,0.70000000
2018-02-25 14:07:56,0.02179400,0.07000000
2018-02-25 14:07:56,0.02179500,0.06000000
2018-02-25 14:07:56,0.02179600,0.49000000
2018-02-25 14:07:57,0.02176300,7.66000000
2018-02-25 14:07:59,0.02176800,2.51000000
2018-02-25 14:07:59,0.02175300,0.03000000
2018-02-25 14:08:00,0.02175800,6.87000000
2018-02-25 14:08:01,0.02175600,1.93000000
2018-02-25 14:08:01,0.02175300,0.47000000
2018-02-25 14:08:01,0.02174300,8.07000000
2018-02-25 14:08:01,0.02173700,0.25000000
2018-02-25 14:08:03,0.02173900,0.91000000
2018-02-25 14:08:03,0.02173700,0.37000000
2018-02-25 14:08:03,0.02173600,0.51000000
2018-02-25 14:08:05,0.02178000,6.87000000
2018-02-25 14:08:06,0.02178400,0.08000000
2018-02-25 14:08:07,0.02174400,3.66000000
2018-02-25 14:08:10,0.02174400,0.36000000
2018-02-25 14:08:12,0.02175000,1.50000000
2018-02-25 14:08:15,0.02175000,3.87000000
2018-02-25 14:08:17,0.02175000,6.98000000
2018-02-25 14:08:18,0.02177200,0.17000000
2018-02-25 14:08:23,0.02174200,1.26000000
2018-02-25 14:08:27,0.02174200,1.85000000
2018-02-25 14:08:27,0.02173600,23.32000000
2018-02-25 14:08:30,0.02176300,0.45000000
2018-02-25 14:08:32,0.02176300,0.45000000
2018-02-25 14:08:32,0.02176300,0.96000000
2018-02-25 14:08:35,0.02173600,1.26000000
2018-02-25 14:08:38,0.02174000,1.98000000
2018-02-25 14:08:39,0.02173600,0.11000000
2018-02-25 14:08:42,0.02174000,0.01000000
2018-02-25 14:08:42,0.02174200,0.32000000
2018-02-25 14:08:42,0.02175500,0.07000000
2018-02-25 14:08:42,0.02178900,0.06000000
2018-02-25 14:08:48,0.02178300,0.18000000
2018-02-25 14:08:51,0.02178000,0.06000000
2018-02-25 14:08:53,0.02178000,3.01000000
2018-02-25 14:08:57,0.02175000,0.48000000
2018-02-25 14:09:03,0.02175000,3.04000000
2018-02-25 14:09:06,0.02175000,0.45000000
2018-02-25 14:09:06,0.02174000,0.68000000
2018-02-25 14:09:06,0.02173600,9.46000000
2018-02-25 14:09:06,0.02174000,0.14000000
2018-02-25 14:09:06,0.02174000,0.01000000
2018-02-25 14:09:06,0.02175000,0.12000000
2018-02-25 14:09:08,0.02175000,0.20000000
2018-02-25 14:09:11,0.02175000,0.10000000
2018-02-25 14:09:26,0.02177800,0.45000000
2018-02-25 14:09:26,0.02177800,0.45000000
2018-02-25 14:09:28,0.02175000,0.14000000
2018-02-25 14:09:28,0.02175000,0.85000000
2018-02-25 14:09:35,0.02175000,6.41000000
2018-02-25 14:09:38,0.02175000,0.08000000
2018-02-25 14:09:39,0.02173600,0.04000000
2018-02-25 14:09:39,0.02174900,5.16000000
2018-02-25 14:09:45,0.02173900,0.80000000
2018-02-25 14:09:47,0.02174900,0.01000000
2018-02-25 14:09:47,0.02175000,1.50000000
2018-02-25 14:09:47,0.02175000,5.50000000
2018-02-25 14:09:47,0.02175000,1.94000000
2018-02-25 14:09:48,0.02173900,0.49000000
2018-02-25 14:09:49,0.02175000,1.62000000
2018-02-25 14:09:50,0.02175000,7.16000000
2018-02-25 14:09:53,0.02174800,0.96000000
2018-02-25 14:09:54,0.02174800,0.01000000
2018-02-25 14:09:54,0.02175000,0.48000000
2018-02-25 14:09:54,0.02175000,3.95000000
2018-02-25 14:09:56,0.02173900,0.04000000
2018-02-25 14:09:56,0.02175000,6.38000000
2018-02-25 14:10:00,0.02174000,1.50000000
2018-02-25 14:10:02,0.02175000,0.01000000
2018-02-25 14:10:02,0.02177900,0.04000000
2018-02-25 14:10:15,0.02175200,3.20000000
2018-02-25 14:10:20,0.02177900,1.37000000
2018-02-25 14:10:21,0.02177900,2.22000000
2018-02-25 14:10:27,0.02177900,6.00000000
2018-02-25 14:10:28,0.02178600,3.20000000
2018-02-25 14:10:28,0.02179500,0.40000000
2018-02-25 14:10:29,0.02177900,0.17000000
2018-02-25 14:10:33,0.02180000,0.11000000
2018-02-25 14:10:33,0.02177900,1.51000000
2018-02-25 14:10:34,0.02180000,0.11000000
2018-02-25 14:10:35,0.02177900,0.08000000
2018-02-25 14:10:37,0.02177900,0.45000000
2018-02-25 14:10:41,0.02180000,0.45000000
2018-02-25 14:10:45,0.02180000,0.52000000
2018-02-25 14:10:45,0.02181000,0.50000000
2018-02-25 14:10:47,0.02181000,0.42000000
2018-02-25 14:10:48,0.02178000,2.22000000
2018-02-25 14:10:49,0.02178000,0.17000000
2018-02-25 14:10:50,0.02178000,1.99000000
2018-02-25 14:10:51,0.02178000,0.45000000
2018-02-25 14:10:52,0.02178000,2.87000000
2018-02-25 14:10:53,0.02177900,2.18000000
2018-02-25 14:10:55,0.02177900,6.00000000
2018-02-25 14:10:55,0.02177900,3.00000000
2018-02-25 14:10:58,0.02177900,1.06000000
2018-02-25 14:11:01,0.02177900,0.42000000
2018-02-25 14:11:05,0.02177900,2.66000000
2018-02-25 14:11:13,0.02177900,0.11000000
2018-02-25 14:11:15,0.02177900,1.27000000
2018-02-25 14:11:15,0.02177900,1.28000000
2018-02-25 14:11:15,0.02177900,0.90000000
2018-02-25 14:11:16,0.02177900,0.11000000
2018-02-25 14:11:17,0.02177900,0.04000000
2018-02-25 14:11:18,0.02177900,0.82000000
2018-02-25 14:11:18,0.02177900,0.46000000
2018-02-25 14:11:19,0.02177900,0.12000000
2018-02-25 14:11:19,0.02177900,15.16000000
2018-02-25 14:11:32,0.02176300,0.06000000
2018-02-25 14:11:33,0.02175300,0.30000000
2018-02-25 14:11:34,0.02177000,0.50000000
2018-02-25 14:11:49,0.02177800,0.37000000
2018-02-25 14:11:49,0.02177900,0.90000000
2018-02-25 14:11:49,0.02179100,4.38000000
2018-02-25 14:11:49,0.02181000,8.77000000
2018-02-25 14:11:49,0.02181000,0.12000000
2018-02-25 14:11:49,0.02181000,0.12000000
2018-02-25 14:11:49,0.02181000,0.12000000
2018-02-25 14:11:50,0.02181000,0.23000000
2018-02-25 14:11:50,0.02181000,0.10000000
2018-02-25 14:11:50,0.02181000,1.10000000
2018-02-25 14:11:50,0.02181000,0.10000000
2018-02-25 14:11:50,0.02181000,0.16000000
2018-02-25 14:11:50,0.02181000,1.10000000
2018-02-25 14:11:51,0.02181000,0.10000000
2018-02-25 14:11:51,0.02181000,0.46000000
2018-02-25 14:11:51,0.02181000,2.07000000
2018-02-25 14:11:53,0.02181000,0.46000000
2018-02-25 14:11:53,0.02181000,1.93000000
2018-02-25 14:11:54,0.02181000,0.20000000
2018-02-25 14:11:54,0.02181000,0.21000000
2018-02-25 14:11:54,0.02177100,0.14000000
2018-02-25 14:11:55,0.02181000,2.25000000
2018-02-25 14:11:55,0.02181000,0.04000000
2018-02-25 14:11:55,0.02177500,0.42000000
2018-02-25 14:12:03,0.02177500,0.29000000
2018-02-25 14:12:03,0.02181300,0.36000000
2018-02-25 14:12:09,0.02179800,0.56000000
2018-02-25 14:12:17,0.02178000,1.12000000
2018-02-25 14:12:19,0.02178000,0.33000000
2018-02-25 14:12:30,0.02179000,0.15000000
2018-02-25 14:12:30,0.02179100,0.14000000
2018-02-25 14:12:30,0.02179200,0.16000000
2018-02-25 14:12:37,0.02178300,1.36000000
2018-02-25 14:12:54,0.02178400,0.23000000
2018-02-25 14:12:54,0.02178300,0.04000000
2018-02-25 14:12:56,0.02178300,0.68000000
2018-02-25 14:13:02,0.02178000,0.20000000
2018-02-25 14:13:03,0.02178200,0.69000000
2018-02-25 14:13:03,0.02178300,1.05000000
2018-02-25 14:13:03,0.02179200,1.73000000
2018-02-25 14:13:08,0.02178300,0.11000000
2018-02-25 14:13:09,0.02178300,0.11000000
2018-02-25 14:13:27,0.02178300,1.00000000
2018-02-25 14:13:36,0.02178300,1.00000000
2018-02-25 14:13:50,0.02178300,0.49000000
2018-02-25 14:13:56,0.02178300,0.93000000
2018-02-25 14:13:56,0.02178000,3.07000000
2018-02-25 14:13:58,0.02178000,0.88000000
2018-02-25 14:13:59,0.02178200,3.35000000
2018-02-25 14:14:03,0.02179200,10.22000000
2018-02-25 14:14:05,0.02179200,1.92000000
2018-02-25 14:14:05,0.02180000,6.55000000
2018-02-25 14:14:13,0.02178500,0.14000000
2018-02-25 14:14:13,0.02178300,0.20000000
2018-02-25 14:14:14,0.02178300,0.15000000
2018-02-25 14:14:21,0.02178300,0.45000000
2018-02-25 14:14:21,0.02180000,0.56000000
2018-02-25 14:14:29,0.02180000,3.26000000
2018-02-25 14:14:34,0.02180000,6.29000000
2018-02-25 14:14:47,0.02178500,0.46000000
2018-02-25 14:14:47,0.02178300,2.18000000
2018-02-25 14:14:47,0.02178300,0.23000000
2018-02-25 14:14:47,0.02178300,2.11000000
2018-02-25 14:14:48,0.02179900,0.17000000
2018-02-25 14:14:48,0.02179900,0.05000000
2018-02-25 14:14:48,0.02179900,0.01000000
2018-02-25 14:14:48,0.02180000,0.33000000
2018-02-25 14:14:52,0.02180000,0.16000000
2018-02-25 14:14:56,0.02181300,0.64000000
2018-02-25 14:14:56,0.02180100,0.07000000
2018-02-25 14:14:57,0.02180100,0.83000000
2018-02-25 14:14:57,0.02180000,0.07000000
2018-02-25 14:14:57,0.02178500,0.70000000
2018-02-25 14:14:57,0.02178300,4.38000000
2018-02-25 14:14:57,0.02178200,9.17000000
2018-02-25 14:14:57,0.02178000,16.90000000
2018-02-25 14:14:57,0.02177900,2.33000000
2018-02-25 14:14:57,0.02177000,1.73000000
2018-02-25 14:14:57,0.02176900,0.44000000
2018-02-25 14:14:57,0.02175300,0.25000000
2018-02-25 14:14:57,0.02175000,0.17000000
2018-02-25 14:14:57,0.02174900,0.05000000
2018-02-25 14:14:57,0.02174500,3.87000000
2018-02-25 14:14:57,0.02174200,0.49000000
2018-02-25 14:14:57,0.02174100,0.68000000
2018-02-25 14:14:57,0.02174000,0.52000000
2018-02-25 14:14:57,0.02173900,27.15000000
2018-02-25 14:14:57,0.02181300,0.44000000
2018-02-25 14:15:00,0.02181100,0.45000000
2018-02-25 14:15:00,0.02181200,0.45000000
2018-02-25 14:15:03,0.02180000,2.77000000
2018-02-25 14:15:03,0.02178500,0.18000000
2018-02-25 14:15:04,0.02180000,0.11000000
2018-02-25 14:15:09,0.02180000,0.01000000
2018-02-25 14:15:10,0.02181200,2.47000000
2018-02-25 14:15:10,0.02181200,2.31000000
2018-02-25 14:15:11,0.02181200,1.14000000
2018-02-25 14:15:12,0.02181300,1.21000000
2018-02-25 14:15:12,0.02178400,0.15000000
2018-02-25 14:15:14,0.02181300,0.01000000
2018-02-25 14:15:14,0.02181500,0.22000000
2018-02-25 14:15:14,0.02181500,0.60000000
2018-02-25 14:15:15,0.02181500,0.18000000
2018-02-25 14:15:15,0.02182300,1.00000000
2018-02-25 14:15:15,0.02180000,1.26000000
2018-02-25 14:15:17,0.02180000,1.09000000
2018-02-25 14:15:18,0.02182400,0.64000000
2018-02-25 14:15:22,0.02180100,0.70000000
2018-02-25 14:15:23,0.02182400,0.36000000
2018-02-25 14:15:23,0.02183000,11.26000000
2018-02-25 14:15:23,0.02183100,0.49000000
2018-02-25 14:15:23,0.02183200,0.07000000
2018-02-25 14:15:23,0.02183200,0.01000000
2018-02-25 14:15:24,0.02180600,0.40000000
2018-02-25 14:15:26,0.02180600,0.30000000
2018-02-25 14:15:28,0.02180600,0.70000000
2018-02-25 14:15:28,0.02180600,0.40000000
2018-02-25 14:15:29,0.02181100,0.43000000
2018-02-25 14:15:30,0.02181100,1.57000000
2018-02-25 14:15:31,0.02181100,0.40000000
2018-02-25 14:15:32,0.02181100,0.43000000
2018-02-25 14:15:33,0.02181100,0.40000000
2018-02-25 14:15:34,0.02181100,0.33000000
2018-02-25 14:15:35,0.02181100,1.04000000
2018-02-25 14:15:36,0.02181100,0.30000000
2018-02-25 14:15:36,0.02184800,0.30000000
2018-02-25 14:15:36,0.02184800,0.05000000
2018-02-25 14:15:36,0.02181400,0.43000000
2018-02-25 14:15:38,0.02184700,0.45000000
2018-02-25 14:15:38,0.02181700,0.30000000
2018-02-25 14:15:39,0.02181700,0.43000000
2018-02-25 14:15:40,0.02181700,0.95000000
2018-02-25 14:15:41,0.02181700,0.50000000
2018-02-25 14:15:41,0.02181700,2.33000000
2018-02-25 14:15:41,0.02181700,0.01000000
2018-02-25 14:15:41,0.02181200,0.42000000
2018-02-25 14:15:41,0.02181200,0.42000000
2018-02-25 14:15:43,0.02181200,0.01000000
2018-02-25 14:15:43,0.02180600,0.39000000
2018-02-25 14:15:44,0.02183200,1.00000000
2018-02-25 14:15:46,0.02180600,0.92000000
2018-02-25 14:15:46,0.02181700,0.22000000
2018-02-25 14:15:47,0.02180600,0.22000000
2018-02-25 14:15:48,0.02180600,0.08000000
2018-02-25 14:15:49,0.02180600,0.17000000
2018-02-25 14:15:49,0.02181500,0.15000000
2018-02-25 14:15:49,0.02180600,5.99000000
2018-02-25 14:15:49,0.02180000,9.45000000
2018-02-25 14:15:49,0.02179400,0.45000000
2018-02-25 14:15:49,0.02178400,4.87000000
2018-02-25 14:15:49,0.02178400,3.39000000
2018-02-25 14:15:51,0.02180600,1.10000000
2018-02-25 14:15:51,0.02180600,8.26000000
2018-02-25 14:15:51,0.02180600,3.65000000
2018-02-25 14:15:53,0.02178300,0.92000000
2018-02-25 14:15:55,0.02178300,0.08000000
2018-02-25 14:15:58,0.02178400,0.79000000
2018-02-25 14:15:59,0.02178400,0.17000000
2018-02-25 14:16:01,0.02178400,0.56000000
2018-02-25 14:16:04,0.02180100,1.88000000
2018-02-25 14:16:04,0.02180300,4.84000000
2018-02-25 14:16:04,0.02180800,0.70000000
2018-02-25 14:16:04,0.02182000,15.36000000
2018-02-25 14:16:07,0.02180100,1.51000000
2018-02-25 14:16:08,0.02180100,11.35000000
2018-02-25 14:16:09,0.02178400,0.17000000
2018-02-25 14:16:09,0.02180100,44.95000000
2018-02-25 14:16:19,0.02180100,0.17000000
2018-02-25 14:16:20,0.02182000,4.00000000
2018-02-25 14:16:29,0.02180100,0.17000000
2018-02-25 14:16:29,0.02180100,0.08000000
2018-02-25 14:16:29,0.02179600,1.90000000
2018-02-25 14:16:39,0.02178900,0.57000000
2018-02-25 14:16:39,0.02178900,0.17000000
2018-02-25 14:16:41,0.02181900,0.45000000
2018-02-25 14:16:43,0.02181900,0.77000000
2018-02-25 14:16:45,0.02181900,0.45000000
2018-02-25 14:16:47,0.02180100,0.06000000
2018-02-25 14:16:47,0.02181400,0.23000000
2018-02-25 14:16:47,0.02181500,8.23000000
2018-02-25 14:16:49,0.02178600,0.17000000
2018-02-25 14:16:50,0.02181500,2.84000000
2018-02-25 14:16:53,0.02178900,5.99000000
2018-02-25 14:17:12,0.02179100,2.98000000
2018-02-25 14:17:12,0.02178900,1.92000000
2018-02-25 14:17:14,0.02181300,5.99000000
2018-02-25 14:17:14,0.02181400,9.17000000
2018-02-25 14:17:14,0.02181900,0.07000000
2018-02-25 14:17:14,0.02182000,2.40000000
2018-02-25 14:17:14,0.02182700,4.48000000
2018-02-25 14:17:14,0.02183000,20.89000000
2018-02-25 14:17:25,0.02181200,1.05000000
2018-02-25 14:17:27,0.02178900,3.89000000
2018-02-25 14:17:29,0.02182900,0.50000000
2018-02-25 14:17:42,0.02182600,0.45000000
2018-02-25 14:17:46,0.02179500,0.10000000
2018-02-25 14:17:46,0.02179400,6.84000000
2018-02-25 14:17:47,0.02182600,0.30000000
2018-02-25 14:17:52,0.02179500,3.35000000
2018-02-25 14:17:53,0.02179200,4.37000000
2018-02-25 14:17:58,0.02179200,0.06000000
2018-02-25 14:18:09,0.02179500,0.16000000
2018-02-25 14:18:09,0.02179200,4.35000000
2018-02-25 14:18:10,0.02178900,6.84000000
2018-02-25 14:18:11,0.02179000,0.46000000
2018-02-25 14:18:14,0.02179400,0.48000000
2018-02-25 14:18:16,0.02181700,0.48000000
2018-02-25 14:18:16,0.02181800,0.01000000
2018-02-25 14:18:17,0.02179200,2.16000000
2018-02-25 14:18:18,0.02179200,9.64000000
2018-02-25 14:18:24,0.02179200,1.12000000
2018-02-25 14:18:26,0.02181500,0.10000000
2018-02-25 14:18:26,0.02181800,1.03000000
2018-02-25 14:18:29,0.02179200,0.50000000
2018-02-25 14:18:30,0.02179200,0.06000000
2018-02-25 14:18:32,0.02181800,1.33000000
2018-02-25 14:18:34,0.02181800,1.00000000
2018-02-25 14:18:35,0.02181800,1.00000000
2018-02-25 14:18:36,0.02181900,1.00000000
2018-02-25 14:18:37,0.02181900,1.00000000
2018-02-25 14:18:37,0.02179200,22.76000000
2018-02-25 14:18:37,0.02181900,8.42000000
2018-02-25 14:18:37,0.02179500,1.00000000
2018-02-25 14:18:40,0.02179500,3.50000000
2018-02-25 14:18:43,0.02182900,2.44000000
2018-02-25 14:18:48,0.02182700,4.50000000
2018-02-25 14:18:48,0.02182900,9.60000000
2018-02-25 14:18:48,0.02183000,50.54000000
2018-02-25 14:18:48,0.02183000,1.00000000
2018-02-25 14:18:48,0.02183000,1.00000000
2018-02-25 14:18:52,0.02183000,0.69000000
2018-02-25 14:18:52,0.02183000,5.25000000
2018-02-25 14:18:54,0.02183000,2.98000000
2018-02-25 14:18:54,0.02183000,0.11000000
2018-02-25 14:18:57,0.02184800,0.51000000
2018-02-25 14:18:58,0.02183000,0.57000000
2018-02-25 14:18:58,0.02183000,10.26000000
2018-02-25 14:19:00,0.02183900,2.29000000
2018-02-25 14:19:01,0.02183900,0.27000000
2018-02-25 14:19:02,0.02183900,0.55000000
2018-02-25 14:19:02,0.02183000,0.48000000
2018-02-25 14:19:02,0.02183000,0.11000000
2018-02-25 14:19:02,0.02184800,0.17000000
2018-02-25 14:19:02,0.02184900,11.25000000
2018-02-25 14:19:02,0.02185000,18.58000000
2018-02-25 14:19:03,0.02183000,0.46000000
2018-02-25 14:19:04,0.02183900,0.46000000
2018-02-25 14:19:04,0.02183900,0.04000000
2018-02-25 14:19:07,0.02183400,0.10000000
2018-02-25 14:19:07,0.02183000,0.20000000
2018-02-25 14:19:09,0.02183000,3.02000000
2018-02-25 14:19:10,0.02183000,0.11000000
2018-02-25 14:19:10,0.02183000,5.79000000
2018-02-25 14:19:10,0.02183000,1.64000000
2018-02-25 14:19:15,0.02183000,4.60000000
2018-02-25 14:19:17,0.02183000,1.23000000
2018-02-25 14:19:20,0.02180800,0.19000000
2018-02-25 14:19:21,0.02181800,1.62000000
2018-02-25 14:19:25,0.02180600,0.11000000
2018-02-25 14:19:35,0.02183200,0.19000000
2018-02-25 14:19:35,0.02183300,0.26000000
2018-02-25 14:19:40,0.02181600,1.46000000
2018-02-25 14:19:40,0.02180100,21.35000000
2018-02-25 14:19:40,0.02180000,4.37000000
2018-02-25 14:19:41,0.02180000,5.88000000
2018-02-25 14:19:41,0.02180000,0.18000000
2018-02-25 14:19:42,0.02180000,9.99000000
2018-02-25 14:19:43,0.02180000,0.45000000
2018-02-25 14:19:45,0.02180000,1.77000000
2018-02-25 14:19:46,0.02179900,0.65000000
2018-02-25 14:19:47,0.02180000,0.24000000
2018-02-25 14:19:47,0.02180000,0.11000000
2018-02-25 14:19:53,0.02179700,0.10000000
2018-02-25 14:20:01,0.02179500,0.16000000
2018-02-25 14:20:02,0.02179500,0.10000000
2018-02-25 14:20:02,0.02179700,0.16000000
2018-02-25 14:20:02,0.02182600,4.20000000
2018-02-25 14:20:09,0.02179700,0.90000000
2018-02-25 14:20:14,0.02179700,0.10000000
2018-02-25 14:20:14,0.02180000,0.05000000
2018-02-25 14:20:14,0.02179300,0.50000000
2018-02-25 14:20:25,0.02179900,5.35000000
2018-02-25 14:20:29,0.02180000,0.08000000
2018-02-25 14:20:29,0.02179400,0.49000000
2018-02-25 14:20:31,0.02180000,0.88000000
2018-02-25 14:20:48,0.02180200,0.29000000
2018-02-25 14:20:51,0.02182400,1.37000000
2018-02-25 14:20:58,0.02180200,0.47000000
2018-02-25 14:21:04,0.02180400,1.27000000
2018-02-25 14:21:06,0.02180400,2.27000000
2018-02-25 14:21:09,0.02181700,0.27000000
2018-02-25 14:21:21,0.02181600,3.63000000
2018-02-25 14:21:23,0.02180200,1.32000000
2018-02-25 14:21:25,0.02180400,0.10000000
2018-02-25 14:21:25,0.02181200,9.80000000
2018-02-25 14:21:26,0.02181200,2.21000000
2018-02-25 14:21:26,0.02181700,0.50000000
2018-02-25 14:21:26,0.02181700,0.11000000
2018-02-25 14:21:27,0.02181700,0.10000000
2018-02-25 14:21:30,0.02181700,1.10000000
2018-02-25 14:21:31,0.02181700,0.11000000
2018-02-25 14:21:33,0.02181700,0.75000000
2018-02-25 14:21:35,0.02182000,6.30000000
2018-02-25 14:21:36,0.02179400,0.22000000
2018-02-25 14:21:36,0.02179200,0.61000000
2018-02-25 14:21:39,0.02181700,0.11000000
2018-02-25 14:21:39,0.02181700,0.10000000
2018-02-25 14:21:39,0.02181700,0.08000000
2018-02-25 14:21:45,0.02181700,5.62000000
2018-02-25 14:21:51,0.02181700,0.33000000
2018-02-25 14:21:52,0.02181700,0.50000000
2018-02-25 14:21:52,0.02181700,0.11000000
2018-02-25 14:21:55,0.02181700,0.11000000
2018-02-25 14:21:59,0.02181700,0.55000000
2018-02-25 14:22:01,0.02181700,1.00000000
2018-02-25 14:22:03,0.02181700,1.12000000
2018-02-25 14:22:03,0.02182100,0.49000000
2018-02-25 14:22:03,0.02181700,0.05000000
2018-02-25 14:22:08,0.02181700,0.11000000
2018-02-25 14:22:14,0.02182000,0.49000000
2018-02-25 14:22:22,0.02182000,4.52000000
2018-02-25 14:22:27,0.02182000,1.00000000
2018-02-25 14:22:28,0.02182100,0.19000000
2018-02-25 14:22:33,0.02182100,0.45000000
2018-02-25 14:22:35,0.02182100,0.11000000
2018-02-25 14:22:35,0.02182100,0.54000000
2018-02-25 14:22:39,0.02182600,0.45000000
2018-02-25 14:22:42,0.02182000,0.24000000
2018-02-25 14:22:50,0.02182600,0.45000000
2018-02-25 14:22:52,0.02182600,0.45000000
2018-02-25 14:22:54,0.02182600,0.11000000
2018-02-25 14:22:54,0.02182100,0.88000000
2018-02-25 14:23:03,0.02182100,1.40000000
2018-02-25 14:23:05,0.02182600,0.14000000
2018-02-25 14:23:05,0.02183000,0.16000000
2018-02-25 14:23:08,0.02183300,0.11000000
2018-02-25 14:23:21,0.02182600,0.22000000
2018-02-25 14:23:33,0.02183200,0.45000000
2018-02-25 14:23:35,0.02183200,1.63000000
2018-02-25 14:23:35,0.02183300,15.22000000
2018-02-25 14:23:36,0.02183200,1.82000000
2018-02-25 14:23:41,0.02183200,0.31000000
2018-02-25 14:23:43,0.02182600,0.50000000
2018-02-25 14:23:47,0.02182600,0.09000000
2018-02-25 14:23:49,0.02183200,0.12000000
2018-02-25 14:23:55,0.02182600,0.49000000
2018-02-25 14:23:56,0.02183200,3.00000000
2018-02-25 14:23:56,0.02183200,0.55000000
2018-02-25 14:23:56,0.02182600,2.45000000
2018-02-25 14:23:58,0.02185000,2.58000000
2018-02-25 14:23:58,0.02185300,1.62000000
2018-02-25 14:23:59,0.02185000,0.09000000
2018-02-25 14:23:59,0.02185300,1.35000000
2018-02-25 14:23:59,0.02185400,1.70000000
2018-02-25 14:24:01,0.02183200,0.54000000
2018-02-25 14:24:01,0.02185000,0.09000000
2018-02-25 14:24:01,0.02185300,0.09000000
2018-02-25 14:24:01,0.02185400,0.87000000
2018-02-25 14:24:02,0.02185000,0.09000000
2018-02-25 14:24:02,0.02185000,0.48000000
2018-02-25 14:24:02,0.02185000,1.31000000
2018-02-25 14:24:02,0.02185000,0.09000000
2018-02-25 14:24:03,0.02185000,2.29000000
2018-02-25 14:24:03,0.02185000,0.11000000
2018-02-25 14:24:04,0.02185000,0.11000000
2018-02-25 14:24:04,0.02185000,0.08000000
2018-02-25 14:24:04,0.02185000,10.33000000
2018-02-25 14:24:04,0.02183300,2.33000000
2018-02-25 14:24:04,0.02183200,0.70000000
2018-02-25 14:24:04,0.02182700,4.37000000
2018-02-25 14:24:04,0.02182600,10.27000000
2018-02-25 14:24:04,0.02182100,2.00000000
2018-02-25 14:24:04,0.02182000,17.48000000
2018-02-25 14:24:04,0.02180100,16.00000000
2018-02-25 14:24:04,0.02180000,11.98000000
2018-02-25 14:24:04,0.02179500,0.16000000
2018-02-25 14:24:04,0.02179200,4.38000000
2018-02-25 14:24:04,0.02178900,5.00000000
2018-02-25 14:24:05,0.02185300,0.09000000
2018-02-25 14:24:05,0.02185400,9.45000000
2018-02-25 14:24:05,0.02185900,0.12000000
2018-02-25 14:24:05,0.02187500,12.36000000
2018-02-25 14:24:05,0.02187800,1.00000000
2018-02-25 14:24:05,0.02188300,0.49000000
2018-02-25 14:24:05,0.02189000,11.51000000
2018-02-25 14:24:05,0.02189100,8.32000000
2018-02-25 14:24:05,0.02189400,3.87000000
2018-02-25 14:24:05,0.02189600,7.32000000
2018-02-25 14:24:05,0.02189800,0.30000000
2018-02-25 14:24:05,0.02189900,9.05000000
2018-02-25 14:24:05,0.02190000,11.56000000
2018-02-25 14:24:05,0.02190300,6.41000000
2018-02-25 14:24:05,0.02191300,0.12000000
2018-02-25 14:24:05,0.02191400,0.30000000
2018-02-25 14:24:05,0.02191800,0.31000000
2018-02-25 14:24:05,0.02192000,1.24000000
2018-02-25 14:24:05,0.02192600,2.15000000
2018-02-25 14:24:06,0.02183300,0.13000000
2018-02-25 14:24:06,0.02182500,0.53000000
2018-02-25 14:24:11,0.02181700,0.06000000
2018-02-25 14:24:12,0.02184700,0.93000000
2018-02-25 14:24:23,0.02181700,0.07000000
2018-02-25 14:24:30,0.02184100,1.34000000
2018-02-25 14:24:31,0.02184100,0.19000000
2018-02-25 14:24:31,0.02184100,0.45000000
2018-02-25 14:24:48,0.02181700,1.91000000
2018-02-25 14:24:55,0.02181500,0.25000000
2018-02-25 14:25:12,0.02181500,0.41000000
2018-02-25 14:25:14,0.02181500,2.58000000
2018-02-25 14:25:14,0.02181600,0.48000000
2018-02-25 14:25:15,0.02181500,0.13000000
2018-02-25 14:25:15,0.02179200,0.62000000
2018-02-25 14:25:15,0.02181600,2.06000000
2018-02-25 14:25:16,0.02179200,0.80000000
2018-02-25 14:25:18,0.02181600,0.01000000
2018-02-25 14:25:18,0.02181600,0.11000000
2018-02-25 14:25:18,0.02181700,3.10000000
2018-02-25 14:25:21,0.02182600,3.29000000
2018-02-25 14:25:21,0.02182600,0.01000000
2018-02-25 14:25:24,0.02182600,2.44000000
2018-02-25 14:25:32,0.02182400,2.00000000
2018-02-25 14:25:44,0.02181700,0.11000000
2018-02-25 14:25:45,0.02181700,0.11000000
2018-02-25 14:25:48,0.02181700,0.12000000
2018-02-25 14:25:53,0.02182300,1.18000000
2018-02-25 14:25:58,0.02182300,2.29000000
2018-02-25 14:26:00,0.02182300,1.77000000
2018-02-25 14:26:01,0.02182400,0.09000000
2018-02-25 14:26:01,0.02183500,1.46000000
2018-02-25 14:26:01,0.02184100,0.09000000
2018-02-25 14:26:01,0.02184300,0.45000000
2018-02-25 14:26:01,0.02184700,0.09000000
2018-02-25 14:26:01,0.02185000,1.16000000
2018-02-25 14:26:01,0.02185300,0.09000000
2018-02-25 14:26:01,0.02185400,0.13000000
2018-02-25 14:26:01,0.02182300,0.34000000
2018-02-25 14:26:02,0.02182300,3.36000000
2018-02-25 14:26:04,0.02182300,0.09000000
2018-02-25 14:26:12,0.02182400,0.09000000
2018-02-25 14:26:13,0.02182400,0.08000000
2018-02-25 14:26:19,0.02182400,0.01000000
2018-02-25 14:26:19,0.02182400,0.12000000
2018-02-25 14:26:20,0.02182400,3.01000000
2018-02-25 14:26:23,0.02182100,0.23000000
2018-02-25 14:26:23,0.02182100,0.09000000
2018-02-25 14:26:24,0.02183500,0.08000000
2018-02-25 14:26:26,0.02182400,0.42000000
2018-02-25 14:26:27,0.02182400,0.09000000
2018-02-25 14:26:32,0.02183500,0.10000000
2018-02-25 14:26:32,0.02182300,3.85000000
2018-02-25 14:26:32,0.02182300,0.09000000
2018-02-25 14:26:34,0.02183500,0.08000000
2018-02-25 14:26:34,0.02183500,0.10000000
2018-02-25 14:26:35,0.02184100,0.08000000
2018-02-25 14:26:35,0.02184100,0.10000000
2018-02-25 14:26:36,0.02182600,0.40000000
2018-02-25 14:26:36,0.02182600,0.09000000
2018-02-25 14:26:36,0.02184300,0.08000000
2018-02-25 14:26:36,0.02184300,0.10000000
2018-02-25 14:26:39,0.02184700,0.09000000
2018-02-25 14:26:39,0.02182700,0.59000000
2018-02-25 14:26:39,0.02182700,0.09000000
2018-02-25 14:26:40,0.02184700,0.08000000
2018-02-25 14:26:40,0.02184700,0.10000000
2018-02-25 14:26:44,0.02184900,0.07000000
2018-02-25 14:26:44,0.02184900,0.51000000
2018-02-25 14:26:44,0.02185000,0.59000000
2018-02-25 14:26:45,0.02185000,0.48000000
2018-02-25 14:26:45,0.02185000,5.91000000
2018-02-25 14:26:45,0.02185300,0.08000000
2018-02-25 14:26:46,0.02185300,0.10000000
2018-02-25 14:26:47,0.02185400,0.08000000
2018-02-25 14:26:47,0.02185400,0.10000000
2018-02-25 14:26:53,0.02185600,2.29000000
2018-02-25 14:26:53,0.02185600,0.09000000
2018-02-25 14:26:54,0.02189200,0.13000000
2018-02-25 14:26:55,0.02185600,0.10000000
2018-02-25 14:26:55,0.02185600,0.09000000
2018-02-25 14:26:56,0.02185600,2.29000000
2018-02-25 14:26:59,0.02185600,0.67000000
2018-02-25 14:26:59,0.02185600,0.75000000
2018-02-25 14:26:59,0.02185600,0.17000000
2018-02-25 14:27:00,0.02185600,0.10000000
2018-02-25 14:27:00,0.02185400,0.29000000
2018-02-25 14:27:01,0.02184700,0.09000000
2018-02-25 14:27:01,0.02183100,0.37000000
2018-02-25 14:27:01,0.02184700,0.09000000
2018-02-25 14:27:01,0.02185200,0.01000000
2018-02-25 14:27:01,0.02183100,0.09000000
2018-02-25 14:27:02,0.02183100,0.09000000
2018-02-25 14:27:02,0.02184500,0.11000000
2018-02-25 14:27:02,0.02184500,0.06000000
2018-02-25 14:27:03,0.02184200,0.23000000
2018-02-25 14:27:04,0.02183900,3.24000000
2018-02-25 14:27:04,0.02183900,1.63000000
2018-02-25 14:27:05,0.02183900,1.31000000
2018-02-25 14:27:05,0.02183800,0.10000000
2018-02-25 14:27:11,0.02183800,0.64000000
2018-02-25 14:27:12,0.02183000,0.23000000
2018-02-25 14:27:12,0.02182900,0.22000000
2018-02-25 14:27:12,0.02182800,0.22000000
2018-02-25 14:27:12,0.02182700,0.87000000
2018-02-25 14:27:13,0.02182700,0.09000000
2018-02-25 14:27:14,0.02182800,0.09000000
2018-02-25 14:27:14,0.02182800,0.09000000
2018-02-25 14:27:15,0.02182900,0.09000000
2018-02-25 14:27:15,0.02183000,0.09000000
2018-02-25 14:27:15,0.02183800,0.09000000
2018-02-25 14:27:15,0.02183800,0.09000000
2018-02-25 14:27:15,0.02183800,0.09000000
2018-02-25 14:27:25,0.02183900,0.05000000
2018-02-25 14:27:25,0.02184000,0.09000000
2018-02-25 14:27:25,0.02184000,0.09000000
2018-02-25 14:27:27,0.02184200,0.09000000
2018-02-25 14:27:27,0.02184500,0.09000000
2018-02-25 14:27:27,0.02184700,0.09000000
2018-02-25 14:27:28,0.02184700,2.29000000
2018-02-25 14:27:31,0.02184700,0.82000000
2018-02-25 14:27:31,0.02184700,2.29000000
2018-02-25 14:27:33,0.02184700,0.37000000
2018-02-25 14:27:33,0.02184700,2.29000000
2018-02-25 14:27:35,0.02184700,0.46000000
2018-02-25 14:27:37,0.02184700,11.46000000
2018-02-25 14:27:38,0.02184900,0.07000000
2018-02-25 14:27:41,0.02184900,1.53000000
2018-02-25 14:27:41,0.02184700,0.76000000
2018-02-25 14:27:45,0.02184700,0.93000000
2018-02-25 14:27:45,0.02183800,0.25000000
2018-02-25 14:27:46,0.02183800,0.31000000
2018-02-25 14:27:49,0.02183800,0.54000000
2018-02-25 14:27:52,0.02183800,7.75000000
2018-02-25 14:27:54,0.02183800,1.35000000
2018-02-25 14:27:54,0.02183800,10.87000000
2018-02-25 14:27:57,0.02184700,0.48000000
2018-02-25 14:27:58,0.02184700,0.01000000
2018-02-25 14:27:59,0.02185200,0.09000000
2018-02-25 14:27:59,0.02185400,0.09000000
2018-02-25 14:28:01,0.02183800,0.53000000
2018-02-25 14:28:01,0.02182400,0.47000000
2018-02-25 14:28:02,0.02184700,0.23000000
2018-02-25 14:28:05,0.02183800,0.40000000
2018-02-25 14:28:09,0.02184700,0.23000000
2018-02-25 14:28:14,0.02184700,0.08000000
2018-02-25 14:28:14,0.02185000,0.30000000
2018-02-25 14:28:14,0.02185300,0.11000000
2018-02-25 14:28:14,0.02185400,0.44000000
2018-02-25 14:28:14,0.02184000,3.64000000
2018-02-25 14:28:15,0.02185400,1.17000000
2018-02-25 14:28:15,0.02187000,0.17000000
2018-02-25 14:28:15,0.02188000,0.65000000
2018-02-25 14:28:18,0.02184700,0.11000000
2018-02-25 14:28:24,0.02184700,0.12000000
2018-02-25 14:28:24,0.02184900,0.25000000
2018-02-25 14:28:27,0.02184900,7.25000000
2018-02-25 14:28:27,0.02184700,0.25000000
2018-02-25 14:28:28,0.02184900,7.25000000
2018-02-25 14:28:29,0.02184900,1.65000000
2018-02-25 14:28:33,0.02187900,0.30000000
2018-02-25 14:28:33,0.02188000,0.15000000
2018-02-25 14:28:34,0.02184700,0.05000000
2018-02-25 14:28:37,0.02184700,0.18000000
2018-02-25 14:28:39,0.02184700,0.14000000
2018-02-25 14:28:45,0.02184800,0.33000000
2018-02-25 14:28:45,0.02184700,0.95000000
2018-02-25 14:28:45,0.02184000,1.14000000
2018-02-25 14:28:45,0.02183800,1.60000000
2018-02-25 14:28:45,0.02183700,4.20000000
2018-02-25 14:28:47,0.02187800,0.10000000
2018-02-25 14:28:48,0.02183500,0.45000000
2018-02-25 14:28:50,0.02183200,3.92000000
2018-02-25 14:28:50,0.02183700,2.29000000
2018-02-25 14:28:50,0.02183100,0.10000000
2018-02-25 14:28:51,0.02183100,0.10000000
2018-02-25 14:28:51,0.02183700,0.85000000
2018-02-25 14:28:51,0.02184700,0.22000000
2018-02-25 14:28:51,0.02188000,2.55000000
2018-02-25 14:28:52,0.02187700,0.10000000
2018-02-25 14:28:53,0.02183000,4.14000000
2018-02-25 14:28:54,0.02187600,0.10000000
2018-02-25 14:28:56,0.02187500,0.20000000
2018-02-25 14:28:56,0.02187600,0.28000000
2018-02-25 14:28:59,0.02185200,0.17000000
2018-02-25 14:29:00,0.02185200,0.90000000
2018-02-25 14:29:01,0.02185100,0.26000000
2018-02-25 14:29:01,0.02185000,1.44000000
2018-02-25 14:29:01,0.02185000,2.91000000
2018-02-25 14:29:01,0.02184900,1.40000000
2018-02-25 14:29:01,0.02184700,5.72000000
2018-02-25 14:29:03,0.02184700,1.85000000
2018-02-25 14:29:03,0.02187400,0.12000000
2018-02-25 14:29:03,0.02184700,0.24000000
2018-02-25 14:29:11,0.02185500,3.43000000
2018-02-25 14:29:11,0.02185300,0.51000000
2018-02-25 14:29:16,0.02185100,5.09000000
2018-02-25 14:29:16,0.02185300,5.05000000
2018-02-25 14:29:16,0.02185800,4.35000000
2018-02-25 14:29:16,0.02187600,5.54000000
2018-02-25 14:29:16,0.02188900,0.45000000
2018-02-25 14:29:16,0.02189000,0.50000000
2018-02-25 14:29:16,0.02190800,2.44000000
2018-02-25 14:29:16,0.02192000,2.99000000
2018-02-25 14:29:16,0.02192500,0.76000000
2018-02-25 14:29:16,0.02193000,0.60000000
2018-02-25 14:29:16,0.02193100,4.00000000
2018-02-25 14:29:16,0.02193500,4.02000000
2018-02-25 14:29:16,0.02193500,0.69000000
2018-02-25 14:29:16,0.02193500,0.70000000
2018-02-25 14:29:16,0.02193500,45.78000000
2018-02-25 14:29:18,0.02186700,0.35000000
2018-02-25 14:29:18,0.02186700,1.75000000
2018-02-25 14:29:19,0.02187400,0.17000000
2018-02-25 14:29:20,0.02187400,1.08000000
2018-02-25 14:29:21,0.02187400,1.50000000
2018-02-25 14:29:21,0.02187400,0.22000000
2018-02-25 14:29:21,0.02187400,0.10000000
2018-02-25 14:29:22,0.02187400,0.10000000
2018-02-25 14:29:23,0.02190200,4.70000000
2018-02-25 14:29:25,0.02187200,0.34000000
2018-02-25 14:29:26,0.02187200,0.80000000
2018-02-25 14:29:26,0.02186300,0.57000000
2018-02-25 14:29:26,0.02186300,0.80000000
2018-02-25 14:29:26,0.02186300,1.08000000
2018-02-25 14:29:26,0.02186200,0.13000000
2018-02-25 14:29:26,0.02185100,8.78000000
2018-02-25 14:29:26,0.02189500,0.20000000
2018-02-25 14:29:26,0.02189600,0.57000000
2018-02-25 14:29:26,0.02189800,0.78000000
2018-02-25 14:29:27,0.02185300,0.35000000
2018-02-25 14:29:28,0.02187200,2.09000000
2018-02-25 14:29:28,0.02187200,1.90000000
2018-02-25 14:29:29,0.02189300,0.35000000
2018-02-25 14:29:29,0.02189500,0.09000000
2018-02-25 14:29:29,0.02189600,0.09000000
2018-02-25 14:29:29,0.02189800,0.09000000
2018-02-25 14:29:29,0.02190200,0.09000000
2018-02-25 14:29:29,0.02190300,2.29000000
2018-02-25 14:29:29,0.02187200,1.37000000
2018-02-25 14:29:29,0.02187200,0.17000000
2018-02-25 14:29:30,0.02187200,6.58000000
2018-02-25 14:29:30,0.02185500,1.28000000
2018-02-25 14:29:31,0.02185500,0.18000000
2018-02-25 14:29:32,0.02187200,1.37000000
2018-02-25 14:29:32,0.02187200,0.44000000
2018-02-25 14:29:32,0.02187200,5.35000000
2018-02-25 14:29:32,0.02187200,2.41000000
2018-02-25 14:29:32,0.02187200,3.28000000
2018-02-25 14:29:33,0.02185300,1.26000000
2018-02-25 14:29:33,0.02184700,0.81000000
2018-02-25 14:29:34,0.02184700,1.37000000
2018-02-25 14:29:35,0.02184700,5.46000000
2018-02-25 14:29:36,0.02184700,1.37000000
2018-02-25 14:29:38,0.02185600,0.16000000
2018-02-25 14:29:39,0.02185600,0.34000000
2018-02-25 14:29:39,0.02184700,1.03000000
2018-02-25 14:29:39,0.02184700,2.03000000
2018-02-25 14:29:41,0.02185400,1.45000000
2018-02-25 14:29:41,0.02185400,0.01000000
2018-02-25 14:29:41,0.02185600,0.17000000
2018-02-25 14:29:41,0.02187000,1.37000000
2018-02-25 14:29:41,0.02187000,2.54000000
2018-02-25 14:29:44,0.02184900,0.69000000
2018-02-25 14:29:45,0.02186900,0.60000000
2018-02-25 14:29:45,0.02187000,2.09000000
2018-02-25 14:29:45,0.02184900,0.11000000
2018-02-25 14:29:47,0.02184900,2.86000000
2018-02-25 14:29:48,0.02184900,0.90000000
2018-02-25 14:29:51,0.02184700,4.08000000
2018-02-25 14:29:52,0.02184700,0.11000000
2018-02-25 14:29:52,0.02184900,0.34000000
2018-02-25 14:29:56,0.02184900,0.56000000
2018-02-25 14:29:56,0.02184900,1.65000000
2018-02-25 14:29:57,0.02184900,7.91000000
2018-02-25 14:29:59,0.02186700,0.23000000
2018-02-25 14:29:59,0.02186800,0.22000000
2018-02-25 14:29:59,0.02187000,0.52000000
2018-02-25 14:30:00,0.02186700,0.32000000
2018-02-25 14:30:01,0.02184900,0.24000000
2018-02-25 14:30:02,0.02184900,0.42000000
2018-02-25 14:30:02,0.02184900,0.11000000
2018-02-25 14:30:02,0.02184900,1.46000000
2018-02-25 14:30:03,0.02184900,0.01000000
2018-02-25 14:30:03,0.02184700,5.12000000
2018-02-25 14:30:03,0.02184900,0.14000000
2018-02-25 14:30:03,0.02186700,0.04000000
2018-02-25 14:30:03,0.02184700,1.42000000
2018-02-25 14:30:10,0.02186700,0.32000000
2018-02-25 14:30:10,0.02187000,0.02000000
2018-02-25 14:30:13,0.02187000,0.90000000
2018-02-25 14:30:21,0.02184900,0.30000000
2018-02-25 14:30:28,0.02187000,0.33000000
2018-02-25 14:30:29,0.02185100,0.22000000
2018-02-25 14:30:29,0.02185000,0.26000000
2018-02-25 14:30:34,0.02187000,1.16000000
2018-02-25 14:30:39,0.02187000,0.46000000
2018-02-25 14:30:39,0.02187000,0.17000000
2018-02-25 14:30:41,0.02187000,0.18000000
2018-02-25 14:30:43,0.02187000,0.20000000
2018-02-25 14:30:45,0.02187200,5.00000000
2018-02-25 14:30:46,0.02187200,0.27000000
2018-02-25 14:30:46,0.02187200,0.18000000
2018-02-25 14:30:46,0.02187200,0.90000000
2018-02-25 14:30:48,0.02187300,0.18000000
2018-02-25 14:30:49,0.02189900,0.23000000
2018-02-25 14:30:49,0.02187300,0.17000000
2018-02-25 14:30:53,0.02187300,3.97000000
2018-02-25 14:30:56,0.02187200,1.99000000
2018-02-25 14:30:58,0.02187200,0.71000000
2018-02-25 14:31:01,0.02187200,0.08000000
2018-02-25 14:31:02,0.02189300,1.04000000
2018-02-25 14:31:02,0.02189300,0.45000000
2018-02-25 14:31:03,0.02189200,0.45000000
2018-02-25 14:31:11,0.02188600,0.63000000
2018-02-25 14:31:11,0.02188700,2.83000000
2018-02-25 14:31:12,0.02189200,0.63000000
2018-02-25 14:31:12,0.02189200,0.63000000
2018-02-25 14:31:12,0.02189200,1.42000000
2018-02-25 14:31:13,0.02189200,0.82000000
2018-02-25 14:31:18,0.02189200,2.29000000
2018-02-25 14:31:20,0.02189300,0.81000000
2018-02-25 14:31:20,0.02189200,1.48000000
2018-02-25 14:31:20,0.02189200,14.98000000
2018-02-25 14:31:20,0.02187100,0.45000000
2018-02-25 14:31:22,0.02189300,0.36000000
2018-02-25 14:31:22,0.02189300,0.56000000
2018-02-25 14:31:23,0.02187200,0.56000000
2018-02-25 14:31:24,0.02187300,0.40000000
2018-02-25 14:31:28,0.02189000,0.40000000
2018-02-25 14:31:28,0.02189100,0.05000000
2018-02-25 14:31:31,0.02189100,0.96000000
2018-02-25 14:31:31,0.02189100,1.44000000
2018-02-25 14:31:32,0.02189100,0.01000000
2018-02-25 14:31:32,0.02187000,0.45000000
2018-02-25 14:31:33,0.02187000,3.37000000
2018-02-25 14:31:34,0.02187000,4.80000000
2018-02-25 14:31:40,0.02189900,0.19000000
2018-02-25 14:31:40,0.02190000,5.10000000
2018-02-25 14:31:43,0.02187000,7.51000000
2018-02-25 14:31:43,0.02185100,17.00000000
2018-02-25 14:31:43,0.02185100,2.09000000
2018-02-25 14:31:43,0.02185100,4.17000000
2018-02-25 14:31:44,0.02185100,1.15000000
2018-02-25 14:31:44,0.02185100,0.67000000
2018-02-25 14:31:45,0.02185100,0.48000000
2018-02-25 14:31:45,0.02185100,3.93000000
2018-02-25 14:31:46,0.02185100,0.19000000
2018-02-25 14:31:46,0.02185100,0.46000000
2018-02-25 14:31:46,0.02185100,0.56000000
2018-02-25 14:31:46,0.02185100,0.10000000
2018-02-25 14:31:47,0.02185100,0.61000000
2018-02-25 14:31:47,0.02185100,16.71000000
2018-02-25 14:31:49,0.02185100,1.31000000
2018-02-25 14:31:49,0.02185100,2.65000000
2018-02-25 14:31:52,0.02185100,0.11000000
2018-02-25 14:31:52,0.02185100,1.38000000
2018-02-25 14:31:53,0.02185100,0.08000000
2018-02-25 14:31:53,0.02185000,1.33000000
2018-02-25 14:31:53,0.02185100,8.83000000
2018-02-25 14:31:54,0.02185100,3.08000000
2018-02-25 14:31:55,0.02185100,1.49000000
2018-02-25 14:31:55,0.02185100,18.76000000
2018-02-25 14:31:59,0.02185000,0.11000000
2018-02-25 14:32:02,0.02185100,0.01000000
2018-02-25 14:32:02,0.02189500,0.05000000
2018-02-25 14:32:02,0.02188900,0.13000000
2018-02-25 14:32:02,0.02188900,0.48000000
2018-02-25 14:32:03,0.02188900,11.44000000
2018-02-25 14:32:03,0.02188900,0.11000000
2018-02-25 14:32:03,0.02188900,16.00000000
2018-02-25 14:32:04,0.02188900,3.12000000
2018-02-25 14:32:05,0.02188900,0.07000000
2018-02-25 14:32:06,0.02188900,11.44000000
2018-02-25 14:32:07,0.02188900,0.11000000
2018-02-25 14:32:12,0.02188900,4.30000000
2018-02-25 14:32:13,0.02188900,0.22000000
2018-02-25 14:32:14,0.02188900,0.08000000
2018-02-25 14:32:15,0.02188900,0.11000000
2018-02-25 14:32:15,0.02188900,3.04000000
2018-02-25 14:32:15,0.02188900,2.89000000
2018-02-25 14:32:15,0.02188900,3.59000000
2018-02-25 14:32:20,0.02189900,2.16000000
2018-02-25 14:32:20,0.02190000,1.11000000
2018-02-25 14:32:20,0.02190700,0.14000000
2018-02-25 14:32:20,0.02188900,0.48000000
2018-02-25 14:32:21,0.02188900,19.91000000
2018-02-25 14:32:22,0.02188900,3.10000000
2018-02-25 14:32:25,0.02188900,0.40000000
2018-02-25 14:32:26,0.02188900,0.06000000
2018-02-25 14:32:27,0.02188900,0.34000000
2018-02-25 14:32:29,0.02188900,3.97000000
2018-02-25 14:32:36,0.02188900,5.57000000
2018-02-25 14:32:36,0.02188900,7.44000000
2018-02-25 14:32:37,0.02188800,0.14000000
2018-02-25 14:32:37,0.02188900,0.26000000
2018-02-25 14:32:47,0.02188900,1.56000000
2018-02-25 14:32:48,0.02188900,0.34000000
2018-02-25 14:32:49,0.02188900,0.10000000
2018-02-25 14:32:50,0.02188900,1.29000000
2018-02-25 14:33:00,0.02188800,0.01000000
2018-02-25 14:33:00,0.02185700,0.24000000
2018-02-25 14:33:08,0.02188800,0.23000000
2018-02-25 14:33:12,0.02188800,0.01000000
2018-02-25 14:33:12,0.02188900,0.99000000
2018-02-25 14:33:16,0.02188900,3.62000000
2018-02-25 14:33:17,0.02188800,0.14000000
2018-02-25 14:33:19,0.02188800,0.01000000
2018-02-25 14:33:20,0.02188800,0.05000000
2018-02-25 14:33:20,0.02188800,0.05000000
2018-02-25 14:33:26,0.02188700,0.18000000
2018-02-25 14:33:26,0.02188700,0.83000000
2018-02-25 14:33:28,0.02188700,1.82000000
2018-02-25 14:33:36,0.02186200,0.72000000
2018-02-25 14:33:54,0.02186200,0.05000000
2018-02-25 14:33:54,0.02186000,2.65000000
2018-02-25 14:33:54,0.02186200,0.57000000
2018-02-25 14:34:01,0.02186200,0.01000000
2018-02-25 14:34:18,0.02186200,3.39000000
2018-02-25 14:34:21,0.02186200,0.53000000
2018-02-25 14:34:29,0.02186400,0.10000000
2018-02-25 14:34:29,0.02188600,1.53000000
2018-02-25 14:34:37,0.02186600,0.18000000
2018-02-25 14:34:39,0.02186600,0.18000000
2018-02-25 14:34:40,0.02188600,0.66000000
2018-02-25 14:34:40,0.02188700,1.62000000
2018-02-25 14:34:42,0.02186600,0.18000000
2018-02-25 14:34:44,0.02186600,0.18000000
2018-02-25 14:34:46,0.02186600,0.18000000
2018-02-25 14:34:47,0.02186600,1.65000000
2018-02-25 14:34:47,0.02186400,0.52000000
2018-02-25 14:34:47,0.02186200,2.77000000
2018-02-25 14:34:47,0.02186000,0.22000000
2018-02-25 14:34:49,0.02186600,0.08000000
2018-02-25 14:34:49,0.02186600,0.10000000
2018-02-25 14:34:49,0.02188700,1.03000000
2018-02-25 14:34:49,0.02188800,1.25000000
2018-02-25 14:34:51,0.02186600,0.18000000
2018-02-25 14:34:56,0.02186600,2.42000000
2018-02-25 14:35:06,0.02188800,1.26000000
2018-02-25 14:35:07,0.02186600,0.60000000
2018-02-25 14:35:10,0.02188800,0.48000000
2018-02-25 14:35:13,0.02188800,0.09000000
2018-02-25 14:35:18,0.02188500,1.64000000
2018-02-25 14:35:27,0.02188800,0.05000000
2018-02-25 14:35:27,0.02188800,0.05000000
2018-02-25 14:35:41,0.02186600,1.00000000
2018-02-25 14:35:42,0.02186600,0.05000000
2018-02-25 14:35:53,0.02186600,0.48000000
2018-02-25 14:35:53,0.02188500,0.28000000
2018-02-25 14:35:53,0.02188800,2.42000000
2018-02-25 14:35:53,0.02188900,0.01000000
2018-02-25 14:35:53,0.02190300,0.40000000
2018-02-25 14:35:53,0.02190700,0.41000000
2018-02-25 14:35:57,0.02189900,0.91000000
2018-02-25 14:36:04,0.02189900,1.48000000
2018-02-25 14:36:04,0.02190300,0.09000000
2018-02-25 14:36:04,0.02190600,4.20000000
2018-02-25 14:36:07,0.02187700,1.21000000
2018-02-25 14:36:12,0.02186600,0.32000000
2018-02-25 14:36:12,0.02186600,0.05000000
2018-02-25 14:36:15,0.02187700,0.60000000
2018-02-25 14:36:22,0.02187700,0.35000000
2018-02-25 14:36:24,0.02187700,0.19000000
2018-02-25 14:36:25,0.02187700,0.33000000
2018-02-25 14:36:25,0.02188800,0.05000000
2018-02-25 14:36:27,0.02187800,0.14000000
2018-02-25 14:36:27,0.02187800,0.15000000
2018-02-25 14:36:27,0.02187800,1.00000000
2018-02-25 14:36:28,0.02187800,0.17000000
2018-02-25 14:36:29,0.02187800,1.61000000
2018-02-25 14:36:30,0.02187700,0.33000000
2018-02-25 14:36:32,0.02187800,0.16000000
2018-02-25 14:36:32,0.02186600,1.46000000
2018-02-25 14:36:34,0.02188800,0.11000000
2018-02-25 14:36:35,0.02188800,0.11000000
2018-02-25 14:36:39,0.02188800,9.88000000
2018-02-25 14:36:39,0.02188800,0.05000000
2018-02-25 14:36:39,0.02188800,0.11000000
2018-02-25 14:36:39,0.02188800,1.65000000
2018-02-25 14:36:56,0.02188800,1.31000000
2018-02-25 14:37:04,0.02188500,0.60000000
2018-02-25 14:37:05,0.02188500,1.13000000
2018-02-25 14:37:09,0.02188500,2.73000000
2018-02-25 14:37:11,0.02188800,0.18000000
2018-02-25 14:37:12,0.02186600,4.63000000
2018-02-25 14:37:12,0.02186100,16.00000000
2018-02-25 14:37:12,0.02186000,8.47000000
2018-02-25 14:37:12,0.02185700,14.49000000
2018-02-25 14:37:20,0.02188700,0.16000000
2018-02-25 14:37:25,0.02188700,0.20000000
2018-02-25 14:37:32,0.02188700,0.48000000
2018-02-25 14:37:33,0.02188700,14.47000000
2018-02-25 14:37:41,0.02188700,0.80000000
2018-02-25 14:37:48,0.02188700,0.04000000
2018-02-25 14:37:53,0.02188600,0.28000000
2018-02-25 14:37:54,0.02188600,1.69000000
2018-02-25 14:38:00,0.02187700,9.49000000
2018-02-25 14:38:00,0.02185900,16.00000000
2018-02-25 14:38:00,0.02185700,12.62000000
2018-02-25 14:38:00,0.02185600,0.07000000
2018-02-25 14:38:00,0.02185000,0.21000000
2018-02-25 14:38:00,0.02184700,7.34000000
2018-02-25 14:38:01,0.02187700,0.32000000
2018-02-25 14:38:03,0.02184700,0.06000000
2018-02-25 14:38:03,0.02187600,1.00000000
2018-02-25 14:38:11,0.02184900,1.37000000
2018-02-25 14:38:12,0.02187400,0.11000000
2018-02-25 14:38:12,0.02187400,0.07000000
2018-02-25 14:38:14,0.02187100,1.37000000
2018-02-25 14:38:14,0.02187300,0.13000000
2018-02-25 14:38:15,0.02187300,0.66000000
2018-02-25 14:38:15,0.02187600,4.16000000
2018-02-25 14:38:15,0.02187600,0.89000000
2018-02-25 14:38:17,0.02184900,0.28000000
2018-02-25 14:38:17,0.02184700,1.41000000
2018-02-25 14:38:20,0.02184700,0.16000000
2018-02-25 14:38:22,0.02187400,0.53000000
2018-02-25 14:38:29,0.02184700,0.53000000
2018-02-25 14:38:32,0.02185900,0.08000000
2018-02-25 14:38:33,0.02184700,0.75000000
2018-02-25 14:38:41,0.02185000,0.29000000
2018-02-25 14:38:41,0.02184800,0.54000000
2018-02-25 14:38:44,0.02184800,0.54000000
2018-02-25 14:38:44,0.02184800,4.99000000
2018-02-25 14:38:45,0.02184800,0.57000000
2018-02-25 14:38:51,0.02184800,6.29000000
2018-02-25 14:38:57,0.02185100,0.20000000
2018-02-25 14:38:58,0.02185100,0.27000000
2018-02-25 14:39:07,0.02185000,0.41000000
2018-02-25 14:39:12,0.02184800,2.48000000
2018-02-25 14:39:12,0.02184800,0.23000000
2018-02-25 14:39:16,0.02185000,0.04000000
2018-02-25 14:39:21,0.02185000,3.40000000
2018-02-25 14:39:23,0.02185000,0.16000000
2018-02-25 14:39:23,0.02186000,0.17000000
2018-02-25 14:39:25,0.02185000,0.08000000
2018-02-25 14:39:26,0.02184900,0.08000000
2018-02-25 14:39:28,0.02185600,0.48000000
2018-02-25 14:39:37,0.02185000,0.91000000
2018-02-25 14:39:39,0.02184900,0.01000000
2018-02-25 14:39:39,0.02184800,0.47000000
2018-02-25 14:39:39,0.02184800,0.68000000
2018-02-25 14:39:40,0.02184800,7.83000000
2018-02-25 14:39:42,0.02184800,0.07000000
2018-02-25 14:39:45,0.02185000,7.39000000
2018-02-25 14:39:50,0.02184800,2.20000000
2018-02-25 14:39:51,0.02184800,0.45000000
2018-02-25 14:39:58,0.02185000,0.34000000
2018-02-25 14:39:59,0.02184800,4.58000000
2018-02-25 14:40:01,0.02185000,0.07000000
2018-02-25 14:40:07,0.02185000,10.90000000
2018-02-25 14:40:08,0.02184800,0.08000000
2018-02-25 14:40:08,0.02185000,4.16000000
2018-02-25 14:40:10,0.02184800,0.16000000
2018-02-25 14:40:11,0.02184900,0.05000000
2018-02-25 14:40:13,0.02184800,2.06000000
2018-02-25 14:40:13,0.02184900,0.27000000
2018-02-25 14:40:15,0.02184800,1.27000000
2018-02-25 14:40:16,0.02184900,3.99000000
2018-02-25 14:40:16,0.02184900,0.44000000
2018-02-25 14:40:17,0.02184800,1.61000000
2018-02-25 14:40:17,0.02184800,0.07000000
2018-02-25 14:40:19,0.02184800,4.17000000
2018-02-25 14:40:20,0.02184800,0.05000000
2018-02-25 14:40:21,0.02184800,0.85000000
2018-02-25 14:40:24,0.02184900,5.20000000
2018-02-25 14:40:27,0.02184900,10.39000000
2018-02-25 14:40:31,0.02184900,4.23000000
2018-02-25 14:40:31,0.02184800,14.46000000
2018-02-25 14:40:34,0.02184700,5.02000000
2018-02-25 14:40:44,0.02184800,0.40000000
2018-02-25 14:40:47,0.02184700,0.85000000
2018-02-25 14:40:49,0.02184700,13.96000000
2018-02-25 14:40:56,0.02184800,0.40000000
2018-02-25 14:40:56,0.02184800,0.24000000
2018-02-25 14:40:58,0.02184800,1.00000000
2018-02-25 14:40:59,0.02184800,0.48000000
2018-02-25 14:41:05,0.02184700,12.84000000
2018-02-25 14:41:09,0.02184700,0.05000000
2018-02-25 14:41:16,0.02184700,0.40000000
2018-02-25 14:41:20,0.02184700,6.58000000
2018-02-25 14:41:21,0.02184700,5.00000000
2018-02-25 14:41:22,0.02184700,3.88000000
2018-02-25 14:41:24,0.02184700,3.14000000
2018-02-25 14:41:24,0.02184700,8.03000000
2018-02-25 14:41:25,0.02184800,0.45000000
2018-02-25 14:41:26,0.02184700,0.01000000
2018-02-25 14:41:26,0.02184100,0.47000000
2018-02-25 14:41:48,0.02184700,4.83000000
2018-02-25 14:41:48,0.02184800,3.69000000
2018-02-25 14:41:49,0.02184100,0.05000000
2018-02-25 14:41:49,0.02184100,0.05000000
2018-02-25 14:41:50,0.02184100,0.97000000
2018-02-25 14:41:52,0.02184100,0.01000000
2018-02-25 14:41:52,0.02184000,0.08000000
2018-02-25 14:41:56,0.02184800,0.05000000
2018-02-25 14:41:57,0.02184800,0.06000000
2018-02-25 14:42:02,0.02184800,0.22000000
2018-02-25 14:42:08,0.02184800,0.05000000
2018-02-25 14:42:17,0.02184700,0.33000000
2018-02-25 14:42:18,0.02184000,2.45000000
2018-02-25 14:42:18,0.02182400,0.55000000
2018-02-25 14:42:23,0.02182600,0.10000000
2018-02-25 14:42:23,0.02184700,0.11000000
2018-02-25 14:42:25,0.02184300,0.65000000
2018-02-25 14:42:27,0.02182600,0.25000000
2018-02-25 14:42:27,0.02182300,0.49000000
2018-02-25 14:42:27,0.02184300,0.30000000
2018-02-25 14:42:28,0.02182600,0.48000000
2018-02-25 14:42:28,0.02182600,0.33000000
2018-02-25 14:42:28,0.02182600,2.42000000
2018-02-25 14:42:28,0.02182300,0.21000000
2018-02-25 14:42:28,0.02182300,1.37000000
2018-02-25 14:42:28,0.02182600,0.11000000
2018-02-25 14:42:28,0.02182600,2.64000000
2018-02-25 14:42:28,0.02182600,0.07000000
2018-02-25 14:42:29,0.02182600,0.30000000
2018-02-25 14:42:30,0.02182600,0.11000000
2018-02-25 14:42:30,0.02184300,3.40000000
2018-02-25 14:42:30,0.02184300,0.06000000
2018-02-25 14:42:30,0.02184500,0.37000000
2018-02-25 14:42:31,0.02184500,0.40000000
2018-02-25 14:42:34,0.02184500,0.40000000
2018-02-25 14:42:36,0.02183000,0.04000000
2018-02-25 14:42:37,0.02184500,1.00000000
2018-02-25 14:42:38,0.02184500,0.33000000
2018-02-25 14:42:40,0.02184500,0.40000000
2018-02-25 14:42:41,0.02184500,2.28000000
2018-02-25 14:42:42,0.02184500,1.00000000
2018-02-25 14:42:42,0.02184500,2.68000000
2018-02-25 14:42:42,0.02184500,0.22000000
2018-02-25 14:42:44,0.02184700,0.45000000
2018-02-25 14:42:51,0.02183900,0.49000000
2018-02-25 14:42:51,0.02183900,0.30000000
2018-02-25 14:42:52,0.02183900,0.45000000
2018-02-25 14:42:54,0.02183000,0.46000000
2018-02-25 14:42:58,0.02183700,0.70000000
2018-02-25 14:43:02,0.02183000,0.95000000
2018-02-25 14:43:05,0.02182900,0.18000000
2018-02-25 14:43:05,0.02183000,1.09000000
2018-02-25 14:43:09,0.02182600,0.37000000
2018-02-25 14:43:15,0.02182600,6.62000000
2018-02-25 14:43:16,0.02182600,0.71000000
2018-02-25 14:43:16,0.02182900,0.79000000
2018-02-25 14:43:21,0.02184400,0.13000000
2018-02-25 14:43:22,0.02184400,1.50000000
2018-02-25 14:43:23,0.02182600,0.07000000
2018-02-25 14:43:26,0.02184300,0.45000000
2018-02-25 14:43:31,0.02182600,6.13000000
2018-02-25 14:43:34,0.02182600,0.68000000
2018-02-25 14:43:35,0.02182600,1.00000000
2018-02-25 14:43:36,0.02184100,1.73000000
2018-02-25 14:43:36,0.02184300,0.80000000
2018-02-25 14:43:36,0.02182600,0.49000000
2018-02-25 14:43:41,0.02182600,34.99000000
2018-02-25 14:43:42,0.02182600,1.37000000
2018-02-25 14:43:42,0.02182600,0.90000000
2018-02-25 14:43:42,0.02182600,5.33000000
2018-02-25 14:43:47,0.02182600,1.88000000
2018-02-25 14:43:54,0.02182600,0.40000000
2018-02-25 14:43:54,0.02182600,0.48000000
2018-02-25 14:43:55,0.02182500,2.66000000
2018-02-25 14:43:56,0.02182600,0.32000000
2018-02-25 14:43:57,0.02182600,0.17000000
2018-02-25 14:44:01,0.02182600,0.34000000
2018-02-25 14:44:01,0.02182600,0.39000000
2018-02-25 14:44:07,0.02182600,18.45000000
2018-02-25 14:44:08,0.02182600,0.18000000
2018-02-25 14:44:08,0.02182600,1.05000000
2018-02-25 14:44:10,0.02184300,0.34000000
2018-02-25 14:44:23,0.02182500,3.74000000
2018-02-25 14:44:24,0.02182500,0.36000000
2018-02-25 14:44:27,0.02182500,0.01000000
2018-02-25 14:44:27,0.02182600,1.99000000
2018-02-25 14:44:30,0.02182300,0.58000000
2018-02-25 14:44:32,0.02182500,4.25000000
2018-02-25 14:44:33,0.02182500,0.50000000
2018-02-25 14:44:38,0.02182500,0.49000000
2018-02-25 14:44:38,0.02182500,0.13000000
2018-02-25 14:44:40,0.02182300,2.65000000
2018-02-25 14:44:41,0.02182300,0.34000000
2018-02-25 14:44:41,0.02182300,0.17000000
2018-02-25 14:44:41,0.02182400,0.13000000
2018-02-25 14:44:43,0.02182300,0.20000000
2018-02-25 14:44:43,0.02182500,2.41000000
2018-02-25 14:44:46,0.02182500,0.05000000
2018-02-25 14:44:46,0.02182300,11.50000000
2018-02-25 14:44:46,0.02182100,4.36000000
2018-02-25 14:44:46,0.02181700,0.06000000
2018-02-25 14:44:46,0.02181600,0.04000000
2018-02-25 14:44:46,0.02181100,0.49000000
2018-02-25 14:44:46,0.02180000,0.41000000
2018-02-25 14:44:50,0.02182300,0.08000000
2018-02-25 14:44:50,0.02180200,0.21000000
2018-02-25 14:44:50,0.02180000,0.28000000
2018-02-25 14:44:54,0.02182300,1.26000000
2018-02-25 14:44:54,0.02182500,3.84000000
2018-02-25 14:44:58,0.02182500,0.25000000
2018-02-25 14:44:59,0.02182500,1.01000000
2018-02-25 14:45:00,0.02182500,1.05000000
2018-02-25 14:45:00,0.02180300,0.35000000
2018-02-25 14:45:07,0.02183900,0.84000000
2018-02-25 14:45:08,0.02183900,3.50000000
2018-02-25 14:45:11,0.02184000,0.34000000
2018-02-25 14:45:13,0.02182700,0.01000000
2018-02-25 14:45:15,0.02184000,4.46000000
2018-02-25 14:45:22,0.02184000,0.01000000
2018-02-25 14:45:22,0.02184200,8.31000000
2018-02-25 14:45:22,0.02184300,4.85000000
2018-02-25 14:45:22,0.02184400,16.75000000
2018-02-25 14:45:22,0.02184500,5.99000000
2018-02-25 14:45:22,0.02184800,7.81000000
2018-02-25 14:45:27,0.02182700,0.79000000
2018-02-25 14:45:32,0.02182700,1.51000000
2018-02-25 14:45:34,0.02184800,2.30000000
2018-02-25 14:45:34,0.02187300,0.50000000
2018-02-25 14:45:34,0.02187700,2.68000000
2018-02-25 14:45:34,0.02188000,0.25000000
2018-02-25 14:45:34,0.02188800,2.03000000
2018-02-25 14:45:34,0.02189200,0.49000000
2018-02-25 14:45:34,0.02190000,5.27000000
2018-02-25 14:45:34,0.02190700,1.45000000
2018-02-25 14:45:34,0.02191200,0.08000000
2018-02-25 14:45:34,0.02191500,3.94000000
2018-02-25 14:45:34,0.02192000,0.52000000
2018-02-25 14:45:34,0.02193000,5.10000000
2018-02-25 14:45:34,0.02193300,0.09000000
2018-02-25 14:45:34,0.02193500,1.01000000
2018-02-25 14:45:34,0.02194200,0.11000000
2018-02-25 14:45:34,0.02194300,0.10000000
2018-02-25 14:45:34,0.02195000,0.89000000
2018-02-25 14:45:34,0.02196000,0.05000000
2018-02-25 14:45:34,0.02197100,0.06000000
2018-02-25 14:45:34,0.02197800,14.00000000
2018-02-25 14:45:34,0.02197900,0.60000000
2018-02-25 14:45:34,0.02198300,0.30000000
2018-02-25 14:45:34,0.02199500,3.18000000
2018-02-25 14:45:36,0.02190700,0.09000000
2018-02-25 14:45:36,0.02191000,0.01000000
2018-02-25 14:45:36,0.02190500,0.10000000
2018-02-25 14:45:39,0.02184500,0.05000000
2018-02-25 14:45:40,0.02185100,1.87000000
2018-02-25 14:45:41,0.02185100,0.50000000
2018-02-25 14:45:42,0.02185500,4.44000000
2018-02-25 14:45:42,0.02185300,0.45000000
2018-02-25 14:45:43,0.02184900,0.48000000
2018-02-25 14:45:44,0.02185100,2.37000000
2018-02-25 14:45:46,0.02185200,0.48000000
2018-02-25 14:45:48,0.02185200,0.42000000
2018-02-25 14:45:50,0.02184900,3.41000000
2018-02-25 14:45:51,0.02188500,0.67000000
2018-02-25 14:45:51,0.02184900,0.23000000
2018-02-25 14:45:52,0.02184900,1.19000000
2018-02-25 14:45:53,0.02184900,0.56000000
2018-02-25 14:45:55,0.02185200,0.10000000
2018-02-25 14:45:55,0.02184900,8.13000000
2018-02-25 14:45:59,0.02185000,0.81000000
2018-02-25 14:46:00,0.02186500,0.30000000
2018-02-25 14:46:02,0.02185000,0.07000000
2018-02-25 14:46:09,0.02185000,0.59000000
2018-02-25 14:46:10,0.02185000,0.10000000
2018-02-25 14:46:11,0.02184800,4.79000000
2018-02-25 14:46:11,0.02184800,2.24000000
2018-02-25 14:46:12,0.02185300,0.49000000
2018-02-25 14:46:14,0.02184800,2.22000000
2018-02-25 14:46:15,0.02185000,0.10000000
2018-02-25 14:46:16,0.02184800,1.38000000
2018-02-25 14:46:16,0.02184800,0.01000000
2018-02-25 14:46:16,0.02184300,3.66000000
2018-02-25 14:46:17,0.02184300,0.05000000
2018-02-25 14:46:18,0.02184400,2.09000000
2018-02-25 14:46:19,0.02184300,0.30000000
2018-02-25 14:46:23,0.02184300,2.62000000
2018-02-25 14:46:23,0.02184300,0.23000000
2018-02-25 14:46:23,0.02184300,5.15000000
2018-02-25 14:46:23,0.02184000,3.20000000
2018-02-25 14:46:24,0.02184000,1.37000000
2018-02-25 14:46:28,0.02184100,0.45000000
2018-02-25 14:46:29,0.02184100,0.45000000
2018-02-25 14:46:32,0.02184000,0.05000000
2018-02-25 14:46:32,0.02184000,0.11000000
2018-02-25 14:46:39,0.02184000,1.12000000
2018-02-25 14:46:41,0.02184000,0.11000000
2018-02-25 14:46:43,0.02184000,10.21000000
2018-02-25 14:46:43,0.02183200,1.00000000
2018-02-25 14:46:43,0.02183000,1.00000000
2018-02-25 14:46:43,0.02182600,1.97000000
2018-02-25 14:46:43,0.02182000,0.15000000
2018-02-25 14:46:43,0.02181400,4.34000000
2018-02-25 14:46:43,0.02180900,0.49000000
2018-02-25 14:46:43,0.02180000,13.03000000
2018-02-25 14:46:43,0.02179000,0.60000000
2018-02-25 14:46:43,0.02178900,0.73000000
2018-02-25 14:46:43,0.02178500,1.00000000
2018-02-25 14:46:43,0.02178300,1.14000000
2018-02-25 14:46:43,0.02177200,1.80000000
2018-02-25 14:46:43,0.02177100,5.50000000
2018-02-25 14:46:44,0.02178600,0.68000000
2018-02-25 14:46:44,0.02184100,0.09000000
2018-02-25 14:46:46,0.02179500,1.58000000
2018-02-25 14:46:53,0.02183700,0.54000000
2018-02-25 14:46:55,0.02180200,0.13000000
2018-02-25 14:47:02,0.02182300,0.30000000
2018-02-25 14:47:02,0.02182100,0.05000000
2018-02-25 14:47:02,0.02182100,0.05000000
2018-02-25 14:47:03,0.02182000,1.53000000
2018-02-25 14:47:13,0.02183100,0.44000000
2018-02-25 14:47:13,0.02183100,0.44000000
2018-02-25 14:47:13,0.02180000,0.99000000
2018-02-25 14:47:13,0.02180200,4.63000000
2018-02-25 14:47:13,0.02180000,0.54000000
2018-02-25 14:47:16,0.02181800,0.30000000
2018-02-25 14:47:16,0.02181800,0.42000000
2018-02-25 14:47:18,0.02181800,0.01000000
2018-02-25 14:47:18,0.02182000,0.29000000
2018-02-25 14:47:19,0.02180200,1.58000000
2018-02-25 14:47:19,0.02180000,34.10000000
2018-02-25 14:47:19,0.02180000,0.45000000
2018-02-25 14:47:19,0.02180000,3.76000000
2018-02-25 14:47:20,0.02180000,0.29000000
2018-02-25 14:47:20,0.02180000,1.67000000
2018-02-25 14:47:20,0.02180000,1.65000000
2018-02-25 14:47:25,0.02182000,1.77000000
2018-02-25 14:47:29,0.02180500,0.14000000
2018-02-25 14:47:51,0.02180500,3.22000000
2018-02-25 14:47:51,0.02182700,0.05000000
2018-02-25 14:47:51,0.02182700,0.09000000
2018-02-25 14:47:51,0.02182900,0.32000000
2018-02-25 14:47:54,0.02183200,0.13000000
2018-02-25 14:47:55,0.02183600,1.02000000
2018-02-25 14:47:57,0.02184000,1.21000000
2018-02-25 14:48:00,0.02183900,0.20000000
2018-02-25 14:48:01,0.02180900,0.07000000
2018-02-25 14:48:14,0.02183700,0.81000000
2018-02-25 14:48:16,0.02180900,0.95000000
2018-02-25 14:48:16,0.02180900,0.55000000
2018-02-25 14:48:16,0.02180900,0.08000000
2018-02-25 14:48:17,0.02180900,0.55000000
2018-02-25 14:48:17,0.02180900,8.38000000
2018-02-25 14:48:17,0.02180900,0.55000000
2018-02-25 14:48:17,0.02180900,0.29000000
2018-02-25 14:48:17,0.02180900,3.38000000
2018-02-25 14:48:29,0.02183800,4.37000000
2018-02-25 14:48:31,0.02180800,4.37000000
2018-02-25 14:48:31,0.02180700,4.72000000
2018-02-25 14:48:32,0.02180700,0.92000000
2018-02-25 14:48:32,0.02180900,1.00000000
2018-02-25 14:48:33,0.02180900,0.43000000
2018-02-25 14:48:38,0.02181100,0.77000000
2018-02-25 14:48:41,0.02181100,1.04000000
2018-02-25 14:48:42,0.02181100,10.00000000
2018-02-25 14:48:48,0.02181100,0.17000000
2018-02-25 14:48:51,0.02181100,2.31000000
2018-02-25 14:48:51,0.02181100,0.83000000
2018-02-25 14:48:53,0.02181100,9.84000000
2018-02-25 14:48:54,0.02181100,3.16000000
2018-02-25 14:48:54,0.02180900,4.65000000
2018-02-25 14:48:54,0.02180900,1.14000000
2018-02-25 14:48:55,0.02180900,3.52000000
2018-02-25 14:48:55,0.02180500,2.50000000
2018-02-25 14:48:57,0.02180500,0.01000000
2018-02-25 14:48:57,0.02179300,6.85000000
2018-02-25 14:48:57,0.02179000,5.52000000
2018-02-25 14:48:58,0.02179800,0.05000000
2018-02-25 14:48:59,0.02179800,0.13000000
2018-02-25 14:48:59,0.02179000,4.31000000
2018-02-25 14:49:03,0.02179800,4.33000000
2018-02-25 14:49:04,0.02179000,1.51000000
2018-02-25 14:49:05,0.02179500,1.44000000
2018-02-25 14:49:05,0.02179000,0.20000000
2018-02-25 14:49:05,0.02179500,0.07000000
2018-02-25 14:49:05,0.02179000,0.28000000
2018-02-25 14:49:08,0.02179500,0.83000000
2018-02-25 14:49:08,0.02179600,5.50000000
2018-02-25 14:49:08,0.02179700,3.67000000
2018-02-25 14:49:11,0.02179000,0.01000000
2018-02-25 14:49:11,0.02177200,0.25000000
2018-02-25 14:49:12,0.02179700,1.21000000
2018-02-25 14:49:12,0.02180000,2.91000000
2018-02-25 14:49:12,0.02180200,0.11000000
2018-02-25 14:49:14,0.02180200,5.87000000
2018-02-25 14:49:15,0.02180200,0.87000000
2018-02-25 14:49:15,0.02180000,0.82000000
2018-02-25 14:49:15,0.02180000,0.23000000
2018-02-25 14:49:18,0.02180000,0.34000000
2018-02-25 14:49:20,0.02180000,6.85000000
2018-02-25 14:49:22,0.02180000,0.65000000
2018-02-25 14:49:26,0.02180200,0.45000000
2018-02-25 14:49:30,0.02180200,0.39000000
2018-02-25 14:49:33,0.02180200,0.01000000
2018-02-25 14:49:36,0.02180000,0.11000000
2018-02-25 14:49:36,0.02180000,10.64000000
2018-02-25 14:49:38,0.02180000,0.38000000
2018-02-25 14:49:39,0.02180000,0.47000000
2018-02-25 14:49:41,0.02180000,0.63000000
2018-02-25 14:49:41,0.02180000,4.17000000
2018-02-25 14:49:41,0.02180000,20.07000000
2018-02-25 14:49:45,0.02180000,0.28000000
2018-02-25 14:49:45,0.02180000,24.00000000
2018-02-25 14:49:46,0.02180000,0.24000000
2018-02-25 14:49:47,0.02177400,0.33000000
2018-02-25 14:49:47,0.02177200,1.63000000
2018-02-25 14:49:47,0.02176800,2.00000000
2018-02-25 14:49:47,0.02176100,0.06000000
2018-02-25 14:49:47,0.02175900,1.38000000
2018-02-25 14:49:47,0.02175500,0.08000000
2018-02-25 14:49:47,0.02175100,0.86000000
2018-02-25 14:49:47,0.02177000,0.18000000
2018-02-25 14:49:48,0.02179400,0.11000000
2018-02-25 14:49:50,0.02175000,0.27000000
2018-02-25 14:49:50,0.02175000,0.53000000
2018-02-25 14:49:50,0.02174800,1.25000000
2018-02-25 14:49:50,0.02175000,0.17000000
2018-02-25 14:49:50,0.02175000,0.01000000
2018-02-25 14:49:50,0.02176900,0.16000000
2018-02-25 14:49:51,0.02176900,0.22000000
2018-02-25 14:49:51,0.02176900,0.11000000
2018-02-25 14:49:53,0.02179400,0.86000000
2018-02-25 14:49:53,0.02179900,1.22000000
2018-02-25 14:49:56,0.02179900,0.08000000
2018-02-25 14:49:58,0.02176300,6.86000000
2018-02-25 14:49:58,0.02176100,1.32000000
2018-02-25 14:50:03,0.02179700,1.50000000
2018-02-25 14:50:05,0.02179700,0.16000000
2018-02-25 14:50:11,0.02179700,5.84000000
2018-02-25 14:50:11,0.02179900,0.69000000
2018-02-25 14:50:11,0.02180000,1.67000000
2018-02-25 14:50:18,0.02180000,2.68000000
2018-02-25 14:50:19,0.02180000,1.32000000
2018-02-25 14:50:19,0.02180000,10.14000000
2018-02-25 14:50:20,0.02180000,0.15000000
2018-02-25 14:50:21,0.02180200,1.46000000
2018-02-25 14:50:21,0.02180100,0.23000000
2018-02-25 14:50:21,0.02180000,4.27000000
2018-02-25 14:50:23,0.02180000,0.05000000
2018-02-25 14:50:23,0.02180000,15.49000000
2018-02-25 14:50:23,0.02180000,0.05000000
2018-02-25 14:50:24,0.02180000,4.00000000
2018-02-25 14:50:24,0.02180000,11.76000000
2018-02-25 14:50:24,0.02180000,51.35000000
2018-02-25 14:50:24,0.02177000,1.30000000
2018-02-25 14:50:24,0.02176600,0.49000000
2018-02-25 14:50:24,0.02176300,4.63000000
2018-02-25 14:50:24,0.02175200,0.52000000
2018-02-25 14:50:24,0.02174900,2.82000000
2018-02-25 14:50:27,0.02175700,1.00000000
2018-02-25 14:50:37,0.02179700,0.10000000
2018-02-25 14:50:43,0.02176300,1.00000000
2018-02-25 14:50:49,0.02176400,0.23000000
2018-02-25 14:50:49,0.02176100,0.74000000
2018-02-25 14:50:50,0.02176100,0.11000000
2018-02-25 14:50:51,0.02176100,1.15000000
2018-02-25 14:50:51,0.02176300,0.74000000
2018-02-25 14:50:51,0.02179400,0.91000000
2018-02-25 14:50:51,0.02179400,2.72000000
2018-02-25 14:50:51,0.02179400,1.45000000
2018-02-25 14:50:51,0.02179400,6.24000000
2018-02-25 14:50:51,0.02179700,5.56000000
2018-02-25 14:50:51,0.02180000,13.11000000
2018-02-25 14:50:51,0.02180200,1.37000000
2018-02-25 14:50:51,0.02180200,0.11000000
2018-02-25 14:50:51,0.02180200,0.12000000
2018-02-25 14:50:52,0.02180200,0.26000000
2018-02-25 14:50:52,0.02179400,0.10000000
2018-02-25 14:50:53,0.02180200,0.11000000
2018-02-25 14:50:53,0.02180200,0.23000000
2018-02-25 14:50:53,0.02175700,0.17000000
2018-02-25 14:50:53,0.02175700,0.10000000
2018-02-25 14:50:53,0.02175700,1.00000000
2018-02-25 14:50:53,0.02175700,0.92000000
2018-02-25 14:50:53,0.02175700,0.07000000
2018-02-25 14:50:53,0.02175700,0.85000000
2018-02-25 14:50:53,0.02175200,0.92000000
2018-02-25 14:50:54,0.02175600,0.46000000
2018-02-25 14:50:55,0.02175600,0.01000000
2018-02-25 14:50:55,0.02175700,0.44000000
2018-02-25 14:50:56,0.02175200,0.11000000
2018-02-25 14:50:56,0.02174900,0.23000000
2018-02-25 14:50:56,0.02174600,1.28000000
2018-02-25 14:50:56,0.02174500,3.34000000
2018-02-25 14:50:56,0.02174400,1.19000000
2018-02-25 14:50:57,0.02175200,0.25000000
2018-02-25 14:50:58,0.02175200,0.34000000
2018-02-25 14:50:59,0.02175700,0.11000000
2018-02-25 14:51:00,0.02175700,0.15000000
2018-02-25 14:51:01,0.02175700,0.06000000
2018-02-25 14:51:01,0.02175300,0.10000000
2018-02-25 14:51:06,0.02175700,1.00000000
2018-02-25 14:51:08,0.02175700,0.74000000
2018-02-25 14:51:09,0.02175700,0.28000000
2018-02-25 14:51:10,0.02176400,0.15000000
2018-02-25 14:51:12,0.02175700,0.08000000
2018-02-25 14:51:13,0.02175700,0.66000000
2018-02-25 14:51:14,0.02175700,3.21000000
2018-02-25 14:51:18,0.02174400,2.68000000
2018-02-25 14:51:18,0.02174000,0.68000000
2018-02-25 14:51:18,0.02173900,13.00000000
2018-02-25 14:51:18,0.02173700,3.50000000
2018-02-25 14:51:18,0.02173600,12.86000000
2018-02-25 14:51:20,0.02175700,0.15000000
2018-02-25 14:51:22,0.02174400,0.10000000
2018-02-25 14:51:23,0.02174400,0.11000000
2018-02-25 14:51:23,0.02175600,0.05000000
2018-02-25 14:51:25,0.02175600,0.05000000
2018-02-25 14:51:25,0.02175700,0.40000000
2018-02-25 14:51:26,0.02175700,3.02000000
2018-02-25 14:51:26,0.02175700,0.23000000
2018-02-25 14:51:27,0.02176400,0.19000000
2018-02-25 14:51:27,0.02179400,0.17000000
2018-02-25 14:51:27,0.02180100,0.09000000
2018-02-25 14:51:34,0.02179900,0.11000000
2018-02-25 14:51:34,0.02180000,0.09000000
2018-02-25 14:51:34,0.02180200,0.21000000
2018-02-25 14:51:40,0.02180000,0.12000000
2018-02-25 14:51:40,0.02180900,0.03000000
2018-02-25 14:51:42,0.02180900,0.21000000
2018-02-25 14:51:42,0.02181000,0.31000000
2018-02-25 14:51:43,0.02180200,0.39000000
2018-02-25 14:51:44,0.02180200,0.11000000
2018-02-25 14:51:44,0.02180200,0.11000000
2018-02-25 14:51:47,0.02180200,0.55000000
2018-02-25 14:51:47,0.02180900,1.75000000
2018-02-25 14:51:50,0.02180900,0.15000000
2018-02-25 14:51:59,0.02180900,1.54000000
2018-02-25 14:52:00,0.02180900,0.15000000
2018-02-25 14:52:01,0.02180000,0.24000000
2018-02-25 14:52:04,0.02180900,1.32000000
2018-02-25 14:52:05,0.02180900,4.98000000
2018-02-25 14:52:05,0.02181100,1.50000000
2018-02-25 14:52:09,0.02180900,0.40000000
2018-02-25 14:52:10,0.02181100,1.50000000
2018-02-25 14:52:12,0.02181100,3.61000000
2018-02-25 14:52:12,0.02182500,4.54000000
2018-02-25 14:52:14,0.02180900,0.11000000
2018-02-25 14:52:18,0.02182400,1.00000000
2018-02-25 14:52:18,0.02182500,0.28000000
2018-02-25 14:52:20,0.02180900,1.44000000
2018-02-25 14:52:20,0.02180000,3.34000000
2018-02-25 14:52:23,0.02180000,0.05000000
2018-02-25 14:52:40,0.02180000,15.19000000
2018-02-25 14:52:48,0.02182000,0.45000000
2018-02-25 14:52:50,0.02182000,0.10000000
2018-02-25 14:52:50,0.02182300,0.30000000
2018-02-25 14:52:51,0.02180000,0.38000000
2018-02-25 14:52:52,0.02182300,2.20000000
2018-02-25 14:52:54,0.02181100,0.22000000
2018-02-25 14:52:54,0.02181100,0.06000000
2018-02-25 14:52:55,0.02181100,1.50000000
2018-02-25 14:52:57,0.02181200,0.29000000
2018-02-25 14:52:57,0.02180100,0.09000000
2018-02-25 14:52:57,0.02180100,0.24000000
2018-02-25 14:53:02,0.02180900,0.05000000
2018-02-25 14:53:02,0.02180900,0.11000000
2018-02-25 14:53:03,0.02180900,0.07000000
2018-02-25 14:53:06,0.02180100,0.24000000
2018-02-25 14:53:07,0.02180900,5.00000000
2018-02-25 14:53:15,0.02181000,0.11000000
2018-02-25 14:53:15,0.02181000,4.12000000
2018-02-25 14:53:16,0.02181000,1.65000000
2018-02-25 14:53:17,0.02180100,0.46000000
2018-02-25 14:53:17,0.02180100,0.28000000
2018-02-25 14:53:18,0.02180100,4.00000000
2018-02-25 14:53:18,0.02180100,1.19000000
2018-02-25 14:53:18,0.02180100,0.29000000
2018-02-25 14:53:18,0.02180100,4.65000000
2018-02-25 14:53:19,0.02181000,0.01000000
2018-02-25 14:53:19,0.02182500,0.01000000
2018-02-25 14:53:23,0.02182500,0.34000000
2018-02-25 14:53:25,0.02182500,0.13000000
2018-02-25 14:53:27,0.02182700,0.05000000
2018-02-25 14:53:31,0.02182700,0.01000000
2018-02-25 14:53:32,0.02182800,0.27000000
2018-02-25 14:53:32,0.02182500,0.99000000
2018-02-25 14:53:32,0.02183400,0.05000000
2018-02-25 14:53:32,0.02182500,0.35000000
2018-02-25 14:53:37,0.02183500,0.53000000
2018-02-25 14:53:37,0.02183600,4.00000000
2018-02-25 14:53:41,0.02183700,1.37000000
2018-02-25 14:53:42,0.02183700,0.85000000
2018-02-25 14:53:43,0.02183700,3.47000000
2018-02-25 14:53:43,0.02182700,0.64000000
2018-02-25 14:53:43,0.02182500,0.62000000
2018-02-25 14:53:50,0.02183700,0.22000000
2018-02-25 14:53:50,0.02183900,0.11000000
2018-02-25 14:53:52,0.02182700,0.32000000
2018-02-25 14:53:52,0.02182500,0.61000000
2018-02-25 14:53:54,0.02183800,12.24000000
2018-02-25 14:53:54,0.02183900,24.71000000
2018-02-25 14:53:54,0.02184000,0.11000000
2018-02-25 14:53:56,0.02183900,0.56000000
2018-02-25 14:53:58,0.02184000,3.77000000
2018-02-25 14:54:07,0.02184000,3.39000000
2018-02-25 14:54:09,0.02184000,0.34000000
2018-02-25 14:54:11,0.02184000,0.05000000
2018-02-25 14:54:11,0.02184000,0.11000000
2018-02-25 14:54:13,0.02183900,2.67000000
2018-02-25 14:54:15,0.02184000,0.11000000
2018-02-25 14:54:18,0.02183900,0.18000000
2018-02-25 14:54:19,0.02184000,0.18000000
2018-02-25 14:54:23,0.02184000,11.21000000
2018-02-25 14:54:28,0.02184000,4.57000000
2018-02-25 14:54:30,0.02184000,0.45000000
2018-02-25 14:54:31,0.02183900,0.30000000
2018-02-25 14:54:31,0.02183900,2.00000000
2018-02-25 14:54:31,0.02183900,0.15000000
2018-02-25 14:54:34,0.02183900,1.26000000
2018-02-25 14:54:40,0.02184000,0.07000000
2018-02-25 14:54:43,0.02183900,0.65000000
2018-02-25 14:54:44,0.02184000,2.00000000
2018-02-25 14:54:44,0.02185000,7.44000000
2018-02-25 14:54:50,0.02184800,0.45000000
2018-02-25 14:54:52,0.02183900,2.33000000
2018-02-25 14:54:54,0.02184000,0.65000000
2018-02-25 14:54:54,0.02184000,0.15000000
2018-02-25 14:54:56,0.02184200,1.45000000
2018-02-25 14:54:58,0.02184200,0.49000000
2018-02-25 14:54:58,0.02184200,0.27000000
2018-02-25 14:55:00,0.02184100,1.43000000
2018-02-25 14:55:00,0.02184000,0.59000000
2018-02-25 14:55:02,0.02184000,1.54000000
2018-02-25 14:55:02,0.02184000,2.91000000
2018-02-25 14:55:04,0.02184000,0.01000000
2018-02-25 14:55:04,0.02183900,0.18000000
2018-02-25 14:55:04,0.02183900,1.00000000
2018-02-25 14:55:04,0.02183900,0.01000000
2018-02-25 14:55:04,0.02183900,0.28000000
2018-02-25 14:55:07,0.02184100,2.99000000
2018-02-25 14:55:07,0.02184100,1.72000000
2018-02-25 14:55:08,0.02184100,1.98000000
2018-02-25 14:55:08,0.02183900,1.17000000
2018-02-25 14:55:11,0.02183900,2.03000000
2018-02-25 14:55:15,0.02183900,0.05000000
2018-02-25 14:55:16,0.02184000,0.07000000
2018-02-25 14:55:16,0.02184200,0.28000000
2018-02-25 14:55:16,0.02185000,0.14000000
2018-02-25 14:55:17,0.02183900,1.02000000
2018-02-25 14:55:19,0.02183900,0.05000000
2018-02-25 14:55:19,0.02182500,0.19000000
2018-02-25 14:55:23,0.02184000,0.11000000
2018-02-25 14:55:25,0.02184000,2.88000000
2018-02-25 14:55:27,0.02184000,0.11000000
2018-02-25 14:55:28,0.02184000,1.39000000
2018-02-25 14:55:31,0.02184100,2.50000000
2018-02-25 14:55:39,0.02185000,0.19000000
2018-02-25 14:55:40,0.02184100,0.01000000
2018-02-25 14:55:40,0.02184000,0.48000000
2018-02-25 14:55:41,0.02184000,1.87000000
2018-02-25 14:55:42,0.02184000,0.28000000
2018-02-25 14:55:44,0.02184100,0.22000000
2018-02-25 14:55:44,0.02184000,0.49000000
2018-02-25 14:55:44,0.02184000,0.47000000
2018-02-25 14:55:44,0.02184000,1.37000000
2018-02-25 14:55:44,0.02184100,0.51000000
2018-02-25 14:55:44,0.02184000,0.36000000
2018-02-25 14:55:45,0.02184000,0.64000000
2018-02-25 14:55:46,0.02184000,3.42000000
2018-02-25 14:55:46,0.02184000,0.49000000
2018-02-25 14:55:48,0.02184100,0.18000000
2018-02-25 14:55:51,0.02184100,0.04000000
2018-02-25 14:55:52,0.02184000,0.40000000
2018-02-25 14:55:53,0.02184100,0.14000000
2018-02-25 14:55:53,0.02185000,0.39000000
2018-02-25 14:55:53,0.02185000,10.44000000
2018-02-25 14:55:53,0.02184000,1.22000000
2018-02-25 14:55:53,0.02184000,1.54000000
2018-02-25 14:55:53,0.02184000,0.18000000
2018-02-25 14:55:54,0.02185000,0.45000000
2018-02-25 14:55:54,0.02185000,1.36000000
2018-02-25 14:55:54,0.02185000,2.47000000
2018-02-25 14:55:54,0.02185000,2.96000000
2018-02-25 14:55:54,0.02185000,0.46000000
2018-02-25 14:55:54,0.02184000,1.36000000
2018-02-25 14:55:56,0.02185000,0.97000000
2018-02-25 14:55:57,0.02185000,0.33000000
2018-02-25 14:55:58,0.02184100,0.06000000
2018-02-25 14:56:00,0.02184100,0.22000000
2018-02-25 14:56:01,0.02184000,0.18000000
2018-02-25 14:56:07,0.02184000,1.37000000
2018-02-25 14:56:07,0.02184100,0.11000000
2018-02-25 14:56:12,0.02184000,1.37000000
2018-02-25 14:56:12,0.02184100,1.53000000
2018-02-25 14:56:15,0.02184100,0.71000000
2018-02-25 14:56:18,0.02184100,0.23000000
2018-02-25 14:56:19,0.02184000,0.11000000
2018-02-25 14:56:21,0.02184100,0.18000000
2018-02-25 14:56:23,0.02184000,0.11000000
2018-02-25 14:56:24,0.02184000,0.22000000
2018-02-25 14:56:24,0.02184000,0.05000000
2018-02-25 14:56:25,0.02184000,3.06000000
2018-02-25 14:56:25,0.02184000,0.24000000
2018-02-25 14:56:26,0.02184000,0.41000000
2018-02-25 14:56:28,0.02184000,0.11000000
2018-02-25 14:56:30,0.02184000,17.63000000
2018-02-25 14:56:30,0.02184000,8.30000000
2018-02-25 14:56:32,0.02183900,0.55000000
2018-02-25 14:56:32,0.02182500,2.90000000
2018-02-25 14:56:32,0.02182000,0.65000000
2018-02-25 14:56:46,0.02182000,3.14000000
2018-02-25 14:56:50,0.02182200,0.69000000
2018-02-25 14:56:52,0.02182300,0.91000000
2018-02-25 14:56:52,0.02182200,0.22000000
2018-02-25 14:56:52,0.02184100,0.08000000
2018-02-25 14:56:57,0.02182000,0.03000000
2018-02-25 14:56:59,0.02184000,0.56000000
2018-02-25 14:57:05,0.02182000,4.40000000
2018-02-25 14:57:06,0.02181400,0.44000000
2018-02-25 14:57:06,0.02181400,0.46000000
2018-02-25 14:57:10,0.02182000,0.35000000
2018-02-25 14:57:11,0.02182000,1.21000000
2018-02-25 14:57:14,0.02181500,0.19000000
2018-02-25 14:57:15,0.02182000,0.08000000
2018-02-25 14:57:18,0.02182000,0.24000000
2018-02-25 14:57:22,0.02182000,1.02000000
2018-02-25 14:57:23,0.02182000,0.08000000
2018-02-25 14:57:23,0.02182000,0.80000000
2018-02-25 14:57:26,0.02182000,3.13000000
2018-02-25 14:57:26,0.02182000,4.58000000
2018-02-25 14:57:27,0.02181500,0.07000000
2018-02-25 14:57:28,0.02181500,0.58000000
2018-02-25 14:57:28,0.02180300,1.13000000
2018-02-25 14:57:28,0.02182000,0.08000000
2018-02-25 14:57:28,0.02182000,0.08000000
2018-02-25 14:57:28,0.02182000,1.52000000
2018-02-25 14:57:33,0.02181900,0.05000000
2018-02-25 14:57:42,0.02181900,0.74000000
2018-02-25 14:57:42,0.02182000,0.08000000
2018-02-25 14:57:44,0.02181900,0.48000000
2018-02-25 14:57:47,0.02182000,2.80000000
2018-02-25 14:57:51,0.02181900,20.00000000
2018-02-25 14:57:52,0.02182000,0.10000000
2018-02-25 14:57:54,0.02182000,2.99000000
2018-02-25 14:57:57,0.02182000,0.64000000
2018-02-25 14:58:00,0.02182000,2.00000000
2018-02-25 14:58:08,0.02181900,1.72000000
2018-02-25 14:58:09,0.02182000,0.15000000
2018-02-25 14:58:15,0.02181900,5.77000000
2018-02-25 14:58:18,0.02181900,1.10000000
2018-02-25 14:58:26,0.02181900,0.21000000
2018-02-25 14:58:31,0.02181900,0.79000000
2018-02-25 14:58:31,0.02182000,1.47000000
2018-02-25 14:58:35,0.02182000,0.45000000
2018-02-25 14:58:37,0.02182000,3.62000000
2018-02-25 14:58:39,0.02180200,0.33000000
2018-02-25 14:58:45,0.02182000,0.16000000
2018-02-25 14:58:55,0.02181900,1.82000000
2018-02-25 14:58:55,0.02182000,0.30000000
2018-02-25 14:58:56,0.02182000,4.48000000
2018-02-25 14:58:56,0.02180100,0.83000000
2018-02-25 14:58:56,0.02180000,0.42000000
2018-02-25 14:58:56,0.02182000,3.87000000
2018-02-25 14:59:02,0.02182000,1.57000000
2018-02-25 14:59:02,0.02182000,15.00000000
2018-02-25 14:59:02,0.02182000,0.11000000
2018-02-25 14:59:04,0.02180300,0.06000000
2018-02-25 14:59:06,0.02181900,0.11000000
2018-02-25 14:59:12,0.02181900,0.04000000
2018-02-25 14:59:12,0.02182000,0.17000000
2018-02-25 14:59:12,0.02182000,2.50000000
2018-02-25 14:59:12,0.02182000,6.70000000
2018-02-25 14:59:12,0.02182000,0.23000000
2018-02-25 14:59:12,0.02182000,31.12000000
2018-02-25 14:59:16,0.02181000,1.00000000
2018-02-25 14:59:32,0.02181800,1.00000000
2018-02-25 14:59:32,0.02182000,1.74000000
2018-02-25 14:59:40,0.02181000,0.35000000
2018-02-25 14:59:40,0.02180400,0.06000000
2018-02-25 14:59:46,0.02180600,2.78000000
2018-02-25 14:59:50,0.02180600,0.45000000
