DATE,PRICE,VOLUME
2018-02-26 20:00:05,0.02116800,0.23000000
2018-02-26 20:00:20,0.02117000,0.45000000
2018-02-26 20:00:20,0.02117000,0.01000000
2018-02-26 20:00:20,0.02117000,0.68000000
2018-02-26 20:00:23,0.02117000,1.23000000
2018-02-26 20:00:27,0.02118000,0.01000000
2018-02-26 20:00:27,0.02118300,0.12000000
2018-02-26 20:00:27,0.02119900,7.14000000
2018-02-26 20:00:29,0.02119900,4.45000000
2018-02-26 20:00:29,0.02119900,0.40000000
2018-02-26 20:00:29,0.02119900,1.65000000
2018-02-26 20:00:30,0.02119900,0.14000000
2018-02-26 20:00:31,0.02120000,3.77000000
2018-02-26 20:00:31,0.02120000,1.33000000
2018-02-26 20:00:31,0.02119900,2.97000000
2018-02-26 20:00:36,0.02117100,0.09000000
2018-02-26 20:00:36,0.02117000,1.97000000
2018-02-26 20:00:41,0.02120000,1.58000000
2018-02-26 20:00:44,0.02117100,1.00000000
2018-02-26 20:00:47,0.02120000,0.06000000
2018-02-26 20:01:01,0.02117200,0.27000000
2018-02-26 20:01:01,0.02117100,0.26000000
2018-02-26 20:01:05,0.02120000,0.47000000
2018-02-26 20:01:06,0.02120000,0.11000000
2018-02-26 20:01:08,0.02120000,0.66000000
2018-02-26 20:01:08,0.02120200,0.05000000
2018-02-26 20:01:09,0.02120200,0.01000000
2018-02-26 20:01:09,0.02120300,0.46000000
2018-02-26 20:01:09,0.02120300,0.46000000
2018-02-26 20:01:09,0.02120300,0.47000000
2018-02-26 20:01:11,0.02120000,0.20000000
2018-02-26 20:01:11,0.02120000,0.68000000
2018-02-26 20:01:11,0.02120300,0.08000000
2018-02-26 20:01:12,0.02120300,1.29000000
2018-02-26 20:01:13,0.02120500,0.11000000
2018-02-26 20:01:13,0.02120500,0.46000000
2018-02-26 20:01:14,0.02120500,0.11000000
2018-02-26 20:01:14,0.02120500,3.56000000
2018-02-26 20:01:15,0.02120500,5.78000000
2018-02-26 20:01:15,0.02120300,1.00000000
2018-02-26 20:01:15,0.02120300,0.29000000
2018-02-26 20:01:15,0.02120300,0.59000000
2018-02-26 20:01:15,0.02120300,0.41000000
2018-02-26 20:01:16,0.02120500,7.56000000
2018-02-26 20:01:16,0.02120500,0.65000000
2018-02-26 20:01:16,0.02120500,29.86000000
2018-02-26 20:01:18,0.02120500,1.00000000
2018-02-26 20:01:19,0.02120500,2.45000000
2018-02-26 20:01:27,0.02121300,0.18000000
2018-02-26 20:01:27,0.02121800,0.29000000
2018-02-26 20:01:30,0.02120500,0.05000000
2018-02-26 20:01:34,0.02120500,1.31000000
2018-02-26 20:01:34,0.02120400,0.19000000
2018-02-26 20:01:34,0.02120300,2.71000000
2018-02-26 20:01:38,0.02120300,1.91000000
2018-02-26 20:01:39,0.02120300,5.07000000
2018-02-26 20:01:41,0.02120300,1.91000000
2018-02-26 20:01:41,0.02120500,0.22000000
2018-02-26 20:01:41,0.02121800,0.68000000
2018-02-26 20:01:41,0.02123000,0.64000000
2018-02-26 20:01:41,0.02123000,0.08000000
2018-02-26 20:01:42,0.02123000,0.94000000
2018-02-26 20:01:50,0.02123000,0.11000000
2018-02-26 20:01:51,0.02123000,0.42000000
2018-02-26 20:01:52,0.02120500,0.09000000
2018-02-26 20:01:52,0.02120300,2.49000000
2018-02-26 20:01:52,0.02123000,2.93000000
2018-02-26 20:01:57,0.02123000,0.53000000
2018-02-26 20:02:00,0.02123600,0.80000000
2018-02-26 20:02:01,0.02123000,0.14000000
2018-02-26 20:02:01,0.02120300,0.66000000
2018-02-26 20:02:02,0.02120300,0.06000000
2018-02-26 20:02:04,0.02122500,0.47000000
2018-02-26 20:02:05,0.02122500,0.47000000
2018-02-26 20:02:11,0.02123900,1.70000000
2018-02-26 20:02:13,0.02123000,0.47000000
2018-02-26 20:02:21,0.02122500,0.30000000
2018-02-26 20:02:21,0.02120400,0.22000000
2018-02-26 20:02:21,0.02120300,2.20000000
2018-02-26 20:02:21,0.02120100,0.31000000
2018-02-26 20:02:41,0.02123600,0.07000000
2018-02-26 20:02:41,0.02123900,5.08000000
2018-02-26 20:02:46,0.02123000,0.21000000
2018-02-26 20:02:46,0.02121800,3.67000000
2018-02-26 20:02:46,0.02123900,0.01000000
2018-02-26 20:02:46,0.02124100,0.40000000
2018-02-26 20:02:46,0.02124300,4.59000000
2018-02-26 20:02:47,0.02124300,12.00000000
2018-02-26 20:02:48,0.02124900,0.95000000
2018-02-26 20:02:48,0.02124900,0.01000000
2018-02-26 20:02:48,0.02125000,2.25000000
2018-02-26 20:02:48,0.02125100,1.68000000
2018-02-26 20:02:48,0.02126000,3.36000000
2018-02-26 20:02:49,0.02121800,1.00000000
2018-02-26 20:02:53,0.02126300,0.71000000
2018-02-26 20:02:55,0.02126300,0.10000000
2018-02-26 20:02:55,0.02124300,0.50000000
2018-02-26 20:02:59,0.02126300,0.19000000
2018-02-26 20:02:59,0.02126400,0.31000000
2018-02-26 20:03:04,0.02123900,0.11000000
2018-02-26 20:03:04,0.02122500,0.20000000
2018-02-26 20:03:04,0.02122000,1.91000000
2018-02-26 20:03:08,0.02124400,2.36000000
2018-02-26 20:03:08,0.02126400,0.16000000
2018-02-26 20:03:09,0.02127100,0.34000000
2018-02-26 20:03:12,0.02127100,0.89000000
2018-02-26 20:03:15,0.02124300,1.34000000
2018-02-26 20:03:23,0.02127000,0.30000000
2018-02-26 20:03:23,0.02127100,0.19000000
2018-02-26 20:03:24,0.02127100,0.43000000
2018-02-26 20:03:24,0.02127100,0.43000000
2018-02-26 20:03:24,0.02127000,0.07000000
2018-02-26 20:03:26,0.02127000,0.03000000
2018-02-26 20:03:26,0.02124500,4.70000000
2018-02-26 20:03:26,0.02124300,18.35000000
2018-02-26 20:03:26,0.02124300,0.40000000
2018-02-26 20:03:26,0.02124300,0.05000000
2018-02-26 20:03:26,0.02124300,0.11000000
2018-02-26 20:03:26,0.02124300,0.09000000
2018-02-26 20:03:26,0.02124300,0.05000000
2018-02-26 20:03:27,0.02124300,0.45000000
2018-02-26 20:03:27,0.02124300,12.00000000
2018-02-26 20:03:28,0.02126400,0.98000000
2018-02-26 20:03:29,0.02126400,0.40000000
2018-02-26 20:03:29,0.02126400,14.83000000
2018-02-26 20:03:29,0.02126400,0.40000000
2018-02-26 20:03:31,0.02127100,1.76000000
2018-02-26 20:03:31,0.02127200,0.55000000
2018-02-26 20:03:31,0.02127900,0.49000000
2018-02-26 20:03:39,0.02127100,0.47000000
2018-02-26 20:03:47,0.02127100,2.89000000
2018-02-26 20:03:48,0.02127100,0.50000000
2018-02-26 20:03:50,0.02127100,0.10000000
2018-02-26 20:03:51,0.02127900,0.56000000
2018-02-26 20:03:51,0.02127100,0.47000000
2018-02-26 20:03:53,0.02127100,3.31000000
2018-02-26 20:03:53,0.02124500,1.77000000
2018-02-26 20:03:54,0.02124500,1.20000000
2018-02-26 20:03:58,0.02124600,0.23000000
2018-02-26 20:03:58,0.02124400,1.62000000
2018-02-26 20:03:58,0.02124300,3.92000000
2018-02-26 20:04:07,0.02124700,0.17000000
2018-02-26 20:04:12,0.02124700,2.25000000
2018-02-26 20:04:13,0.02127100,0.05000000
2018-02-26 20:04:23,0.02126700,1.21000000
2018-02-26 20:04:23,0.02126700,0.26000000
2018-02-26 20:04:23,0.02126800,2.65000000
2018-02-26 20:04:23,0.02127100,1.70000000
2018-02-26 20:04:28,0.02124900,0.47000000
2018-02-26 20:04:29,0.02124900,1.42000000
2018-02-26 20:04:30,0.02124900,0.67000000
2018-02-26 20:04:37,0.02125200,0.99000000
2018-02-26 20:04:37,0.02125200,1.71000000
2018-02-26 20:04:41,0.02125200,1.70000000
2018-02-26 20:04:44,0.02126700,0.10000000
2018-02-26 20:04:46,0.02126700,2.46000000
2018-02-26 20:04:46,0.02126800,3.64000000
2018-02-26 20:04:50,0.02125500,1.85000000
2018-02-26 20:04:55,0.02126800,1.00000000
2018-02-26 20:04:58,0.02126800,2.38000000
2018-02-26 20:05:00,0.02125600,0.24000000
2018-02-26 20:05:04,0.02125600,0.24000000
2018-02-26 20:05:09,0.02125600,2.34000000
2018-02-26 20:05:09,0.02125600,0.46000000
2018-02-26 20:05:10,0.02125600,0.24000000
2018-02-26 20:05:13,0.02125500,0.86000000
2018-02-26 20:05:15,0.02125500,9.75000000
2018-02-26 20:05:16,0.02125500,0.34000000
2018-02-26 20:05:16,0.02125500,12.43000000
2018-02-26 20:05:16,0.02125500,12.23000000
2018-02-26 20:05:17,0.02125500,0.52000000
2018-02-26 20:05:18,0.02125500,10.42000000
2018-02-26 20:05:19,0.02125500,0.01000000
2018-02-26 20:05:19,0.02125600,0.47000000
2018-02-26 20:05:20,0.02125600,0.01000000
2018-02-26 20:05:23,0.02126700,2.10000000
2018-02-26 20:05:23,0.02125600,1.08000000
2018-02-26 20:05:23,0.02125600,0.80000000
2018-02-26 20:05:24,0.02126800,0.33000000
2018-02-26 20:05:24,0.02126800,1.41000000
2018-02-26 20:05:26,0.02126800,0.06000000
2018-02-26 20:05:27,0.02126800,0.23000000
2018-02-26 20:05:27,0.02126800,0.10000000
2018-02-26 20:05:27,0.02126800,0.65000000
2018-02-26 20:05:27,0.02126800,1.02000000
2018-02-26 20:05:27,0.02126800,0.37000000
2018-02-26 20:05:27,0.02126800,0.09000000
2018-02-26 20:05:27,0.02126800,0.09000000
2018-02-26 20:05:27,0.02126800,0.15000000
2018-02-26 20:05:27,0.02126800,0.51000000
2018-02-26 20:05:27,0.02126800,0.23000000
2018-02-26 20:05:27,0.02126800,0.47000000
2018-02-26 20:05:27,0.02126800,0.14000000
2018-02-26 20:05:27,0.02126800,0.09000000
2018-02-26 20:05:27,0.02126800,0.09000000
2018-02-26 20:05:28,0.02126800,0.09000000
2018-02-26 20:05:28,0.02126800,0.33000000
2018-02-26 20:05:28,0.02126800,0.46000000
2018-02-26 20:05:28,0.02126800,0.23000000
2018-02-26 20:05:28,0.02126800,0.09000000
2018-02-26 20:05:28,0.02126800,0.21000000
2018-02-26 20:05:28,0.02126800,0.12000000
2018-02-26 20:05:28,0.02126800,0.09000000
2018-02-26 20:05:28,0.02126800,0.09000000
2018-02-26 20:05:28,0.02126800,0.09000000
2018-02-26 20:05:28,0.02126800,0.09000000
2018-02-26 20:05:28,0.02126800,0.10000000
2018-02-26 20:05:28,0.02126800,0.16000000
2018-02-26 20:05:28,0.02126800,0.59000000
2018-02-26 20:05:28,0.02127100,0.19000000
2018-02-26 20:05:28,0.02127100,1.41000000
2018-02-26 20:05:28,0.02127100,0.76000000
2018-02-26 20:05:28,0.02127100,0.70000000
2018-02-26 20:05:30,0.02126800,2.37000000
2018-02-26 20:05:30,0.02125600,0.14000000
2018-02-26 20:05:30,0.02125500,0.85000000
2018-02-26 20:05:30,0.02124900,0.92000000
2018-02-26 20:05:30,0.02124700,0.72000000
2018-02-26 20:05:30,0.02127100,1.41000000
2018-02-26 20:05:31,0.02127100,2.34000000
2018-02-26 20:05:33,0.02127100,0.95000000
2018-02-26 20:05:39,0.02126800,0.37000000
2018-02-26 20:05:39,0.02125600,0.89000000
2018-02-26 20:05:39,0.02125500,0.20000000
2018-02-26 20:05:40,0.02127100,0.22000000
2018-02-26 20:05:41,0.02127100,0.47000000
2018-02-26 20:05:41,0.02125500,0.28000000
2018-02-26 20:05:42,0.02125500,1.71000000
2018-02-26 20:05:44,0.02125500,0.01000000
2018-02-26 20:05:44,0.02127100,0.23000000
2018-02-26 20:05:47,0.02127100,6.50000000
2018-02-26 20:05:50,0.02127900,15.80000000
2018-02-26 20:05:52,0.02125000,0.15000000
2018-02-26 20:05:53,0.02125000,5.44000000
2018-02-26 20:05:57,0.02125200,0.08000000
2018-02-26 20:05:57,0.02125000,1.05000000
2018-02-26 20:06:10,0.02127400,0.24000000
2018-02-26 20:06:18,0.02127400,2.42000000
2018-02-26 20:06:18,0.02128000,1.08000000
2018-02-26 20:06:19,0.02128000,0.11000000
2018-02-26 20:06:19,0.02128000,1.55000000
2018-02-26 20:06:19,0.02126100,2.69000000
2018-02-26 20:06:19,0.02125000,0.36000000
2018-02-26 20:06:24,0.02128100,0.36000000
2018-02-26 20:06:25,0.02125000,0.65000000
2018-02-26 20:06:27,0.02125000,2.01000000
2018-02-26 20:06:28,0.02128100,0.37000000
2018-02-26 20:06:28,0.02128600,1.93000000
2018-02-26 20:06:28,0.02129000,2.39000000
2018-02-26 20:06:42,0.02129000,0.93000000
2018-02-26 20:06:44,0.02129000,5.06000000
2018-02-26 20:06:44,0.02129000,1.26000000
2018-02-26 20:06:47,0.02129000,0.30000000
2018-02-26 20:06:47,0.02129000,2.94000000
2018-02-26 20:06:48,0.02129000,0.14000000
2018-02-26 20:06:49,0.02129100,3.08000000
2018-02-26 20:06:51,0.02129100,0.23000000
2018-02-26 20:06:52,0.02129000,0.14000000
2018-02-26 20:06:52,0.02129000,4.60000000
2018-02-26 20:06:52,0.02129100,0.43000000
2018-02-26 20:06:54,0.02129000,3.09000000
2018-02-26 20:06:56,0.02129100,0.05000000
2018-02-26 20:06:57,0.02129100,0.11000000
2018-02-26 20:06:57,0.02129000,0.90000000
2018-02-26 20:06:58,0.02129000,0.19000000
2018-02-26 20:06:58,0.02129100,6.16000000
2018-02-26 20:06:58,0.02129100,1.91000000
2018-02-26 20:06:59,0.02129100,0.01000000
2018-02-26 20:07:00,0.02129800,8.69000000
2018-02-26 20:07:05,0.02129800,0.05000000
2018-02-26 20:07:05,0.02129800,0.20000000
2018-02-26 20:07:08,0.02129100,0.77000000
2018-02-26 20:07:08,0.02129000,8.03000000
2018-02-26 20:07:10,0.02129000,1.15000000
2018-02-26 20:07:10,0.02129800,0.33000000
2018-02-26 20:07:19,0.02129700,1.00000000
2018-02-26 20:07:20,0.02129700,0.35000000
2018-02-26 20:07:20,0.02129700,0.01000000
2018-02-26 20:07:20,0.02129800,0.45000000
2018-02-26 20:07:20,0.02130000,23.67000000
2018-02-26 20:07:20,0.02129100,2.27000000
2018-02-26 20:07:20,0.02129000,2.73000000
2018-02-26 20:07:20,0.02129800,0.09000000
2018-02-26 20:07:21,0.02129800,0.09000000
2018-02-26 20:07:21,0.02129800,0.04000000
2018-02-26 20:07:21,0.02129000,0.05000000
2018-02-26 20:07:21,0.02129000,0.09000000
2018-02-26 20:07:21,0.02129800,0.08000000
2018-02-26 20:07:21,0.02129800,0.10000000
2018-02-26 20:07:23,0.02130000,0.10000000
2018-02-26 20:07:24,0.02130000,0.08000000
2018-02-26 20:07:28,0.02129800,0.20000000
2018-02-26 20:07:28,0.02129800,0.09000000
2018-02-26 20:07:28,0.02130000,0.01000000
2018-02-26 20:07:28,0.02131000,0.22000000
2018-02-26 20:07:28,0.02131900,2.55000000
2018-02-26 20:07:28,0.02130000,0.08000000
2018-02-26 20:07:29,0.02130000,0.34000000
2018-02-26 20:07:31,0.02129000,0.90000000
2018-02-26 20:07:31,0.02129000,0.09000000
2018-02-26 20:07:33,0.02129000,0.73000000
2018-02-26 20:07:42,0.02129000,3.92000000
2018-02-26 20:07:43,0.02129000,1.26000000
2018-02-26 20:07:45,0.02129000,21.51000000
2018-02-26 20:07:49,0.02129000,0.31000000
2018-02-26 20:07:52,0.02129900,0.91000000
2018-02-26 20:07:57,0.02129000,0.62000000
2018-02-26 20:07:57,0.02129000,0.09000000
2018-02-26 20:07:57,0.02129000,0.19000000
2018-02-26 20:07:57,0.02127400,0.52000000
2018-02-26 20:07:58,0.02129800,2.52000000
2018-02-26 20:07:58,0.02129900,0.09000000
2018-02-26 20:07:58,0.02130000,0.09000000
2018-02-26 20:07:58,0.02130400,0.75000000
2018-02-26 20:07:58,0.02129000,0.37000000
2018-02-26 20:08:02,0.02129000,0.14000000
2018-02-26 20:08:02,0.02129800,0.09000000
2018-02-26 20:08:02,0.02129900,0.09000000
2018-02-26 20:08:02,0.02130000,0.09000000
2018-02-26 20:08:02,0.02130400,6.94000000
2018-02-26 20:08:05,0.02127400,1.22000000
2018-02-26 20:08:05,0.02127300,1.66000000
2018-02-26 20:08:05,0.02127000,6.41000000
2018-02-26 20:08:14,0.02127400,0.01000000
2018-02-26 20:08:20,0.02129000,0.11000000
2018-02-26 20:08:23,0.02129000,0.11000000
2018-02-26 20:08:24,0.02129000,0.04000000
2018-02-26 20:08:28,0.02129000,0.37000000
2018-02-26 20:08:42,0.02129100,0.26000000
2018-02-26 20:08:43,0.02129100,0.09000000
2018-02-26 20:08:48,0.02129100,1.39000000
2018-02-26 20:08:53,0.02129100,5.59000000
2018-02-26 20:08:53,0.02129000,25.31000000
2018-02-26 20:08:53,0.02128600,1.91000000
2018-02-26 20:08:53,0.02128600,0.02000000
2018-02-26 20:08:53,0.02128600,0.07000000
2018-02-26 20:08:53,0.02129000,0.09000000
2018-02-26 20:08:54,0.02129300,0.09000000
2018-02-26 20:08:54,0.02129300,0.09000000
2018-02-26 20:08:55,0.02129300,1.00000000
2018-02-26 20:09:02,0.02129800,0.48000000
2018-02-26 20:09:05,0.02129300,0.44000000
2018-02-26 20:09:05,0.02129300,0.09000000
2018-02-26 20:09:05,0.02129800,0.08000000
2018-02-26 20:09:06,0.02129800,0.10000000
2018-02-26 20:09:06,0.02130000,0.05000000
2018-02-26 20:09:11,0.02130000,2.16000000
2018-02-26 20:09:11,0.02130000,12.17000000
2018-02-26 20:09:12,0.02130000,0.01000000
2018-02-26 20:09:12,0.02130400,4.75000000
2018-02-26 20:09:12,0.02130400,0.09000000
2018-02-26 20:09:18,0.02130400,1.29000000
2018-02-26 20:09:19,0.02130400,0.16000000
2018-02-26 20:09:20,0.02130400,8.72000000
2018-02-26 20:09:22,0.02131900,1.46000000
2018-02-26 20:09:22,0.02132200,0.46000000
2018-02-26 20:09:22,0.02132300,1.37000000
2018-02-26 20:09:22,0.02132500,0.47000000
2018-02-26 20:09:22,0.02133000,0.88000000
2018-02-26 20:09:22,0.02133000,0.27000000
2018-02-26 20:09:22,0.02130400,0.13000000
2018-02-26 20:09:22,0.02130400,0.09000000
2018-02-26 20:09:26,0.02130400,0.46000000
2018-02-26 20:09:39,0.02131900,0.45000000
2018-02-26 20:09:46,0.02130500,0.35000000
2018-02-26 20:09:46,0.02130500,0.09000000
2018-02-26 20:09:56,0.02131900,0.86000000
2018-02-26 20:09:59,0.02131900,1.50000000
2018-02-26 20:10:01,0.02131000,4.00000000
2018-02-26 20:10:02,0.02131000,0.27000000
2018-02-26 20:10:02,0.02131000,1.06000000
2018-02-26 20:10:02,0.02130500,0.46000000
2018-02-26 20:10:03,0.02130500,1.53000000
2018-02-26 20:10:05,0.02131000,0.69000000
2018-02-26 20:10:05,0.02130500,1.31000000
2018-02-26 20:10:05,0.02130500,0.09000000
2018-02-26 20:10:06,0.02131000,0.08000000
2018-02-26 20:10:06,0.02131000,0.10000000
2018-02-26 20:10:09,0.02130500,5.04000000
2018-02-26 20:10:09,0.02130500,0.09000000
2018-02-26 20:10:09,0.02131900,2.50000000
2018-02-26 20:10:11,0.02131100,0.10000000
2018-02-26 20:10:11,0.02131100,0.09000000
2018-02-26 20:10:12,0.02131500,0.73000000
2018-02-26 20:10:16,0.02131200,4.15000000
2018-02-26 20:10:16,0.02131200,0.09000000
2018-02-26 20:10:18,0.02131500,0.30000000
2018-02-26 20:10:18,0.02131500,0.09000000
2018-02-26 20:10:21,0.02131900,0.13000000
2018-02-26 20:10:22,0.02131500,0.46000000
2018-02-26 20:10:22,0.02131500,0.09000000
2018-02-26 20:10:22,0.02131500,6.46000000
2018-02-26 20:10:26,0.02131500,2.99000000
2018-02-26 20:10:28,0.02131900,0.34000000
2018-02-26 20:10:29,0.02131500,0.35000000
2018-02-26 20:10:29,0.02131500,0.09000000
2018-02-26 20:10:31,0.02131900,2.16000000
2018-02-26 20:10:31,0.02132200,0.09000000
2018-02-26 20:10:31,0.02132300,0.09000000
2018-02-26 20:10:31,0.02132500,0.09000000
2018-02-26 20:10:31,0.02133000,0.48000000
2018-02-26 20:10:31,0.02134100,0.16000000
2018-02-26 20:10:31,0.02134300,0.45000000
2018-02-26 20:10:31,0.02135000,0.87000000
2018-02-26 20:10:31,0.02131500,0.14000000
2018-02-26 20:10:32,0.02131500,0.09000000
2018-02-26 20:10:32,0.02131900,0.09000000
2018-02-26 20:10:32,0.02131900,0.09000000
2018-02-26 20:10:36,0.02131900,2.41000000
2018-02-26 20:10:38,0.02132200,0.09000000
2018-02-26 20:10:39,0.02132200,0.09000000
2018-02-26 20:10:39,0.02132300,0.09000000
2018-02-26 20:10:39,0.02132500,0.09000000
2018-02-26 20:10:39,0.02133000,0.09000000
2018-02-26 20:10:39,0.02134100,0.09000000
2018-02-26 20:10:39,0.02134300,0.06000000
2018-02-26 20:10:42,0.02132300,0.09000000
2018-02-26 20:10:42,0.02132500,0.09000000
2018-02-26 20:10:42,0.02133000,0.09000000
2018-02-26 20:10:42,0.02134100,0.09000000
2018-02-26 20:10:42,0.02134300,0.12000000
2018-02-26 20:10:42,0.02135000,0.34000000
2018-02-26 20:10:42,0.02135300,0.53000000
2018-02-26 20:10:43,0.02132300,0.09000000
2018-02-26 20:10:43,0.02132500,0.03000000
2018-02-26 20:10:44,0.02132300,0.09000000
2018-02-26 20:10:44,0.02132500,0.15000000
2018-02-26 20:10:44,0.02133000,0.09000000
2018-02-26 20:10:44,0.02134100,0.09000000
2018-02-26 20:10:44,0.02134300,0.09000000
2018-02-26 20:10:44,0.02134300,0.09000000
2018-02-26 20:10:44,0.02134300,0.09000000
2018-02-26 20:10:44,0.02134300,0.09000000
2018-02-26 20:10:44,0.02134300,0.09000000
2018-02-26 20:10:44,0.02134300,0.13000000
2018-02-26 20:10:44,0.02134300,1.60000000
2018-02-26 20:10:44,0.02134300,0.09000000
2018-02-26 20:10:45,0.02134300,16.60000000
2018-02-26 20:10:45,0.02134300,0.19000000
2018-02-26 20:10:45,0.02134300,0.47000000
2018-02-26 20:10:45,0.02134300,1.10000000
2018-02-26 20:10:46,0.02135000,0.09000000
2018-02-26 20:10:46,0.02135300,0.37000000
2018-02-26 20:10:46,0.02135000,0.01000000
2018-02-26 20:10:47,0.02135000,0.17000000
2018-02-26 20:10:47,0.02135300,4.83000000
2018-02-26 20:10:47,0.02134300,0.02000000
2018-02-26 20:10:47,0.02134300,0.07000000
2018-02-26 20:10:49,0.02132500,0.11000000
2018-02-26 20:10:49,0.02132500,0.09000000
2018-02-26 20:10:49,0.02132500,0.30000000
2018-02-26 20:10:51,0.02134200,0.86000000
2018-02-26 20:10:52,0.02132500,0.01000000
2018-02-26 20:10:52,0.02132000,0.11000000
2018-02-26 20:10:52,0.02132000,0.09000000
2018-02-26 20:10:52,0.02132000,3.97000000
2018-02-26 20:10:53,0.02132100,3.37000000
2018-02-26 20:10:53,0.02132100,0.09000000
2018-02-26 20:10:55,0.02132200,2.00000000
2018-02-26 20:10:55,0.02132200,0.09000000
2018-02-26 20:10:56,0.02132200,0.29000000
2018-02-26 20:10:57,0.02132500,0.17000000
2018-02-26 20:10:57,0.02134200,0.92000000
2018-02-26 20:10:58,0.02132500,0.09000000
2018-02-26 20:10:58,0.02132500,0.06000000
2018-02-26 20:11:02,0.02132500,0.03000000
2018-02-26 20:11:02,0.02134200,0.12000000
2018-02-26 20:11:03,0.02132500,2.50000000
2018-02-26 20:11:03,0.02132500,0.09000000
2018-02-26 20:11:04,0.02134200,0.37000000
2018-02-26 20:11:05,0.02132500,0.23000000
2018-02-26 20:11:05,0.02132500,0.09000000
2018-02-26 20:11:07,0.02132500,1.17000000
2018-02-26 20:11:08,0.02134200,2.41000000
2018-02-26 20:11:08,0.02134200,0.09000000
2018-02-26 20:11:09,0.02134200,0.70000000
2018-02-26 20:11:09,0.02134200,0.34000000
2018-02-26 20:11:09,0.02134200,0.10000000
2018-02-26 20:11:09,0.02134200,0.20000000
2018-02-26 20:11:09,0.02134200,0.10000000
2018-02-26 20:11:10,0.02134200,5.84000000
2018-02-26 20:11:10,0.02134200,1.16000000
2018-02-26 20:11:10,0.02132500,4.31000000
2018-02-26 20:11:10,0.02132500,0.09000000
2018-02-26 20:11:10,0.02132500,1.00000000
2018-02-26 20:11:11,0.02132500,0.27000000
2018-02-26 20:11:12,0.02134300,3.58000000
2018-02-26 20:11:12,0.02135200,9.57000000
2018-02-26 20:11:12,0.02134300,0.09000000
2018-02-26 20:11:12,0.02135300,0.18000000
2018-02-26 20:11:12,0.02135800,1.98000000
2018-02-26 20:11:12,0.02135900,0.08000000
2018-02-26 20:11:13,0.02132500,3.00000000
2018-02-26 20:11:13,0.02132500,0.09000000
2018-02-26 20:11:18,0.02134200,1.10000000
2018-02-26 20:11:19,0.02134200,0.09000000
2018-02-26 20:11:19,0.02134200,0.46000000
2018-02-26 20:11:19,0.02134200,0.50000000
2018-02-26 20:11:19,0.02134200,5.30000000
2018-02-26 20:11:20,0.02134200,0.10000000
2018-02-26 20:11:21,0.02134200,0.50000000
2018-02-26 20:11:22,0.02134300,0.78000000
2018-02-26 20:11:23,0.02134200,6.48000000
2018-02-26 20:11:23,0.02134200,0.09000000
2018-02-26 20:11:23,0.02134200,0.93000000
2018-02-26 20:11:24,0.02134200,0.28000000
2018-02-26 20:11:27,0.02134200,0.23000000
2018-02-26 20:11:27,0.02134300,0.46000000
2018-02-26 20:11:35,0.02134300,0.03000000
2018-02-26 20:11:36,0.02134300,4.39000000
2018-02-26 20:11:37,0.02134300,0.96000000
2018-02-26 20:11:39,0.02135200,0.03000000
2018-02-26 20:11:45,0.02135200,0.11000000
2018-02-26 20:11:46,0.02134300,3.30000000
2018-02-26 20:11:46,0.02134300,0.94000000
2018-02-26 20:11:46,0.02134300,0.09000000
2018-02-26 20:11:47,0.02135200,0.04000000
2018-02-26 20:11:47,0.02135200,0.09000000
2018-02-26 20:11:50,0.02135300,0.09000000
2018-02-26 20:11:50,0.02135800,0.09000000
2018-02-26 20:11:50,0.02135900,17.46000000
2018-02-26 20:11:50,0.02135900,0.09000000
2018-02-26 20:11:50,0.02135900,0.09000000
2018-02-26 20:11:50,0.02135900,0.09000000
2018-02-26 20:11:50,0.02135900,1.42000000
2018-02-26 20:11:50,0.02136000,5.41000000
2018-02-26 20:11:51,0.02135900,0.93000000
2018-02-26 20:11:51,0.02135900,0.09000000
2018-02-26 20:11:51,0.02135900,0.23000000
2018-02-26 20:11:52,0.02135900,1.69000000
2018-02-26 20:11:53,0.02135900,9.32000000
2018-02-26 20:11:53,0.02135200,0.54000000
2018-02-26 20:11:53,0.02134400,4.28000000
2018-02-26 20:11:53,0.02134300,10.29000000
2018-02-26 20:11:53,0.02134200,1.83000000
2018-02-26 20:11:54,0.02134200,0.08000000
2018-02-26 20:11:54,0.02134200,0.09000000
2018-02-26 20:11:55,0.02134300,0.09000000
2018-02-26 20:11:55,0.02134400,0.09000000
2018-02-26 20:11:55,0.02135200,0.09000000
2018-02-26 20:11:55,0.02135200,0.09000000
2018-02-26 20:11:55,0.02135200,0.09000000
2018-02-26 20:11:55,0.02135200,0.09000000
2018-02-26 20:11:55,0.02135200,0.22000000
2018-02-26 20:11:56,0.02135200,0.14000000
2018-02-26 20:12:02,0.02135900,0.44000000
2018-02-26 20:12:02,0.02135900,0.09000000
2018-02-26 20:12:04,0.02135900,1.50000000
2018-02-26 20:12:04,0.02136000,0.09000000
2018-02-26 20:12:04,0.02136800,1.32000000
2018-02-26 20:12:05,0.02136000,0.09000000
2018-02-26 20:12:05,0.02136800,5.56000000
2018-02-26 20:12:05,0.02137000,9.62000000
2018-02-26 20:12:05,0.02137000,0.09000000
2018-02-26 20:12:05,0.02137000,3.70000000
2018-02-26 20:12:05,0.02137000,0.09000000
2018-02-26 20:12:05,0.02137000,0.14000000
2018-02-26 20:12:05,0.02137000,0.09000000
2018-02-26 20:12:06,0.02137000,11.72000000
2018-02-26 20:12:06,0.02137000,13.11000000
2018-02-26 20:12:06,0.02135900,0.10000000
2018-02-26 20:12:06,0.02135900,0.09000000
2018-02-26 20:12:06,0.02135900,13.30000000
2018-02-26 20:12:07,0.02135900,0.47000000
2018-02-26 20:12:08,0.02136500,0.45000000
2018-02-26 20:12:09,0.02136500,2.02000000
2018-02-26 20:12:09,0.02137000,0.79000000
2018-02-26 20:12:10,0.02135900,0.12000000
2018-02-26 20:12:10,0.02135900,0.09000000
2018-02-26 20:12:10,0.02137000,0.30000000
2018-02-26 20:12:11,0.02137000,10.80000000
2018-02-26 20:12:11,0.02137000,0.10000000
2018-02-26 20:12:12,0.02137000,32.12000000
2018-02-26 20:12:15,0.02135900,0.19000000
2018-02-26 20:12:15,0.02135900,0.09000000
2018-02-26 20:12:16,0.02137000,0.09000000
2018-02-26 20:12:16,0.02138000,8.34000000
2018-02-26 20:12:18,0.02137000,0.09000000
2018-02-26 20:12:18,0.02137700,0.09000000
2018-02-26 20:12:18,0.02137700,0.09000000
2018-02-26 20:12:19,0.02137700,0.47000000
2018-02-26 20:12:19,0.02137700,0.07000000
2018-02-26 20:12:19,0.02135900,0.23000000
2018-02-26 20:12:19,0.02135900,0.09000000
2018-02-26 20:12:20,0.02138000,0.35000000
2018-02-26 20:12:21,0.02138000,2.28000000
2018-02-26 20:12:22,0.02135900,8.97000000
2018-02-26 20:12:22,0.02135900,0.09000000
2018-02-26 20:12:23,0.02138000,0.09000000
2018-02-26 20:12:23,0.02138200,0.66000000
2018-02-26 20:12:23,0.02138800,0.11000000
2018-02-26 20:12:23,0.02139000,0.06000000
2018-02-26 20:12:27,0.02138000,0.19000000
2018-02-26 20:12:27,0.02138000,0.16000000
2018-02-26 20:12:28,0.02135900,0.68000000
2018-02-26 20:12:28,0.02135900,0.09000000
2018-02-26 20:12:28,0.02135900,0.70000000
2018-02-26 20:12:28,0.02135900,0.68000000
2018-02-26 20:12:28,0.02135900,7.98000000
2018-02-26 20:12:29,0.02135900,0.27000000
2018-02-26 20:12:31,0.02136000,0.69000000
2018-02-26 20:12:31,0.02136000,0.09000000
2018-02-26 20:12:31,0.02136000,3.35000000
2018-02-26 20:12:31,0.02135900,0.52000000
2018-02-26 20:12:31,0.02135900,0.09000000
2018-02-26 20:12:32,0.02138000,0.09000000
2018-02-26 20:12:32,0.02138200,0.09000000
2018-02-26 20:12:32,0.02138800,0.09000000
2018-02-26 20:12:32,0.02139000,9.35000000
2018-02-26 20:12:32,0.02135900,2.52000000
2018-02-26 20:12:32,0.02135900,0.09000000
2018-02-26 20:12:34,0.02137900,2.87000000
2018-02-26 20:12:35,0.02137900,0.03000000
2018-02-26 20:12:36,0.02137900,0.06000000
2018-02-26 20:12:36,0.02138000,0.09000000
2018-02-26 20:12:36,0.02138000,0.09000000
2018-02-26 20:12:37,0.02138000,0.17000000
2018-02-26 20:12:37,0.02138000,1.26000000
2018-02-26 20:12:37,0.02138100,3.50000000
2018-02-26 20:12:38,0.02138000,11.72000000
2018-02-26 20:12:38,0.02138000,0.09000000
2018-02-26 20:12:39,0.02138000,13.65000000
2018-02-26 20:12:39,0.02136000,0.37000000
2018-02-26 20:12:39,0.02135900,0.07000000
2018-02-26 20:12:39,0.02135900,11.72000000
2018-02-26 20:12:40,0.02135900,0.09000000
2018-02-26 20:12:41,0.02135900,0.40000000
2018-02-26 20:12:42,0.02135900,0.18000000
2018-02-26 20:12:43,0.02136000,0.09000000
2018-02-26 20:12:43,0.02138000,4.77000000
2018-02-26 20:12:43,0.02136000,0.09000000
2018-02-26 20:12:43,0.02138000,0.09000000
2018-02-26 20:12:43,0.02138100,0.31000000
2018-02-26 20:12:44,0.02136000,0.09000000
2018-02-26 20:12:44,0.02136000,0.09000000
2018-02-26 20:12:45,0.02137000,0.35000000
2018-02-26 20:12:45,0.02137000,0.09000000
2018-02-26 20:12:45,0.02137000,2.53000000
2018-02-26 20:12:46,0.02138000,0.04000000
2018-02-26 20:12:47,0.02137000,11.72000000
2018-02-26 20:12:47,0.02137000,0.09000000
2018-02-26 20:12:49,0.02137000,0.92000000
2018-02-26 20:12:51,0.02137000,1.30000000
2018-02-26 20:12:51,0.02136000,1.04000000
2018-02-26 20:12:51,0.02136000,0.09000000
2018-02-26 20:12:53,0.02138000,0.22000000
2018-02-26 20:12:53,0.02137000,1.12000000
2018-02-26 20:12:53,0.02136000,1.22000000
2018-02-26 20:12:53,0.02136000,0.09000000
2018-02-26 20:12:54,0.02137000,0.08000000
2018-02-26 20:12:55,0.02137000,0.10000000
2018-02-26 20:12:58,0.02137900,0.05000000
2018-02-26 20:12:58,0.02136200,2.29000000
2018-02-26 20:12:58,0.02136200,0.09000000
2018-02-26 20:12:59,0.02137900,0.09000000
2018-02-26 20:12:59,0.02138000,0.09000000
2018-02-26 20:12:59,0.02138100,2.45000000
2018-02-26 20:13:00,0.02137500,1.66000000
2018-02-26 20:13:00,0.02136200,0.68000000
2018-02-26 20:13:00,0.02136200,0.09000000
2018-02-26 20:13:01,0.02137500,0.09000000
2018-02-26 20:13:01,0.02137900,0.09000000
2018-02-26 20:13:01,0.02138000,0.09000000
2018-02-26 20:13:01,0.02138100,2.82000000
2018-02-26 20:13:01,0.02138200,0.09000000
2018-02-26 20:13:01,0.02138800,0.09000000
2018-02-26 20:13:01,0.02139000,0.18000000
2018-02-26 20:13:01,0.02139000,1.88000000
2018-02-26 20:13:01,0.02139000,0.09000000
2018-02-26 20:13:01,0.02139000,11.67000000
2018-02-26 20:13:01,0.02139000,0.09000000
2018-02-26 20:13:01,0.02139000,0.09000000
2018-02-26 20:13:01,0.02139000,0.09000000
2018-02-26 20:13:01,0.02139000,0.09000000
2018-02-26 20:13:01,0.02139000,0.09000000
2018-02-26 20:13:01,0.02139000,0.09000000
2018-02-26 20:13:01,0.02139000,0.80000000
2018-02-26 20:13:02,0.02139000,2.00000000
2018-02-26 20:13:02,0.02139000,11.72000000
2018-02-26 20:13:02,0.02139000,1.20000000
2018-02-26 20:13:02,0.02139000,1.93000000
2018-02-26 20:13:02,0.02139000,0.09000000
2018-02-26 20:13:03,0.02139000,1.86000000
2018-02-26 20:13:03,0.02139000,0.05000000
2018-02-26 20:13:03,0.02139000,2.33000000
2018-02-26 20:13:03,0.02139000,8.02000000
2018-02-26 20:13:03,0.02139000,0.77000000
2018-02-26 20:13:03,0.02139000,1.60000000
2018-02-26 20:13:03,0.02136300,4.12000000
2018-02-26 20:13:03,0.02136200,1.53000000
2018-02-26 20:13:03,0.02136000,4.47000000
2018-02-26 20:13:03,0.02136000,0.94000000
2018-02-26 20:13:04,0.02136000,1.20000000
2018-02-26 20:13:04,0.02136000,0.09000000
2018-02-26 20:13:05,0.02136200,0.09000000
2018-02-26 20:13:05,0.02136300,0.09000000
2018-02-26 20:13:05,0.02139600,0.50000000
2018-02-26 20:13:06,0.02136000,4.67000000
2018-02-26 20:13:06,0.02136000,0.11000000
2018-02-26 20:13:06,0.02136000,0.09000000
2018-02-26 20:13:06,0.02136200,0.03000000
2018-02-26 20:13:07,0.02136200,0.07000000
2018-02-26 20:13:09,0.02136000,3.45000000
2018-02-26 20:13:09,0.02136000,0.09000000
2018-02-26 20:13:12,0.02136000,0.20000000
2018-02-26 20:13:16,0.02136000,0.64000000
2018-02-26 20:13:18,0.02136100,0.14000000
2018-02-26 20:13:18,0.02136100,0.09000000
2018-02-26 20:13:18,0.02136100,2.34000000
2018-02-26 20:13:20,0.02136100,11.72000000
2018-02-26 20:13:22,0.02136200,0.09000000
2018-02-26 20:13:22,0.02136200,0.09000000
2018-02-26 20:13:23,0.02136200,1.61000000
2018-02-26 20:13:23,0.02136100,0.73000000
2018-02-26 20:13:23,0.02136100,0.09000000
2018-02-26 20:13:24,0.02136100,0.19000000
2018-02-26 20:13:25,0.02136100,0.47000000
2018-02-26 20:13:27,0.02136300,0.09000000
2018-02-26 20:13:27,0.02138300,0.09000000
2018-02-26 20:13:27,0.02138300,3.97000000
2018-02-26 20:13:27,0.02138300,0.09000000
2018-02-26 20:13:27,0.02138300,0.47000000
2018-02-26 20:13:27,0.02138300,0.20000000
2018-02-26 20:13:28,0.02138300,0.37000000
2018-02-26 20:13:28,0.02138300,1.33000000
2018-02-26 20:13:28,0.02138300,2.95000000
2018-02-26 20:13:28,0.02138300,1.48000000
2018-02-26 20:13:29,0.02138300,0.47000000
2018-02-26 20:13:29,0.02138300,0.59000000
2018-02-26 20:13:29,0.02138300,0.40000000
2018-02-26 20:13:30,0.02138300,0.47000000
2018-02-26 20:13:31,0.02138300,0.23000000
2018-02-26 20:13:35,0.02138300,4.25000000
2018-02-26 20:13:35,0.02139300,0.23000000
2018-02-26 20:13:35,0.02139300,0.09000000
2018-02-26 20:13:35,0.02139400,0.03000000
2018-02-26 20:13:37,0.02139300,0.54000000
2018-02-26 20:13:37,0.02139300,0.09000000
2018-02-26 20:13:37,0.02139300,1.70000000
2018-02-26 20:13:37,0.02138300,0.47000000
2018-02-26 20:13:37,0.02138300,0.09000000
2018-02-26 20:13:38,0.02138300,1.06000000
2018-02-26 20:13:39,0.02138300,0.49000000
2018-02-26 20:13:39,0.02139200,0.59000000
2018-02-26 20:13:40,0.02138300,0.06000000
2018-02-26 20:13:40,0.02138300,0.09000000
2018-02-26 20:13:42,0.02138300,1.00000000
2018-02-26 20:13:42,0.02138300,0.62000000
2018-02-26 20:13:45,0.02138300,1.00000000
2018-02-26 20:13:46,0.02138400,1.44000000
2018-02-26 20:13:46,0.02138300,0.06000000
2018-02-26 20:13:46,0.02138300,0.09000000
2018-02-26 20:13:47,0.02138300,0.14000000
2018-02-26 20:13:47,0.02138400,0.09000000
2018-02-26 20:13:47,0.02138400,0.09000000
2018-02-26 20:13:47,0.02138400,0.05000000
2018-02-26 20:13:48,0.02139200,3.31000000
2018-02-26 20:13:48,0.02139300,0.74000000
2018-02-26 20:13:48,0.02139400,0.19000000
2018-02-26 20:13:48,0.02139500,7.21000000
2018-02-26 20:13:48,0.02139600,0.09000000
2018-02-26 20:13:48,0.02139700,0.60000000
2018-02-26 20:13:48,0.02139900,4.63000000
2018-02-26 20:13:48,0.02140000,4.48000000
2018-02-26 20:13:48,0.02140100,0.08000000
2018-02-26 20:13:48,0.02140200,0.39000000
2018-02-26 20:13:48,0.02140400,3.20000000
2018-02-26 20:13:48,0.02141700,0.20000000
2018-02-26 20:13:48,0.02142300,1.03000000
2018-02-26 20:13:50,0.02138400,4.74000000
2018-02-26 20:13:51,0.02138300,4.44000000
2018-02-26 20:13:52,0.02138300,0.09000000
2018-02-26 20:13:52,0.02138400,0.09000000
2018-02-26 20:13:52,0.02139100,0.02000000
2018-02-26 20:13:52,0.02138300,1.59000000
2018-02-26 20:13:52,0.02138300,0.11000000
2018-02-26 20:13:52,0.02138400,0.09000000
2018-02-26 20:13:52,0.02138400,0.09000000
2018-02-26 20:13:53,0.02139100,0.26000000
2018-02-26 20:13:54,0.02139100,0.03000000
2018-02-26 20:13:56,0.02138400,3.66000000
2018-02-26 20:13:56,0.02138400,0.09000000
2018-02-26 20:13:56,0.02138400,0.52000000
2018-02-26 20:13:57,0.02138400,0.48000000
2018-02-26 20:13:58,0.02138400,1.20000000
2018-02-26 20:14:00,0.02138400,1.84000000
2018-02-26 20:14:01,0.02138300,0.06000000
2018-02-26 20:14:01,0.02138300,0.09000000
2018-02-26 20:14:01,0.02139000,3.44000000
2018-02-26 20:14:01,0.02138300,10.73000000
2018-02-26 20:14:03,0.02138300,0.09000000
2018-02-26 20:14:03,0.02138400,1.81000000
2018-02-26 20:14:03,0.02138400,0.09000000
2018-02-26 20:14:03,0.02138400,5.34000000
2018-02-26 20:14:04,0.02138400,10.91000000
2018-02-26 20:14:04,0.02139000,0.92000000
2018-02-26 20:14:04,0.02139100,0.48000000
2018-02-26 20:14:04,0.02139200,0.09000000
2018-02-26 20:14:04,0.02139300,0.09000000
2018-02-26 20:14:04,0.02139400,0.09000000
2018-02-26 20:14:04,0.02139500,0.09000000
2018-02-26 20:14:04,0.02139600,0.09000000
2018-02-26 20:14:04,0.02139700,0.09000000
2018-02-26 20:14:04,0.02139900,0.09000000
2018-02-26 20:14:04,0.02140000,0.09000000
2018-02-26 20:14:04,0.02140100,0.09000000
2018-02-26 20:14:04,0.02140200,0.09000000
2018-02-26 20:14:04,0.02140400,0.09000000
2018-02-26 20:14:05,0.02138400,0.15000000
2018-02-26 20:14:05,0.02138400,0.09000000
2018-02-26 20:14:07,0.02138400,0.27000000
2018-02-26 20:14:10,0.02138500,0.10000000
2018-02-26 20:14:10,0.02138400,0.05000000
2018-02-26 20:14:10,0.02138400,0.09000000
2018-02-26 20:14:10,0.02138500,0.05000000
2018-02-26 20:14:12,0.02138400,10.05000000
2018-02-26 20:14:12,0.02138400,0.09000000
2018-02-26 20:14:14,0.02138500,0.13000000
2018-02-26 20:14:14,0.02138900,0.09000000
2018-02-26 20:14:14,0.02138900,0.09000000
2018-02-26 20:14:14,0.02139000,0.09000000
2018-02-26 20:14:14,0.02139100,0.09000000
2018-02-26 20:14:14,0.02139200,0.09000000
2018-02-26 20:14:14,0.02139300,0.09000000
2018-02-26 20:14:14,0.02139400,0.09000000
2018-02-26 20:14:14,0.02139500,0.09000000
2018-02-26 20:14:14,0.02139600,0.09000000
2018-02-26 20:14:14,0.02139700,0.08000000
2018-02-26 20:14:15,0.02139000,0.09000000
2018-02-26 20:14:15,0.02139000,0.09000000
2018-02-26 20:14:16,0.02139000,1.40000000
2018-02-26 20:14:16,0.02139000,2.53000000
2018-02-26 20:14:16,0.02138900,4.07000000
2018-02-26 20:14:16,0.02138900,0.09000000
2018-02-26 20:14:17,0.02138900,15.70000000
2018-02-26 20:14:17,0.02138900,2.34000000
2018-02-26 20:14:17,0.02138900,1.40000000
2018-02-26 20:14:19,0.02138900,0.11000000
2018-02-26 20:14:20,0.02139100,0.09000000
2018-02-26 20:14:20,0.02139200,0.09000000
2018-02-26 20:14:20,0.02139300,0.09000000
2018-02-26 20:14:20,0.02139400,0.09000000
2018-02-26 20:14:20,0.02139500,0.09000000
2018-02-26 20:14:20,0.02139600,0.09000000
2018-02-26 20:14:20,0.02139700,0.10000000
2018-02-26 20:14:20,0.02139900,0.08000000
2018-02-26 20:14:21,0.02138900,2.14000000
2018-02-26 20:14:21,0.02138900,0.09000000
2018-02-26 20:14:21,0.02139100,0.09000000
2018-02-26 20:14:21,0.02139200,0.09000000
2018-02-26 20:14:21,0.02139300,0.09000000
2018-02-26 20:14:21,0.02139400,0.09000000
2018-02-26 20:14:21,0.02139500,0.09000000
2018-02-26 20:14:21,0.02139600,0.09000000
2018-02-26 20:14:21,0.02139700,0.09000000
2018-02-26 20:14:21,0.02139900,1.60000000
2018-02-26 20:14:23,0.02138900,10.00000000
2018-02-26 20:14:23,0.02138900,0.09000000
2018-02-26 20:14:26,0.02139000,2.34000000
2018-02-26 20:14:26,0.02139000,0.09000000
2018-02-26 20:14:27,0.02139000,0.90000000
2018-02-26 20:14:28,0.02139000,0.47000000
2018-02-26 20:14:28,0.02139100,0.09000000
2018-02-26 20:14:28,0.02139200,0.09000000
2018-02-26 20:14:28,0.02139300,0.09000000
2018-02-26 20:14:28,0.02139400,0.09000000
2018-02-26 20:14:28,0.02139500,0.09000000
2018-02-26 20:14:28,0.02139600,0.09000000
2018-02-26 20:14:28,0.02139700,0.08000000
2018-02-26 20:14:28,0.02139000,1.26000000
2018-02-26 20:14:28,0.02139000,0.09000000
2018-02-26 20:14:29,0.02139000,3.07000000
2018-02-26 20:14:29,0.02139000,0.47000000
2018-02-26 20:14:29,0.02139000,0.47000000
2018-02-26 20:14:33,0.02139000,7.80000000
2018-02-26 20:14:33,0.02139000,6.40000000
2018-02-26 20:14:33,0.02139100,0.09000000
2018-02-26 20:14:33,0.02139200,0.09000000
2018-02-26 20:14:33,0.02139300,0.09000000
2018-02-26 20:14:33,0.02139400,0.09000000
2018-02-26 20:14:33,0.02139500,0.09000000
2018-02-26 20:14:33,0.02139600,0.09000000
2018-02-26 20:14:33,0.02139700,0.09000000
2018-02-26 20:14:33,0.02139000,38.50000000
2018-02-26 20:14:33,0.02138900,24.60000000
2018-02-26 20:14:33,0.02139100,0.09000000
2018-02-26 20:14:33,0.02139200,0.09000000
2018-02-26 20:14:33,0.02139300,0.09000000
2018-02-26 20:14:33,0.02139700,0.01000000
2018-02-26 20:14:33,0.02139900,0.39000000
2018-02-26 20:14:34,0.02138900,0.09000000
2018-02-26 20:14:35,0.02139000,0.54000000
2018-02-26 20:14:35,0.02139100,0.09000000
2018-02-26 20:14:35,0.02139200,0.09000000
2018-02-26 20:14:35,0.02139300,0.09000000
2018-02-26 20:14:35,0.02139400,0.09000000
2018-02-26 20:14:35,0.02139500,0.09000000
2018-02-26 20:14:35,0.02139600,0.09000000
2018-02-26 20:14:35,0.02139700,0.18000000
2018-02-26 20:14:35,0.02139900,0.27000000
2018-02-26 20:14:35,0.02140000,0.47000000
2018-02-26 20:14:40,0.02138900,0.51000000
2018-02-26 20:14:40,0.02138900,0.09000000
2018-02-26 20:14:41,0.02139000,0.09000000
2018-02-26 20:14:41,0.02139100,0.09000000
2018-02-26 20:14:41,0.02139100,0.09000000
2018-02-26 20:14:41,0.02139100,0.09000000
2018-02-26 20:14:41,0.02139100,0.09000000
2018-02-26 20:14:42,0.02139100,0.14000000
2018-02-26 20:14:44,0.02139100,2.45000000
2018-02-26 20:14:48,0.02139100,1.30000000
2018-02-26 20:14:50,0.02139100,0.33000000
2018-02-26 20:14:50,0.02138900,0.13000000
2018-02-26 20:14:50,0.02138900,0.09000000
2018-02-26 20:14:51,0.02139200,0.09000000
2018-02-26 20:14:51,0.02139300,0.09000000
2018-02-26 20:14:51,0.02139400,0.09000000
2018-02-26 20:14:51,0.02139500,0.09000000
2018-02-26 20:14:51,0.02138900,0.07000000
2018-02-26 20:14:52,0.02138900,0.09000000
2018-02-26 20:14:55,0.02139200,0.09000000
2018-02-26 20:14:55,0.02139300,0.09000000
2018-02-26 20:14:55,0.02139400,0.09000000
2018-02-26 20:14:55,0.02139500,0.09000000
2018-02-26 20:14:56,0.02139100,4.77000000
2018-02-26 20:14:57,0.02139100,0.09000000
2018-02-26 20:14:58,0.02139100,1.00000000
2018-02-26 20:14:59,0.02139100,0.14000000
2018-02-26 20:14:59,0.02139200,0.09000000
2018-02-26 20:14:59,0.02139300,0.09000000
2018-02-26 20:14:59,0.02139400,0.09000000
2018-02-26 20:14:59,0.02139500,0.09000000
2018-02-26 20:14:59,0.02139600,0.22000000
2018-02-26 20:15:03,0.02139100,0.35000000
2018-02-26 20:15:03,0.02139100,0.09000000
2018-02-26 20:15:04,0.02139100,0.58000000
2018-02-26 20:15:05,0.02139100,1.50000000
2018-02-26 20:15:05,0.02139100,0.36000000
2018-02-26 20:15:05,0.02139100,8.78000000
2018-02-26 20:15:06,0.02139100,0.21000000
2018-02-26 20:15:06,0.02139100,0.28000000
2018-02-26 20:15:06,0.02139100,5.15000000
2018-02-26 20:15:06,0.02139200,0.09000000
2018-02-26 20:15:06,0.02139300,0.09000000
2018-02-26 20:15:06,0.02139400,0.09000000
2018-02-26 20:15:06,0.02139500,0.09000000
2018-02-26 20:15:07,0.02139000,0.05000000
2018-02-26 20:15:07,0.02139000,0.09000000
2018-02-26 20:15:07,0.02139000,0.19000000
2018-02-26 20:15:08,0.02138900,0.22000000
2018-02-26 20:15:08,0.02138900,0.09000000
2018-02-26 20:15:08,0.02138900,0.10000000
2018-02-26 20:15:08,0.02138400,11.41000000
2018-02-26 20:15:08,0.02137000,1.29000000
2018-02-26 20:15:08,0.02136300,0.24000000
2018-02-26 20:15:08,0.02136200,1.09000000
2018-02-26 20:15:08,0.02136000,5.81000000
2018-02-26 20:15:08,0.02135200,0.09000000
2018-02-26 20:15:08,0.02134100,0.55000000
2018-02-26 20:15:08,0.02139100,0.09000000
2018-02-26 20:15:09,0.02139100,0.09000000
2018-02-26 20:15:10,0.02139100,0.55000000
2018-02-26 20:15:10,0.02139100,0.11000000
2018-02-26 20:15:10,0.02139100,0.08000000
2018-02-26 20:15:10,0.02139100,0.01000000
2018-02-26 20:15:11,0.02138900,3.05000000
2018-02-26 20:15:11,0.02139200,0.09000000
2018-02-26 20:15:12,0.02139200,0.09000000
2018-02-26 20:15:12,0.02139200,0.09000000
2018-02-26 20:15:12,0.02139200,0.13000000
2018-02-26 20:15:12,0.02139200,3.00000000
2018-02-26 20:15:12,0.02139300,0.09000000
2018-02-26 20:15:12,0.02139400,0.09000000
2018-02-26 20:15:12,0.02139400,0.09000000
2018-02-26 20:15:12,0.02139400,0.09000000
2018-02-26 20:15:13,0.02139400,0.10000000
2018-02-26 20:15:14,0.02139400,0.82000000
2018-02-26 20:15:14,0.02139400,1.17000000
2018-02-26 20:15:15,0.02139400,0.52000000
2018-02-26 20:15:15,0.02139400,1.70000000
2018-02-26 20:15:15,0.02139300,5.64000000
2018-02-26 20:15:15,0.02139200,0.10000000
2018-02-26 20:15:15,0.02139200,0.09000000
2018-02-26 20:15:17,0.02139300,0.09000000
2018-02-26 20:15:17,0.02139500,0.07000000
2018-02-26 20:15:18,0.02139300,0.09000000
2018-02-26 20:15:18,0.02139500,0.11000000
2018-02-26 20:15:18,0.02139600,1.37000000
2018-02-26 20:15:18,0.02139200,3.44000000
2018-02-26 20:15:19,0.02139200,0.09000000
2018-02-26 20:15:19,0.02139200,0.25000000
2018-02-26 20:15:22,0.02139200,0.05000000
2018-02-26 20:15:23,0.02139300,0.09000000
2018-02-26 20:15:23,0.02139500,0.09000000
2018-02-26 20:15:23,0.02139600,1.93000000
2018-02-26 20:15:23,0.02139700,0.09000000
2018-02-26 20:15:23,0.02139900,2.22000000
2018-02-26 20:15:23,0.02140000,0.58000000
2018-02-26 20:15:23,0.02139200,0.21000000
2018-02-26 20:15:24,0.02139200,0.09000000
2018-02-26 20:15:26,0.02139200,1.73000000
2018-02-26 20:15:26,0.02139200,0.85000000
2018-02-26 20:15:26,0.02139200,9.44000000
2018-02-26 20:15:26,0.02139100,8.78000000
2018-02-26 20:15:27,0.02139100,0.08000000
2018-02-26 20:15:33,0.02139000,3.04000000
2018-02-26 20:15:33,0.02138000,0.36000000
2018-02-26 20:15:33,0.02135600,4.12000000
2018-02-26 20:15:33,0.02135500,2.29000000
2018-02-26 20:15:33,0.02138000,0.08000000
2018-02-26 20:15:34,0.02138000,0.01000000
2018-02-26 20:15:34,0.02139000,0.09000000
2018-02-26 20:15:34,0.02139000,0.09000000
2018-02-26 20:15:34,0.02139100,0.91000000
2018-02-26 20:15:34,0.02135800,3.23000000
2018-02-26 20:15:34,0.02139000,0.11000000
2018-02-26 20:15:34,0.02135800,0.10000000
2018-02-26 20:15:37,0.02136100,0.93000000
2018-02-26 20:15:39,0.02136000,0.46000000
2018-02-26 20:15:39,0.02136000,0.47000000
2018-02-26 20:15:39,0.02138600,0.20000000
2018-02-26 20:15:39,0.02138600,0.46000000
2018-02-26 20:15:39,0.02138600,1.25000000
2018-02-26 20:15:39,0.02138600,0.70000000
2018-02-26 20:15:39,0.02138600,0.46000000
2018-02-26 20:15:39,0.02138600,0.46000000
2018-02-26 20:15:40,0.02138600,0.57000000
2018-02-26 20:15:40,0.02139000,0.23000000
2018-02-26 20:15:42,0.02135700,1.03000000
2018-02-26 20:15:42,0.02135300,0.46000000
2018-02-26 20:15:42,0.02135800,5.37000000
2018-02-26 20:15:42,0.02135300,3.66000000
2018-02-26 20:15:42,0.02135200,12.97000000
2018-02-26 20:15:43,0.02139000,1.16000000
2018-02-26 20:15:43,0.02138900,1.29000000
2018-02-26 20:15:45,0.02138900,0.38000000
2018-02-26 20:15:46,0.02135800,0.09000000
2018-02-26 20:15:47,0.02136100,0.08000000
2018-02-26 20:15:48,0.02136100,0.01000000
2018-02-26 20:15:49,0.02138700,3.44000000
2018-02-26 20:15:49,0.02138800,1.11000000
2018-02-26 20:15:49,0.02138900,0.09000000
2018-02-26 20:15:49,0.02139000,0.09000000
2018-02-26 20:15:49,0.02139100,2.07000000
2018-02-26 20:15:49,0.02139200,11.88000000
2018-02-26 20:15:49,0.02139300,0.09000000
2018-02-26 20:15:49,0.02139400,0.52000000
2018-02-26 20:15:49,0.02139500,0.09000000
2018-02-26 20:15:49,0.02139600,0.09000000
2018-02-26 20:15:49,0.02139700,0.09000000
2018-02-26 20:15:49,0.02139900,1.09000000
2018-02-26 20:15:49,0.02140000,0.31000000
2018-02-26 20:15:49,0.02140100,0.09000000
2018-02-26 20:15:49,0.02140200,0.09000000
2018-02-26 20:15:49,0.02140300,0.22000000
2018-02-26 20:15:49,0.02140400,8.26000000
2018-02-26 20:15:49,0.02140400,8.38000000
2018-02-26 20:15:49,0.02141400,0.06000000
2018-02-26 20:15:50,0.02138700,0.08000000
2018-02-26 20:15:50,0.02136400,1.72000000
2018-02-26 20:15:54,0.02138700,0.10000000
2018-02-26 20:15:54,0.02136700,0.19000000
2018-02-26 20:15:54,0.02138800,0.08000000
2018-02-26 20:15:55,0.02138800,0.10000000
2018-02-26 20:15:55,0.02138900,0.09000000
2018-02-26 20:15:55,0.02139000,0.09000000
2018-02-26 20:15:55,0.02139100,0.09000000
2018-02-26 20:15:55,0.02139200,0.09000000
2018-02-26 20:15:55,0.02139300,0.09000000
2018-02-26 20:15:55,0.02139400,0.09000000
2018-02-26 20:15:55,0.02139500,0.09000000
2018-02-26 20:15:55,0.02139600,0.09000000
2018-02-26 20:15:55,0.02139700,0.09000000
2018-02-26 20:15:55,0.02139900,0.09000000
2018-02-26 20:15:55,0.02140000,0.09000000
2018-02-26 20:15:55,0.02140100,0.09000000
2018-02-26 20:15:55,0.02140200,0.09000000
2018-02-26 20:15:55,0.02140300,0.09000000
2018-02-26 20:15:55,0.02140400,0.09000000
2018-02-26 20:15:55,0.02141000,0.11000000
2018-02-26 20:15:55,0.02136700,0.06000000
2018-02-26 20:15:57,0.02136700,1.08000000
2018-02-26 20:15:57,0.02138900,0.08000000
2018-02-26 20:15:57,0.02138900,0.10000000
2018-02-26 20:15:58,0.02136700,1.12000000
2018-02-26 20:15:58,0.02139000,0.08000000
2018-02-26 20:15:58,0.02136700,0.28000000
2018-02-26 20:15:58,0.02139000,0.10000000
2018-02-26 20:15:59,0.02136700,0.41000000
2018-02-26 20:15:59,0.02139100,0.08000000
2018-02-26 20:15:59,0.02139100,0.10000000
2018-02-26 20:16:00,0.02139200,0.08000000
2018-02-26 20:16:00,0.02139200,0.10000000
2018-02-26 20:16:00,0.02136700,1.54000000
2018-02-26 20:16:00,0.02136400,2.28000000
2018-02-26 20:16:02,0.02139300,0.08000000
2018-02-26 20:16:02,0.02136500,0.09000000
2018-02-26 20:16:02,0.02136500,0.01000000
2018-02-26 20:16:02,0.02136500,0.28000000
2018-02-26 20:16:02,0.02139300,0.10000000
2018-02-26 20:16:03,0.02139400,0.08000000
2018-02-26 20:16:03,0.02139400,0.10000000
2018-02-26 20:16:04,0.02139500,0.08000000
2018-02-26 20:16:04,0.02138900,0.46000000
2018-02-26 20:16:05,0.02136600,4.11000000
2018-02-26 20:16:05,0.02136500,0.89000000
2018-02-26 20:16:05,0.02136500,0.14000000
2018-02-26 20:16:05,0.02136500,3.49000000
2018-02-26 20:16:06,0.02136500,4.08000000
2018-02-26 20:16:06,0.02136500,0.46000000
2018-02-26 20:16:06,0.02136500,2.34000000
2018-02-26 20:16:06,0.02136500,4.60000000
2018-02-26 20:16:08,0.02138800,2.34000000
2018-02-26 20:16:11,0.02138800,0.85000000
2018-02-26 20:16:12,0.02138800,1.39000000
2018-02-26 20:16:12,0.02138900,1.63000000
2018-02-26 20:16:12,0.02139500,0.10000000
2018-02-26 20:16:12,0.02139600,0.09000000
2018-02-26 20:16:12,0.02139700,0.05000000
2018-02-26 20:16:13,0.02137000,6.43000000
2018-02-26 20:16:13,0.02136500,2.35000000
2018-02-26 20:16:13,0.02136500,0.01000000
2018-02-26 20:16:19,0.02138900,0.14000000
2018-02-26 20:16:20,0.02138900,0.10000000
2018-02-26 20:16:20,0.02139500,0.08000000
2018-02-26 20:16:21,0.02139500,0.10000000
2018-02-26 20:16:22,0.02139600,0.09000000
2018-02-26 20:16:22,0.02139700,0.13000000
2018-02-26 20:16:22,0.02139900,0.09000000
2018-02-26 20:16:22,0.02140000,0.14000000
2018-02-26 20:16:22,0.02140100,0.09000000
2018-02-26 20:16:22,0.02140200,0.09000000
2018-02-26 20:16:22,0.02140300,0.09000000
2018-02-26 20:16:22,0.02140400,0.09000000
2018-02-26 20:16:22,0.02141000,0.09000000
2018-02-26 20:16:22,0.02142000,1.43000000
2018-02-26 20:16:22,0.02138800,1.39000000
2018-02-26 20:16:24,0.02139500,1.00000000
2018-02-26 20:16:25,0.02138800,0.46000000
2018-02-26 20:16:25,0.02138800,0.09000000
2018-02-26 20:16:25,0.02139500,0.08000000
2018-02-26 20:16:26,0.02139500,0.10000000
2018-02-26 20:16:26,0.02139600,0.08000000
2018-02-26 20:16:27,0.02139600,0.10000000
2018-02-26 20:16:27,0.02139700,0.08000000
2018-02-26 20:16:28,0.02139700,0.10000000
2018-02-26 20:16:28,0.02139900,0.05000000
2018-02-26 20:16:31,0.02139900,0.13000000
2018-02-26 20:16:31,0.02140000,0.01000000
2018-02-26 20:16:37,0.02139000,0.33000000
2018-02-26 20:16:37,0.02138300,0.07000000
2018-02-26 20:16:37,0.02138300,0.12000000
2018-02-26 20:16:37,0.02139000,0.09000000
2018-02-26 20:16:37,0.02139000,0.09000000
2018-02-26 20:16:42,0.02140000,0.17000000
2018-02-26 20:16:45,0.02140000,0.09000000
2018-02-26 20:16:46,0.02140000,0.21000000
2018-02-26 20:16:47,0.02140000,0.30000000
2018-02-26 20:16:49,0.02140000,0.42000000
2018-02-26 20:16:49,0.02139500,1.25000000
2018-02-26 20:16:49,0.02139500,0.09000000
2018-02-26 20:16:54,0.02140000,0.45000000
2018-02-26 20:16:54,0.02139900,0.57000000
2018-02-26 20:16:54,0.02139900,0.09000000
2018-02-26 20:17:01,0.02139900,2.42000000
2018-02-26 20:17:01,0.02139600,1.38000000
2018-02-26 20:17:01,0.02139000,0.70000000
2018-02-26 20:17:01,0.02138000,0.45000000
2018-02-26 20:17:01,0.02135700,4.12000000
2018-02-26 20:17:01,0.02135300,3.80000000
2018-02-26 20:17:01,0.02135200,39.07000000
2018-02-26 20:17:01,0.02135000,8.47000000
2018-02-26 20:17:01,0.02139600,0.08000000
2018-02-26 20:17:01,0.02138000,0.08000000
2018-02-26 20:17:02,0.02138000,0.10000000
2018-02-26 20:17:02,0.02139000,0.08000000
2018-02-26 20:17:03,0.02137000,0.07000000
2018-02-26 20:17:03,0.02139000,0.10000000
2018-02-26 20:17:03,0.02139600,0.10000000
2018-02-26 20:17:04,0.02139600,0.08000000
2018-02-26 20:17:05,0.02139600,0.01000000
2018-02-26 20:17:05,0.02140000,0.09000000
2018-02-26 20:17:05,0.02140100,0.09000000
2018-02-26 20:17:05,0.02140200,0.09000000
2018-02-26 20:17:05,0.02140300,0.09000000
2018-02-26 20:17:05,0.02140400,0.09000000
2018-02-26 20:17:05,0.02140900,1.88000000
2018-02-26 20:17:05,0.02138000,0.28000000
2018-02-26 20:17:05,0.02137000,0.53000000
2018-02-26 20:17:05,0.02136200,1.80000000
2018-02-26 20:17:05,0.02135600,0.93000000
2018-02-26 20:17:05,0.02135100,2.46000000
2018-02-26 20:17:06,0.02138000,0.08000000
2018-02-26 20:17:06,0.02135700,0.25000000
2018-02-26 20:17:06,0.02135100,2.31000000
2018-02-26 20:17:08,0.02135700,0.47000000
2018-02-26 20:17:09,0.02135700,0.10000000
2018-02-26 20:17:09,0.02135700,4.11000000
2018-02-26 20:17:09,0.02135500,1.00000000
2018-02-26 20:17:09,0.02135200,0.80000000
2018-02-26 20:17:11,0.02135200,0.51000000
2018-02-26 20:17:14,0.02138000,0.01000000
2018-02-26 20:17:14,0.02139300,1.31000000
2018-02-26 20:17:14,0.02139500,1.02000000
2018-02-26 20:17:15,0.02139200,2.24000000
2018-02-26 20:17:15,0.02139200,0.08000000
2018-02-26 20:17:16,0.02135200,0.31000000
2018-02-26 20:17:16,0.02138400,0.24000000
2018-02-26 20:17:17,0.02138400,0.08000000
2018-02-26 20:17:19,0.02138400,0.01000000
2018-02-26 20:17:19,0.02139200,0.01000000
2018-02-26 20:17:19,0.02139300,0.09000000
2018-02-26 20:17:19,0.02139500,0.70000000
2018-02-26 20:17:19,0.02140000,0.09000000
2018-02-26 20:17:19,0.02140100,0.09000000
2018-02-26 20:17:19,0.02140200,0.09000000
2018-02-26 20:17:19,0.02140300,0.09000000
2018-02-26 20:17:19,0.02140400,0.09000000
2018-02-26 20:17:19,0.02140900,0.09000000
2018-02-26 20:17:19,0.02141000,0.09000000
2018-02-26 20:17:19,0.02141400,0.90000000
2018-02-26 20:17:19,0.02139200,0.08000000
2018-02-26 20:17:22,0.02135500,0.12000000
2018-02-26 20:17:22,0.02135400,0.32000000
2018-02-26 20:17:23,0.02138800,0.67000000
2018-02-26 20:17:23,0.02138600,0.24000000
2018-02-26 20:17:23,0.02138600,0.09000000
2018-02-26 20:17:23,0.02138700,0.11000000
2018-02-26 20:17:23,0.02138700,0.10000000
2018-02-26 20:17:24,0.02138800,0.08000000
2018-02-26 20:17:24,0.02138800,0.10000000
2018-02-26 20:17:24,0.02139200,0.10000000
2018-02-26 20:17:25,0.02139200,0.08000000
2018-02-26 20:17:25,0.02135500,0.06000000
2018-02-26 20:17:26,0.02139200,0.01000000
2018-02-26 20:17:26,0.02139300,0.09000000
2018-02-26 20:17:26,0.02139500,0.09000000
2018-02-26 20:17:26,0.02140000,0.09000000
2018-02-26 20:17:26,0.02140200,0.09000000
2018-02-26 20:17:26,0.02140300,0.09000000
2018-02-26 20:17:26,0.02140400,0.09000000
2018-02-26 20:17:26,0.02140900,0.09000000
2018-02-26 20:17:26,0.02141000,0.03000000
2018-02-26 20:17:26,0.02135500,0.05000000
2018-02-26 20:17:26,0.02139000,0.11000000
2018-02-26 20:17:27,0.02139000,0.05000000
2018-02-26 20:17:27,0.02139000,0.05000000
2018-02-26 20:17:28,0.02139000,0.24000000
2018-02-26 20:17:28,0.02139300,0.09000000
2018-02-26 20:17:28,0.02139500,0.09000000
2018-02-26 20:17:28,0.02140000,0.09000000
2018-02-26 20:17:28,0.02140200,0.09000000
2018-02-26 20:17:28,0.02140300,0.09000000
2018-02-26 20:17:28,0.02140400,0.09000000
2018-02-26 20:17:28,0.02140900,0.09000000
2018-02-26 20:17:28,0.02141000,0.15000000
2018-02-26 20:17:28,0.02141400,1.06000000
2018-02-26 20:17:28,0.02141500,0.97000000
2018-02-26 20:17:28,0.02142000,0.09000000
2018-02-26 20:17:28,0.02142300,5.05000000
2018-02-26 20:17:28,0.02142600,8.30000000
2018-02-26 20:17:28,0.02142700,5.07000000
2018-02-26 20:17:28,0.02142800,0.11000000
2018-02-26 20:17:28,0.02142900,0.45000000
2018-02-26 20:17:28,0.02143400,0.19000000
2018-02-26 20:17:28,0.02144100,4.68000000
2018-02-26 20:17:28,0.02144300,0.60000000
2018-02-26 20:17:28,0.02145000,5.85000000
2018-02-26 20:17:28,0.02145100,0.37000000
2018-02-26 20:17:28,0.02145300,0.92000000
2018-02-26 20:17:28,0.02145500,2.81000000
2018-02-26 20:17:28,0.02139300,0.08000000
2018-02-26 20:17:28,0.02139300,0.01000000
2018-02-26 20:17:28,0.02139500,0.09000000
2018-02-26 20:17:28,0.02140000,0.09000000
2018-02-26 20:17:28,0.02140200,0.09000000
2018-02-26 20:17:28,0.02140300,0.09000000
2018-02-26 20:17:28,0.02140400,0.09000000
2018-02-26 20:17:28,0.02140900,0.09000000
2018-02-26 20:17:28,0.02145400,1.78000000
2018-02-26 20:17:32,0.02138400,0.12000000
2018-02-26 20:17:32,0.02139300,0.08000000
2018-02-26 20:17:33,0.02139300,0.01000000
2018-02-26 20:17:33,0.02139500,0.09000000
2018-02-26 20:17:33,0.02140000,0.09000000
2018-02-26 20:17:33,0.02140200,0.09000000
2018-02-26 20:17:33,0.02140300,0.09000000
2018-02-26 20:17:33,0.02140400,0.09000000
2018-02-26 20:17:35,0.02138400,0.08000000
2018-02-26 20:17:35,0.02138400,0.10000000
2018-02-26 20:17:36,0.02139300,0.09000000
2018-02-26 20:17:36,0.02139300,0.08000000
2018-02-26 20:17:39,0.02139200,0.20000000
2018-02-26 20:17:40,0.02139200,0.11000000
2018-02-26 20:17:44,0.02138900,0.24000000
2018-02-26 20:17:44,0.02138900,0.09000000
2018-02-26 20:17:46,0.02139200,0.01000000
2018-02-26 20:17:46,0.02139200,0.09000000
2018-02-26 20:17:48,0.02139300,0.01000000
2018-02-26 20:17:48,0.02139300,0.09000000
2018-02-26 20:17:48,0.02139500,0.08000000
2018-02-26 20:17:48,0.02139300,0.46000000
2018-02-26 20:17:48,0.02139300,0.09000000
2018-02-26 20:17:48,0.02139500,0.10000000
2018-02-26 20:17:48,0.02139500,0.09000000
2018-02-26 20:17:48,0.02140000,0.08000000
2018-02-26 20:17:49,0.02140000,0.10000000
2018-02-26 20:17:49,0.02140200,0.05000000
2018-02-26 20:17:50,0.02140200,0.11000000
2018-02-26 20:17:50,0.02139600,3.04000000
2018-02-26 20:17:50,0.02139600,0.09000000
2018-02-26 20:17:55,0.02139500,0.60000000
2018-02-26 20:17:55,0.02139500,0.09000000
2018-02-26 20:17:57,0.02139600,0.24000000
2018-02-26 20:17:57,0.02139600,0.09000000
2018-02-26 20:17:57,0.02140200,0.02000000
2018-02-26 20:17:57,0.02140300,0.09000000
2018-02-26 20:17:57,0.02140400,0.09000000
2018-02-26 20:17:58,0.02140600,0.09000000
2018-02-26 20:17:58,0.02140600,0.09000000
2018-02-26 20:17:58,0.02140600,0.09000000
2018-02-26 20:17:58,0.02140600,0.09000000
2018-02-26 20:17:58,0.02140600,3.07000000
2018-02-26 20:17:58,0.02140600,0.16000000
2018-02-26 20:17:59,0.02141000,0.08000000
2018-02-26 20:17:59,0.02140800,0.31000000
2018-02-26 20:17:59,0.02140800,0.09000000
2018-02-26 20:17:59,0.02141000,0.10000000
2018-02-26 20:18:00,0.02141000,0.08000000
2018-02-26 20:18:01,0.02140800,3.38000000
2018-02-26 20:18:01,0.02140600,1.59000000
2018-02-26 20:18:01,0.02140600,0.09000000
2018-02-26 20:18:02,0.02140800,0.08000000
2018-02-26 20:18:03,0.02140800,0.10000000
2018-02-26 20:18:03,0.02140600,0.06000000
2018-02-26 20:18:03,0.02140600,0.08000000
2018-02-26 20:18:04,0.02140600,0.01000000
2018-02-26 20:18:04,0.02141000,2.33000000
2018-02-26 20:18:04,0.02140900,0.65000000
2018-02-26 20:18:05,0.02140900,3.22000000
2018-02-26 20:18:05,0.02141000,5.26000000
2018-02-26 20:18:05,0.02139600,0.64000000
2018-02-26 20:18:05,0.02139200,0.61000000
2018-02-26 20:18:05,0.02141000,0.08000000
2018-02-26 20:18:05,0.02139200,0.09000000
2018-02-26 20:18:06,0.02139200,0.09000000
2018-02-26 20:18:06,0.02139600,0.08000000
2018-02-26 20:18:06,0.02139600,0.10000000
2018-02-26 20:18:06,0.02141000,0.10000000
2018-02-26 20:18:06,0.02141000,0.08000000
2018-02-26 20:18:07,0.02139200,0.23000000
2018-02-26 20:18:07,0.02139200,0.09000000
2018-02-26 20:18:09,0.02139200,1.86000000
2018-02-26 20:18:09,0.02140600,2.89000000
2018-02-26 20:18:09,0.02140600,0.10000000
2018-02-26 20:18:12,0.02140200,19.42000000
2018-02-26 20:18:13,0.02140200,0.65000000
2018-02-26 20:18:13,0.02140200,22.15000000
2018-02-26 20:18:15,0.02139300,0.46000000
2018-02-26 20:18:15,0.02140200,25.39000000
2018-02-26 20:18:18,0.02139400,0.61000000
2018-02-26 20:18:18,0.02140200,0.01000000
2018-02-26 20:18:19,0.02141000,1.01000000
2018-02-26 20:18:19,0.02141000,0.08000000
2018-02-26 20:18:21,0.02141000,0.01000000
2018-02-26 20:18:21,0.02141400,0.09000000
2018-02-26 20:18:21,0.02141500,0.09000000
2018-02-26 20:18:21,0.02142000,0.09000000
2018-02-26 20:18:21,0.02142300,0.09000000
2018-02-26 20:18:21,0.02142600,0.09000000
2018-02-26 20:18:21,0.02142700,0.09000000
2018-02-26 20:18:21,0.02142800,0.09000000
2018-02-26 20:18:21,0.02142900,0.09000000
2018-02-26 20:18:21,0.02143400,0.09000000
2018-02-26 20:18:21,0.02144100,0.09000000
2018-02-26 20:18:21,0.02144300,0.09000000
2018-02-26 20:18:21,0.02145000,1.00000000
2018-02-26 20:18:21,0.02145100,0.09000000
2018-02-26 20:18:21,0.02145300,0.09000000
2018-02-26 20:18:21,0.02145400,0.26000000
2018-02-26 20:18:21,0.02145500,0.09000000
2018-02-26 20:18:21,0.02145800,0.52000000
2018-02-26 20:18:21,0.02140400,6.98000000
2018-02-26 20:18:21,0.02140200,0.23000000
2018-02-26 20:18:22,0.02141200,6.98000000
2018-02-26 20:18:22,0.02139400,3.50000000
2018-02-26 20:18:22,0.02139300,1.86000000
2018-02-26 20:18:22,0.02141400,0.08000000
2018-02-26 20:18:25,0.02140200,0.08000000
2018-02-26 20:18:26,0.02140200,0.10000000
2018-02-26 20:18:27,0.02140400,0.08000000
2018-02-26 20:18:27,0.02140000,0.11000000
2018-02-26 20:18:27,0.02140000,0.09000000
2018-02-26 20:18:28,0.02140400,0.10000000
2018-02-26 20:18:28,0.02140400,0.08000000
2018-02-26 20:18:28,0.02140000,1.17000000
2018-02-26 20:18:29,0.02140000,0.09000000
2018-02-26 20:18:29,0.02140000,0.85000000
2018-02-26 20:18:31,0.02140400,0.01000000
2018-02-26 20:18:31,0.02141400,0.10000000
2018-02-26 20:18:31,0.02141500,0.09000000
2018-02-26 20:18:31,0.02142000,0.09000000
2018-02-26 20:18:31,0.02142300,0.09000000
2018-02-26 20:18:31,0.02142600,0.08000000
2018-02-26 20:18:32,0.02140200,0.26000000
2018-02-26 20:18:32,0.02140200,0.09000000
2018-02-26 20:18:32,0.02140400,0.08000000
2018-02-26 20:18:32,0.02140400,0.10000000
2018-02-26 20:18:32,0.02141400,0.09000000
2018-02-26 20:18:32,0.02141500,0.09000000
2018-02-26 20:18:32,0.02141500,0.09000000
2018-02-26 20:18:32,0.02141500,0.09000000
2018-02-26 20:18:33,0.02141500,0.10000000
2018-02-26 20:18:33,0.02141500,0.41000000
2018-02-26 20:18:34,0.02141500,2.83000000
2018-02-26 20:18:34,0.02141500,5.56000000
2018-02-26 20:18:34,0.02141500,11.24000000
2018-02-26 20:18:34,0.02141500,0.11000000
2018-02-26 20:18:36,0.02141500,0.10000000
2018-02-26 20:18:37,0.02141500,0.11000000
2018-02-26 20:18:38,0.02141500,2.05000000
2018-02-26 20:18:38,0.02141500,5.04000000
2018-02-26 20:18:39,0.02141600,2.24000000
2018-02-26 20:18:40,0.02141600,0.09000000
2018-02-26 20:18:40,0.02141600,0.58000000
2018-02-26 20:18:40,0.02141500,1.72000000
2018-02-26 20:18:40,0.02141500,0.09000000
2018-02-26 20:18:43,0.02141500,2.30000000
2018-02-26 20:18:45,0.02141500,2.30000000
2018-02-26 20:18:45,0.02141600,0.18000000
2018-02-26 20:18:45,0.02141600,0.09000000
2018-02-26 20:18:48,0.02141700,3.09000000
2018-02-26 20:18:48,0.02141700,1.11000000
2018-02-26 20:18:49,0.02141700,0.46000000
2018-02-26 20:18:49,0.02141700,0.33000000
2018-02-26 20:18:54,0.02141900,0.35000000
2018-02-26 20:18:54,0.02142000,1.78000000
2018-02-26 20:18:55,0.02141700,0.46000000
2018-02-26 20:18:55,0.02141700,0.09000000
2018-02-26 20:18:55,0.02141900,0.09000000
2018-02-26 20:18:55,0.02142000,2.11000000
2018-02-26 20:18:57,0.02141900,0.09000000
2018-02-26 20:18:57,0.02142000,7.63000000
2018-02-26 20:18:57,0.02142300,0.09000000
2018-02-26 20:18:57,0.02142600,0.10000000
2018-02-26 20:18:57,0.02142700,0.09000000
2018-02-26 20:18:57,0.02142800,0.09000000
2018-02-26 20:18:57,0.02142900,0.09000000
2018-02-26 20:18:57,0.02144100,0.09000000
2018-02-26 20:18:57,0.02144300,0.09000000
2018-02-26 20:18:57,0.02145000,0.09000000
2018-02-26 20:18:57,0.02145100,0.09000000
2018-02-26 20:18:57,0.02145300,0.09000000
2018-02-26 20:18:57,0.02145400,0.09000000
2018-02-26 20:18:57,0.02145500,0.09000000
2018-02-26 20:18:57,0.02145800,1.63000000
2018-02-26 20:18:58,0.02141700,0.06000000
2018-02-26 20:18:58,0.02141700,0.09000000
2018-02-26 20:19:04,0.02141900,0.09000000
2018-02-26 20:19:04,0.02141900,0.09000000
2018-02-26 20:19:05,0.02141900,0.26000000
2018-02-26 20:19:05,0.02142000,0.09000000
2018-02-26 20:19:05,0.02142300,0.09000000
2018-02-26 20:19:05,0.02142600,0.09000000
2018-02-26 20:19:05,0.02142700,0.09000000
2018-02-26 20:19:05,0.02142800,0.09000000
2018-02-26 20:19:05,0.02142800,0.09000000
2018-02-26 20:19:05,0.02142800,0.09000000
2018-02-26 20:19:05,0.02142800,0.09000000
2018-02-26 20:19:05,0.02142800,0.09000000
2018-02-26 20:19:05,0.02142800,0.09000000
2018-02-26 20:19:06,0.02142800,0.93000000
2018-02-26 20:19:06,0.02142800,3.22000000
2018-02-26 20:19:07,0.02142800,2.87000000
2018-02-26 20:19:07,0.02142800,0.01000000
2018-02-26 20:19:07,0.02141900,1.94000000
2018-02-26 20:19:07,0.02141900,0.09000000
2018-02-26 20:19:08,0.02141900,0.60000000
2018-02-26 20:19:10,0.02142800,1.21000000
2018-02-26 20:19:10,0.02142800,0.09000000
2018-02-26 20:19:10,0.02142800,0.08000000
2018-02-26 20:19:11,0.02142800,0.01000000
2018-02-26 20:19:11,0.02141900,0.62000000
2018-02-26 20:19:11,0.02141900,0.09000000
2018-02-26 20:19:11,0.02141900,1.79000000
2018-02-26 20:19:11,0.02142900,0.09000000
2018-02-26 20:19:11,0.02144000,0.71000000
2018-02-26 20:19:11,0.02141900,1.75000000
2018-02-26 20:19:11,0.02141900,0.09000000
2018-02-26 20:19:13,0.02142000,50.00000000
2018-02-26 20:19:13,0.02141900,25.51000000
2018-02-26 20:19:13,0.02141900,0.09000000
2018-02-26 20:19:13,0.02142000,0.09000000
2018-02-26 20:19:13,0.02142700,0.53000000
2018-02-26 20:19:13,0.02142000,0.09000000
2018-02-26 20:19:13,0.02142700,4.03000000
2018-02-26 20:19:13,0.02142800,0.20000000
2018-02-26 20:19:13,0.02142800,0.09000000
2018-02-26 20:19:13,0.02142800,0.09000000
2018-02-26 20:19:14,0.02142800,0.09000000
2018-02-26 20:19:14,0.02142800,0.09000000
2018-02-26 20:19:15,0.02142800,0.81000000
2018-02-26 20:19:18,0.02142800,0.24000000
2018-02-26 20:19:18,0.02142800,2.70000000
2018-02-26 20:19:19,0.02141900,1.12000000
2018-02-26 20:19:19,0.02141900,0.09000000
2018-02-26 20:19:19,0.02142900,1.19000000
2018-02-26 20:19:19,0.02143900,4.60000000
2018-02-26 20:19:19,0.02144000,0.09000000
2018-02-26 20:19:19,0.02144100,0.09000000
2018-02-26 20:19:19,0.02144300,0.09000000
2018-02-26 20:19:19,0.02145000,4.76000000
2018-02-26 20:19:20,0.02141900,0.03000000
2018-02-26 20:19:21,0.02141900,0.09000000
2018-02-26 20:19:23,0.02142900,0.09000000
2018-02-26 20:19:23,0.02143900,0.09000000
2018-02-26 20:19:23,0.02144000,0.09000000
2018-02-26 20:19:23,0.02144100,0.03000000
2018-02-26 20:19:24,0.02142900,0.09000000
2018-02-26 20:19:24,0.02143900,0.09000000
2018-02-26 20:19:24,0.02144000,2.22000000
2018-02-26 20:19:24,0.02144100,0.15000000
2018-02-26 20:19:24,0.02144300,0.09000000
2018-02-26 20:19:24,0.02145000,2.59000000
2018-02-26 20:19:26,0.02142100,0.08000000
2018-02-26 20:19:26,0.02142100,0.09000000
2018-02-26 20:19:26,0.02142900,0.07000000
2018-02-26 20:19:27,0.02142900,0.11000000
2018-02-26 20:19:27,0.02143900,0.09000000
2018-02-26 20:19:27,0.02144000,0.09000000
2018-02-26 20:19:27,0.02144100,0.09000000
2018-02-26 20:19:27,0.02144300,0.09000000
2018-02-26 20:19:27,0.02145000,1.92000000
2018-02-26 20:19:27,0.02145100,0.09000000
2018-02-26 20:19:27,0.02145300,0.09000000
2018-02-26 20:19:27,0.02145400,0.09000000
2018-02-26 20:19:27,0.02145500,0.06000000
2018-02-26 20:19:27,0.02142200,0.46000000
2018-02-26 20:19:28,0.02142200,0.09000000
2018-02-26 20:19:28,0.02142200,0.27000000
2018-02-26 20:19:28,0.02142200,0.57000000
2018-02-26 20:19:30,0.02142200,0.66000000
2018-02-26 20:19:30,0.02143900,0.09000000
2018-02-26 20:19:30,0.02144000,0.09000000
2018-02-26 20:19:30,0.02144100,0.09000000
2018-02-26 20:19:30,0.02144300,0.09000000
2018-02-26 20:19:30,0.02145000,0.09000000
2018-02-26 20:19:30,0.02145100,0.09000000
2018-02-26 20:19:30,0.02145300,0.09000000
2018-02-26 20:19:30,0.02145400,0.15000000
2018-02-26 20:19:30,0.02145500,0.05000000
2018-02-26 20:19:30,0.02142200,0.82000000
2018-02-26 20:19:31,0.02142200,0.09000000
2018-02-26 20:19:34,0.02143900,0.09000000
2018-02-26 20:19:34,0.02144000,0.09000000
2018-02-26 20:19:34,0.02144100,0.09000000
2018-02-26 20:19:34,0.02144300,0.09000000
2018-02-26 20:19:34,0.02145000,0.09000000
2018-02-26 20:19:34,0.02145100,0.09000000
2018-02-26 20:19:34,0.02145300,0.09000000
2018-02-26 20:19:34,0.02145400,0.09000000
2018-02-26 20:19:34,0.02145500,0.15000000
2018-02-26 20:19:36,0.02142200,1.14000000
2018-02-26 20:19:36,0.02142200,0.01000000
2018-02-26 20:19:36,0.02142100,1.87000000
2018-02-26 20:19:36,0.02142100,0.09000000
2018-02-26 20:19:38,0.02142200,0.08000000
2018-02-26 20:19:38,0.02143900,0.09000000
2018-02-26 20:19:38,0.02144000,0.09000000
2018-02-26 20:19:38,0.02144100,0.09000000
2018-02-26 20:19:38,0.02144300,0.01000000
2018-02-26 20:19:38,0.02142200,0.09000000
2018-02-26 20:19:38,0.02143900,0.09000000
2018-02-26 20:19:38,0.02144000,0.09000000
2018-02-26 20:19:38,0.02144300,0.08000000
2018-02-26 20:19:38,0.02145000,0.09000000
2018-02-26 20:19:38,0.02145100,0.09000000
2018-02-26 20:19:38,0.02145300,0.09000000
2018-02-26 20:19:38,0.02145400,0.09000000
2018-02-26 20:19:38,0.02145500,0.10000000
2018-02-26 20:19:38,0.02145500,0.09000000
2018-02-26 20:19:38,0.02145500,0.09000000
2018-02-26 20:19:38,0.02145500,0.68000000
2018-02-26 20:19:38,0.02145500,0.09000000
2018-02-26 20:19:38,0.02145500,0.09000000
2018-02-26 20:19:38,0.02145500,1.21000000
2018-02-26 20:19:39,0.02142200,0.05000000
2018-02-26 20:19:39,0.02142300,2.93000000
2018-02-26 20:19:40,0.02142200,2.35000000
2018-02-26 20:19:40,0.02144000,0.09000000
2018-02-26 20:19:40,0.02144300,0.09000000
2018-02-26 20:19:40,0.02145000,0.09000000
2018-02-26 20:19:40,0.02145400,4.11000000
2018-02-26 20:19:40,0.02145500,1.30000000
2018-02-26 20:19:40,0.02145800,2.14000000
2018-02-26 20:19:40,0.02145900,0.09000000
2018-02-26 20:19:40,0.02146000,2.09000000
2018-02-26 20:19:40,0.02146300,0.08000000
2018-02-26 20:19:41,0.02142200,0.09000000
2018-02-26 20:19:41,0.02142200,0.09000000
2018-02-26 20:19:41,0.02142200,1.59000000
2018-02-26 20:19:42,0.02142300,0.09000000
2018-02-26 20:19:43,0.02142300,4.01000000
2018-02-26 20:19:43,0.02142200,0.38000000
2018-02-26 20:19:43,0.02144000,0.09000000
2018-02-26 20:19:43,0.02144300,0.09000000
2018-02-26 20:19:43,0.02145000,0.09000000
2018-02-26 20:19:43,0.02145300,0.09000000
2018-02-26 20:19:43,0.02145400,0.18000000
2018-02-26 20:19:43,0.02145500,0.18000000
2018-02-26 20:19:43,0.02145500,0.08000000
2018-02-26 20:19:43,0.02142200,0.01000000
2018-02-26 20:19:43,0.02142200,0.09000000
2018-02-26 20:19:44,0.02142300,0.09000000
2018-02-26 20:19:44,0.02144000,0.09000000
2018-02-26 20:19:44,0.02144300,0.09000000
2018-02-26 20:19:44,0.02145000,0.09000000
2018-02-26 20:19:44,0.02145300,0.09000000
2018-02-26 20:19:44,0.02145400,0.09000000
2018-02-26 20:19:44,0.02145800,0.09000000
2018-02-26 20:19:44,0.02145900,0.49000000
2018-02-26 20:19:44,0.02142200,0.09000000
2018-02-26 20:19:46,0.02142300,0.09000000
2018-02-26 20:19:46,0.02142400,0.64000000
2018-02-26 20:19:46,0.02142400,0.09000000
2018-02-26 20:19:46,0.02142400,0.09000000
2018-02-26 20:19:47,0.02142400,0.09000000
2018-02-26 20:19:47,0.02144000,0.09000000
2018-02-26 20:19:47,0.02144300,0.09000000
2018-02-26 20:19:47,0.02145300,0.09000000
2018-02-26 20:19:47,0.02145400,0.09000000
2018-02-26 20:19:47,0.02145500,0.09000000
2018-02-26 20:19:47,0.02145800,4.19000000
2018-02-26 20:19:47,0.02145900,2.62000000
2018-02-26 20:19:47,0.02142400,0.14000000
2018-02-26 20:19:47,0.02142400,0.09000000
2018-02-26 20:19:48,0.02144000,0.09000000
2018-02-26 20:19:48,0.02144300,0.09000000
2018-02-26 20:19:48,0.02145300,0.09000000
2018-02-26 20:19:48,0.02145400,0.09000000
2018-02-26 20:19:48,0.02145500,0.09000000
2018-02-26 20:19:48,0.02145800,0.09000000
2018-02-26 20:19:48,0.02145900,0.36000000
2018-02-26 20:19:48,0.02146300,0.09000000
2018-02-26 20:19:48,0.02147200,0.08000000
2018-02-26 20:19:48,0.02147300,1.86000000
2018-02-26 20:19:48,0.02147300,0.15000000
2018-02-26 20:19:49,0.02142500,0.10000000
2018-02-26 20:19:49,0.02144000,0.09000000
2018-02-26 20:19:49,0.02144300,0.09000000
2018-02-26 20:19:49,0.02145300,0.09000000
2018-02-26 20:19:49,0.02145400,0.09000000
2018-02-26 20:19:49,0.02145500,0.08000000
2018-02-26 20:19:51,0.02142500,0.10000000
2018-02-26 20:19:51,0.02144000,0.09000000
2018-02-26 20:19:51,0.02144300,0.09000000
2018-02-26 20:19:51,0.02145300,0.09000000
2018-02-26 20:19:51,0.02145400,0.09000000
2018-02-26 20:19:51,0.02145500,0.01000000
2018-02-26 20:19:51,0.02145800,0.09000000
2018-02-26 20:19:51,0.02145900,0.02000000
2018-02-26 20:19:52,0.02142500,0.09000000
2018-02-26 20:19:52,0.02142500,0.09000000
2018-02-26 20:19:52,0.02144000,0.09000000
2018-02-26 20:19:52,0.02144300,0.09000000
2018-02-26 20:19:52,0.02145300,0.09000000
2018-02-26 20:19:52,0.02145400,0.01000000
2018-02-26 20:19:53,0.02144000,0.08000000
2018-02-26 20:19:55,0.02144000,0.10000000
2018-02-26 20:19:55,0.02144300,0.09000000
2018-02-26 20:19:55,0.02145300,0.09000000
2018-02-26 20:19:55,0.02145400,0.17000000
2018-02-26 20:19:55,0.02145500,0.18000000
2018-02-26 20:19:55,0.02145800,0.09000000
2018-02-26 20:19:55,0.02145900,0.16000000
2018-02-26 20:19:55,0.02146300,0.09000000
2018-02-26 20:19:55,0.02147200,0.09000000
2018-02-26 20:19:55,0.02147300,0.96000000
2018-02-26 20:19:55,0.02147300,0.47000000
2018-02-26 20:19:55,0.02144300,0.09000000
2018-02-26 20:19:55,0.02145300,0.09000000
2018-02-26 20:19:55,0.02145400,0.09000000
2018-02-26 20:19:55,0.02145500,0.09000000
2018-02-26 20:19:56,0.02145500,0.09000000
2018-02-26 20:19:56,0.02145500,0.13000000
2018-02-26 20:19:56,0.02145500,0.05000000
2018-02-26 20:19:58,0.02145300,0.04000000
2018-02-26 20:19:58,0.02145400,0.09000000
2018-02-26 20:19:58,0.02145500,0.28000000
2018-02-26 20:19:58,0.02145800,0.09000000
2018-02-26 20:19:58,0.02145900,0.09000000
2018-02-26 20:19:58,0.02146300,0.09000000
2018-02-26 20:19:58,0.02147200,0.47000000
2018-02-26 20:19:58,0.02147300,3.60000000
2018-02-26 20:19:59,0.02144000,1.92000000
2018-02-26 20:19:59,0.02145300,0.09000000
2018-02-26 20:19:59,0.02145400,0.09000000
2018-02-26 20:19:59,0.02145500,0.09000000
2018-02-26 20:19:59,0.02145800,0.09000000
2018-02-26 20:19:59,0.02145900,0.09000000
2018-02-26 20:19:59,0.02146300,0.09000000
2018-02-26 20:19:59,0.02146300,0.09000000
2018-02-26 20:19:59,0.02146300,0.04000000
2018-02-26 20:20:00,0.02144100,1.67000000
2018-02-26 20:20:01,0.02144100,2.44000000
2018-02-26 20:20:02,0.02144000,0.25000000
2018-02-26 20:20:03,0.02144100,0.09000000
2018-02-26 20:20:03,0.02145300,0.05000000
2018-02-26 20:20:03,0.02144000,1.86000000
2018-02-26 20:20:03,0.02144000,0.09000000
2018-02-26 20:20:04,0.02144000,0.43000000
2018-02-26 20:20:05,0.02144100,0.40000000
2018-02-26 20:20:05,0.02144100,0.09000000
2018-02-26 20:20:05,0.02145400,0.09000000
2018-02-26 20:20:05,0.02145800,0.09000000
2018-02-26 20:20:05,0.02145900,0.09000000
2018-02-26 20:20:05,0.02146300,0.09000000
2018-02-26 20:20:05,0.02146900,16.35000000
2018-02-26 20:20:06,0.02146900,0.01000000
2018-02-26 20:20:06,0.02145400,0.03000000
2018-02-26 20:20:06,0.02144100,0.09000000
2018-02-26 20:20:06,0.02145400,0.14000000
2018-02-26 20:20:06,0.02145800,0.09000000
2018-02-26 20:20:06,0.02145900,0.04000000
2018-02-26 20:20:07,0.02144100,0.09000000
2018-02-26 20:20:07,0.02145400,0.09000000
2018-02-26 20:20:07,0.02145600,0.63000000
2018-02-26 20:20:07,0.02145600,0.09000000
2018-02-26 20:20:07,0.02145600,0.09000000
2018-02-26 20:20:07,0.02145600,0.09000000
2018-02-26 20:20:07,0.02145600,0.90000000
2018-02-26 20:20:07,0.02145600,1.00000000
2018-02-26 20:20:07,0.02145600,0.14000000
2018-02-26 20:20:08,0.02145600,0.10000000
2018-02-26 20:20:08,0.02145600,0.28000000
2018-02-26 20:20:08,0.02145600,0.10000000
2018-02-26 20:20:08,0.02145600,0.28000000
2018-02-26 20:20:08,0.02145600,0.74000000
2018-02-26 20:20:09,0.02145600,0.39000000
2018-02-26 20:20:09,0.02145600,26.19000000
2018-02-26 20:20:09,0.02145600,1.61000000
2018-02-26 20:20:09,0.02145600,2.04000000
2018-02-26 20:20:10,0.02145600,0.10000000
2018-02-26 20:20:10,0.02145600,2.33000000
2018-02-26 20:20:10,0.02145600,0.10000000
2018-02-26 20:20:11,0.02145600,0.69000000
2018-02-26 20:20:11,0.02145000,3.29000000
2018-02-26 20:20:11,0.02145000,0.09000000
2018-02-26 20:20:11,0.02145800,0.09000000
2018-02-26 20:20:11,0.02145900,0.14000000
2018-02-26 20:20:11,0.02146300,0.09000000
2018-02-26 20:20:11,0.02146900,0.09000000
2018-02-26 20:20:11,0.02147200,0.09000000
2018-02-26 20:20:13,0.02145000,0.46000000
2018-02-26 20:20:13,0.02145000,0.09000000
2018-02-26 20:20:15,0.02145000,0.23000000
2018-02-26 20:20:15,0.02145700,0.36000000
2018-02-26 20:20:16,0.02145000,1.92000000
2018-02-26 20:20:16,0.02145000,0.09000000
2018-02-26 20:20:17,0.02145600,0.72000000
2018-02-26 20:20:19,0.02145000,1.06000000
2018-02-26 20:20:19,0.02145000,0.09000000
2018-02-26 20:20:21,0.02145000,0.23000000
2018-02-26 20:20:22,0.02145000,45.32000000
2018-02-26 20:20:22,0.02145600,2.97000000
2018-02-26 20:20:24,0.02145600,0.60000000
2018-02-26 20:20:24,0.02145700,3.67000000
2018-02-26 20:20:27,0.02145700,0.18000000
2018-02-26 20:20:27,0.02145800,0.09000000
2018-02-26 20:20:27,0.02145900,0.09000000
2018-02-26 20:20:27,0.02146000,0.18000000
2018-02-26 20:20:27,0.02146300,0.09000000
2018-02-26 20:20:27,0.02146900,0.09000000
2018-02-26 20:20:27,0.02147200,0.39000000
2018-02-26 20:20:28,0.02145800,0.09000000
2018-02-26 20:20:28,0.02145900,0.09000000
2018-02-26 20:20:28,0.02146000,0.09000000
2018-02-26 20:20:28,0.02146300,0.09000000
2018-02-26 20:20:28,0.02146900,0.09000000
2018-02-26 20:20:28,0.02146900,0.09000000
2018-02-26 20:20:28,0.02146900,0.09000000
2018-02-26 20:20:28,0.02146900,0.09000000
2018-02-26 20:20:29,0.02145100,1.04000000
2018-02-26 20:20:29,0.02145100,0.09000000
2018-02-26 20:20:29,0.02146300,0.09000000
2018-02-26 20:20:29,0.02146900,0.09000000
2018-02-26 20:20:29,0.02147200,2.43000000
2018-02-26 20:20:29,0.02147300,1.62000000
2018-02-26 20:20:29,0.02148000,0.62000000
2018-02-26 20:20:29,0.02148400,2.36000000
2018-02-26 20:20:29,0.02148600,2.86000000
2018-02-26 20:20:29,0.02148800,0.08000000
2018-02-26 20:20:29,0.02149500,0.27000000
2018-02-26 20:20:29,0.02149800,13.87000000
2018-02-26 20:20:30,0.02145100,1.37000000
2018-02-26 20:20:30,0.02145000,0.82000000
2018-02-26 20:20:30,0.02145000,0.09000000
2018-02-26 20:20:31,0.02145100,0.18000000
2018-02-26 20:20:31,0.02145000,0.19000000
2018-02-26 20:20:31,0.02145000,0.09000000
2018-02-26 20:20:32,0.02145000,0.14000000
2018-02-26 20:20:32,0.02145000,0.70000000
2018-02-26 20:20:33,0.02145000,0.99000000
2018-02-26 20:20:33,0.02145000,0.95000000
2018-02-26 20:20:33,0.02145000,8.55000000
2018-02-26 20:20:33,0.02145000,0.19000000
2018-02-26 20:20:34,0.02145100,1.01000000
2018-02-26 20:20:34,0.02146300,0.09000000
2018-02-26 20:20:34,0.02146900,0.09000000
2018-02-26 20:20:34,0.02147200,0.09000000
2018-02-26 20:20:34,0.02147300,0.09000000
2018-02-26 20:20:34,0.02148000,0.09000000
2018-02-26 20:20:34,0.02148400,0.09000000
2018-02-26 20:20:34,0.02148600,0.09000000
2018-02-26 20:20:34,0.02148800,0.09000000
2018-02-26 20:20:34,0.02149500,0.09000000
2018-02-26 20:20:34,0.02145200,0.09000000
2018-02-26 20:20:34,0.02145000,0.87000000
2018-02-26 20:20:34,0.02145000,0.92000000
2018-02-26 20:20:35,0.02145000,1.93000000
2018-02-26 20:20:36,0.02146300,0.09000000
2018-02-26 20:20:36,0.02146900,0.09000000
2018-02-26 20:20:36,0.02147200,0.09000000
2018-02-26 20:20:36,0.02147300,0.09000000
2018-02-26 20:20:36,0.02148000,0.09000000
2018-02-26 20:20:36,0.02148400,0.06000000
2018-02-26 20:20:36,0.02145100,4.11000000
2018-02-26 20:20:36,0.02145000,15.83000000
2018-02-26 20:20:36,0.02145100,0.90000000
2018-02-26 20:20:37,0.02145100,0.09000000
2018-02-26 20:20:37,0.02146300,0.09000000
2018-02-26 20:20:37,0.02146900,0.09000000
2018-02-26 20:20:37,0.02148400,0.03000000
2018-02-26 20:20:37,0.02148600,0.09000000
2018-02-26 20:20:37,0.02148800,0.09000000
2018-02-26 20:20:37,0.02149500,0.09000000
2018-02-26 20:20:37,0.02149500,0.09000000
2018-02-26 20:20:37,0.02149500,0.05000000
2018-02-26 20:20:37,0.02149500,0.18000000
2018-02-26 20:20:37,0.02145200,0.13000000
2018-02-26 20:20:37,0.02145200,0.46000000
2018-02-26 20:20:38,0.02145200,0.32000000
2018-02-26 20:20:38,0.02147300,0.32000000
2018-02-26 20:20:38,0.02148000,0.09000000
2018-02-26 20:20:38,0.02148400,0.09000000
2018-02-26 20:20:38,0.02149500,0.44000000
2018-02-26 20:20:38,0.02149700,0.70000000
2018-02-26 20:20:39,0.02145300,0.19000000
2018-02-26 20:20:39,0.02145300,0.10000000
2018-02-26 20:20:39,0.02145300,0.09000000
2018-02-26 20:20:39,0.02145300,0.09000000
2018-02-26 20:20:40,0.02145100,0.89000000
2018-02-26 20:20:40,0.02145000,0.85000000
2018-02-26 20:20:40,0.02146100,0.56000000
2018-02-26 20:20:40,0.02146300,0.09000000
2018-02-26 20:20:40,0.02146900,0.09000000
2018-02-26 20:20:40,0.02148400,0.09000000
2018-02-26 20:20:40,0.02148600,0.09000000
2018-02-26 20:20:40,0.02148800,0.02000000
2018-02-26 20:20:40,0.02145200,0.09000000
2018-02-26 20:20:40,0.02147300,0.09000000
2018-02-26 20:20:40,0.02148800,0.07000000
2018-02-26 20:20:40,0.02149500,0.21000000
2018-02-26 20:20:42,0.02145000,0.60000000
2018-02-26 20:20:42,0.02145100,0.09000000
2018-02-26 20:20:42,0.02148000,0.09000000
2018-02-26 20:20:43,0.02145000,0.09000000
2018-02-26 20:20:44,0.02145000,5.58000000
2018-02-26 20:20:44,0.02146100,0.08000000
2018-02-26 20:20:44,0.02145100,0.10000000
2018-02-26 20:20:44,0.02145100,0.31000000
2018-02-26 20:20:44,0.02145100,0.91000000
2018-02-26 20:20:46,0.02145100,0.09000000
2018-02-26 20:20:46,0.02145100,0.05000000
2018-02-26 20:20:46,0.02145000,0.09000000
2018-02-26 20:20:46,0.02145100,0.04000000
2018-02-26 20:20:46,0.02145200,0.32000000
2018-02-26 20:20:46,0.02146100,0.01000000
2018-02-26 20:20:46,0.02146300,0.08000000
2018-02-26 20:20:46,0.02145000,0.09000000
2018-02-26 20:20:47,0.02145100,0.17000000
2018-02-26 20:20:48,0.02145000,0.09000000
2018-02-26 20:20:48,0.02145000,1.73000000
2018-02-26 20:20:48,0.02145000,0.09000000
2018-02-26 20:20:49,0.02145100,0.10000000
2018-02-26 20:20:49,0.02145200,0.09000000
2018-02-26 20:20:49,0.02146100,0.09000000
2018-02-26 20:20:49,0.02146300,0.10000000
2018-02-26 20:20:49,0.02146900,0.09000000
2018-02-26 20:20:49,0.02147300,0.09000000
2018-02-26 20:20:49,0.02148000,0.09000000
2018-02-26 20:20:49,0.02148400,0.17000000
2018-02-26 20:20:49,0.02145100,0.09000000
2018-02-26 20:20:49,0.02145200,0.09000000
2018-02-26 20:20:49,0.02148400,0.01000000
2018-02-26 20:20:49,0.02148600,0.09000000
2018-02-26 20:20:49,0.02148800,0.09000000
2018-02-26 20:20:49,0.02149100,3.29000000
2018-02-26 20:20:49,0.02149200,0.66000000
2018-02-26 20:20:49,0.02145000,0.90000000
2018-02-26 20:20:49,0.02146000,0.09000000
2018-02-26 20:20:49,0.02146000,0.09000000
2018-02-26 20:20:50,0.02146100,0.08000000
2018-02-26 20:20:50,0.02146000,0.10000000
2018-02-26 20:20:51,0.02146100,0.01000000
2018-02-26 20:20:51,0.02146300,0.08000000
2018-02-26 20:20:52,0.02146100,4.10000000
2018-02-26 20:20:52,0.02146100,2.31000000
2018-02-26 20:20:52,0.02146000,0.09000000
2018-02-26 20:20:52,0.02146300,0.01000000
2018-02-26 20:20:52,0.02146900,0.09000000
2018-02-26 20:20:52,0.02147300,0.09000000
2018-02-26 20:20:52,0.02148000,0.09000000
2018-02-26 20:20:52,0.02148400,0.09000000
2018-02-26 20:20:52,0.02148600,0.09000000
2018-02-26 20:20:52,0.02148800,0.09000000
2018-02-26 20:20:52,0.02149100,0.09000000
2018-02-26 20:20:52,0.02149200,0.09000000
2018-02-26 20:20:52,0.02149400,0.24000000
2018-02-26 20:20:52,0.02149500,0.18000000
2018-02-26 20:20:52,0.02149700,0.14000000
2018-02-26 20:20:52,0.02146000,0.10000000
2018-02-26 20:20:52,0.02146000,0.09000000
2018-02-26 20:20:52,0.02146000,1.21000000
2018-02-26 20:20:52,0.02146000,0.09000000
2018-02-26 20:20:53,0.02146000,0.10000000
2018-02-26 20:20:53,0.02146100,0.17000000
2018-02-26 20:20:54,0.02146000,0.09000000
2018-02-26 20:20:55,0.02145100,1.12000000
2018-02-26 20:20:55,0.02145100,0.89000000
2018-02-26 20:20:56,0.02146100,0.01000000
2018-02-26 20:20:56,0.02146300,0.18000000
2018-02-26 20:20:56,0.02145100,0.01000000
2018-02-26 20:20:56,0.02145100,0.18000000
2018-02-26 20:20:57,0.02146000,1.42000000
2018-02-26 20:20:57,0.02146000,0.01000000
2018-02-26 20:20:57,0.02146900,0.09000000
2018-02-26 20:20:57,0.02147100,0.09000000
2018-02-26 20:20:57,0.02147100,0.09000000
2018-02-26 20:20:57,0.02147100,0.09000000
2018-02-26 20:20:57,0.02147100,0.09000000
2018-02-26 20:20:57,0.02147100,0.09000000
2018-02-26 20:20:57,0.02147300,0.08000000
2018-02-26 20:20:57,0.02147100,0.09000000
2018-02-26 20:20:57,0.02147100,0.86000000
2018-02-26 20:20:59,0.02147100,0.47000000
2018-02-26 20:20:59,0.02147100,1.34000000
2018-02-26 20:20:59,0.02147100,1.18000000
2018-02-26 20:20:59,0.02147100,2.36000000
2018-02-26 20:20:59,0.02147100,1.45000000
2018-02-26 20:20:59,0.02147100,0.07000000
2018-02-26 20:21:00,0.02147100,0.09000000
2018-02-26 20:21:00,0.02147100,0.09000000
2018-02-26 20:21:00,0.02147100,0.09000000
2018-02-26 20:21:00,0.02147100,0.09000000
2018-02-26 20:21:00,0.02147100,2.36000000
2018-02-26 20:21:00,0.02147100,0.20000000
2018-02-26 20:21:00,0.02147300,0.10000000
2018-02-26 20:21:01,0.02147100,0.10000000
2018-02-26 20:21:01,0.02147100,0.09000000
2018-02-26 20:21:01,0.02147100,1.70000000
2018-02-26 20:21:01,0.02147100,0.24000000
2018-02-26 20:21:02,0.02147300,0.08000000
2018-02-26 20:21:02,0.02147100,0.06000000
2018-02-26 20:21:02,0.02147100,0.09000000
2018-02-26 20:21:02,0.02147300,0.10000000
2018-02-26 20:21:03,0.02147100,0.11000000
2018-02-26 20:21:03,0.02147100,0.10000000
2018-02-26 20:21:04,0.02147300,0.08000000
2018-02-26 20:21:04,0.02146100,0.65000000
2018-02-26 20:21:04,0.02146100,0.09000000
2018-02-26 20:21:04,0.02147300,0.10000000
2018-02-26 20:21:04,0.02146100,0.62000000
2018-02-26 20:21:04,0.02145100,0.14000000
2018-02-26 20:21:05,0.02145100,0.09000000
2018-02-26 20:21:05,0.02146100,0.09000000
2018-02-26 20:21:05,0.02147300,0.09000000
2018-02-26 20:21:05,0.02148000,0.09000000
2018-02-26 20:21:05,0.02148400,0.09000000
2018-02-26 20:21:05,0.02148600,0.09000000
2018-02-26 20:21:05,0.02148800,0.09000000
2018-02-26 20:21:05,0.02148800,0.09000000
2018-02-26 20:21:05,0.02148800,0.09000000
2018-02-26 20:21:05,0.02148800,0.09000000
2018-02-26 20:21:05,0.02148800,0.09000000
2018-02-26 20:21:05,0.02148800,0.09000000
2018-02-26 20:21:05,0.02148800,0.09000000
2018-02-26 20:21:05,0.02148800,0.27000000
2018-02-26 20:21:06,0.02148800,0.20000000
2018-02-26 20:21:06,0.02148800,0.03000000
2018-02-26 20:21:06,0.02148800,0.16000000
2018-02-26 20:21:06,0.02148800,0.03000000
2018-02-26 20:21:07,0.02147800,0.16000000
2018-02-26 20:21:07,0.02147800,0.08000000
2018-02-26 20:21:09,0.02147800,0.01000000
2018-02-26 20:21:09,0.02148700,0.19000000
2018-02-26 20:21:09,0.02148800,0.29000000
2018-02-26 20:21:09,0.02149100,0.09000000
2018-02-26 20:21:09,0.02149200,0.09000000
2018-02-26 20:21:09,0.02149400,0.09000000
2018-02-26 20:21:09,0.02149500,0.09000000
2018-02-26 20:21:09,0.02149700,0.45000000
2018-02-26 20:21:09,0.02149800,1.53000000
2018-02-26 20:21:10,0.02148700,0.09000000
2018-02-26 20:21:10,0.02148800,0.09000000
2018-02-26 20:21:10,0.02149100,0.01000000
2018-02-26 20:21:11,0.02146400,0.14000000
2018-02-26 20:21:11,0.02146400,0.09000000
2018-02-26 20:21:11,0.02146400,0.13000000
2018-02-26 20:21:11,0.02146300,1.00000000
2018-02-26 20:21:11,0.02145200,3.62000000
2018-02-26 20:21:12,0.02146300,0.09000000
2018-02-26 20:21:12,0.02148700,0.09000000
2018-02-26 20:21:12,0.02148800,0.09000000
2018-02-26 20:21:12,0.02148800,0.09000000
2018-02-26 20:21:12,0.02148800,0.09000000
2018-02-26 20:21:12,0.02148800,0.09000000
2018-02-26 20:21:12,0.02148800,0.09000000
2018-02-26 20:21:12,0.02148800,2.02000000
2018-02-26 20:21:12,0.02148800,0.14000000
2018-02-26 20:21:13,0.02148800,3.62000000
2018-02-26 20:21:13,0.02148800,0.07000000
2018-02-26 20:21:13,0.02147100,0.34000000
2018-02-26 20:21:13,0.02147100,0.09000000
2018-02-26 20:21:14,0.02148500,0.07000000
2018-02-26 20:21:14,0.02149100,0.17000000
2018-02-26 20:21:15,0.02147100,0.57000000
2018-02-26 20:21:15,0.02147100,0.11000000
2018-02-26 20:21:16,0.02145200,0.02000000
2018-02-26 20:21:17,0.02145200,0.07000000
2018-02-26 20:21:17,0.02145100,0.24000000
2018-02-26 20:21:17,0.02145100,0.09000000
2018-02-26 20:21:18,0.02145100,0.08000000
2018-02-26 20:21:18,0.02145100,0.11000000
2018-02-26 20:21:19,0.02145100,0.17000000
2018-02-26 20:21:19,0.02145100,0.09000000
2018-02-26 20:21:19,0.02145200,0.02000000
2018-02-26 20:21:19,0.02145200,0.09000000
2018-02-26 20:21:19,0.02145200,0.12000000
2018-02-26 20:21:19,0.02145200,0.12000000
2018-02-26 20:21:19,0.02145200,0.07000000
2018-02-26 20:21:20,0.02145200,1.58000000
2018-02-26 20:21:20,0.02145200,0.12000000
2018-02-26 20:21:20,0.02147100,0.08000000
2018-02-26 20:21:20,0.02147100,0.10000000
2018-02-26 20:21:20,0.02145300,0.16000000
2018-02-26 20:21:21,0.02145300,0.09000000
2018-02-26 20:21:21,0.02145300,0.12000000
2018-02-26 20:21:22,0.02145300,0.12000000
2018-02-26 20:21:25,0.02145300,0.72000000
2018-02-26 20:21:30,0.02145300,0.45000000
2018-02-26 20:21:32,0.02145400,16.00000000
2018-02-26 20:21:32,0.02145300,4.31000000
2018-02-26 20:21:32,0.02145300,5.00000000
2018-02-26 20:21:32,0.02145300,0.09000000
2018-02-26 20:21:33,0.02145400,0.08000000
2018-02-26 20:21:33,0.02145400,0.10000000
2018-02-26 20:21:35,0.02145300,2.00000000
2018-02-26 20:21:35,0.02145300,0.09000000
2018-02-26 20:21:36,0.02148400,16.00000000
2018-02-26 20:21:36,0.02148400,0.08000000
2018-02-26 20:21:36,0.02145300,4.46000000
2018-02-26 20:21:36,0.02145200,0.72000000
2018-02-26 20:21:36,0.02145100,3.57000000
2018-02-26 20:21:36,0.02145000,2.72000000
2018-02-26 20:21:36,0.02144000,40.34000000
2018-02-26 20:21:37,0.02145200,0.09000000
2018-02-26 20:21:37,0.02145300,0.08000000
2018-02-26 20:21:37,0.02145100,0.09000000
2018-02-26 20:21:37,0.02145300,0.01000000
2018-02-26 20:21:37,0.02148400,0.01000000
2018-02-26 20:21:37,0.02148500,0.05000000
2018-02-26 20:21:37,0.02144000,0.09000000
2018-02-26 20:21:37,0.02145000,0.09000000
2018-02-26 20:21:37,0.02145200,0.09000000
2018-02-26 20:21:37,0.02145100,0.09000000
2018-02-26 20:21:37,0.02145300,0.18000000
2018-02-26 20:21:38,0.02148400,0.08000000
2018-02-26 20:21:39,0.02145400,0.09000000
2018-02-26 20:21:39,0.02145400,0.09000000
2018-02-26 20:21:39,0.02145400,0.09000000
2018-02-26 20:21:39,0.02145400,0.09000000
2018-02-26 20:21:39,0.02145400,0.09000000
2018-02-26 20:21:40,0.02145400,0.09000000
2018-02-26 20:21:40,0.02145400,0.14000000
2018-02-26 20:21:40,0.02148400,0.10000000
2018-02-26 20:21:41,0.02145400,0.47000000
2018-02-26 20:21:41,0.02145400,0.09000000
2018-02-26 20:21:41,0.02148400,0.08000000
2018-02-26 20:21:41,0.02148400,0.10000000
2018-02-26 20:21:42,0.02148500,4.05000000
2018-02-26 20:21:42,0.02148500,0.10000000
2018-02-26 20:21:44,0.02148500,6.90000000
2018-02-26 20:21:44,0.02145400,0.71000000
2018-02-26 20:21:44,0.02145400,0.09000000
2018-02-26 20:21:47,0.02148800,1.95000000
2018-02-26 20:21:47,0.02148800,0.10000000
2018-02-26 20:21:50,0.02148000,2.33000000
2018-02-26 20:21:50,0.02148000,0.09000000
2018-02-26 20:21:50,0.02148000,0.35000000
2018-02-26 20:21:50,0.02148000,0.16000000
2018-02-26 20:21:51,0.02148000,0.10000000
2018-02-26 20:21:52,0.02148800,0.08000000
2018-02-26 20:21:52,0.02148800,0.01000000
2018-02-26 20:21:53,0.02148800,0.08000000
2018-02-26 20:21:54,0.02148000,4.16000000
2018-02-26 20:21:54,0.02145500,0.50000000
2018-02-26 20:21:54,0.02145400,2.35000000
2018-02-26 20:21:54,0.02143700,0.23000000
2018-02-26 20:21:54,0.02143600,4.10000000
2018-02-26 20:21:54,0.02143500,11.40000000
2018-02-26 20:21:54,0.02145400,0.08000000
2018-02-26 20:21:54,0.02143700,0.08000000
2018-02-26 20:21:54,0.02143700,0.01000000
2018-02-26 20:21:54,0.02143600,0.09000000
2018-02-26 20:21:54,0.02145400,0.01000000
2018-02-26 20:21:54,0.02145500,0.08000000
2018-02-26 20:21:54,0.02143600,0.08000000
2018-02-26 20:21:54,0.02143600,0.01000000
2018-02-26 20:21:54,0.02143700,0.09000000
2018-02-26 20:21:54,0.02145400,0.09000000
2018-02-26 20:21:54,0.02145500,0.01000000
2018-02-26 20:21:54,0.02148000,0.09000000
2018-02-26 20:21:54,0.02149100,0.09000000
2018-02-26 20:21:55,0.02143700,0.08000000
2018-02-26 20:21:55,0.02143600,0.09000000
2018-02-26 20:21:56,0.02144400,0.68000000
2018-02-26 20:21:56,0.02144700,0.12000000
2018-02-26 20:21:57,0.02144700,0.35000000
2018-02-26 20:21:57,0.02145500,0.09000000
2018-02-26 20:21:57,0.02145600,0.09000000
2018-02-26 20:21:57,0.02144700,0.09000000
2018-02-26 20:21:57,0.02145400,0.09000000
2018-02-26 20:21:57,0.02145500,0.09000000
2018-02-26 20:21:57,0.02144200,0.13000000
2018-02-26 20:21:57,0.02144200,0.13000000
2018-02-26 20:21:57,0.02144200,0.09000000
2018-02-26 20:21:57,0.02144200,0.09000000
2018-02-26 20:21:57,0.02144400,0.09000000
2018-02-26 20:21:58,0.02144200,0.01000000
2018-02-26 20:21:58,0.02147800,0.66000000
2018-02-26 20:21:58,0.02147500,0.67000000
2018-02-26 20:21:58,0.02147700,4.10000000
2018-02-26 20:21:58,0.02148000,0.09000000
2018-02-26 20:21:59,0.02148000,0.09000000
2018-02-26 20:21:59,0.02148000,0.09000000
2018-02-26 20:22:00,0.02148000,0.09000000
2018-02-26 20:22:00,0.02148000,0.09000000
2018-02-26 20:22:00,0.02148000,0.23000000
2018-02-26 20:22:00,0.02148000,0.09000000
2018-02-26 20:22:00,0.02148000,0.09000000
2018-02-26 20:22:00,0.02148000,0.09000000
2018-02-26 20:22:00,0.02148000,0.14000000
2018-02-26 20:22:00,0.02148000,0.09000000
2018-02-26 20:22:00,0.02148000,0.09000000
2018-02-26 20:22:00,0.02148000,0.09000000
2018-02-26 20:22:00,0.02148000,0.45000000
2018-02-26 20:22:01,0.02148000,1.93000000
2018-02-26 20:22:01,0.02148000,10.01000000
2018-02-26 20:22:01,0.02143700,4.66000000
2018-02-26 20:22:01,0.02143500,10.52000000
2018-02-26 20:22:01,0.02144000,0.12000000
2018-02-26 20:22:02,0.02144000,0.07000000
2018-02-26 20:22:02,0.02148000,0.36000000
2018-02-26 20:22:02,0.02144800,0.05000000
2018-02-26 20:22:03,0.02143700,0.04000000
2018-02-26 20:22:03,0.02144000,0.09000000
2018-02-26 20:22:03,0.02144800,0.08000000
2018-02-26 20:22:03,0.02143700,0.08000000
2018-02-26 20:22:03,0.02143700,0.01000000
2018-02-26 20:22:03,0.02143800,0.19000000
2018-02-26 20:22:03,0.02144000,0.08000000
2018-02-26 20:22:03,0.02144000,0.01000000
2018-02-26 20:22:03,0.02144800,0.10000000
2018-02-26 20:22:03,0.02147700,0.09000000
2018-02-26 20:22:03,0.02147800,0.15000000
2018-02-26 20:22:03,0.02147800,10.36000000
2018-02-26 20:22:04,0.02143800,0.10000000
2018-02-26 20:22:04,0.02148000,0.56000000
2018-02-26 20:22:04,0.02144100,0.05000000
2018-02-26 20:22:05,0.02144100,0.54000000
2018-02-26 20:22:05,0.02144400,0.10000000
2018-02-26 20:22:05,0.02144700,0.09000000
2018-02-26 20:22:05,0.02144700,0.09000000
2018-02-26 20:22:05,0.02144700,0.09000000
2018-02-26 20:22:06,0.02144800,0.08000000
2018-02-26 20:22:06,0.02144800,0.01000000
2018-02-26 20:22:06,0.02147700,0.09000000
2018-02-26 20:22:06,0.02144500,0.09000000
2018-02-26 20:22:06,0.02144500,0.13000000
2018-02-26 20:22:06,0.02147800,0.08000000
2018-02-26 20:22:06,0.02144500,0.09000000
2018-02-26 20:22:06,0.02144500,0.09000000
2018-02-26 20:22:06,0.02144700,0.09000000
2018-02-26 20:22:06,0.02147800,0.96000000
2018-02-26 20:22:08,0.02144000,0.09000000
2018-02-26 20:22:08,0.02144000,0.03000000
2018-02-26 20:22:09,0.02144500,0.09000000
2018-02-26 20:22:09,0.02144500,0.09000000
2018-02-26 20:22:09,0.02144700,0.09000000
2018-02-26 20:22:09,0.02147200,0.11000000
2018-02-26 20:22:09,0.02144000,0.09000000
2018-02-26 20:22:09,0.02144500,0.09000000
2018-02-26 20:22:09,0.02144700,0.09000000
2018-02-26 20:22:10,0.02143800,0.10000000
2018-02-26 20:22:11,0.02144000,0.09000000
2018-02-26 20:22:11,0.02147100,0.23000000
2018-02-26 20:22:11,0.02147200,0.01000000
2018-02-26 20:22:11,0.02147700,0.08000000
2018-02-26 20:22:12,0.02144500,0.09000000
2018-02-26 20:22:12,0.02147700,0.01000000
2018-02-26 20:22:12,0.02147800,0.13000000
2018-02-26 20:22:12,0.02143800,0.09000000
2018-02-26 20:22:12,0.02144700,0.08000000
2018-02-26 20:22:12,0.02144000,0.08000000
2018-02-26 20:22:12,0.02144000,0.01000000
2018-02-26 20:22:12,0.02144700,0.01000000
2018-02-26 20:22:12,0.02147100,0.08000000
2018-02-26 20:22:12,0.02142800,1.41000000
2018-02-26 20:22:12,0.02144500,0.09000000
2018-02-26 20:22:13,0.02147000,1.42000000
2018-02-26 20:22:15,0.02144700,0.09000000
2018-02-26 20:22:15,0.02144000,0.08000000
2018-02-26 20:22:15,0.02144000,0.01000000
2018-02-26 20:22:15,0.02144500,0.09000000
2018-02-26 20:22:15,0.02144700,0.09000000
2018-02-26 20:22:15,0.02147100,0.10000000
2018-02-26 20:22:15,0.02147200,0.08000000
2018-02-26 20:22:15,0.02147200,0.01000000
2018-02-26 20:22:15,0.02147700,0.18000000
2018-02-26 20:22:15,0.02147800,0.09000000
2018-02-26 20:22:15,0.02144700,0.09000000
2018-02-26 20:22:15,0.02147000,0.08000000
2018-02-26 20:22:15,0.02144000,0.09000000
2018-02-26 20:22:15,0.02143200,0.46000000
2018-02-26 20:22:15,0.02143100,0.01000000
2018-02-26 20:22:15,0.02144500,0.08000000
2018-02-26 20:22:15,0.02144500,0.01000000
2018-02-26 20:22:17,0.02145400,7.44000000
2018-02-26 20:22:17,0.02147000,0.01000000
2018-02-26 20:22:17,0.02147700,1.26000000
2018-02-26 20:22:17,0.02147800,0.04000000
2018-02-26 20:22:17,0.02147800,0.01000000
2018-02-26 20:22:17,0.02148000,0.17000000
2018-02-26 20:22:17,0.02149000,0.21000000
2018-02-26 20:22:17,0.02149100,0.09000000
2018-02-26 20:22:17,0.02149200,0.09000000
2018-02-26 20:22:17,0.02149400,0.09000000
2018-02-26 20:22:17,0.02149500,0.09000000
2018-02-26 20:22:17,0.02149600,0.36000000
2018-02-26 20:22:17,0.02149700,0.09000000
2018-02-26 20:22:17,0.02149800,0.09000000
2018-02-26 20:22:17,0.02149900,0.05000000
2018-02-26 20:22:17,0.02150000,4.79000000
2018-02-26 20:22:17,0.02150100,0.37000000
2018-02-26 20:22:18,0.02150000,0.09000000
2018-02-26 20:22:18,0.02150000,0.09000000
2018-02-26 20:22:18,0.02150000,0.09000000
2018-02-26 20:22:18,0.02150000,0.09000000
2018-02-26 20:22:18,0.02150000,0.09000000
2018-02-26 20:22:18,0.02150100,0.38000000
2018-02-26 20:22:18,0.02150100,0.09000000
2018-02-26 20:22:18,0.02150100,0.09000000
2018-02-26 20:22:18,0.02150100,0.09000000
2018-02-26 20:22:18,0.02150100,0.34000000
2018-02-26 20:22:18,0.02150000,0.05000000
2018-02-26 20:22:18,0.02145700,0.09000000
2018-02-26 20:22:19,0.02145800,0.30000000
2018-02-26 20:22:20,0.02148800,5.98000000
2018-02-26 20:22:22,0.02147700,0.08000000
2018-02-26 20:22:22,0.02145700,0.09000000
2018-02-26 20:22:23,0.02145800,0.08000000
2018-02-26 20:22:23,0.02145800,0.01000000
2018-02-26 20:22:23,0.02147700,0.01000000
2018-02-26 20:22:23,0.02147800,0.06000000
2018-02-26 20:22:23,0.02145700,0.09000000
2018-02-26 20:22:23,0.02145800,0.08000000
2018-02-26 20:22:23,0.02145700,0.09000000
2018-02-26 20:22:23,0.02145800,0.09000000
2018-02-26 20:22:23,0.02145700,0.08000000
2018-02-26 20:22:23,0.02145700,0.01000000
2018-02-26 20:22:23,0.02145800,0.10000000
2018-02-26 20:22:24,0.02147700,0.08000000
2018-02-26 20:22:24,0.02145700,0.09000000
2018-02-26 20:22:24,0.02145800,0.08000000
2018-02-26 20:22:24,0.02145700,0.09000000
2018-02-26 20:22:24,0.02145800,0.01000000
2018-02-26 20:22:24,0.02147700,0.08000000
2018-02-26 20:22:24,0.02145800,0.08000000
2018-02-26 20:22:24,0.02145700,0.09000000
2018-02-26 20:22:24,0.02145800,0.01000000
2018-02-26 20:22:24,0.02147700,0.41000000
2018-02-26 20:22:24,0.02147800,1.49000000
2018-02-26 20:22:24,0.02145800,0.08000000
2018-02-26 20:22:24,0.02145700,0.08000000
2018-02-26 20:22:25,0.02145700,0.01000000
2018-02-26 20:22:25,0.02145800,0.18000000
2018-02-26 20:22:25,0.02145500,1.33000000
2018-02-26 20:22:25,0.02145800,0.10000000
2018-02-26 20:22:25,0.02145700,0.09000000
2018-02-26 20:22:25,0.02145500,0.35000000
2018-02-26 20:22:25,0.02145800,0.09000000
2018-02-26 20:22:25,0.02145500,0.09000000
2018-02-26 20:22:25,0.02145800,0.09000000
2018-02-26 20:22:25,0.02145700,0.09000000
2018-02-26 20:22:26,0.02147700,0.08000000
2018-02-26 20:22:26,0.02145500,0.09000000
2018-02-26 20:22:26,0.02145800,0.09000000
2018-02-26 20:22:26,0.02147700,0.08000000
2018-02-26 20:22:26,0.02145500,0.09000000
2018-02-26 20:22:26,0.02145800,0.09000000
2018-02-26 20:22:26,0.02145700,0.09000000
2018-02-26 20:22:26,0.02145500,0.09000000
2018-02-26 20:22:26,0.02145800,0.09000000
2018-02-26 20:22:26,0.02147700,0.08000000
2018-02-26 20:22:26,0.02145500,0.09000000
2018-02-26 20:22:27,0.02145800,0.09000000
2018-02-26 20:22:27,0.02145700,0.09000000
2018-02-26 20:22:27,0.02145500,0.09000000
2018-02-26 20:22:27,0.02145800,0.09000000
2018-02-26 20:22:27,0.02147700,0.20000000
2018-02-26 20:22:27,0.02145500,0.09000000
2018-02-26 20:22:27,0.02145800,0.09000000
2018-02-26 20:22:27,0.02145700,0.08000000
2018-02-26 20:22:27,0.02145700,0.01000000
2018-02-26 20:22:28,0.02147700,1.87000000
2018-02-26 20:22:28,0.02147800,53.60000000
2018-02-26 20:22:28,0.02147800,0.17000000
2018-02-26 20:22:29,0.02147700,0.09000000
2018-02-26 20:22:29,0.02147700,0.09000000
2018-02-26 20:22:30,0.02147700,0.09000000
2018-02-26 20:22:30,0.02147700,0.09000000
2018-02-26 20:22:30,0.02147800,0.34000000
2018-02-26 20:22:30,0.02147700,0.09000000
2018-02-26 20:22:30,0.02147800,4.05000000
2018-02-26 20:22:30,0.02147700,0.09000000
2018-02-26 20:22:30,0.02147700,0.09000000
2018-02-26 20:22:30,0.02147700,0.09000000
2018-02-26 20:22:32,0.02147700,0.09000000
2018-02-26 20:22:33,0.02147800,0.63000000
2018-02-26 20:22:35,0.02147700,0.45000000
2018-02-26 20:22:35,0.02147700,0.09000000
2018-02-26 20:22:36,0.02147700,1.88000000
2018-02-26 20:22:36,0.02147700,0.16000000
2018-02-26 20:22:36,0.02147700,1.25000000
2018-02-26 20:22:37,0.02147700,7.57000000
2018-02-26 20:22:37,0.02147800,6.37000000
2018-02-26 20:22:37,0.02147800,0.09000000
2018-02-26 20:22:40,0.02147900,0.08000000
2018-02-26 20:22:40,0.02147800,0.20000000
2018-02-26 20:22:40,0.02147800,0.09000000
2018-02-26 20:22:42,0.02147800,1.52000000
2018-02-26 20:22:44,0.02147800,0.23000000
2018-02-26 20:22:44,0.02147900,7.95000000
2018-02-26 20:22:44,0.02147900,0.08000000
2018-02-26 20:22:45,0.02147800,2.77000000
2018-02-26 20:22:49,0.02147800,0.08000000
2018-02-26 20:22:49,0.02145500,0.11000000
2018-02-26 20:22:49,0.02145500,0.09000000
2018-02-26 20:22:49,0.02147800,0.08000000
2018-02-26 20:22:51,0.02147800,5.19000000
2018-02-26 20:22:51,0.02145600,0.12000000
2018-02-26 20:22:51,0.02145600,0.09000000
2018-02-26 20:22:51,0.02147700,0.20000000
2018-02-26 20:22:51,0.02145600,0.94000000
2018-02-26 20:22:52,0.02145600,0.09000000
2018-02-26 20:22:52,0.02147700,0.08000000
2018-02-26 20:22:53,0.02147700,0.10000000
2018-02-26 20:22:53,0.02147900,0.01000000
2018-02-26 20:22:53,0.02148000,0.09000000
2018-02-26 20:22:53,0.02148800,0.09000000
2018-02-26 20:22:53,0.02149000,0.09000000
2018-02-26 20:22:53,0.02149100,2.72000000
2018-02-26 20:22:53,0.02147600,0.27000000
2018-02-26 20:22:54,0.02147600,0.08000000
2018-02-26 20:22:54,0.02145700,0.22000000
2018-02-26 20:22:55,0.02145700,0.09000000
2018-02-26 20:22:56,0.02147600,0.01000000
2018-02-26 20:22:56,0.02147800,0.09000000
