DATE,PRICE,VOLUME
2018-03-01 07:00:14,0.01948000,2.52000000
2018-03-01 07:00:17,0.01948000,0.10000000
2018-03-01 07:00:19,0.01948000,0.10000000
2018-03-01 07:00:31,0.01947900,0.01000000
2018-03-01 07:00:40,0.01947900,0.57000000
2018-03-01 07:00:41,0.01947900,0.05000000
2018-03-01 07:00:48,0.01948000,1.16000000
2018-03-01 07:00:52,0.01948000,0.51000000
2018-03-01 07:00:52,0.01948000,0.51000000
2018-03-01 07:00:53,0.01948000,0.30000000
2018-03-01 07:00:53,0.01947900,3.01000000
2018-03-01 07:00:53,0.01947900,5.12000000
2018-03-01 07:00:53,0.01947900,0.92000000
2018-03-01 07:00:54,0.01947900,0.90000000
2018-03-01 07:00:55,0.01947900,1.34000000
2018-03-01 07:00:56,0.01948000,0.08000000
2018-03-01 07:00:57,0.01948600,0.42000000
2018-03-01 07:00:57,0.01948600,0.97000000
2018-03-01 07:00:57,0.01948600,0.11000000
2018-03-01 07:00:57,0.01948600,0.11000000
2018-03-01 07:00:58,0.01949100,0.35000000
2018-03-01 07:00:58,0.01949200,2.00000000
2018-03-01 07:00:58,0.01949300,13.45000000
2018-03-01 07:00:58,0.01949400,2.45000000
2018-03-01 07:00:58,0.01949600,0.67000000
2018-03-01 07:00:59,0.01949600,2.45000000
2018-03-01 07:00:59,0.01949600,0.11000000
2018-03-01 07:01:00,0.01949600,1.45000000
2018-03-01 07:01:01,0.01949600,1.07000000
2018-03-01 07:01:02,0.01948000,0.07000000
2018-03-01 07:01:03,0.01949200,0.20000000
2018-03-01 07:01:03,0.01949600,22.11000000
2018-03-01 07:01:03,0.01948000,0.01000000
2018-03-01 07:01:03,0.01947900,1.31000000
2018-03-01 07:01:03,0.01950000,4.49000000
2018-03-01 07:01:03,0.01947900,0.11000000
2018-03-01 07:01:06,0.01947900,0.19000000
2018-03-01 07:01:06,0.01947900,0.26000000
2018-03-01 07:01:07,0.01947900,3.24000000
2018-03-01 07:01:07,0.01947900,0.08000000
2018-03-01 07:01:08,0.01947900,1.35000000
2018-03-01 07:01:08,0.01947900,0.11000000
2018-03-01 07:01:08,0.01947900,0.51000000
2018-03-01 07:01:11,0.01949300,0.74000000
2018-03-01 07:01:11,0.01947900,0.11000000
2018-03-01 07:01:13,0.01947900,0.73000000
2018-03-01 07:01:13,0.01947900,0.11000000
2018-03-01 07:01:15,0.01947900,0.11000000
2018-03-01 07:01:15,0.01947900,0.69000000
2018-03-01 07:01:17,0.01947900,0.08000000
2018-03-01 07:01:19,0.01948000,0.06000000
2018-03-01 07:01:20,0.01948000,0.01000000
2018-03-01 07:01:20,0.01948000,1.46000000
2018-03-01 07:01:25,0.01948000,19.05000000
2018-03-01 07:01:29,0.01948000,3.74000000
2018-03-01 07:01:30,0.01947900,4.93000000
2018-03-01 07:01:30,0.01947900,0.27000000
2018-03-01 07:01:33,0.01948000,0.17000000
2018-03-01 07:01:39,0.01947900,23.44000000
2018-03-01 07:01:51,0.01947900,0.38000000
2018-03-01 07:01:52,0.01947900,0.01000000
2018-03-01 07:01:54,0.01947900,0.38000000
2018-03-01 07:01:57,0.01947900,2.61000000
2018-03-01 07:01:59,0.01947900,3.11000000
2018-03-01 07:02:01,0.01947900,1.54000000
2018-03-01 07:02:06,0.01947900,0.21000000
2018-03-01 07:02:08,0.01947900,0.28000000
2018-03-01 07:02:08,0.01948000,25.77000000
2018-03-01 07:02:10,0.01947900,0.31000000
2018-03-01 07:02:13,0.01947900,0.20000000
2018-03-01 07:02:13,0.01947900,1.02000000
2018-03-01 07:02:17,0.01948000,0.54000000
2018-03-01 07:02:18,0.01948000,0.11000000
2018-03-01 07:02:25,0.01947900,0.50000000
2018-03-01 07:02:27,0.01947900,0.29000000
2018-03-01 07:02:33,0.01947900,1.22000000
2018-03-01 07:02:45,0.01947900,1.54000000
2018-03-01 07:02:50,0.01947900,0.68000000
2018-03-01 07:02:51,0.01947900,2.05000000
2018-03-01 07:02:56,0.01947900,2.00000000
2018-03-01 07:02:56,0.01947900,1.10000000
2018-03-01 07:02:56,0.01948000,25.00000000
2018-03-01 07:02:56,0.01948000,6.76000000
2018-03-01 07:02:56,0.01949500,16.44000000
2018-03-01 07:02:58,0.01947900,1.23000000
2018-03-01 07:02:58,0.01947900,0.08000000
2018-03-01 07:03:00,0.01948000,0.51000000
2018-03-01 07:03:00,0.01949500,0.99000000
2018-03-01 07:03:03,0.01947900,2.34000000
2018-03-01 07:03:06,0.01947900,0.57000000
2018-03-01 07:03:10,0.01947900,0.31000000
2018-03-01 07:03:10,0.01947900,2.00000000
2018-03-01 07:03:10,0.01947900,1.02000000
2018-03-01 07:03:10,0.01947900,0.24000000
2018-03-01 07:03:16,0.01947900,0.59000000
2018-03-01 07:03:19,0.01947900,2.22000000
2018-03-01 07:03:19,0.01947900,2.22000000
2018-03-01 07:03:28,0.01947900,0.51000000
2018-03-01 07:03:31,0.01947900,0.07000000
2018-03-01 07:03:34,0.01947900,0.87000000
2018-03-01 07:03:38,0.01947900,0.61000000
2018-03-01 07:03:38,0.01947900,0.01000000
2018-03-01 07:03:39,0.01947900,0.31000000
2018-03-01 07:03:45,0.01947900,0.44000000
2018-03-01 07:03:50,0.01948000,0.88000000
2018-03-01 07:03:59,0.01948000,0.11000000
2018-03-01 07:04:04,0.01949000,0.51000000
2018-03-01 07:04:04,0.01948000,0.98000000
2018-03-01 07:04:09,0.01948000,1.15000000
2018-03-01 07:04:18,0.01948000,1.54000000
2018-03-01 07:04:26,0.01948000,0.58000000
2018-03-01 07:04:26,0.01948000,0.11000000
2018-03-01 07:04:26,0.01947900,4.92000000
2018-03-01 07:04:28,0.01948000,4.52000000
2018-03-01 07:04:28,0.01949000,8.51000000
2018-03-01 07:04:28,0.01949500,16.96000000
2018-03-01 07:04:29,0.01949500,0.45000000
2018-03-01 07:04:29,0.01949500,0.09000000
2018-03-01 07:04:30,0.01949500,0.90000000
2018-03-01 07:04:31,0.01949500,0.49000000
2018-03-01 07:04:32,0.01949500,1.62000000
2018-03-01 07:04:35,0.01949500,0.01000000
2018-03-01 07:04:35,0.01948000,1.04000000
2018-03-01 07:04:38,0.01949500,1.02000000
2018-03-01 07:04:38,0.01949500,0.28000000
2018-03-01 07:04:39,0.01949500,1.03000000
2018-03-01 07:04:39,0.01949500,2.02000000
2018-03-01 07:04:44,0.01948800,1.04000000
2018-03-01 07:04:44,0.01948900,0.73000000
2018-03-01 07:04:44,0.01950000,0.65000000
2018-03-01 07:04:48,0.01948000,2.48000000
2018-03-01 07:04:48,0.01948000,0.01000000
2018-03-01 07:04:49,0.01950000,0.50000000
2018-03-01 07:04:50,0.01948000,0.51000000
2018-03-01 07:04:55,0.01949500,0.26000000
2018-03-01 07:04:55,0.01949500,1.66000000
2018-03-01 07:04:56,0.01947900,2.05000000
2018-03-01 07:05:00,0.01948900,0.07000000
2018-03-01 07:05:02,0.01948900,0.55000000
2018-03-01 07:05:02,0.01948900,1.02000000
2018-03-01 07:05:03,0.01948900,0.94000000
2018-03-01 07:05:05,0.01948900,0.18000000
2018-03-01 07:05:10,0.01948900,0.20000000
2018-03-01 07:05:18,0.01948900,0.51000000
2018-03-01 07:05:19,0.01948900,3.99000000
2018-03-01 07:05:32,0.01948900,0.31000000
2018-03-01 07:05:38,0.01948900,0.51000000
2018-03-01 07:05:39,0.01948900,0.99000000
2018-03-01 07:05:45,0.01949000,0.35000000
2018-03-01 07:05:46,0.01949000,0.54000000
2018-03-01 07:05:46,0.01948900,1.50000000
2018-03-01 07:05:49,0.01948900,0.52000000
2018-03-01 07:05:52,0.01948900,0.43000000
2018-03-01 07:05:54,0.01948900,0.17000000
2018-03-01 07:05:54,0.01947900,0.17000000
2018-03-01 07:05:56,0.01948000,0.50000000
2018-03-01 07:05:58,0.01948000,0.96000000
2018-03-01 07:06:00,0.01948000,0.35000000
2018-03-01 07:06:00,0.01948000,0.19000000
2018-03-01 07:06:01,0.01947900,0.80000000
2018-03-01 07:06:02,0.01948000,0.11000000
2018-03-01 07:06:03,0.01947900,1.73000000
2018-03-01 07:06:03,0.01947900,0.80000000
2018-03-01 07:06:06,0.01948000,1.19000000
2018-03-01 07:06:06,0.01949900,3.00000000
2018-03-01 07:06:06,0.01950000,1.41000000
2018-03-01 07:06:06,0.01947900,0.34000000
2018-03-01 07:06:25,0.01947900,5.13000000
2018-03-01 07:06:32,0.01947900,5.00000000
2018-03-01 07:06:44,0.01947900,1.54000000
2018-03-01 07:07:05,0.01949700,0.84000000
2018-03-01 07:07:05,0.01949800,0.99000000
2018-03-01 07:07:05,0.01950000,13.55000000
2018-03-01 07:07:05,0.01947900,1.96000000
2018-03-01 07:07:11,0.01950000,0.56000000
2018-03-01 07:07:26,0.01948000,0.10000000
2018-03-01 07:07:26,0.01948000,0.21000000
2018-03-01 07:07:29,0.01948000,0.31000000
2018-03-01 07:07:30,0.01948000,0.10000000
2018-03-01 07:07:33,0.01948000,0.10000000
2018-03-01 07:07:35,0.01948000,0.10000000
2018-03-01 07:07:37,0.01948000,1.09000000
2018-03-01 07:07:41,0.01948000,0.48000000
2018-03-01 07:07:41,0.01948000,0.10000000
2018-03-01 07:07:45,0.01948000,0.73000000
2018-03-01 07:07:46,0.01947900,1.22000000
2018-03-01 07:07:46,0.01948000,0.72000000
2018-03-01 07:07:57,0.01948000,0.49000000
2018-03-01 07:07:58,0.01948000,7.01000000
2018-03-01 07:07:58,0.01947900,4.23000000
2018-03-01 07:07:58,0.01947900,1.54000000
2018-03-01 07:07:58,0.01947900,0.47000000
2018-03-01 07:08:01,0.01947900,0.06000000
2018-03-01 07:08:02,0.01949800,0.06000000
2018-03-01 07:08:04,0.01947900,0.10000000
2018-03-01 07:08:05,0.01947900,5.70000000
2018-03-01 07:08:08,0.01947900,1.02000000
2018-03-01 07:08:08,0.01947900,0.75000000
2018-03-01 07:08:08,0.01947900,0.20000000
2018-03-01 07:08:09,0.01947900,0.10000000
2018-03-01 07:08:13,0.01947900,0.31000000
2018-03-01 07:08:13,0.01947900,0.10000000
2018-03-01 07:08:14,0.01947900,1.86000000
2018-03-01 07:08:14,0.01947900,0.38000000
2018-03-01 07:08:15,0.01947900,0.38000000
2018-03-01 07:08:16,0.01947900,0.22000000
2018-03-01 07:08:16,0.01947900,0.16000000
2018-03-01 07:08:18,0.01947900,0.27000000
2018-03-01 07:08:18,0.01947900,0.10000000
2018-03-01 07:08:18,0.01947900,0.89000000
2018-03-01 07:08:18,0.01947900,0.20000000
2018-03-01 07:08:19,0.01947900,0.90000000
2018-03-01 07:08:20,0.01947900,11.20000000
2018-03-01 07:08:22,0.01947900,0.10000000
2018-03-01 07:08:22,0.01947900,10.26000000
2018-03-01 07:08:24,0.01947900,10.26000000
2018-03-01 07:08:26,0.01947900,0.51000000
2018-03-01 07:08:28,0.01947900,1.15000000
2018-03-01 07:08:31,0.01947900,1.58000000
2018-03-01 07:08:33,0.01947800,0.52000000
2018-03-01 07:08:38,0.01949500,0.16000000
2018-03-01 07:08:41,0.01948800,0.06000000
2018-03-01 07:08:42,0.01947800,10.26000000
2018-03-01 07:08:42,0.01947900,0.44000000
2018-03-01 07:08:45,0.01947900,0.20000000
2018-03-01 07:08:46,0.01949400,0.01000000
2018-03-01 07:08:50,0.01947900,2.00000000
2018-03-01 07:08:54,0.01948800,0.51000000
2018-03-01 07:08:55,0.01948700,0.51000000
2018-03-01 07:08:56,0.01948700,0.14000000
2018-03-01 07:08:57,0.01948800,1.36000000
2018-03-01 07:09:02,0.01949200,1.47000000
2018-03-01 07:09:02,0.01949300,0.06000000
2018-03-01 07:09:04,0.01948800,0.68000000
2018-03-01 07:09:14,0.01948800,1.51000000
2018-03-01 07:09:18,0.01948700,0.14000000
2018-03-01 07:09:18,0.01948700,0.47000000
2018-03-01 07:09:20,0.01948700,0.01000000
2018-03-01 07:09:20,0.01949200,0.44000000
2018-03-01 07:09:20,0.01949500,0.34000000
2018-03-01 07:09:22,0.01948800,0.50000000
2018-03-01 07:09:31,0.01948800,0.51000000
2018-03-01 07:09:40,0.01948700,0.29000000
2018-03-01 07:09:43,0.01948700,0.11000000
2018-03-01 07:09:44,0.01948800,0.11000000
2018-03-01 07:09:45,0.01948700,0.08000000
2018-03-01 07:09:45,0.01947900,2.92000000
2018-03-01 07:09:45,0.01948800,0.08000000
2018-03-01 07:09:46,0.01948800,2.40000000
2018-03-01 07:09:53,0.01948800,0.08000000
2018-03-01 07:09:54,0.01948800,0.08000000
2018-03-01 07:10:01,0.01948800,0.51000000
2018-03-01 07:10:02,0.01948800,2.91000000
2018-03-01 07:10:28,0.01948800,0.01000000
2018-03-01 07:10:28,0.01948900,0.15000000
2018-03-01 07:10:28,0.01949500,15.18000000
2018-03-01 07:10:28,0.01949800,0.42000000
2018-03-01 07:10:28,0.01950000,0.09000000
2018-03-01 07:10:29,0.01948000,0.42000000
2018-03-01 07:10:42,0.01947900,0.08000000
2018-03-01 07:10:42,0.01949900,1.27000000
2018-03-01 07:10:43,0.01947900,2.00000000
2018-03-01 07:10:43,0.01947900,2.16000000
2018-03-01 07:10:49,0.01947900,1.58000000
2018-03-01 07:10:51,0.01948000,3.90000000
2018-03-01 07:10:57,0.01948000,0.52000000
2018-03-01 07:11:23,0.01948700,4.85000000
2018-03-01 07:11:27,0.01947900,3.12000000
2018-03-01 07:11:31,0.01948000,0.17000000
2018-03-01 07:11:33,0.01948000,5.13000000
2018-03-01 07:11:34,0.01947900,0.01000000
2018-03-01 07:11:34,0.01947800,3.92000000
2018-03-01 07:11:35,0.01947800,0.29000000
2018-03-01 07:11:38,0.01947900,0.14000000
2018-03-01 07:11:40,0.01948000,5.34000000
2018-03-01 07:11:41,0.01948000,0.06000000
2018-03-01 07:11:42,0.01948000,5.26000000
2018-03-01 07:11:43,0.01948000,1.73000000
2018-03-01 07:11:47,0.01947900,0.58000000
2018-03-01 07:11:47,0.01947900,0.36000000
2018-03-01 07:11:48,0.01947900,1.78000000
2018-03-01 07:11:49,0.01947900,0.25000000
2018-03-01 07:11:50,0.01947900,0.26000000
2018-03-01 07:11:51,0.01948000,0.28000000
2018-03-01 07:11:53,0.01948000,4.19000000
2018-03-01 07:11:56,0.01947800,7.05000000
2018-03-01 07:11:57,0.01948000,3.09000000
2018-03-01 07:12:14,0.01948100,1.06000000
2018-03-01 07:12:20,0.01947800,2.32000000
2018-03-01 07:12:25,0.01947800,0.42000000
2018-03-01 07:12:36,0.01947800,2.92000000
2018-03-01 07:12:37,0.01947800,0.98000000
2018-03-01 07:12:37,0.01947800,0.11000000
2018-03-01 07:12:39,0.01948200,1.14000000
2018-03-01 07:12:41,0.01947800,1.01000000
2018-03-01 07:12:59,0.01947800,1.49000000
2018-03-01 07:13:03,0.01947800,0.76000000
2018-03-01 07:13:03,0.01947800,20.30000000
2018-03-01 07:13:05,0.01947800,2.00000000
2018-03-01 07:13:06,0.01947800,0.39000000
2018-03-01 07:13:07,0.01947800,1.20000000
2018-03-01 07:13:08,0.01947800,0.20000000
2018-03-01 07:13:11,0.01947900,1.00000000
2018-03-01 07:13:11,0.01947800,0.50000000
2018-03-01 07:13:14,0.01947800,0.20000000
2018-03-01 07:13:16,0.01947800,0.11000000
2018-03-01 07:13:16,0.01947800,2.53000000
2018-03-01 07:13:18,0.01947800,0.10000000
2018-03-01 07:13:26,0.01947800,3.56000000
2018-03-01 07:13:26,0.01947800,0.51000000
2018-03-01 07:13:26,0.01947800,0.49000000
2018-03-01 07:13:29,0.01947900,1.00000000
2018-03-01 07:13:31,0.01947800,0.04000000
2018-03-01 07:13:32,0.01947800,0.11000000
2018-03-01 07:13:32,0.01947800,0.24000000
2018-03-01 07:13:38,0.01947800,6.97000000
2018-03-01 07:13:42,0.01947800,0.11000000
2018-03-01 07:13:43,0.01947800,0.11000000
2018-03-01 07:13:43,0.01947800,9.00000000
2018-03-01 07:13:43,0.01947800,0.94000000
2018-03-01 07:13:48,0.01947900,1.53000000
2018-03-01 07:13:48,0.01948000,1.38000000
2018-03-01 07:13:49,0.01947800,27.81000000
2018-03-01 07:13:49,0.01947800,0.11000000
2018-03-01 07:13:51,0.01947800,0.11000000
2018-03-01 07:14:09,0.01947800,0.30000000
2018-03-01 07:14:10,0.01947800,0.29000000
2018-03-01 07:14:12,0.01947800,0.14000000
2018-03-01 07:14:12,0.01947800,0.36000000
2018-03-01 07:14:12,0.01947800,4.66000000
2018-03-01 07:14:14,0.01947800,1.04000000
2018-03-01 07:14:16,0.01947800,0.11000000
2018-03-01 07:14:19,0.01947800,0.12000000
2018-03-01 07:14:24,0.01947800,0.11000000
2018-03-01 07:14:29,0.01947800,1.10000000
2018-03-01 07:14:29,0.01947800,0.11000000
2018-03-01 07:14:30,0.01947800,24.00000000
2018-03-01 07:14:31,0.01947800,0.07000000
2018-03-01 07:14:32,0.01947900,1.35000000
2018-03-01 07:14:33,0.01947900,0.59000000
2018-03-01 07:14:33,0.01947900,0.15000000
2018-03-01 07:14:34,0.01947900,0.11000000
2018-03-01 07:14:36,0.01947900,0.05000000
2018-03-01 07:14:36,0.01947900,0.01000000
2018-03-01 07:14:36,0.01947800,0.24000000
2018-03-01 07:14:36,0.01947800,0.11000000
2018-03-01 07:14:36,0.01947800,1.04000000
2018-03-01 07:14:38,0.01947800,5.99000000
2018-03-01 07:14:38,0.01947800,0.08000000
2018-03-01 07:14:38,0.01947800,1.76000000
2018-03-01 07:14:39,0.01947800,0.12000000
2018-03-01 07:14:40,0.01947800,0.52000000
2018-03-01 07:14:40,0.01947800,0.86000000
2018-03-01 07:14:43,0.01947800,0.40000000
2018-03-01 07:14:44,0.01947800,0.11000000
2018-03-01 07:14:44,0.01948000,0.65000000
2018-03-01 07:14:48,0.01947900,1.28000000
2018-03-01 07:14:48,0.01947900,0.11000000
2018-03-01 07:14:50,0.01947900,0.14000000
2018-03-01 07:14:51,0.01948000,0.06000000
2018-03-01 07:14:53,0.01948000,0.16000000
2018-03-01 07:14:54,0.01947900,0.34000000
2018-03-01 07:14:54,0.01947900,0.11000000
2018-03-01 07:14:56,0.01948000,0.28000000
2018-03-01 07:14:58,0.01947900,0.10000000
2018-03-01 07:14:58,0.01947900,2.23000000
2018-03-01 07:14:58,0.01947900,0.01000000
2018-03-01 07:14:58,0.01947800,8.26000000
2018-03-01 07:14:58,0.01947800,4.69000000
2018-03-01 07:14:58,0.01948000,0.11000000
2018-03-01 07:14:58,0.01947800,1.74000000
2018-03-01 07:14:59,0.01947800,0.50000000
2018-03-01 07:14:59,0.01948000,1.99000000
2018-03-01 07:15:02,0.01947800,0.11000000
2018-03-01 07:15:05,0.01947800,7.00000000
2018-03-01 07:15:05,0.01947800,0.11000000
2018-03-01 07:15:08,0.01947800,0.08000000
2018-03-01 07:15:08,0.01947800,0.25000000
2018-03-01 07:15:11,0.01947800,0.11000000
2018-03-01 07:15:15,0.01947800,0.11000000
2018-03-01 07:15:19,0.01947800,0.11000000
2018-03-01 07:15:20,0.01947800,0.51000000
2018-03-01 07:15:23,0.01947800,7.79000000
2018-03-01 07:15:26,0.01947800,0.11000000
2018-03-01 07:15:27,0.01947800,0.22000000
2018-03-01 07:15:29,0.01947800,0.23000000
2018-03-01 07:15:31,0.01947800,0.11000000
2018-03-01 07:15:34,0.01947800,2.00000000
2018-03-01 07:15:36,0.01947800,0.90000000
2018-03-01 07:15:36,0.01947800,0.11000000
2018-03-01 07:15:40,0.01948400,1.48000000
2018-03-01 07:15:40,0.01947900,0.11000000
2018-03-01 07:15:43,0.01948400,0.02000000
2018-03-01 07:15:44,0.01947900,0.12000000
2018-03-01 07:15:44,0.01947900,0.52000000
2018-03-01 07:15:45,0.01947800,3.89000000
2018-03-01 07:15:46,0.01947800,7.90000000
2018-03-01 07:15:46,0.01947800,0.51000000
2018-03-01 07:15:47,0.01947800,0.51000000
2018-03-01 07:15:48,0.01947800,0.11000000
2018-03-01 07:15:49,0.01947800,4.74000000
2018-03-01 07:15:51,0.01947800,0.11000000
2018-03-01 07:15:53,0.01947800,3.81000000
2018-03-01 07:16:01,0.01947800,0.01000000
2018-03-01 07:16:01,0.01947000,5.59000000
2018-03-01 07:16:02,0.01947000,0.11000000
2018-03-01 07:16:02,0.01947000,0.06000000
2018-03-01 07:16:05,0.01947000,0.11000000
2018-03-01 07:16:07,0.01947000,1.75000000
2018-03-01 07:16:08,0.01947000,0.17000000
2018-03-01 07:16:08,0.01947000,14.43000000
2018-03-01 07:16:10,0.01947000,4.49000000
2018-03-01 07:16:12,0.01947000,18.73000000
2018-03-01 07:16:13,0.01947000,0.11000000
2018-03-01 07:16:14,0.01947000,13.13000000
2018-03-01 07:16:14,0.01947000,4.93000000
2018-03-01 07:16:14,0.01947000,3.87000000
2018-03-01 07:16:14,0.01946400,0.30000000
2018-03-01 07:16:14,0.01946000,3.12000000
2018-03-01 07:16:14,0.01945700,2.26000000
2018-03-01 07:16:14,0.01945300,5.13000000
2018-03-01 07:16:14,0.01945100,4.44000000
2018-03-01 07:16:14,0.01945000,1.08000000
2018-03-01 07:16:14,0.01945000,0.13000000
2018-03-01 07:16:14,0.01945000,0.51000000
2018-03-01 07:16:18,0.01945000,0.11000000
2018-03-01 07:16:19,0.01945000,4.95000000
2018-03-01 07:16:23,0.01946800,0.19000000
2018-03-01 07:16:29,0.01946800,0.50000000
2018-03-01 07:16:41,0.01946800,3.77000000
2018-03-01 07:16:45,0.01945900,0.05000000
2018-03-01 07:16:56,0.01945900,0.01000000
2018-03-01 07:16:56,0.01945000,0.05000000
2018-03-01 07:17:00,0.01945900,0.53000000
2018-03-01 07:17:05,0.01945900,0.51000000
2018-03-01 07:17:13,0.01945900,2.16000000
2018-03-01 07:17:22,0.01945000,0.09000000
2018-03-01 07:17:24,0.01946700,0.47000000
2018-03-01 07:17:28,0.01945000,0.64000000
2018-03-01 07:17:33,0.01947000,6.21000000
2018-03-01 07:17:33,0.01947600,4.43000000
2018-03-01 07:17:33,0.01947700,8.75000000
2018-03-01 07:17:33,0.01947800,7.47000000
2018-03-01 07:17:35,0.01945100,0.51000000
2018-03-01 07:17:35,0.01946000,0.11000000
2018-03-01 07:17:40,0.01946000,1.02000000
2018-03-01 07:17:44,0.01945100,0.25000000
2018-03-01 07:17:45,0.01945100,0.16000000
2018-03-01 07:18:01,0.01946000,7.01000000
2018-03-01 07:18:02,0.01945900,0.08000000
2018-03-01 07:18:04,0.01945700,0.41000000
2018-03-01 07:18:04,0.01945700,2.57000000
2018-03-01 07:18:04,0.01945600,0.06000000
2018-03-01 07:18:04,0.01945500,0.25000000
2018-03-01 07:18:04,0.01945700,0.53000000
2018-03-01 07:18:05,0.01945500,0.77000000
2018-03-01 07:18:15,0.01945100,0.23000000
2018-03-01 07:18:15,0.01945100,0.79000000
2018-03-01 07:18:15,0.01945000,5.13000000
2018-03-01 07:18:15,0.01945000,0.19000000
2018-03-01 07:18:16,0.01944900,0.91000000
2018-03-01 07:18:20,0.01946000,0.11000000
2018-03-01 07:18:24,0.01946000,0.11000000
2018-03-01 07:18:28,0.01946000,0.11000000
2018-03-01 07:18:28,0.01945100,0.24000000
2018-03-01 07:18:32,0.01945000,0.31000000
2018-03-01 07:18:38,0.01945100,0.22000000
2018-03-01 07:18:38,0.01945000,0.09000000
2018-03-01 07:18:43,0.01945000,0.31000000
2018-03-01 07:18:49,0.01946000,1.80000000
2018-03-01 07:18:55,0.01946000,0.11000000
2018-03-01 07:18:55,0.01946000,2.56000000
2018-03-01 07:18:57,0.01945000,1.00000000
2018-03-01 07:19:03,0.01945900,0.50000000
2018-03-01 07:19:05,0.01946000,18.96000000
2018-03-01 07:19:05,0.01946000,0.84000000
2018-03-01 07:19:06,0.01946000,0.01000000
2018-03-01 07:19:06,0.01947900,0.40000000
2018-03-01 07:19:08,0.01947800,0.15000000
2018-03-01 07:19:12,0.01947600,0.32000000
2018-03-01 07:19:12,0.01947700,0.80000000
2018-03-01 07:19:16,0.01945000,2.20000000
2018-03-01 07:19:25,0.01947800,0.51000000
2018-03-01 07:19:30,0.01945100,3.46000000
2018-03-01 07:19:32,0.01945100,2.04000000
2018-03-01 07:19:34,0.01945200,0.11000000
2018-03-01 07:19:38,0.01945200,5.25000000
2018-03-01 07:19:39,0.01945200,0.76000000
2018-03-01 07:19:39,0.01945100,2.27000000
2018-03-01 07:19:39,0.01945100,0.51000000
2018-03-01 07:19:40,0.01945200,0.61000000
2018-03-01 07:20:03,0.01947400,0.10000000
2018-03-01 07:20:14,0.01946000,1.29000000
2018-03-01 07:20:19,0.01946200,0.18000000
2018-03-01 07:20:20,0.01947300,0.25000000
2018-03-01 07:20:20,0.01947400,0.40000000
2018-03-01 07:20:23,0.01947500,0.82000000
2018-03-01 07:20:25,0.01947500,0.01000000
2018-03-01 07:20:25,0.01947900,1.13000000
2018-03-01 07:20:27,0.01946300,0.79000000
2018-03-01 07:20:27,0.01946200,0.50000000
2018-03-01 07:20:27,0.01948500,0.39000000
2018-03-01 07:20:28,0.01948500,0.54000000
2018-03-01 07:20:28,0.01948500,0.07000000
2018-03-01 07:20:28,0.01949800,0.01000000
2018-03-01 07:20:29,0.01949800,4.41000000
2018-03-01 07:20:29,0.01947000,2.40000000
2018-03-01 07:20:29,0.01946300,4.40000000
2018-03-01 07:20:29,0.01949900,3.00000000
2018-03-01 07:20:29,0.01950000,0.30000000
2018-03-01 07:20:48,0.01947000,0.15000000
2018-03-01 07:20:48,0.01947000,0.54000000
2018-03-01 07:20:48,0.01947000,1.56000000
2018-03-01 07:20:49,0.01947000,2.99000000
2018-03-01 07:20:49,0.01947000,4.42000000
2018-03-01 07:20:49,0.01947000,16.85000000
2018-03-01 07:20:51,0.01947000,0.17000000
2018-03-01 07:20:54,0.01947000,1.00000000
2018-03-01 07:20:58,0.01947000,0.11000000
2018-03-01 07:21:02,0.01947000,7.08000000
2018-03-01 07:21:04,0.01946700,0.40000000
2018-03-01 07:21:04,0.01946500,0.61000000
2018-03-01 07:21:07,0.01946500,0.51000000
2018-03-01 07:21:08,0.01946500,0.36000000
2018-03-01 07:21:08,0.01947000,0.10000000
2018-03-01 07:21:12,0.01946500,0.47000000
2018-03-01 07:21:14,0.01946500,0.51000000
2018-03-01 07:21:19,0.01946900,1.50000000
2018-03-01 07:21:20,0.01946900,7.25000000
2018-03-01 07:21:20,0.01947000,4.06000000
2018-03-01 07:21:22,0.01947000,0.17000000
2018-03-01 07:21:35,0.01946900,0.38000000
2018-03-01 07:21:37,0.01946800,0.15000000
2018-03-01 07:21:39,0.01946900,3.71000000
2018-03-01 07:21:39,0.01947000,2.85000000
2018-03-01 07:21:40,0.01947000,0.21000000
2018-03-01 07:21:41,0.01949700,0.56000000
2018-03-01 07:21:42,0.01947000,1.83000000
2018-03-01 07:21:47,0.01947400,0.56000000
2018-03-01 07:21:48,0.01947200,1.78000000
2018-03-01 07:21:48,0.01947400,0.56000000
2018-03-01 07:21:51,0.01947200,1.54000000
2018-03-01 07:21:52,0.01947200,1.17000000
2018-03-01 07:21:53,0.01947200,0.49000000
2018-03-01 07:21:53,0.01947000,3.65000000
2018-03-01 07:21:57,0.01947000,1.02000000
2018-03-01 07:22:00,0.01947000,1.73000000
2018-03-01 07:22:01,0.01947000,0.62000000
2018-03-01 07:22:08,0.01949300,1.14000000
2018-03-01 07:22:08,0.01949400,0.36000000
2018-03-01 07:22:12,0.01947000,1.09000000
2018-03-01 07:22:26,0.01948000,4.28000000
2018-03-01 07:22:26,0.01948000,25.03000000
2018-03-01 07:22:27,0.01948000,0.68000000
2018-03-01 07:22:27,0.01948000,2.19000000
2018-03-01 07:22:30,0.01946600,0.84000000
2018-03-01 07:22:30,0.01946600,1.35000000
2018-03-01 07:22:30,0.01946500,10.14000000
2018-03-01 07:22:31,0.01947000,1.66000000
2018-03-01 07:22:32,0.01949400,2.64000000
2018-03-01 07:22:32,0.01949600,1.56000000
2018-03-01 07:22:32,0.01949600,1.50000000
2018-03-01 07:22:38,0.01946600,1.64000000
2018-03-01 07:22:47,0.01946600,0.24000000
2018-03-01 07:22:58,0.01946600,1.22000000
2018-03-01 07:22:58,0.01946500,14.53000000
2018-03-01 07:23:03,0.01946500,1.00000000
2018-03-01 07:23:12,0.01949200,1.88000000
2018-03-01 07:23:12,0.01949300,1.12000000
2018-03-01 07:23:12,0.01949600,0.11000000
2018-03-01 07:23:13,0.01946500,0.12000000
2018-03-01 07:23:13,0.01946500,13.52000000
2018-03-01 07:23:16,0.01946600,0.23000000
2018-03-01 07:23:16,0.01946600,2.05000000
2018-03-01 07:23:18,0.01946600,1.36000000
2018-03-01 07:23:20,0.01946600,0.49000000
2018-03-01 07:23:21,0.01946500,1.11000000
2018-03-01 07:23:23,0.01946500,1.11000000
2018-03-01 07:23:23,0.01946500,9.91000000
2018-03-01 07:23:24,0.01946500,2.33000000
2018-03-01 07:23:25,0.01946500,0.40000000
2018-03-01 07:23:26,0.01946500,2.06000000
2018-03-01 07:23:26,0.01946500,3.38000000
2018-03-01 07:23:26,0.01946500,3.37000000
2018-03-01 07:23:28,0.01946500,0.40000000
2018-03-01 07:23:30,0.01946500,2.06000000
2018-03-01 07:23:32,0.01946500,1.78000000
2018-03-01 07:23:37,0.01946500,2.50000000
2018-03-01 07:23:37,0.01946500,0.47000000
2018-03-01 07:23:37,0.01946500,0.13000000
2018-03-01 07:23:41,0.01946500,0.51000000
2018-03-01 07:23:41,0.01946500,4.03000000
2018-03-01 07:23:43,0.01946500,0.11000000
2018-03-01 07:23:44,0.01946500,0.25000000
2018-03-01 07:23:47,0.01946500,0.11000000
2018-03-01 07:23:48,0.01946500,0.71000000
2018-03-01 07:23:48,0.01946500,0.24000000
2018-03-01 07:23:49,0.01946500,5.25000000
2018-03-01 07:23:50,0.01946500,3.69000000
2018-03-01 07:23:51,0.01946500,0.38000000
2018-03-01 07:23:51,0.01946500,0.36000000
2018-03-01 07:23:51,0.01946500,0.17000000
2018-03-01 07:23:55,0.01946500,12.90000000
2018-03-01 07:23:56,0.01946300,8.80000000
2018-03-01 07:23:56,0.01948700,3.59000000
2018-03-01 07:23:56,0.01946000,4.42000000
2018-03-01 07:23:59,0.01948600,0.04000000
2018-03-01 07:24:01,0.01946000,0.01000000
2018-03-01 07:24:01,0.01945300,0.05000000
2018-03-01 07:24:05,0.01945300,0.90000000
2018-03-01 07:24:06,0.01945400,0.11000000
2018-03-01 07:24:07,0.01945400,1.28000000
2018-03-01 07:24:10,0.01945200,0.32000000
2018-03-01 07:24:11,0.01945200,1.69000000
2018-03-01 07:24:13,0.01945300,0.05000000
2018-03-01 07:24:21,0.01945300,0.41000000
2018-03-01 07:24:23,0.01947100,0.25000000
2018-03-01 07:24:31,0.01946500,1.39000000
2018-03-01 07:24:32,0.01945300,5.40000000
2018-03-01 07:24:34,0.01946600,0.57000000
2018-03-01 07:24:38,0.01945300,1.77000000
2018-03-01 07:24:41,0.01946700,1.96000000
2018-03-01 07:24:41,0.01945300,0.02000000
2018-03-01 07:24:55,0.01945300,10.46000000
2018-03-01 07:24:55,0.01945200,0.01000000
2018-03-01 07:24:55,0.01945200,17.42000000
2018-03-01 07:24:56,0.01945200,0.11000000
2018-03-01 07:24:58,0.01945200,7.69000000
2018-03-01 07:24:59,0.01945200,0.12000000
2018-03-01 07:25:03,0.01945200,0.11000000
2018-03-01 07:25:04,0.01945200,0.38000000
2018-03-01 07:25:05,0.01945200,0.49000000
2018-03-01 07:25:07,0.01945200,0.11000000
2018-03-01 07:25:09,0.01945200,0.51000000
2018-03-01 07:25:09,0.01946400,0.55000000
2018-03-01 07:25:09,0.01946500,0.02000000
2018-03-01 07:25:10,0.01945200,0.51000000
2018-03-01 07:25:11,0.01945200,0.11000000
2018-03-01 07:25:12,0.01945200,0.81000000
2018-03-01 07:25:24,0.01945200,0.01000000
2018-03-01 07:25:24,0.01945000,0.22000000
2018-03-01 07:25:24,0.01944900,1.59000000
2018-03-01 07:25:24,0.01943000,8.27000000
2018-03-01 07:25:25,0.01946400,1.44000000
2018-03-01 07:25:25,0.01946500,0.19000000
2018-03-01 07:25:25,0.01948300,1.19000000
2018-03-01 07:25:25,0.01948400,4.28000000
2018-03-01 07:25:25,0.01949000,2.05000000
2018-03-01 07:25:25,0.01949100,10.86000000
2018-03-01 07:25:36,0.01946200,0.51000000
2018-03-01 07:25:37,0.01946200,0.14000000
2018-03-01 07:25:37,0.01946300,0.37000000
2018-03-01 07:25:44,0.01943000,0.12000000
2018-03-01 07:25:58,0.01946200,0.10000000
2018-03-01 07:25:58,0.01946200,0.23000000
2018-03-01 07:26:02,0.01943000,6.39000000
2018-03-01 07:26:02,0.01942400,0.30000000
2018-03-01 07:26:06,0.01942500,0.64000000
2018-03-01 07:26:08,0.01942500,0.23000000
2018-03-01 07:26:13,0.01942500,0.13000000
2018-03-01 07:26:13,0.01942400,1.75000000
2018-03-01 07:26:13,0.01942200,0.27000000
2018-03-01 07:26:13,0.01942000,0.28000000
2018-03-01 07:26:13,0.01941900,7.57000000
2018-03-01 07:26:26,0.01944900,0.56000000
2018-03-01 07:26:26,0.01944900,0.44000000
2018-03-01 07:26:27,0.01942000,2.36000000
2018-03-01 07:26:31,0.01942000,1.00000000
2018-03-01 07:26:33,0.01945200,0.10000000
2018-03-01 07:26:33,0.01945500,0.41000000
2018-03-01 07:26:35,0.01942000,0.36000000
2018-03-01 07:26:48,0.01942000,4.78000000
2018-03-01 07:26:48,0.01941900,0.49000000
2018-03-01 07:26:48,0.01941800,1.68000000
2018-03-01 07:26:56,0.01945200,0.10000000
2018-03-01 07:27:01,0.01945200,0.46000000
2018-03-01 07:27:01,0.01945400,0.05000000
2018-03-01 07:27:07,0.01942000,0.41000000
2018-03-01 07:27:07,0.01941800,17.63000000
2018-03-01 07:27:07,0.01941000,1.53000000
2018-03-01 07:27:07,0.01940900,3.75000000
2018-03-01 07:27:10,0.01945100,0.16000000
2018-03-01 07:27:11,0.01945100,0.15000000
2018-03-01 07:27:12,0.01945100,1.73000000
2018-03-01 07:27:12,0.01945100,0.01000000
2018-03-01 07:27:12,0.01945200,0.12000000
2018-03-01 07:27:17,0.01945100,0.06000000
2018-03-01 07:27:18,0.01945100,3.39000000
2018-03-01 07:27:18,0.01945100,0.34000000
2018-03-01 07:27:21,0.01945100,0.63000000
2018-03-01 07:27:21,0.01945200,2.42000000
2018-03-01 07:27:29,0.01945200,0.51000000
2018-03-01 07:27:36,0.01943300,0.06000000
2018-03-01 07:27:36,0.01942100,1.65000000
2018-03-01 07:27:36,0.01945200,0.51000000
2018-03-01 07:27:40,0.01942100,1.54000000
2018-03-01 07:27:41,0.01945200,0.51000000
2018-03-01 07:27:47,0.01943400,0.47000000
2018-03-01 07:27:49,0.01943400,2.67000000
2018-03-01 07:27:49,0.01942100,1.23000000
2018-03-01 07:27:49,0.01941300,2.06000000
2018-03-01 07:27:49,0.01941000,1.45000000
2018-03-01 07:27:49,0.01940900,1.33000000
2018-03-01 07:27:49,0.01940700,0.51000000
2018-03-01 07:27:49,0.01940600,10.13000000
2018-03-01 07:27:49,0.01940500,0.48000000
2018-03-01 07:27:49,0.01940200,3.42000000
2018-03-01 07:27:49,0.01944900,0.29000000
2018-03-01 07:27:50,0.01943900,1.00000000
2018-03-01 07:27:52,0.01943900,0.41000000
2018-03-01 07:27:53,0.01943900,0.04000000
2018-03-01 07:27:53,0.01944200,0.33000000
2018-03-01 07:27:54,0.01944200,0.37000000
2018-03-01 07:27:55,0.01944200,0.07000000
2018-03-01 07:27:55,0.01944200,0.31000000
2018-03-01 07:27:56,0.01943900,1.00000000
2018-03-01 07:27:56,0.01943900,0.28000000
2018-03-01 07:27:58,0.01943800,0.34000000
2018-03-01 07:27:59,0.01943800,0.24000000
2018-03-01 07:28:00,0.01943800,0.28000000
2018-03-01 07:28:00,0.01943800,0.21000000
2018-03-01 07:28:00,0.01943800,0.48000000
2018-03-01 07:28:00,0.01943900,0.21000000
2018-03-01 07:28:00,0.01943900,0.28000000
2018-03-01 07:28:00,0.01943900,0.12000000
2018-03-01 07:28:01,0.01943900,0.28000000
2018-03-01 07:28:01,0.01943900,1.55000000
2018-03-01 07:28:01,0.01944300,0.28000000
2018-03-01 07:28:01,0.01945100,1.78000000
2018-03-01 07:28:01,0.01945200,4.19000000
2018-03-01 07:28:05,0.01943900,0.29000000
2018-03-01 07:28:05,0.01943800,0.75000000
2018-03-01 07:28:05,0.01942000,0.43000000
2018-03-01 07:28:07,0.01945000,0.41000000
2018-03-01 07:28:07,0.01945000,0.15000000
2018-03-01 07:28:10,0.01943900,0.20000000
2018-03-01 07:28:12,0.01941300,0.56000000
2018-03-01 07:28:12,0.01941200,1.37000000
2018-03-01 07:28:12,0.01941100,1.45000000
2018-03-01 07:28:13,0.01943900,0.13000000
2018-03-01 07:28:15,0.01943900,0.12000000
2018-03-01 07:28:15,0.01940800,0.25000000
2018-03-01 07:28:15,0.01940200,0.19000000
2018-03-01 07:28:17,0.01943800,1.60000000
2018-03-01 07:28:17,0.01943900,0.03000000
2018-03-01 07:28:17,0.01944900,0.08000000
2018-03-01 07:28:18,0.01944900,0.11000000
2018-03-01 07:28:39,0.01943900,1.72000000
2018-03-01 07:28:43,0.01943900,0.76000000
2018-03-01 07:28:44,0.01944900,1.26000000
2018-03-01 07:28:45,0.01945000,1.36000000
2018-03-01 07:28:46,0.01945200,2.04000000
2018-03-01 07:28:48,0.01943900,0.22000000
2018-03-01 07:28:48,0.01943900,4.31000000
2018-03-01 07:28:48,0.01943900,2.99000000
2018-03-01 07:28:48,0.01943800,1.34000000
2018-03-01 07:28:49,0.01943800,0.22000000
2018-03-01 07:28:49,0.01943800,0.44000000
2018-03-01 07:28:49,0.01943900,0.11000000
2018-03-01 07:28:53,0.01944900,0.17000000
2018-03-01 07:29:07,0.01944900,1.37000000
2018-03-01 07:29:11,0.01944900,0.10000000
2018-03-01 07:29:20,0.01944900,0.10000000
2018-03-01 07:29:27,0.01944900,0.43000000
2018-03-01 07:29:28,0.01944200,1.00000000
2018-03-01 07:29:28,0.01945000,4.00000000
2018-03-01 07:29:28,0.01945000,0.51000000
2018-03-01 07:29:34,0.01945000,0.48000000
2018-03-01 07:29:37,0.01945000,0.11000000
2018-03-01 07:29:38,0.01945000,0.11000000
2018-03-01 07:29:41,0.01945000,0.60000000
2018-03-01 07:29:41,0.01945200,0.01000000
2018-03-01 07:29:41,0.01945400,0.39000000
2018-03-01 07:29:42,0.01945400,0.11000000
2018-03-01 07:29:42,0.01945400,0.07000000
2018-03-01 07:29:45,0.01945400,0.51000000
2018-03-01 07:29:50,0.01945300,2.43000000
2018-03-01 07:29:50,0.01945300,4.66000000
2018-03-01 07:29:57,0.01944800,0.70000000
2018-03-01 07:29:57,0.01945300,0.23000000
2018-03-01 07:30:02,0.01945400,0.57000000
2018-03-01 07:30:05,0.01945300,0.25000000
2018-03-01 07:30:09,0.01945400,1.88000000
2018-03-01 07:30:15,0.01948400,0.43000000
2018-03-01 07:30:15,0.01948500,0.46000000
2018-03-01 07:30:15,0.01948600,4.40000000
2018-03-01 07:30:15,0.01948900,2.42000000
2018-03-01 07:30:15,0.01949100,15.99000000
2018-03-01 07:30:16,0.01948400,0.43000000
2018-03-01 07:30:16,0.01949100,0.15000000
2018-03-01 07:30:19,0.01949100,4.24000000
2018-03-01 07:30:20,0.01945700,0.11000000
2018-03-01 07:30:42,0.01945700,4.29000000
2018-03-01 07:30:43,0.01945700,0.10000000
2018-03-01 07:30:45,0.01945700,0.31000000
2018-03-01 07:30:47,0.01945600,2.00000000
2018-03-01 07:30:47,0.01945600,0.39000000
2018-03-01 07:30:50,0.01945600,0.21000000
2018-03-01 07:30:50,0.01945600,5.18000000
2018-03-01 07:30:51,0.01945700,0.08000000
2018-03-01 07:30:55,0.01945700,0.78000000
2018-03-01 07:30:55,0.01945700,0.17000000
2018-03-01 07:30:57,0.01945600,1.91000000
2018-03-01 07:30:58,0.01945600,0.51000000
2018-03-01 07:30:59,0.01945600,0.59000000
2018-03-01 07:31:01,0.01945600,0.21000000
2018-03-01 07:31:02,0.01945600,0.08000000
2018-03-01 07:31:16,0.01945600,0.04000000
2018-03-01 07:31:17,0.01945300,3.29000000
2018-03-01 07:31:37,0.01945200,0.90000000
2018-03-01 07:31:44,0.01945300,1.20000000
2018-03-01 07:31:52,0.01945400,0.11000000
2018-03-01 07:31:54,0.01945400,0.59000000
2018-03-01 07:31:55,0.01945400,0.51000000
2018-03-01 07:31:56,0.01945400,0.67000000
2018-03-01 07:31:57,0.01945300,0.11000000
2018-03-01 07:31:59,0.01945400,5.33000000
2018-03-01 07:31:59,0.01945400,0.11000000
2018-03-01 07:32:03,0.01945900,0.11000000
2018-03-01 07:32:03,0.01945900,1.08000000
2018-03-01 07:32:05,0.01945900,0.35000000
2018-03-01 07:32:08,0.01945900,0.01000000
2018-03-01 07:32:12,0.01945600,4.87000000
2018-03-01 07:32:12,0.01945500,0.51000000
2018-03-01 07:32:12,0.01945500,0.84000000
2018-03-01 07:32:18,0.01945500,0.01000000
2018-03-01 07:32:18,0.01945400,4.23000000
2018-03-01 07:32:18,0.01945300,0.52000000
2018-03-01 07:32:18,0.01944500,3.96000000
2018-03-01 07:32:32,0.01944500,0.98000000
2018-03-01 07:32:42,0.01945800,0.01000000
2018-03-01 07:32:44,0.01944500,0.06000000
2018-03-01 07:32:46,0.01944500,0.06000000
2018-03-01 07:32:50,0.01944500,1.09000000
2018-03-01 07:32:53,0.01944400,1.02000000
2018-03-01 07:32:56,0.01943800,0.07000000
2018-03-01 07:32:56,0.01944400,1.09000000
2018-03-01 07:32:58,0.01943800,0.27000000
2018-03-01 07:32:58,0.01944400,2.77000000
2018-03-01 07:33:09,0.01944500,0.79000000
2018-03-01 07:33:09,0.01945300,1.00000000
2018-03-01 07:33:09,0.01945800,2.05000000
2018-03-01 07:33:11,0.01942500,0.08000000
2018-03-01 07:33:19,0.01944200,1.01000000
2018-03-01 07:33:28,0.01944200,2.06000000
2018-03-01 07:33:36,0.01944300,1.79000000
2018-03-01 07:33:37,0.01944300,4.12000000
2018-03-01 07:33:50,0.01944300,1.11000000
2018-03-01 07:33:50,0.01944400,1.63000000
2018-03-01 07:33:53,0.01944400,0.01000000
2018-03-01 07:34:00,0.01944400,1.76000000
2018-03-01 07:34:02,0.01944400,0.32000000
2018-03-01 07:34:03,0.01944400,1.06000000
2018-03-01 07:34:03,0.01944400,0.34000000
2018-03-01 07:34:04,0.01946000,1.65000000
2018-03-01 07:34:04,0.01946100,0.62000000
2018-03-01 07:34:04,0.01946200,7.99000000
2018-03-01 07:34:11,0.01944400,4.40000000
2018-03-01 07:34:12,0.01944400,1.55000000
2018-03-01 07:34:13,0.01944400,0.17000000
2018-03-01 07:34:14,0.01944400,2.00000000
2018-03-01 07:34:14,0.01944400,7.76000000
2018-03-01 07:34:21,0.01944400,0.47000000
2018-03-01 07:34:25,0.01944400,0.11000000
2018-03-01 07:34:26,0.01944400,15.63000000
2018-03-01 07:34:28,0.01946100,0.59000000
2018-03-01 07:34:34,0.01946100,0.09000000
2018-03-01 07:34:34,0.01946200,0.42000000
2018-03-01 07:34:41,0.01942600,2.05000000
2018-03-01 07:34:41,0.01942500,0.03000000
2018-03-01 07:34:41,0.01942200,0.30000000
2018-03-01 07:34:43,0.01946200,0.49000000
2018-03-01 07:34:52,0.01946100,0.36000000
2018-03-01 07:35:00,0.01942500,1.05000000
2018-03-01 07:35:15,0.01942500,0.79000000
2018-03-01 07:35:15,0.01942200,0.21000000
2018-03-01 07:35:16,0.01942500,0.11000000
2018-03-01 07:35:16,0.01942500,3.10000000
2018-03-01 07:35:16,0.01942500,0.17000000
2018-03-01 07:35:26,0.01942500,0.12000000
2018-03-01 07:35:32,0.01942500,0.13000000
2018-03-01 07:35:37,0.01942500,0.11000000
2018-03-01 07:35:38,0.01942500,1.58000000
2018-03-01 07:35:40,0.01945500,0.05000000
2018-03-01 07:35:41,0.01945500,0.44000000
2018-03-01 07:35:44,0.01945500,3.19000000
2018-03-01 07:35:53,0.01942500,6.61000000
2018-03-01 07:35:54,0.01941400,5.11000000
2018-03-01 07:35:55,0.01941300,1.03000000
2018-03-01 07:35:59,0.01944300,0.40000000
2018-03-01 07:36:03,0.01940800,0.08000000
2018-03-01 07:36:05,0.01940800,0.01000000
2018-03-01 07:36:05,0.01940500,15.18000000
2018-03-01 07:36:06,0.01940500,3.48000000
2018-03-01 07:36:16,0.01941100,0.64000000
2018-03-01 07:36:16,0.01941100,0.33000000
2018-03-01 07:36:16,0.01941100,4.14000000
2018-03-01 07:36:16,0.01941300,0.86000000
2018-03-01 07:36:24,0.01941000,0.12000000
2018-03-01 07:36:25,0.01944400,0.12000000
2018-03-01 07:36:26,0.01945300,0.34000000
2018-03-01 07:36:28,0.01944600,0.94000000
2018-03-01 07:36:28,0.01944500,0.56000000
2018-03-01 07:36:29,0.01944500,1.20000000
2018-03-01 07:36:30,0.01944500,1.36000000
2018-03-01 07:36:32,0.01944500,3.86000000
2018-03-01 07:36:32,0.01944500,0.06000000
2018-03-01 07:36:32,0.01944500,0.06000000
2018-03-01 07:36:35,0.01944100,0.06000000
2018-03-01 07:36:37,0.01944000,0.15000000
2018-03-01 07:36:47,0.01943700,0.57000000
2018-03-01 07:36:54,0.01943300,0.50000000
2018-03-01 07:36:56,0.01940400,0.34000000
2018-03-01 07:36:57,0.01940400,3.74000000
2018-03-01 07:36:57,0.01940400,0.40000000
2018-03-01 07:37:04,0.01942300,7.31000000
2018-03-01 07:37:19,0.01943100,0.10000000
2018-03-01 07:37:21,0.01942300,0.24000000
2018-03-01 07:37:21,0.01942300,0.81000000
2018-03-01 07:37:21,0.01942700,0.21000000
2018-03-01 07:37:40,0.01940500,0.12000000
2018-03-01 07:37:57,0.01940500,0.11000000
2018-03-01 07:38:00,0.01942500,0.24000000
2018-03-01 07:38:00,0.01942600,1.68000000
2018-03-01 07:38:00,0.01942700,0.76000000
2018-03-01 07:38:01,0.01940500,0.26000000
2018-03-01 07:38:02,0.01940500,1.41000000
2018-03-01 07:38:02,0.01942700,0.09000000
2018-03-01 07:38:03,0.01942700,0.59000000
2018-03-01 07:38:03,0.01942700,2.70000000
2018-03-01 07:38:05,0.01942700,17.53000000
2018-03-01 07:38:10,0.01943100,0.11000000
2018-03-01 07:38:12,0.01942700,3.58000000
2018-03-01 07:38:13,0.01942700,11.95000000
2018-03-01 07:38:18,0.01942700,0.17000000
2018-03-01 07:38:24,0.01940500,0.10000000
2018-03-01 07:38:28,0.01942700,0.05000000
2018-03-01 07:38:35,0.01943100,1.71000000
2018-03-01 07:38:37,0.01943100,0.42000000
2018-03-01 07:38:39,0.01942700,0.01000000
2018-03-01 07:38:40,0.01940500,0.53000000
2018-03-01 07:38:40,0.01940500,0.46000000
2018-03-01 07:38:45,0.01940700,0.78000000
2018-03-01 07:39:00,0.01942000,0.10000000
2018-03-01 07:39:03,0.01940700,2.56000000
2018-03-01 07:39:04,0.01942000,3.10000000
2018-03-01 07:39:10,0.01941900,0.21000000
2018-03-01 07:39:11,0.01941900,0.21000000
2018-03-01 07:39:12,0.01941900,0.11000000
2018-03-01 07:39:13,0.01941900,0.21000000
2018-03-01 07:39:30,0.01941900,0.47000000
2018-03-01 07:39:31,0.01941900,0.60000000
2018-03-01 07:39:31,0.01942000,0.93000000
2018-03-01 07:39:35,0.01942000,0.51000000
2018-03-01 07:39:59,0.01942000,0.71000000
2018-03-01 07:40:00,0.01942000,1.11000000
2018-03-01 07:40:07,0.01940900,0.30000000
2018-03-01 07:40:07,0.01940800,1.32000000
2018-03-01 07:40:08,0.01941900,0.13000000
2018-03-01 07:40:12,0.01941900,0.17000000
2018-03-01 07:40:20,0.01941000,1.80000000
2018-03-01 07:40:20,0.01940800,0.26000000
2018-03-01 07:40:31,0.01941900,0.44000000
2018-03-01 07:40:31,0.01942000,1.02000000
2018-03-01 07:40:43,0.01941900,1.35000000
2018-03-01 07:41:00,0.01941900,0.50000000
2018-03-01 07:41:04,0.01941900,0.30000000
2018-03-01 07:41:06,0.01941000,0.88000000
2018-03-01 07:41:07,0.01941900,0.29000000
2018-03-01 07:41:18,0.01941000,0.20000000
2018-03-01 07:41:21,0.01941200,0.63000000
2018-03-01 07:41:26,0.01941800,0.13000000
2018-03-01 07:41:31,0.01941300,0.11000000
2018-03-01 07:41:34,0.01941300,0.23000000
2018-03-01 07:41:36,0.01941300,0.11000000
2018-03-01 07:41:36,0.01941800,4.42000000
2018-03-01 07:41:36,0.01941900,10.34000000
2018-03-01 07:41:38,0.01941900,1.77000000
2018-03-01 07:41:40,0.01941900,0.41000000
2018-03-01 07:41:40,0.01941900,0.13000000
2018-03-01 07:41:41,0.01942000,0.19000000
2018-03-01 07:41:41,0.01941900,1.28000000
2018-03-01 07:41:42,0.01942000,1.03000000
2018-03-01 07:41:44,0.01942000,4.03000000
2018-03-01 07:41:48,0.01942000,12.51000000
2018-03-01 07:41:53,0.01941900,0.09000000
2018-03-01 07:41:53,0.01942000,2.79000000
2018-03-01 07:42:03,0.01942000,0.17000000
2018-03-01 07:42:05,0.01942000,0.11000000
2018-03-01 07:42:08,0.01942000,1.08000000
2018-03-01 07:42:16,0.01943100,0.01000000
2018-03-01 07:42:34,0.01945200,0.31000000
2018-03-01 07:42:36,0.01945200,0.27000000
2018-03-01 07:42:43,0.01945200,0.75000000
2018-03-01 07:42:46,0.01945400,0.31000000
2018-03-01 07:43:00,0.01945400,0.19000000
2018-03-01 07:43:00,0.01945400,2.80000000
2018-03-01 07:43:00,0.01945500,1.34000000
2018-03-01 07:43:15,0.01945300,0.35000000
2018-03-01 07:43:15,0.01945500,2.88000000
2018-03-01 07:43:16,0.01943100,0.64000000
2018-03-01 07:43:18,0.01943100,0.51000000
2018-03-01 07:43:21,0.01945500,3.17000000
2018-03-01 07:43:21,0.01942900,0.21000000
2018-03-01 07:43:23,0.01943100,0.21000000
2018-03-01 07:43:26,0.01942300,0.07000000
2018-03-01 07:43:26,0.01942100,0.14000000
2018-03-01 07:43:28,0.01941800,0.21000000
2018-03-01 07:43:30,0.01941800,0.56000000
2018-03-01 07:43:32,0.01941600,0.41000000
2018-03-01 07:43:35,0.01941800,0.41000000
2018-03-01 07:43:37,0.01941800,0.19000000
2018-03-01 07:43:41,0.01943200,0.11000000
2018-03-01 07:43:41,0.01941800,3.46000000
2018-03-01 07:43:42,0.01945100,0.41000000
2018-03-01 07:43:42,0.01945300,0.77000000
2018-03-01 07:43:42,0.01945400,1.20000000
2018-03-01 07:43:42,0.01945500,0.68000000
2018-03-01 07:43:54,0.01945500,0.17000000
2018-03-01 07:44:00,0.01942000,3.08000000
2018-03-01 07:44:00,0.01941800,5.11000000
2018-03-01 07:44:00,0.01941700,1.81000000
2018-03-01 07:44:06,0.01941900,0.21000000
2018-03-01 07:44:08,0.01941900,0.21000000
2018-03-01 07:44:22,0.01942200,1.64000000
2018-03-01 07:44:22,0.01942000,5.31000000
2018-03-01 07:44:22,0.01941600,2.06000000
2018-03-01 07:44:22,0.01941400,0.25000000
2018-03-01 07:44:24,0.01941500,1.00000000
2018-03-01 07:44:24,0.01941400,0.70000000
2018-03-01 07:44:29,0.01945100,1.21000000
2018-03-01 07:44:33,0.01941900,1.57000000
2018-03-01 07:44:45,0.01944700,1.81000000
2018-03-01 07:44:45,0.01944800,4.40000000
2018-03-01 07:44:45,0.01945000,17.77000000
2018-03-01 07:44:46,0.01945000,1.76000000
2018-03-01 07:44:46,0.01945100,0.97000000
2018-03-01 07:44:46,0.01945200,2.06000000
2018-03-01 07:44:46,0.01945500,6.57000000
2018-03-01 07:44:46,0.01946100,0.62000000
2018-03-01 07:44:46,0.01946400,6.96000000
2018-03-01 07:44:46,0.01948100,4.00000000
2018-03-01 07:44:46,0.01948200,1.04000000
2018-03-01 07:44:50,0.01947900,0.79000000
2018-03-01 07:44:50,0.01948000,1.01000000
2018-03-01 07:44:56,0.01948000,0.24000000
2018-03-01 07:45:04,0.01944200,1.00000000
2018-03-01 07:45:04,0.01944100,1.57000000
2018-03-01 07:45:06,0.01944300,2.57000000
2018-03-01 07:45:07,0.01948000,0.75000000
2018-03-01 07:45:07,0.01948100,1.57000000
2018-03-01 07:45:07,0.01948200,3.96000000
2018-03-01 07:45:07,0.01948900,17.56000000
2018-03-01 07:45:07,0.01944300,2.54000000
2018-03-01 07:45:07,0.01944100,0.03000000
2018-03-01 07:45:09,0.01948400,5.11000000
2018-03-01 07:45:09,0.01948600,5.78000000
2018-03-01 07:45:09,0.01948900,12.96000000
2018-03-01 07:45:10,0.01948300,5.78000000
2018-03-01 07:45:10,0.01948900,2.52000000
2018-03-01 07:45:10,0.01949200,0.06000000
2018-03-01 07:45:10,0.01949400,0.48000000
2018-03-01 07:45:10,0.01949500,14.65000000
2018-03-01 07:45:10,0.01950000,0.36000000
2018-03-01 07:45:11,0.01944600,2.02000000
2018-03-01 07:45:11,0.01944100,0.55000000
2018-03-01 07:45:11,0.01948200,0.58000000
2018-03-01 07:45:11,0.01950000,6.63000000
2018-03-01 07:45:11,0.01950200,1.93000000
2018-03-01 07:45:11,0.01950600,1.50000000
2018-03-01 07:45:11,0.01950800,0.55000000
2018-03-01 07:45:11,0.01950900,12.66000000
2018-03-01 07:45:13,0.01944800,1.00000000
2018-03-01 07:45:13,0.01944700,1.57000000
2018-03-01 07:45:16,0.01950300,0.24000000
2018-03-01 07:45:17,0.01945800,1.54000000
2018-03-01 07:45:17,0.01945800,1.76000000
2018-03-01 07:45:19,0.01946100,0.23000000
2018-03-01 07:45:24,0.01945300,0.73000000
2018-03-01 07:45:30,0.01945000,10.00000000
2018-03-01 07:45:31,0.01944100,1.00000000
2018-03-01 07:45:32,0.01944500,5.10000000
2018-03-01 07:45:32,0.01944700,2.00000000
2018-03-01 07:45:36,0.01944600,2.00000000
2018-03-01 07:45:49,0.01944600,0.02000000
2018-03-01 07:45:53,0.01944600,1.02000000
2018-03-01 07:45:54,0.01948500,0.17000000
2018-03-01 07:45:54,0.01944600,0.21000000
2018-03-01 07:45:55,0.01948500,1.64000000
2018-03-01 07:45:55,0.01948600,0.73000000
2018-03-01 07:45:55,0.01950700,21.48000000
2018-03-01 07:45:57,0.01950600,1.14000000
2018-03-01 07:45:57,0.01950700,22.71000000
2018-03-01 07:45:58,0.01950500,0.31000000
2018-03-01 07:45:58,0.01950900,3.17000000
2018-03-01 07:45:58,0.01951200,20.43000000
2018-03-01 07:45:58,0.01951500,0.07000000
2018-03-01 07:45:58,0.01946100,0.23000000
2018-03-01 07:46:00,0.01947100,0.49000000
2018-03-01 07:46:02,0.01947600,1.54000000
2018-03-01 07:46:02,0.01947700,0.51000000
2018-03-01 07:46:04,0.01947100,0.51000000
2018-03-01 07:46:04,0.01947100,0.51000000
2018-03-01 07:46:05,0.01947100,1.03000000
2018-03-01 07:46:05,0.01947000,0.22000000
2018-03-01 07:46:18,0.01947200,5.02000000
2018-03-01 07:46:18,0.01948400,1.03000000
2018-03-01 07:46:18,0.01951000,1.02000000
2018-03-01 07:46:18,0.01951300,16.91000000
2018-03-01 07:46:19,0.01951200,1.00000000
2018-03-01 07:46:19,0.01951300,20.51000000
2018-03-01 07:46:19,0.01951400,0.31000000
2018-03-01 07:46:19,0.01951500,2.16000000
2018-03-01 07:46:20,0.01951500,3.41000000
2018-03-01 07:46:21,0.01950800,0.42000000
2018-03-01 07:46:21,0.01946100,0.08000000
2018-03-01 07:46:21,0.01946400,0.25000000
2018-03-01 07:46:22,0.01946400,0.11000000
2018-03-01 07:46:23,0.01946800,1.02000000
2018-03-01 07:46:24,0.01947100,0.34000000
2018-03-01 07:46:27,0.01946600,2.71000000
2018-03-01 07:46:27,0.01944600,0.18000000
2018-03-01 07:46:27,0.01944400,0.11000000
2018-03-01 07:46:27,0.01944400,0.37000000
2018-03-01 07:46:27,0.01944300,20.40000000
2018-03-01 07:46:27,0.01944100,5.14000000
2018-03-01 07:46:27,0.01944000,6.59000000
2018-03-01 07:46:27,0.01950500,0.11000000
2018-03-01 07:46:40,0.01943100,0.41000000
2018-03-01 07:46:41,0.01943100,1.78000000
2018-03-01 07:46:41,0.01942500,4.40000000
2018-03-01 07:46:41,0.01942100,0.48000000
2018-03-01 07:46:41,0.01941600,6.09000000
2018-03-01 07:46:41,0.01941400,11.62000000
2018-03-01 07:46:57,0.01941600,4.42000000
2018-03-01 07:46:57,0.01941400,21.58000000
2018-03-01 07:46:57,0.01940700,10.56000000
2018-03-01 07:46:59,0.01944500,0.55000000
2018-03-01 07:47:09,0.01941400,3.37000000
2018-03-01 07:47:09,0.01940700,23.11000000
2018-03-01 07:47:09,0.01940400,5.08000000
2018-03-01 07:47:09,0.01940200,0.16000000
2018-03-01 07:47:09,0.01940100,4.85000000
2018-03-01 07:47:18,0.01944500,2.96000000
2018-03-01 07:47:18,0.01944800,0.57000000
2018-03-01 07:47:18,0.01945000,1.47000000
2018-03-01 07:47:42,0.01941500,2.12000000
2018-03-01 07:48:32,0.01943300,1.10000000
2018-03-01 07:48:37,0.01943300,0.32000000
2018-03-01 07:48:38,0.01943000,0.06000000
2018-03-01 07:48:38,0.01941500,1.97000000
2018-03-01 07:48:49,0.01941500,3.57000000
2018-03-01 07:48:55,0.01943000,5.10000000
2018-03-01 07:49:03,0.01943000,0.82000000
2018-03-01 07:49:34,0.01943000,0.51000000
2018-03-01 07:49:41,0.01941500,0.01000000
2018-03-01 07:49:42,0.01944200,3.93000000
2018-03-01 07:49:42,0.01944300,0.16000000
2018-03-01 07:49:42,0.01944500,3.40000000
2018-03-01 07:49:42,0.01945000,0.07000000
2018-03-01 07:49:42,0.01946000,0.41000000
2018-03-01 07:49:42,0.01946100,2.93000000
2018-03-01 07:49:42,0.01946200,0.42000000
2018-03-01 07:49:52,0.01942200,0.59000000
2018-03-01 07:49:57,0.01945700,0.11000000
2018-03-01 07:50:00,0.01945700,1.02000000
2018-03-01 07:50:19,0.01942900,0.65000000
2018-03-01 07:50:19,0.01942800,0.60000000
2018-03-01 07:50:31,0.01945600,0.63000000
2018-03-01 07:50:31,0.01945700,0.09000000
2018-03-01 07:50:31,0.01945900,0.60000000
2018-03-01 07:50:31,0.01946000,5.86000000
2018-03-01 07:50:37,0.01943000,5.13000000
2018-03-01 07:50:38,0.01945900,0.63000000
2018-03-01 07:50:38,0.01946000,0.60000000
2018-03-01 07:50:42,0.01946000,2.69000000
2018-03-01 07:50:42,0.01946000,6.43000000
2018-03-01 07:50:43,0.01946000,1.00000000
2018-03-01 07:50:43,0.01946600,0.60000000
2018-03-01 07:50:43,0.01947000,2.41000000
2018-03-01 07:50:43,0.01946000,0.01000000
2018-03-01 07:50:43,0.01946000,1.54000000
2018-03-01 07:50:43,0.01946000,0.14000000
2018-03-01 07:50:43,0.01942800,0.49000000
2018-03-01 07:50:44,0.01943300,1.04000000
2018-03-01 07:50:44,0.01948800,0.51000000
2018-03-01 07:50:47,0.01944800,0.27000000
2018-03-01 07:50:48,0.01948700,0.51000000
2018-03-01 07:50:50,0.01944600,0.11000000
2018-03-01 07:50:51,0.01944600,0.08000000
2018-03-01 07:50:54,0.01944600,0.11000000
2018-03-01 07:50:55,0.01944600,1.02000000
2018-03-01 07:51:03,0.01947000,1.31000000
2018-03-01 07:51:03,0.01947000,0.81000000
2018-03-01 07:51:03,0.01948700,0.68000000
2018-03-01 07:51:04,0.01948700,0.81000000
2018-03-01 07:51:04,0.01948900,0.06000000
2018-03-01 07:51:04,0.01950000,0.48000000
2018-03-01 07:51:05,0.01944100,0.11000000
2018-03-01 07:51:07,0.01944900,0.10000000
2018-03-01 07:51:11,0.01946500,0.11000000
2018-03-01 07:51:14,0.01950700,0.31000000
2018-03-01 07:51:14,0.01951500,0.06000000
2018-03-01 07:51:14,0.01951800,4.54000000
2018-03-01 07:51:14,0.01952000,18.39000000
2018-03-01 07:51:15,0.01953400,0.31000000
2018-03-01 07:51:17,0.01947800,1.77000000
2018-03-01 07:51:18,0.01947800,0.21000000
2018-03-01 07:51:19,0.01948100,3.22000000
2018-03-01 07:51:19,0.01947900,2.05000000
2018-03-01 07:51:19,0.01947700,4.37000000
2018-03-01 07:51:20,0.01947700,1.04000000
2018-03-01 07:51:20,0.01947900,1.04000000
2018-03-01 07:51:20,0.01947900,0.55000000
2018-03-01 07:51:20,0.01947900,2.50000000
2018-03-01 07:51:22,0.01947900,0.28000000
2018-03-01 07:51:22,0.01947200,1.02000000
2018-03-01 07:51:23,0.01952800,4.09000000
2018-03-01 07:51:25,0.01952700,2.60000000
2018-03-01 07:51:25,0.01953500,0.46000000
2018-03-01 07:51:27,0.01953800,0.28000000
2018-03-01 07:51:27,0.01953900,0.82000000
2018-03-01 07:51:28,0.01953900,2.26000000
2018-03-01 07:51:28,0.01948400,1.68000000
2018-03-01 07:51:29,0.01948700,1.02000000
2018-03-01 07:51:32,0.01949100,1.03000000
2018-03-01 07:51:32,0.01954500,2.08000000
2018-03-01 07:51:32,0.01954600,5.17000000
2018-03-01 07:51:32,0.01949300,0.11000000
2018-03-01 07:51:33,0.01949600,1.26000000
2018-03-01 07:51:33,0.01949400,0.55000000
2018-03-01 07:51:33,0.01949100,1.02000000
2018-03-01 07:51:33,0.01949000,20.00000000
2018-03-01 07:51:33,0.01948900,0.79000000
2018-03-01 07:51:39,0.01952600,0.36000000
2018-03-01 07:51:39,0.01952600,1.53000000
2018-03-01 07:51:39,0.01952800,0.79000000
2018-03-01 07:51:39,0.01953000,9.00000000
2018-03-01 07:51:39,0.01953100,0.61000000
2018-03-01 07:51:40,0.01952900,0.09000000
2018-03-01 07:51:40,0.01953900,1.44000000
2018-03-01 07:51:40,0.01954000,10.07000000
2018-03-01 07:51:41,0.01949000,0.41000000
2018-03-01 07:51:44,0.01948900,2.19000000
2018-03-01 07:51:44,0.01948500,2.05000000
2018-03-01 07:51:44,0.01947000,10.07000000
2018-03-01 07:51:44,0.01946500,1.10000000
2018-03-01 07:51:44,0.01946000,8.59000000
2018-03-01 07:51:46,0.01952400,2.05000000
2018-03-01 07:51:46,0.01953000,2.11000000
2018-03-01 07:51:47,0.01952300,0.13000000
2018-03-01 07:52:12,0.01948000,0.13000000
2018-03-01 07:52:14,0.01948000,0.50000000
2018-03-01 07:52:17,0.01948000,0.17000000
2018-03-01 07:52:17,0.01948000,0.17000000
2018-03-01 07:52:18,0.01948000,0.80000000
2018-03-01 07:52:18,0.01947900,0.28000000
2018-03-01 07:52:22,0.01948000,0.14000000
2018-03-01 07:52:23,0.01949000,1.12000000
2018-03-01 07:52:25,0.01948000,0.16000000
2018-03-01 07:52:32,0.01948100,0.11000000
2018-03-01 07:52:34,0.01948100,0.11000000
2018-03-01 07:52:38,0.01948200,0.11000000
2018-03-01 07:52:41,0.01949000,0.50000000
2018-03-01 07:52:41,0.01949000,0.15000000
2018-03-01 07:52:41,0.01948200,0.35000000
2018-03-01 07:52:42,0.01948200,0.11000000
2018-03-01 07:52:46,0.01948200,0.11000000
2018-03-01 07:52:49,0.01948800,0.42000000
2018-03-01 07:52:49,0.01948900,0.68000000
2018-03-01 07:52:50,0.01949000,0.50000000
2018-03-01 07:52:50,0.01948300,0.11000000
2018-03-01 07:52:52,0.01948300,0.22000000
2018-03-01 07:52:54,0.01948300,0.11000000
2018-03-01 07:52:58,0.01948300,5.00000000
2018-03-01 07:52:59,0.01948300,1.46000000
2018-03-01 07:52:59,0.01948300,1.46000000
2018-03-01 07:53:02,0.01951100,0.11000000
2018-03-01 07:53:02,0.01951200,4.38000000
2018-03-01 07:53:02,0.01951300,0.56000000
2018-03-01 07:53:02,0.01951500,1.49000000
2018-03-01 07:53:02,0.01951700,5.00000000
2018-03-01 07:53:02,0.01952000,6.95000000
2018-03-01 07:53:07,0.01950900,0.56000000
2018-03-01 07:53:08,0.01951000,0.43000000
2018-03-01 07:53:13,0.01948800,0.25000000
2018-03-01 07:53:13,0.01948600,0.25000000
2018-03-01 07:53:13,0.01948400,1.29000000
2018-03-01 07:53:15,0.01951700,0.08000000
2018-03-01 07:53:20,0.01949400,0.25000000
2018-03-01 07:53:20,0.01949200,0.25000000
2018-03-01 07:53:20,0.01949100,5.13000000
2018-03-01 07:53:20,0.01949000,0.25000000
2018-03-01 07:53:20,0.01948900,7.00000000
2018-03-01 07:53:20,0.01948400,1.27000000
2018-03-01 07:53:20,0.01948300,5.53000000
2018-03-01 07:53:20,0.01948300,2.62000000
2018-03-01 07:53:27,0.01951100,1.29000000
2018-03-01 07:53:27,0.01951300,2.05000000
2018-03-01 07:53:27,0.01951700,0.01000000
2018-03-01 07:53:27,0.01951700,1.61000000
2018-03-01 07:53:28,0.01951700,0.29000000
2018-03-01 07:53:31,0.01951700,0.51000000
2018-03-01 07:53:35,0.01951700,0.58000000
2018-03-01 07:53:44,0.01951700,0.01000000
2018-03-01 07:53:44,0.01950900,0.10000000
2018-03-01 07:53:45,0.01952000,0.95000000
2018-03-01 07:53:54,0.01952000,0.08000000
2018-03-01 07:53:54,0.01952000,0.12000000
2018-03-01 07:53:54,0.01952000,1.09000000
2018-03-01 07:53:54,0.01952000,0.97000000
2018-03-01 07:53:55,0.01950900,2.30000000
2018-03-01 07:53:55,0.01950600,4.64000000
2018-03-01 07:53:56,0.01950600,0.11000000
2018-03-01 07:53:56,0.01950600,9.42000000
2018-03-01 07:53:56,0.01950600,3.92000000
2018-03-01 07:53:57,0.01950600,0.11000000
2018-03-01 07:53:57,0.01950600,0.17000000
2018-03-01 07:53:58,0.01950600,0.77000000
2018-03-01 07:53:58,0.01950600,1.67000000
2018-03-01 07:53:59,0.01950600,12.53000000
2018-03-01 07:53:59,0.01950600,0.05000000
2018-03-01 07:54:03,0.01950600,2.00000000
2018-03-01 07:54:04,0.01950600,2.14000000
2018-03-01 07:54:04,0.01952000,1.50000000
2018-03-01 07:54:07,0.01952000,0.11000000
2018-03-01 07:54:08,0.01952000,6.89000000
2018-03-01 07:54:09,0.01952300,1.11000000
2018-03-01 07:54:09,0.01954700,0.06000000
2018-03-01 07:54:09,0.01954800,0.34000000
2018-03-01 07:54:10,0.01954700,0.80000000
2018-03-01 07:54:10,0.01954800,1.32000000
2018-03-01 07:54:12,0.01954800,0.80000000
2018-03-01 07:54:12,0.01955600,11.93000000
2018-03-01 07:54:12,0.01955700,2.67000000
2018-03-01 07:54:20,0.01951900,0.39000000
2018-03-01 07:54:25,0.01951700,0.39000000
2018-03-01 07:54:25,0.01951900,4.37000000
2018-03-01 07:54:25,0.01951700,0.30000000
2018-03-01 07:54:25,0.01951900,4.83000000
2018-03-01 07:54:26,0.01951900,0.31000000
2018-03-01 07:54:29,0.01951900,33.51000000
2018-03-01 07:54:30,0.01951900,0.49000000
2018-03-01 07:54:35,0.01950500,0.63000000
2018-03-01 07:54:38,0.01951900,15.00000000
2018-03-01 07:54:42,0.01951900,10.77000000
2018-03-01 07:54:45,0.01951900,22.30000000
2018-03-01 07:54:47,0.01951900,14.80000000
2018-03-01 07:54:55,0.01950500,0.54000000
2018-03-01 07:54:55,0.01950400,1.51000000
2018-03-01 07:55:03,0.01951900,0.50000000
2018-03-01 07:55:06,0.01952000,0.35000000
2018-03-01 07:55:09,0.01952100,3.89000000
2018-03-01 07:55:19,0.01951900,0.21000000
2018-03-01 07:55:21,0.01951900,7.66000000
2018-03-01 07:55:33,0.01951900,24.37000000
2018-03-01 07:55:38,0.01951900,48.39000000
2018-03-01 07:55:40,0.01950600,0.89000000
2018-03-01 07:55:42,0.01951900,0.11000000
2018-03-01 07:55:44,0.01951900,12.99000000
2018-03-01 07:55:46,0.01951900,0.11000000
2018-03-01 07:55:50,0.01951900,0.11000000
2018-03-01 07:55:56,0.01951900,0.36000000
2018-03-01 07:56:06,0.01951900,2.84000000
2018-03-01 07:56:13,0.01951900,2.02000000
2018-03-01 07:56:18,0.01951900,0.96000000
2018-03-01 07:56:22,0.01951900,2.49000000
2018-03-01 07:56:33,0.01951900,7.94000000
2018-03-01 07:56:42,0.01951800,0.89000000
2018-03-01 07:56:42,0.01951900,34.18000000
2018-03-01 07:56:47,0.01951800,15.32000000
2018-03-01 07:56:49,0.01951800,3.00000000
2018-03-01 07:56:59,0.01950900,0.28000000
2018-03-01 07:56:59,0.01950400,40.68000000
2018-03-01 07:56:59,0.01948100,13.98000000
2018-03-01 07:57:23,0.01951000,0.11000000
2018-03-01 07:57:23,0.01951000,0.17000000
2018-03-01 07:57:26,0.01951600,0.17000000
2018-03-01 07:57:36,0.01951000,0.09000000
2018-03-01 07:57:39,0.01948200,0.11000000
2018-03-01 07:57:53,0.01949900,0.88000000
2018-03-01 07:57:53,0.01951700,3.27000000
2018-03-01 07:58:02,0.01949900,0.93000000
2018-03-01 07:58:02,0.01948200,0.15000000
2018-03-01 07:58:02,0.01948200,0.80000000
2018-03-01 07:58:02,0.01948200,0.11000000
2018-03-01 07:58:02,0.01948200,1.72000000
2018-03-01 07:58:03,0.01948200,0.70000000
2018-03-01 07:58:04,0.01948200,0.11000000
2018-03-01 07:58:05,0.01948200,0.97000000
2018-03-01 07:58:11,0.01948200,0.01000000
2018-03-01 07:58:11,0.01948200,1.48000000
2018-03-01 07:58:12,0.01948200,2.68000000
2018-03-01 07:58:12,0.01948200,0.90000000
2018-03-01 07:58:14,0.01948200,0.96000000
2018-03-01 07:58:22,0.01948400,5.13000000
2018-03-01 07:58:22,0.01948200,2.45000000
2018-03-01 07:58:23,0.01948200,0.60000000
2018-03-01 07:58:23,0.01948000,0.08000000
2018-03-01 07:58:23,0.01947700,2.05000000
2018-03-01 07:58:23,0.01945100,2.27000000
2018-03-01 07:58:35,0.01948200,0.51000000
2018-03-01 07:58:35,0.01948200,0.02000000
2018-03-01 07:58:35,0.01951000,0.01000000
2018-03-01 07:58:47,0.01950800,0.55000000
2018-03-01 07:59:05,0.01947400,5.11000000
2018-03-01 07:59:05,0.01947300,0.51000000
2018-03-01 07:59:05,0.01945000,7.29000000
2018-03-01 07:59:05,0.01944800,2.00000000
2018-03-01 07:59:05,0.01944700,0.60000000
2018-03-01 07:59:05,0.01944400,1.94000000
2018-03-01 07:59:05,0.01944200,1.72000000
2018-03-01 07:59:05,0.01943400,0.48000000
2018-03-01 07:59:05,0.01943200,3.22000000
2018-03-01 07:59:05,0.01943100,2.37000000
2018-03-01 07:59:05,0.01943000,9.00000000
2018-03-01 07:59:05,0.01942800,3.39000000
2018-03-01 07:59:05,0.01942300,3.36000000
2018-03-01 07:59:07,0.01950500,0.06000000
2018-03-01 07:59:10,0.01950500,0.11000000
2018-03-01 07:59:17,0.01947600,1.09000000
2018-03-01 07:59:17,0.01942400,0.41000000
2018-03-01 07:59:18,0.01950100,0.53000000
2018-03-01 07:59:20,0.01945000,0.17000000
2018-03-01 07:59:21,0.01949600,0.09000000
2018-03-01 07:59:23,0.01949000,0.11000000
2018-03-01 07:59:23,0.01949000,1.54000000
2018-03-01 07:59:25,0.01949100,0.26000000
2018-03-01 07:59:25,0.01949200,1.28000000
2018-03-01 07:59:25,0.01949100,3.89000000
2018-03-01 07:59:25,0.01949000,7.34000000
2018-03-01 07:59:26,0.01949000,0.26000000
2018-03-01 07:59:26,0.01949000,3.60000000
2018-03-01 07:59:26,0.01949000,1.54000000
2018-03-01 07:59:27,0.01949000,0.68000000
2018-03-01 07:59:36,0.01948500,2.24000000
2018-03-01 07:59:36,0.01948500,1.51000000
2018-03-01 07:59:36,0.01948600,3.36000000
2018-03-01 07:59:36,0.01948800,0.53000000
2018-03-01 07:59:37,0.01948800,2.85000000
2018-03-01 07:59:37,0.01948700,0.92000000
2018-03-01 07:59:39,0.01948800,6.06000000
2018-03-01 07:59:39,0.01948900,10.64000000
2018-03-01 07:59:41,0.01948900,0.40000000
2018-03-01 07:59:47,0.01948900,0.27000000
2018-03-01 07:59:47,0.01948700,12.28000000
2018-03-01 07:59:47,0.01948700,41.50000000
2018-03-01 07:59:47,0.01948700,0.11000000
2018-03-01 07:59:48,0.01948700,42.01000000
2018-03-01 07:59:51,0.01948000,0.08000000
2018-03-01 07:59:54,0.01948000,0.01000000
2018-03-01 07:59:55,0.01948700,3.77000000
